4074 6460
439 414 512 472 ιδ
1081 403 1142 459 Β.
1183 401 1439 459 MBAN)
1471 400 1693 460 MAURI
1726 400 2045 458 ARCHIEP.
2088 400 2398 461 MOGUNT.
2438 400 2726 462 OPERUM
2762 401 2945 460 PARS
2983 404 3024 460 Ι.
3637 400 3713 457 Μ

440 526 829 593 interpretatur
852 519 1016 585 enim,
1048 516 1306 572 columba:
1329 516 1551 581 donum,
1576 514 1661 568 vel
1685 513 1885 569 donum
1913 512 2021 567 09-
2045 524 2095 584 Α

2718 514 2949 571 CAPUT
2993 513 3113 570 XV.

438 616 586 670 mini.
622 613 789 669 Recte
822 608 1039 681 quidem
1067 608 1156 664 ille
1188 607 1439 663 columba
1467 606 1550 660 vel
1578 604 1795 659 Domini
1820 604 2018 658 donum
2129 605 2208 661 Bc
2229 605 2360 681 bello
2386 603 2691 681 quod
2721 616 2979 681 ρτωοεειο
3277 612 3465 681 contra

437 708 655 774 dicitur,
686 706 812 776 qui,
842 703 1015 776 gratia
1058 701 1292 772 Spiritus
1339 700 1512 755 sancti
1547 706 1804 770 accepta,
1837 697 2027 753 mundi

436 808 595 872 parat
634 810 891 869 spernere
921 795 1222 851 illecebras.
1266 792 1383 849 Non
1422 793 1566 848 enim
1609 799 1787 861 ptest
1832 800 2025 846 contra

416 890 752 962 'Allopbylos
780 887 1073 960 spiritales,
1101 886 1156 942 id
1181 893 1263 941 est
1285 885 1546 940 adversus
1571 884 1850 953 principes
1877 890 2028 938 tene-

435 984 679 1048 brarum,
705 981 954 1036 virilibus
982 976 1180 1033 animis
1207 977 1507 1042 incurrere,
1535 975 1629 1045 qui
1662 975 1840 1031 adhuc
1866 970 2031 1041 huius

438 1073 625 1128 mundi
679 1071 905 1143 negligi:
948 1068 1291 1126 dulcedinem
1328 1067 1642 1123 declinare:
1675 1084 1697 1117 ο
1733 1065 1836 1121 Mel
1882 1066 2031 1121 enim

438 1164 700 1221 iistillant
723 1163 865 1220 labia
893 1162 1199 1218 meretricis
1228 1158 1411 1233 (Prov.
1441 1157 1520 1229 v),
1545 1178 1565 1209 ι
1598 1159 1703 1213 hoc
1746 1166 1834 1213 est
1870 1156 2028 1214 volu-

439 1266 561 1331 ptas
590 1254 823 1313 carnalis
844 1256 1261 1312 delectationem
1288 1254 1488 1326 ingerit
1528 1252 1791 1317 iiiieitam,
1829 1251 1895 1306 de
1922 1262 2028 1320 qua

440 1358 661 1422 putatur
702 1348 875 1423 (iuxta
918 1347 1179 1419 mysticus
1227 1344 1572 1415 intellectus)
1596 1345 1741 1399 hunc
1783 1351 2032 1414 gustasse

440 1441 755 1507 Jonatbam,
779 1448 835 1496 et
859 1447 1006 1496 sorte
1031 1439 1428 1510 deprehensam
1459 1438 1549 1492 vix
1574 1436 1759 1507 populi
1777 1435 2031 1507 precium

440 1531 747 1588 liberatum.
798 1531 955 1587 Unde
984 1522 1271 1585 manifeste
1298 1536 1446 1599 patet
1482 1527 1724 1599 indigere
1755 1525 1910 1580 illum
1936 1525 2029 1595 qui

441 1624 806 1695 voluptatibus
841 1631 1004 1694 atque
1051 1622 1319 1678 illecebris
1347 1621 1535 1677 mundi
1564 1627 1869 1691 stipentur,
1900 1634 2031 1675 san-

441 1725 655 1771 morum
674 1715 949 1788 suﬁagiis
960 1724 1016 1769 et
1029 1713 1286 1770 fraternis
1304 1713 1662 1779 orationibus,
1678 1712 1805 1782 «ulla
1825 1720 2032 1783 quanto

441 1805 649 1877 majore
675 1806 950 1878 protervia
989 1813 1179 1861 contra
1227 1805 1480 1860 unanime
1522 1802 1815 1859 consilium
1855 1801 2031 1858 ecclo-

2196 679 2377 747 gessit,
2399 674 2502 731 ubi
2530 674 2818 747 Dominum
2847 676 3065 747 oﬂ‘mdit
3088 692 3182 747 per
3201 674 3632 747 incudientiam,
3657 691 3718 730 eo

2196 744 2335 818 quod
2365 765 2466 803 non
2500 746 2816 819 disperdidit
2838 744 3007 819 totum
3025 744 3241 819 Amalec
3274 761 3393 819 cyrn
3430 746 3572 819 omni
3598 747 3703 800 sub-

2198 814 2395 891 stantia
2443 814 2653 891 propter
2698 815 3071 891 cupiditatem;
3104 815 3253 891 unde
3293 814 3553 891 Dominus
3602 831 3722 871 eum

2199 886 2605 958 exprobravit“
2633 903 2727 958 per
2757 886 3069 957 prophetam
3097 887 3404 956 increpavit.

2202 1000 2353 1071 (Car.
2384 998 2500 1071 xv.)
2537 1017 2555 1049 ‹
2590 996 2656 1053 Et
2705 999 2842 1053 dixit
2888 996 3113 1055 Samuel
3150 999 3223 1055 ad
3253 997 3421 1055 Saul:
3446 997 3530 1054 Me
3578 996 3720 1055 misit

2136 1106 2159 1144 ι
2191 1092 2451 1147 Dominus
2473 1099 2534 1145 ut
2560 1104 2819 1161 ungerem
2857 1098 2912 1144 te
2952 1088 3006 1144 in
3032 1102 3216 1160 regem
3240 1104 3404 1162 super
3432 1088 3601 1145 Israel
3631 1103 3710 1158 po

2139 1197 2159 1230 ι
2193 1179 2378 1249 pulum
2409 1177 2547 1247 ejus.
2594 1174 2749 1232 Nunc
2775 1191 2908 1248 ergo
2935 1177 3059 1232 audi
3091 1188 3276 1231 vocem
3318 1175 3554 1231 Domini.
3600 1173 3728 1230 Haec

2139 1291 2157 1323 ι
2195 1270 2327 1327 dicit
2355 1269 2615 1324 Dominus
2662 1267 3042 1324 exercituum:
3069 1264 3344 1323 Recensui
3388 1281 3729 1337 quaecunque

2140 1382 2160 1415 ‹
2194 1362 2324 1417 fecit
2346 1361 2567 1417 Amalec
2588 1360 2795 1426 lsraeli,
2813 1358 3085 1430 quomodo
3108 1357 3375 1414 restititei'
3395 1356 3451 1411 in
3474 1358 3585 1424 via,
3604 1372 3729 1412 cum

2141 1473 2161 1507 ι
2196 1448 2517 1510 ascenderet
2540 1452 2607 1507 de
2629 1449 2889 1522 Egypto;
2920 1465 3067 1506 nunc
3103 1462 3245 1521 ergo
3262 1444 3403 1505 vade
3419 1456 3477 1505 et
3505 1457 3731 1521 percute

2140 1568 2159 1601 ‹
2192 1547 2434 1614 Amalec,
2459 1555 2515 1602 et
2535 1544 2797 1603 demolire
2824 1549 3083 1604 universa
3110 1547 3228 1618 epis
3254 1564 3266 1601 :
3291 1560 3405 1601 non
3430 1558 3627 1617 parcas
3657 1544 3729 1612 ei,

2143 1658 2164 1692 ι
2202 1643 2297 1695 sed
2320 1637 2562 1694 interﬁce
2587 1655 2618 1694 a
2641 1640 2758 1695 viro
2776 1655 2951 1711 usque
2974 1640 3043 1695 ad
3065 1638 3349 1695 mulierem
3371 1646 3426 1694 et
3446 1637 3730 1709 parvulum

2144 1749 2164 1784 ι
2199 1740 2361 1801 atque
2392 1730 2705 1797 iactantem,
2733 1731 2929 1787 bovem
2956 1739 3011 1786 et
3034 1745 3215 1795 ovem,
3244 1729 3512 1785 camclum
3541 1738 3597 1784 et
3627 1728 3709 1784 asi

2144 1844 2163 1877 ι
2200 1839 2348 1879 num.
2382 1846 2399 1875 ι
2428 1823 2552 1879 ldeo
2582 1832 2762 1880 autem
2781 1825 3026 1897 jumenta
3052 1824 3275 1879 Amalec
3301 1824 3563 1878 Dominus
3579 1823 3729 1895 jubet

443 1902 678 1958 eiusdem
727 1903 929 1974 regum
971 1900 1277 1972 refragatus
1326 1907 1425 1965 est,
1468 1905 1619 1954 tante
1659 1896 1871 1967 majore
1909 1904 2035 1965 eget

2144 1916 2409 1982 demoliri,
2440 1928 2501 1972 ut
2545 1930 2647 1972 nec
2689 1917 2745 1972 in
2783 1915 3047 1986 iumentis
3088 1915 3206 1986 cjus
3245 1917 3508 1972 memoria
3558 1915 3714 1971 ﬁeret

443 1994 646 2049 auxilio
672 1994 1029 2065 plurimum
1057 2009 1070 2048 :
1094 2002 1157 2050 ut
1183 1993 1277 2064 qui
1320 2004 1420 2050 suo
1466 1990 1669 2046 merito
1691 1988 1897 2043 salvari
1920 2002 2031 2044 non

441 2092 654 2154 potest,
706 2084 939 2140 aliorum
981 2084 1193 2139 devotis
1235 2080 1491 2154 precibus
1534 2078 1925 2136 reconciliatus
1962 2076 2033 2134 ab

443 2175 680 2231 instante
700 2173 943 2246 periculo
966 2174 1246 2231 liberetur.

515 2286 666 2360 (Car.
696 2286 833 2361 xrv.)
861 2306 879 2338 ι
914 2284 1248 2358 Defatigatus
1267 2292 1350 2340 est
1376 2282 1605 2355 populus
1629 2281 1812 2347 nimis,
1829 2289 1886 2337 et
1910 2293 2034 2335 ver-

450 2400 469 2433 ι
504 2397 599 2437 sus
632 2381 700 2436 ad
726 2380 980 2452 praedam,
1014 2378 1134 2433 tulit
1162 2392 1312 2444 oves,
1344 2384 1400 2432 et
1424 2377 1609 2441 boves,
1645 2384 1701 2430 et
1729 2373 1947 2439 vitulos,
1979 2379 2036 2426 et

450 2490 469 2522 ι
505 2480 880 2526 mactaverunt
929 2470 986 2524 in
1025 2475 1200 2533 terra,
1253 2466 1594 2536 com‘editque
1638 2464 1863 2536 populus
1908 2478 2034 2518 cum

450 2583 469 2616 ι
507 2565 785 2635 sanguine.
811 2561 1209 2616 Nuntiaverunt
1235 2567 1416 2614 autem
1442 2556 1591 2623 Saul,
1620 2557 1862 2612 dicentes
1890 2552 2035 2625 quod

451 2672 472 2706 ι
508 2653 736 2726 populus
778 2658 1059 2723 peccasset
1099 2648 1350 2717 Domino,
1382 2649 1728 2704 comedentes
1754 2662 1881 2703 cum
1908 2660 2037 2701 san-

452 2765 471 2798 (
514 2747 691 2815 guine.
720 2744 821 2813 Qui
854 2744 932 2798 ait
968 2761 981 2798 :
1017 2742 1360 2812 praevaricati
1406 2741 1557 2805 estis,
1606 2738 1807 2793 volvite
1852 2736 1918 2793 ad
1946 2752 2036 2793 me

451 2858 470 2891 ι
498 2838 611 2911 jam
640 2853 782 2893 nunc
824 2850 1013 2891 saxum
1046 2835 1269 2904 grande.
1315 2834 1383 2889 Et
1408 2833 1545 2889 dixit
1571 2830 1738 2887 Saul:
1766 2828 2037 2902 Dispcrgi-

452 2948 472 2981 ι
508 2930 638 2983 mini
662 2929 715 2982 in
738 2928 945 3001 vulgus,
966 2933 1020 2981 et
1047 2926 1207 2981 dicite
1230 2926 1310 2980 eis
1332 2934 1392 2979 ut
1415 2924 1649 2979 adducat
1669 2923 1737 2977 ad
1761 2936 1846 2977 me
1872 2935 2035 2976 unus-

451 3041 471 3074 ι
508 3022 734 3093 quisque
759 3021 952 3074 bovem
983 3033 1139 3074 suum
1168 3026 1223 3075 et
1248 3017 1505 3081 arietem,
1530 3025 1585 3071 et
1612 3014 1845 3071 occidite
1872 3027 2037 3084 super

450 3131 469 3165 ι
506 3111 670 3177 istud,
700 3119 756 3165 et
782 3109 1087 3175 vescimini,
1117 3116 1171 3164 et
1217 3122 1323 3163 non
1368 3105 1666 3178 peccabitis‘
1693 3104 1924 3159 Domino
1945 3118 2032 3158 co-

452 3220 472 3254 ι
509 3203 784 3257 medentes
824 3216 949 3256 cum
995 3200 1276 3271 sanguine.
1338 3198 1580 3253 Adduxit
1625 3199 1813 3267 itaque
1856 3195 2036 3251 omnis

450 3312 469 3345 ι
504 3291 754 3363 populus,
787 3292 1158 3363 unusquisque
1204 3290 1397 3347 bovem
1429 3291 1482 3344 in
1518 3303 1685 3343 manu
1716 3302 1837 3353 sua,
1864 3300 2037 3356 usque

451 3387 578 3441 c'ad
607 3394 842 3453 noctem,
874 3392 929 3441 et
971 3386 1283 3440 occiderunt
1322 3382 1418 3449 ibi,
1450 3402 1470 3436 ι
1505 3390 1611 3439 etc.
1640 3380 1907 3437 Peccassc
1931 3376 2038 3435 Do-

446 3477 595 3532 mino
622 3484 677 3531 et
697 3476 998 3531 comedisse
1023 3490 1147 3531 cum
1169 3473 1433 3544 sanguine
1461 3473 1737 3538 dicuntur,
1768 3472 1894 3540 quia
1920 3484 2039 3524 ma-

444 3570 609 3626 ctatis
626 3569 861 3625 victimis
886 3583 994 3624 non
1022 3568 1337 3623 obtulerunt
1362 3566 1429 3620 ad
1459 3564 1828 3620 sanctum-ium
1856 3575 2038 3617 sacer-

447 3664 681 3727 dotibus,
695 3662 849 3734 juxta
866 3661 996 3733 legis
1010 3669 1365 3732 praeceptum,
1383 3654 1595 3729 adipem
1616 3664 1671 3712 et
1693 3656 2033 3727 sanguinem,

446 3770 575 3811 cum
603 3754 850 3809 videlicet
884 3753 1250 3808 sanctuarium
1275 3764 1460 3806 secum
1492 3748 1773 3803 haberent.
1805 3745 2039 3813 Quando

446 3846 599 3906 locus
653 3846 947 3907 sanctuarii
991 3844 1180 3916 procul
1226 3842 1439 3909 fuerat,
1476 3836 1774 3913 iubebatur
1816 3839 2039 3910 sanguis

445 3942 792 3997 victimarum
813 3938 965 3994 fundi
994 3938 1049 3992 in
1073 3946 1299 4004 terram,
1322 3937 1387 3992 de
1415 3936 1500 3991 bis
1524 3933 1776 3990 videlicet
1800 3931 2040 3987 victimis

446 4045 587 4102 quas
616 4031 685 4086 ad
731 4045 858 4085 suos
895 4045 1019 4084 esus
1053 4027 1449 4099 prmparabant.
1501 4026 1729 4094 Quando
1758 4039 1890 4080 vero
1919 4038 2042 4079 san-

450 4123 720 4179 ctuarium
750 4136 987 4193 praesens
1021 4128 1163 4186 erat,
1188 4118 1408 4189 sanguis
1432 4118 1735 4173 hostiarum
1758 4132 1922 4187 super
1956 4115 2039 4169 al-

449 4222 565 4269 tare
595 4212 808 4269 Domini
841 4210 1133 4281 jubebatur
1173 4206 1345 4274 fundi,
1375 4208 1515 4262 sicut
1555 4216 1638 4262 est
1668 4206 1802 4262 illud
1822 4207 1877 4260 in
1900 4205 2039 4260 libro

452 4302 852 4361 Deuteronomii
879 4320 893 4357 :
918 4300 1249 4372 Sanguinem
1275 4298 1581 4355 hostiarum
1603 4305 1819 4353 tuarum
1844 4295 2040 4352 fundes

451 4413 507 4451 in
534 4396 715 4462 altari,
735 4393 988 4449 carnibus
1015 4399 1199 4448 autem
1219 4390 1336 4460 ipse
1361 4388 1602 4445 vesceris
1634 4387 1815 4460 (Deut.
1844 4388 1978 4460 xu);
2011 4407 2031 4441 ι

452 4488 591 4559 quod
617 4486 872 4558 praefatus
912 4484 1142 4555 populus
1176 4496 1285 4537 non
1322 4480 1471 4548 fecit,
1497 4488 1553 4536 et
1593 4481 1799 4538 idcirco
1841 4478 2040 4536 dicitur

2139 2009 2400 2065 Dominus
2420 2010 2566 2065 enim
2590 2010 2801 2066 dixerat
2823 2026 2880 2066 se
2901 2009 3206 2066 deletorum
3230 2011 3549 2066 memoriam
3572 2000 3716 2065 Ama

2138 2100 2223 2157 lec
2267 2101 2332 2157 de
2379 2101 2479 2156 sub
2527 2101 2685 2157 creto.
2734 2099 2942 2156 Idcirco
2986 2102 3302 2173 prtecipitur
3333 2098 3484 2155 Sauli
3519 2108 3580 2155 ut
3610 2114 3735 2155 eum

2137 2194 2356 2266 penitus
2378 2195 2447 2249 ab
2474 2194 2694 2249 homine
2716 2207 2885 2264 usque
2911 2193 2977 2249 ad
2999 2192 3247 2261 iumenta
3269 2192 3494 2248 deleret.
3518 2189 3585 2247 Et
3610 2190 3735 2263 quia

2139 2284 2256 2356 ejus
2284 2286 2564 2353 memoria,
2590 2286 2647 2343 id
2664 2292 2748 2341 est
2770 2285 3013 2351 Amalec,
3037 2285 3254 2357 penitus
3284 2283 3460 2340 deleta
3482 2300 3591 2340 non
3612 2283 3738 2351 fuit,

2141 2376 2323 2435 Saulis
2370 2385 2655 2447 peccatum
2694 2388 2751 2434 et
2795 2376 3163 2434 inobedientia
3212 2377 3427 2433 exstitit
3456 2377 3512 2433 in
3550 2391 3735 2433 causa.

2140 2471 2218 2527 De
2255 2486 2364 2541 quo
2398 2468 2620 2527 Amalec
2653 2471 2727 2526 ita
2760 2471 2816 2525 in
2857 2470 2999 2527 libro
3046 2470 3457 2527 Deuteronomii
3499 2469 3734 2526 dicitur:

2147 2576 2167 2612 ς
2205 2559 2475 2617 Memento
2503 2572 2623 2631 qui:
2658 2558 2851 2618 fecerit
2895 2562 2994 2616 tibi
3038 2561 3260 2617 Amalec
3288 2562 3343 2616 in
3378 2560 3494 2628 via,
3524 2558 3738 2632 quando

2142 2654 2512 2725 egrediebaris
2536 2655 2604 2710 de
2633 2652 2890 2729 AEgyplo,
2917 2654 3191 2727 quomodo
3220 2655 3522 2711 occurrerit
3543 2654 3662 2722 tibi,
3686 2660 3743 2711 et

2141 2755 2417 2803 extremos
2460 2747 2693 2818 agminis
2730 2748 2828 2813 tui,
2857 2746 2951 2819 qui
2980 2745 3115 2804 lassi
3149 2746 3740 2817 rcsidcbant,cecide—

2142 2841 2214 2896 rit
2240 2838 2418 2914 (Deut.
2453 2841 2604 2914 xxv).
2629 2861 2647 2893 ι
2687 2841 2885 2897 Lassos
2924 2841 3015 2897 hic
3061 2839 3271 2899 Hebraei
3319 2842 3629 2899 immundos
3656 2857 3744 2900 se.

2143 2936 2378 2991 cundum
2411 2935 2582 3011 legem
2626 2943 2782 2991 extra
2826 2945 3007 2992 castra
3053 2946 3342 2993 manentes
3385 2935 3696 3011 intelligunt
3722 2953 3737 2967 ·

2144 3039 2280 3099 quos
2324 3025 2587 3081 cecidisse
2617 3024 2933 3082 Amalecitae
2977 3025 3265 3095 dicuntur,
3290 3027 3419 3097 quia
3445 3026 3611 3100 (sicut
3635 3026 3742 3098 ipsi

2144 3119 2387 3191 tradunt)
2420 3135 2609 3176 eorum
2635 3119 3113 3175 circumcisionem
3144 3128 3566 3190 amputaverunt
3601 3128 3657 3177 et
3686 3121 3742 3179 'm

2145 3216 2626 3273 subsannationem
2656 3212 2775 3281 Dei,
2807 3215 2861 3269 in
2888 3213 3086 3271 cmlum
3115 3214 3485 3287 proiecerunt.

2224 3327 2242 3359 ‹
2278 3307 2534 3379 Dixitque
2564 3305 2692 3362 Saul
2740 3304 2947 3373 Cinaeo,
2973 3306 3158 3372 Abite,
3185 3305 3423 3361 recedite
3453 3316 3619 3376 atque
3652 3307 3745 3362 de-

2151 3420 2169 3453 i
2209 3400 2469 3465 scendite,
2500 3415 2568 3457 ne
2606 3399 2751 3455 forte
2793 3399 3064 3456 involvam
3094 3407 3147 3455 te
3173 3414 3300 3454 cum
3340 3413 3425 3453 eo.
3474 3398 3555 3454 Tu
3598 3401 3743 3454 enim

2151 3515 2175 3551 ι
2203 3495 2381 3551 fecisti
2420 3493 2852 3551 misericordiam
2900 3506 3025 3547 cum
3068 3490 3323 3547 omnibus
3369 3490 3497 3547 ﬁliis
3546 3490 3742 3557 Israel,

2151 3607 2172 3641 ι
2211 3602 2341 3644 cum
2382 3586 2739 3643 escenderent
2783 3585 2853 3641 de
2886 3581 3147 3656 (Egypto,
3175 3602 3193 3636 ι
3236 3591 3346 3639 etc.
3383 3581 3598 3641 Cinaeus
3627 3586 3746 3653 ipse

2145 3688 2237 3738 est
2277 3677 2449 3745 Jetro,
2483 3684 2747 3747 cognatus
2795 3673 2995 3746 Moysi,
3023 3670 3092 3731 de
3133 3672 3291 3747 cuius
3338 3688 3537 3745 genere
3586 3680 3746 3729 erant

2145 3772 2332 3838 Cinaei,
2364 3767 2457 3842 q'ui
2497 3769 2897 3826 descenderant
2936 3766 3006 3823 ad
3050 3765 3273 3823 Amalec
3322 3775 3379 3822 et
3420 3765 3745 3822 habitabant

2145 3880 2271 3923 cum
2316 3877 2400 3928 eo,
2433 3859 2526 3931 qui
2572 3859 2761 3931 utique
2808 3872 3000 3919 eorum
3045 3857 3481 3930 consanguineus
3520 3864 3659 3923 erat,
3685 3864 3746 3915 et

2145 3956 2517 4017 haereditatem
2568 3953 2623 4008 in
2646 3953 2767 4023 ejus
2811 3961 2959 4009 terra
3004 3950 3258 4009 habebat.
3311 3948 3741 4007 Misericordiam

2144 4064 2281 4106 vero
2307 4048 2523 4102 Cimeus
2569 4061 2695 4102 cum
2740 4044 2869 4101 ﬁliis
2909 4043 3076 4101 Israel
3120 4042 3317 4101 fecisse
3364 4042 3585 4108 dicitur,
3628 4042 3745 4099 sive

2146 4140 2275 4213 quia
2301 4139 2523 4211 Moysen
2550 4136 2687 4193 fovit
2725 4136 2785 4197 in
2808 4144 2959 4195 terra
3002 4135 3239 4200 Madian,
3264 4134 3379 4190 sive
3405 4132 3533 4205 quia
3560 4134 3743 4191 consi-

2145 4234 2280 4291 lium
2321 4232 2468 4289 dedit
2513 4230 2691 4304 Μαι(δί
2726 4230 2963 4307 qualiter
3003 4226 3620 4301 mulﬁtudinempopuli
3646 4244 3744 4301 gu-

2143 4326 2417 4383 bernaret.

2215 4412 2342 4473 luiit
2365 4429 2430 4470 ex
2470 4418 2742 4489 praecepto
2771 4409 2991 4470 Domini
3021 4409 3149 4468 Saul
3178 4409 3424 4482 praelium
3450 4410 3741 4467 adversum

2144 4506 2403 4572 Amalec;
2454 4502 2868 4572 interfectisque
2913 4502 3127 4559 cunctis
3171 4501 3457 4568 hostibus,
3500 4500 3745 4573 pepercit

453 4578 678 4633 Domino
696 4590 971 4646 peccasse,
988 4581 1185 4629 etcum
1208 4572 1469 4645 sanguine
1495 4571 1696 4627 dicitur
1715 4570 2035 4627 comedisse.
2064 4599 2119 4661 1)
2145 4598 2299 4673 Am
2327 4570 2462 4668 regi,
2481 4612 2583 4653 nec
2603 4570 3117 4669 voluit‘disperdere
3137 4594 3323 4651 omnia
3337 4570 3744 4671 juxm'mda_

460 4667 729 4739 Sequitur.

524 4797 544 4831 ι
575 4775 887 4833 Ᾱίᾱωωγίι
936 4783 1121 4831 autem
1185 4770 1317 4830 Saul
1365 4772 1537 4830 altare
1575 4773 1830 4838 Domino,
1857 4791 1877 4825 ι
1924 4779 2032 4828 etc.

457 4870 601 4929 Func
624 4868 862 4940 primum
899 4866 1067 4936 coepit
1091 4864 1360 4923 aediﬁcare
1384 4864 1556 4923 altare
1598 4865 1848 4923 Domino.
1881 4864 2037 4932 Quae-

453 4959 679 5019 rendum
708 4959 918 5030 itaque,
948 4972 1077 5015 cum
1101 4966 1259 5014 antea
1281 4956 1492 5032 legatur
1513 4956 1812 5015 aediﬁcasse
1842 4956 2034 5024 altare,

453 5051 666 5123 quando
692 5065 729 5105 α
768 5048 1021 5106 Samuele
1062 5049 1372 5120 iucrepatus
1406 5057 1509 5117 est,
1538 5066 1636 5107 cur
1663 5050 1753 5107 hic
1783 5048 2036 5121 dicatur:

456 5163 479 5197 ι
512 5144 669 5203 Tunc
694 5144 931 5215 primum
976 5144 1143 5216 cepit
1186 5143 1461 5203 adiﬁcare
1504 5145 1673 5203 altare
1724 5145 1989 5201 Domino?
2016 5163 2034 5195 ι

458 5236 776 5297 Edibcasse
804 5236 985 5307 itaque
1015 5246 1174 5295 antea
1201 5237 1398 5310 legitur
1434 5237 1627 5305 altare,
1658 5238 1755 5295 sed
1798 5237 1926 5307 quia
1955 5236 2037 5291 in.-

450 5329 765 5391 obedienter
802 5327 937 5384 illud
973 5328 1283 5397 adiﬁcavit,
1311 5345 1421 5386 non
1468 5329 1697 5387 Domino
1738 5326 2039 5386 aediﬁcasse

452 5420 788 5493 intelligitur.
812 5421 913 5479 Hic
946 5429 1131 5479 autem
1148 5422 1274 5495 quia
1298 5423 1614 5479 obedienter
1643 5430 1699 5479 et
1729 5429 1878 5479 recte
1905 5420 2040 5479 illud

453 5510 775 5581 adiﬁcuvit,
799 5514 1027 5573 Domino
1054 5514 1355 5573 aediﬁcasse
1378 5514 1717 5588 perhibetur.

2148 4700 2265 4751 tum
2304 4689 2549 4747 Domini.
2592 4687 2968 4759 lrasciturque.
3002 4701 3105 4758 pro
3144 4687 3252 4743 hoc
3276 4686 3329 4745 ei
3356 4685 3650 4751 Dominus,
3686 4694 3747 4743 et

2147 4781 2305 4841 venit
2348 4780 2569 4837 Samuel
2596 4786 2719 4850 post
2759 4777 2878 4837 haec
2911 4779 2981 4836 ad
3008 4778 3159 4847 Saul.
3187 4787 3245 4836 et
3282 4778 3590 4853 increpavit
3616 4793 3742 4838 eum

2146 4889 2247 4947 pro
2271 4874 2377 4930 hoc
2405 4871 2551 4931 facto
2579 4872 2804 4931 dicens:

2223 4989 2243 5022 ι
2279 4968 2470 5025 Nonne
2496 4983 2620 5024 cum
2648 4965 2911 5041 parvulus
2947 4980 3100 5024 esses
3123 4966 3180 5022 in
3202 4965 3376 5027 oculis
3408 4965 3517 5023 tuis
3534 5004 3553 5035 η
3580 4973 3746 5038 caput

2153 5082 2175 5116 ι
2202 5063 2259 5119 in
2288 5059 2539 5119 tribubus
2561 5059 2735 5120 Israel
2770 5057 2951 5117 factus
2974 5058 3073 5115 es?
3102 5057 3376 5130 Unxitque
3399 5067 3452 5113 te
3478 5058 3742 5117 Dominus

2151 5174 2169 5207 ι
2205 5154 2261 5209 in
2284 5167 2473 5225 regem
2504 5166 2671 5227 super
2702 5150 2906 5211 Israel?
2937 5170 2958 5204 ι
2994 5158 3105 5209 etc.
3133 5146 3275 5219 Quid
3300 5166 3399 5223 per
3423 5151 3747 5223 increpatio-

2147 5258 2279 5302 uem
2303 5243 2601 5301 Dominicm
2637 5242 2807 5308 vocis,
2835 5243 2943 5301 nisi
2988 5243 3243 5314 superbia
3275 5242 3405 5298 elati
3432 5242 3575 5314 regis
3600 5241 3745 5312 abji-

2148 5338 2327 5397 citur?
2356 5335 2509 5407 Quod
2532 5336 2603 5391 ad
2631 5335 3029 5395 correctionem
3049 5350 3202 5391 suam
3228 5334 3431 5405 poterit
3452 5333 3755 5390 salubriter

2150 5434 2385 5505 quisque
2409 5437 2731 5489 convertere
2749 5429 2843 5499 qui
2862 5428 3119 5501 praelatis
3143 5433 3246 5483 est.
3286 5424 3424 5481 Cum
3448 5440 3580 5498 ergo
3610 5427 3742 5485 Saul

2146 5520 2432 5595 par-vinum
2470 5533 2531 5575 se
2560 5519 2623 5574 iu
2656 5518 2771 5574 suis
2795 5517 2973 5574 oculis
3008 5516 3338 5582 aestimaret,
3368 5523 3533 5588 caput
3557 5516 3617 5572 in
3646 5516 3746 5575 tris

2149 5614 2332 5671 bubus
2360 5610 2531 5671 Israel
2554 5610 2730 5668 factus
2756 5620 2870 5680 est;
2903 5611 2999 5668 sed
3046 5609 3212 5666 fultus
3239 5609 3526 5682 temporali
3548 5617 3746 5683 poten-

2151 5704 2253 5769 tia.
2271 5701 2391 5771 jam
2418 5719 2477 5759 se
2502 5702 2795 5774 parvulum
2817 5719 2927 5760 non
2954 5701 3185 5760 videbat.
3226 5701 3563 5760 Cunctorum
3586 5715 3746 5759 nam-

2152 5806 2261 5865 que
2304 5794 2695 5865 comparationi
2744 5809 2804 5853 se
2842 5792 3138 5865 praferens
3151 5833 3171 5857 ο
3200 5793 3331 5858 quia
3364 5793 3499 5868 plus
3526 5792 3740 5853 cunctis
