4074 6496
312 507 383 564 ιε
740 496 745 503 ’
1132 490 1488 554 conamur.
1528 489 1596 547 IN
1634 490 1882 548 uanos
1916 480 1986 547 rv
2024 485 2292 544 necum.
2329 517 2401 528 —
2432 484 2502 543 IN
2536 484 2666 544 LIB.
2704 485 2746 544 ι.
3484 496 3556 561 ιθ

311 628 547 692 poterat,
588 631 842 691 magnum
871 629 929 672 se
956 628 1068 688 prae
1105 609 1355 668 omnibus
1378 608 1699 666 mstimabat.
1750 605 1886 662 Miro
1911 611 1965 672 Α
1988 604 2081 660 sed
2110 604 2286 661 Patris
2316 603 2645 661 voluntatem
2686 602 2844 672 facit,
2872 618 2966 662 eos
3002 612 3094 677 qm
3123 598 3195 663 ad
3220 612 3280 663 se
3314 604 3565 674 veniunt,

312 719 494 765 autem
529 707 691 764 modo
725 722 849 763 cum
873 704 1015 775 apud
1042 718 1101 760 se
1121 700 1407 774 parvulus,
1434 699 1575 770 apud
1600 699 1887 755 Dominum

312 815 577 872 mgnus;
617 814 741 855 cum
768 812 897 853 vero
935 795 1076 868 apud
1105 810 1163 852 se
1186 809 1413 866 magnus
1449 790 1719 863 apparuit,
1746 789 1889 860 apud

313 893 601 950 Dominum
646 888 902 962 parvulus
943 886 1062 943 fuit.
1113 886 1440 957 Plerumque
1488 900 1616 957 ergo
1662 882 1790 940 dum
1818 898 1887 939 ex

314 984 681 1054 subiectorum
733 978 1003 1037 afﬂuentia
1054 979 1265 1035 animus
1316 973 1555 1042 inflatur,
1590 976 1644 1031 in
1701 974 1888 1031 luxum

314 1074 611 1145 superbiae,
643 1074 761 1143 ipso
810 1071 1063 1143 potentiae
1106 1067 1321 1141 fastigio
1361 1067 1734 1134 lenocinante,
1769 1079 1889 1121 cor-

315 1167 601 1238 rumpitur.
629 1164 800 1233 Quam
827 1161 1078 1218 videlicet
1115 1160 1412 1235 potentiam
1441 1156 1579 1215 bene
1611 1157 1770 1229 regit,
1796 1156 1891 1229 qui

313 1267 371 1314 et
406 1267 586 1314 tenere
633 1256 780 1313 illam
824 1255 1036 1311 noverit
1079 1260 1135 1308 et
1180 1252 1515 1324 impugnare.
1562 1249 1706 1305 Bene
1746 1251 1890 1305 hanc

314 1353 468 1425 regit,
495 1352 587 1423 qui
624 1350 729 1407 scit
762 1365 856 1420 per
885 1346 1032 1404 illam
1070 1361 1232 1417 super
1270 1346 1456 1415 culpas
1499 1344 1633 1414 erigi
1653 1384 1668 1411 ,
1702 1343 1805 1399 scit
1832 1340 1887 1397 in

313 1443 401 1499 illa
427 1458 549 1499 cum
570 1440 782 1497 caeteris
801 1438 1108 1511 aequalitate
1128 1436 1396 1507 componi.
1420 1434 1666 1490 Humana
1687 1432 1889 1489 etenim

312 1547 465 1587 mens
498 1531 815 1602 plerumque
862 1527 1158 1593 extollitur,
1188 1526 1353 1579 etiam
1391 1537 1515 1578 cum
1551 1521 1696 1577 nulla
1740 1526 1893 1593 pote-

312 1630 451 1679 State
477 1620 729 1687 fulcitur;
763 1629 963 1690 quanto
990 1616 1162 1689 magis
1192 1619 1244 1673 in
1267 1618 1435 1672 altum
1461 1631 1520 1672 se
1553 1616 1732 1688 erigit,
1764 1628 1889 1670 cum

311 1731 373 1773 se
404 1715 455 1771 ei
491 1716 657 1771 etiam
679 1721 917 1785 potestas
952 1710 1224 1784 adjungit?
1250 1710 1422 1780 Quam
1449 1719 1629 1764 tamen
1650 1714 1890 1779 potesta-

313 1815 427 1863 tem
460 1813 607 1862 certe
637 1806 939 1876 dispensat,
961 1804 1052 1875 qui
1080 1803 1308 1859 sollicite
1337 1801 1550 1858 noverit
1576 1814 1788 1858 sumere
1821 1814 1889 1855 ex

310 1896 403 1953 illa
427 1896 570 1969 quod
598 1898 834 1971 adjuvet.
852 1904 905 1951 et
930 1911 1237 1969 expugnare
1261 1895 1403 1967 quod
1429 1900 1615 1958 tentat,
1634 1901 1687 1951 et
1710 1907 1890 1963 aequa-

1988 695 2136 753 foras
2152 713 2260 753 non
2286 695 2452 767 ejicit,
2483 697 2609 768 quia
2638 695 2767 753 dum
2799 692 3045 768 exemplo
3064 706 3164 754 suo
3189 708 3293 754 nos
3308 698 3566 754 obedien-

1988 791 2079 847 tiae
2119 789 2352 862 subjicit,
2385 790 2528 846 viam
2579 786 2735 847 nobis
2779 786 3108 862 egressionis
3151 789 3373 847 claudit.
3426 785 3567 848 Hinc

1988 897 2205 938 rursum
2235 878 2347 937 ait:
2378 898 2397 933 ι
2426 874 2545 937 Non
2588 890 2812 951 possum
2857 890 2956 952 ego
2990 890 3022 935 a
3054 892 3141 937 me
3184 878 3366 939 facere
3411 882 3570 954 quid-

1990 988 2183 1046 quam;
2230 972 2327 1030 sed
2375 972 2513 1029 sicut
2559 964 2736 1036 audio,
2781 968 2965 1042 judico
3014 966 3196 1044 (Ῑοιτη.
3220 971 3297 1045 v).
3328 992 3348 1025 ι
3400 964 3570 1030 Nobis

1989 1063 2186 1136 quippe
2230 1062 2534 1120 obedientia
2564 1071 2737 1135 usque
2771 1060 2845 1119 ad
2881 1069 3110 1117 mortem
3138 1063 3400 1119 serranda
3428 1070 3570 1136 prae-

1989 1156 2206 1226 cipitur.
2236 1155 2355 1228 Ipse
2377 1164 2577 1224 autem,
2603 1156 2651 1211 si
2676 1155 2816 1211 sicut
2840 1152 3009 1222 audit,
3024 1148 3253 1226 iudicat,
3276 1158 3410 1212 tunc
3430 1162 3569 1228 quo-

1990 1265 2096 1322 que
2142 1251 2380 1317 obediet,
2408 1264 2530 1306 cum
2577 1247 2744 1319 judex
2789 1248 3018 1304 venerit.
3072 1245 3159 1303 Ne
3194 1248 3362 1320 igitur
3412 1247 3573 1305 nobis

1988 1356 2162 1411 usque
2189 1340 2256 1395 ad
2284 1339 2567 1411 praesentis
2595 1338 2721 1394 vitae
2750 1338 3038 1393 terminum
3067 1330 3375 1394 obedientia
3414 1336 3570 1395 labo-

1989 1429 2134 1485 riosa
2166 1436 2457 1499 appareat,
2481 1424 2811 1499 Redemptor
2837 1436 3022 1483 noster
3042 1424 3269 1500 iudicat,
3287 1430 3379 1500 qui
3405 1429 3571 1497 hanc,

1988 1523 2156 1580 etiam
2186 1538 2308 1579 cum
2332 1521 2496 1592 judex
2523 1520 2752 1588 venerit,
2782 1528 2986 1576 servat.
3033 1519 3181 1588 Quid
3201 1534 3330 1593 ergo
3369 1521 3569 1577 mirum

1990 1612 2036 1669 si
2062 1620 2319 1683 peccator
2358 1612 2521 1666 homo
2546 1610 2866 1667 obedientiae
2891 1609 2946 1665 in
2972 1611 3259 1681 praesentis
3290 1612 3416 1667 vitae
3445 1611 3571 1668 bre-

1987 1704 2157 1760 vitate
2188 1718 2246 1759 se
2273 1703 2512 1775 subjicit,
2539 1700 2755 1773 quando
2781 1702 2923 1757 hanc
2970 1694 3234 1758 Mediator
3261 1701 3359 1759 Dei
3391 1711 3447 1759 et
3473 1705 3574 1760 ho-

1989 1796 2217 1863 minum,
2241 1802 2438 1852 etcum
2460 1795 2772 1851 obedientes
2797 1802 3125 1861 remunerat,
3150 1811 3258 1851 non
3281 1796 3577 1870 relinquit?

1992 1885 2285 1944 Sciendum
2308 1901 2439 1942 vero
2458 1893 2545 1942 est
2560 1901 2835 1957 nunquam
2857 1900 2955 1957 per
2980 1882 3343 1944 obedientiam
3367 1889 3571 1946 malum

310 1987 418 2043 lem
456 2002 643 2042 secum
662 1986 871 2042 caeteris
892 2000 1136 2052 cernere,
1163 1993 1218 2041 et
1241 1992 1423 2039 tamen
1450 2000 1508 2039 se
1535 1982 1887 2055 peccantibus
1915 1980 1963 2041 B
1990 1977 2130 2033 fieri.
2158 1976 2462 2048 Aliquando
2489 1985 2668 2034 autem
2690 1979 2847 2033 debet
2866 1992 2964 2049 per
2981 1979 3343 2036 obedientiam
3367 1981 3571 2038 bonum

310 2078 428 2134 zelo
453 2078 670 2133 ultionis
696 2076 986 2131 anteferre.
1017 2074 1292 2147 Scriptum
1319 2089 1552 2143 namque
1577 2079 1661 2129 est
1687 2090 1699 2126 ε
1730 2091 1747 2123 α
1777 2072 1888 2126 Dn-

310 2185 428 2227 cem
468 2178 520 2226 te
561 2170 976 2235 constituerunt,
1011 2167 1120 2223 noli
1162 2164 1377 2232 extolli,
1405 2166 1503 2222 sed
1543 2170 1659 2220 esto
1692 2164 1747 2218 in
1786 2160 1892 2219 illis

310 2261 466 2333 quasi
494 2276 635 2316 unus
657 2274 722 2315 ex
754 2259 861 2314 illis
884 2256 1077 2331 (Eccli.
1115 2255 1312 2330 xxxu).
1355 2254 1558 2326 illoque
1597 2260 1891 2310 excusante

308 2350 454 2423 quod
489 2350 670 2406 omnia
718 2348 1033 2416 servaverit,
1057 2347 1211 2425 juxta
1249 2347 1393 2420 quod
1421 2345 1525 2403 sibi
1561 2351 1895 2418 praeceptum

309 2442 515 2510 fuerat,
539 2452 700 2516 atque
723 2442 935 2498 dicente
960 2460 972 2495 :

385 2557 405 2591 ί
436 2536 629 2592 Audivi
673 2550 859 2591 vocem
887 2532 1139 2598 Domini,
1167 2538 1221 2588 et
1260 2528 1530 2589 ambulavi
1565 2525 1620 2585 in
1659 2530 1749 2585 via
1792 2542 1892 2601 per

314 2645 335 2680 ι
370 2642 533 2698 quam
575 2642 663 2681 me
708 2625 856 2681 misit
894 2624 1185 2690 Dominus,
1213 2631 1267 2679 et
1302 2621 1501 2678 adduxi
1530 2619 1679 2691 Agag
1706 2632 1890 2690 regem

317 2734 338 2770 ι
368 2715 619 2784 Amelec,
649 2724 703 2771 et
730 2715 951 2771 Amalec
979 2712 1246 2770 interfeci.
1280 2710 1427 2768 Tulit
1455 2720 1632 2767 autem
1663 2709 1891 2781 populus

315 2826 336 2861 ι
373 2806 440 2863 de
458 2805 640 2878 praeda
665 2822 793 2863 oves
821 2814 876 2863 et
897 2807 1081 2873 boves,
1105 2805 1373 2877 primitias
1395 2820 1582 2862 eorum
1605 2819 1725 2875 quae
1754 2818 1891 2859 cazsa

316 2916 335 2949 ι
371 2904 518 2963 sunt,
550 2905 609 2952 ut
639 2894 881 2953 immolet
906 2896 1132 2952 Domino
1176 2895 1287 2953 Deo
1315 2912 1413 2951 suo
1440 2896 1495 2950 in
1517 2894 1770 2965 Galgalis.
1799 2894 1891 2949 Ait

272 2992 283 2998 '
317 3007 336 3042 ι
372 2988 588 3044 Samuel
613 3007 625 3042 :
648 2986 900 3060 Nunquid
946 2987 1059 3044 vult
1087 2988 1345 3043 Dominus
1386 2987 1701 3042 holocausta
1731 2992 1786 3041 et
1812 2985 1892 3040 vi-

316 3098 336 3132 ‹
367 3080 579 3146 etimas,
608 3087 662 3135 et
689 3095 797 3135 non
838 3081 1019 3150 potius
1055 3087 1114 3134 ut
1157 3080 1440 3136 obediatur
1485 3079 1602 3135 voci
1634 3077 1892 3135 Domini?

318 3187 337 3223 ι
374 3169 560 3225 Melior
596 3178 681 3225 est
719 3171 863 3226 enim
889 3169 1194 3226 obedientia
1222 3184 1383 3241 quam
1416 3170 1669 3236 victimae,
1697 3174 1753 3224 et
1797 3182 1892 3222 au-

316 3280 337 3315 t
371 3262 603 3318 scultare
626 3262 796 3334 magis
819 3278 979 3333 quam
1003 3261 1199 3317 oil'erre
1225 3262 1437 3332 adipem
1465 3261 1716 3316 arietum.
1747 3259 1892 3327 σάου

1993 2068 2136 2139 quod
2167 2069 2347 2140 agitur
2396 2068 2700 2124 intermitti.
2755 2066 2939 2139 Neque
2968 2069 3113 2125 enim
3156 2070 3296 2126 mala
3329 2072 3384 2127 in
3405 2087 3571 2144 para-

1991 2154 2113 2217 diso
2141 2160 2303 2216 arbor
2330 2158 2559 2227 exstitit,
2587 2170 2751 2231 quam
2777 2161 2920 2216 Deus
2942 2161 3170 2229 homini,
3199 2174 3270 2217 ne
3296 2165 3575 2235 conﬁnge-

1990 2256 2077 2305 ret
2094 2290 2110 2315 ,
2136 2249 2442 2315 interdixit;
2479 2250 2580 2305 sed
2598 2257 2660 2304 ut
2685 2260 2787 2321 per
2814 2250 3009 2306 melius
3049 2251 3381 2309 obedientia
3410 2254 3577 2311 meri-

1992 2351 2109 2399 tum
2132 2343 2295 2398 homo
2320 2342 2463 2399 bene
2480 2342 2733 2399 conditus
2754 2350 3051 2411 cresceret,
3070 2344 3290 2414 dignum
3312 2343 3493 2403 fuerat
3515 2356 3583 2404 ut

1990 2436 2139 2494 hunc
2162 2435 2328 2492 etiam
2351 2450 2381 2490 a
2402 2435 2548 2492 bono
2568 2435 2902 2507 prohiberet,
2924 2444 3192 2507 quatenus
3210 2445 3365 2494 tanto
3390 2439 3577 2497 verius

1990 2530 2097 2586 hoc
2125 2530 2273 2601 quod
2298 2541 2482 2604 ageret
2507 2532 2681 2587 virtus
2715 2539 2882 2597 esset,
2914 2539 3119 2601 quanto
3150 2538 3206 2587 et
3229 2547 3261 2588 a
3288 2531 3430 2589 bono
3452 2548 3576 2590 ces-

1992 2640 2119 2680 sans
2157 2626 2364 2681 auctori
2415 2642 2512 2681 suo
2553 2638 2611 2682 se
2658 2626 2930 2681 subditum
2961 2626 3239 2681 humilitas
3272 2625 3575 2682 exhiberet.

1994 2699 2105 2768 Sed
2143 2714 2438 2769 notandum
2473 2715 2617 2786 quod
2662 2714 2775 2770 illic"
2815 2714 3051 2770 dicitur:
3082 2731 3108 2767 ‹
3130 2715 3208 2771 Ex
3248 2715 3397 2772 omni
3425 2715 3574 2785 ligno

1991 2805 2230 2875 paradisi
2267 2806 2432 2873 edite,
2455 2807 2520 2861 de
2548 2806 2703 2877 ligno
2724 2813 2905 2861 autem
2947 2806 3187 2863 scientiae
3214 2807 3345 2864 boni
3366 2815 3423 2865 et
3446 2807 3576 2863 mali

1991 2911 2062 2953 ue
2093 2897 2376 2969 tetigeritis
2405 2897 2560 2971 (Gen.
2604 2898 2687 2972 ιι).
2715 2917 2734 2950 ι
2780 2897 2883 2967 Qui
2919 2898 3063 2954 enim
3094 2915 3124 2953 a
3153 2899 3296 2956 bono
3339 2900 3583 2970 quolibet

1992 2989 2264 3059 subjectos
2296 2998 2461 3055 vetat,
2492 3004 2723 3047 necesse
2759 2997 2846 3046 est
2884 2997 2945 3045 ut
2989 2989 3157 3045 multa
3201 2991 3464 3047 concedat
3507 3006 3577 3048 ne

1992 3081 2295 3138 obedientis
2315 3097 2477 3139 mens
2490 3080 2732 3137 funditus
2754 3082 3008 3148 intereat,
3037 3081 3083 3137 si
3102 3096 3133 3135 a
3146 3081 3303 3137 bonis
3325 3082 3581 3137 omnibus

1992 3173 2209 3243 penitus
2239 3173 2451 3245 repulsa
2475 3172 2704 3244 jejunat.
2752 3172 2952 3230 Omnes
2990 3182 3171 3229 autem
3219 3174 3460 3245 paradisi
3490 3189 3578 3229 ar-

1993 3265 2155 3321 bores
2182 3265 2250 3320 ad
2276 3281 2427 3321 esum
2456 3266 2718 3323 Dominus
2742 3267 3045 3331 concessit,
3070 3280 3193 3322 cum
3226 3266 3293 3323 ab
3319 3284 3424 3322 una
3454 3283 3581 3339 pro—

316 3370 335 3403 σ
369 3353 516 3407 niam
543 3352 698 3421 quasi
736 3362 1016 3422 peccatum
1063 3351 1327 3406 ariolandi
1369 3358 1453 3406 est
1490 3365 1812 3421 repugnare,
1841 3356 1899 3405 et
1922 3351 1967 3415 C
1997 3356 2191 3423 hibuit,
2219 3363 2278 3410 ut
2308 3364 2615 3413 creaturam
2644 3372 2821 3425 suam,
2850 3372 3012 3429 quam
3044 3358 3265 3414 nolebat
3285 3359 3579 3432 exstingui,

314 3459 335 3493 ε
369 3441 523 3512 quasi
567 3440 740 3497 scelus
786 3440 1100 3496 idololatriae
1145 3441 1287 3497 nolle
1331 3442 1697 3512 acquiescere.
1731 3460 1750 3493 ι
1786 3437 1894 3512 (Eat

310 3529 655 3603 Augustino.)
701 3528 1014 3586 Obedientia
1062 3531 1299 3587 victimis
1342 3530 1468 3600 jure
1517 3520 1893 3602 praeponitur,

312 3622 438 3694 quia
462 3637 561 3694 per
584 3623 833 3678 victimas
860 3623 1032 3679 aliena
1062 3636 1212 3691 caro,
1237 3636 1336 3693 per
1375 3623 1735 3679 obedientiam
1762 3634 1895 3679 vero

311 3714 558 3770 voluntas
608 3715 826 3786 prapria
854 3722 1159 3771 -mactatur.
1229 3712 1400 3770 Tanto
1450 3715 1616 3785 igitur
1665 3714 1904 3786 quisque

314 3802 484 3861 Deum
506 3805 668 3862 citius
691 3807 892 3877 placat,
910 3816 1111 3878 quanto
1130 3814 1255 3863 ante
1281 3804 1397 3876 ejus
1415 3806 1624 3874 oculos,
1642 3820 1897 3878 repressa

314 3898 525 3953 arbitrii
572 3898 655 3953 sui
700 3899 972 3970 superbia,
1001 3900 1178 3970 gladio
1223 3900 1481 3972 przecepti
1526 3914 1589 3956 se
1629 3899 1890 3955 immolat.

317 3988 583 4057 Quoniam
631 3997 819 4045 contra
876 3990 1139 4045 ariolandi
1195 4000 1479 4062 peccatum
1525 3988 1927 4047 inobedientia"

317 4081 534 4147 dicitur,
562 4090 622 4136 ut
653 4090 851 4152 quanta
882 4084 954 4137 sit
990 4084 1164 4138 virtus
1208 4083 1515 4139 obedientia
1557 4084 1896 4139 demonstre-

314 4180 426 4239 tur,
456 4188 523 4229 ex
552 4174 779 4231 adverso
812 4190 941 4248 ergo
967 4176 1157 4232 melius
1184 4177 1488 4233 ostenditur
1509 4178 1639 4250 quid
1677 4178 1744 4233 de
1778 4178 1896 4248 ejus

314 4258 474 4321 laude
505 4266 788 4321 sentiatur.
823 4265 879 4323 Si
920 4268 1067 4323 enim
1112 4270 1269 4339 quasi
1295 4276 1579 4340 peccatum
1630 4268 1898 4325 ariolandi

315 4363 400 4413 est
428 4372 748 4429 repugnare,
773 4357 887 4414 sola
922 4366 1004 4413 est
1031 4374 1150 4430 quae
1194 4343 1318 4413 ﬁdei
1356 4360 1609 4415 meritum
1635 4360 1894 4429 possidet,

317 4445 433 4501 sive
460 4460 564 4517 qua
599 4448 821 4516 quisque
850 4446 1079 4502 inﬁdelis
1101 4447 1461 4515 convincitur,
1481 4448 1694 4505 etiamsi
1724 4447 1898 4504 fidelis

317 4553 440 4594 esse
469 4538 728 4595 videatur.
777 4537 914 4595 Hinc
960 4554 1057 4610 per
1102 4538 1446 4596 Salomonem
1486 4541 1543 4596 in
1588 4540 1901 4596 ostensione

319 4628 639 4685 obedientia:
660 4629 863 4686 dicitur
885 4649 898 4685 :
931 4650 950 4681 ‹
982 4629 1079 4685 Vir
1101 4632 1357 4687 obediens
1380 4632 1619 4703 loquitur
1641 4632 1899 4688 victorias

1994 3448 2093 3504 sed
2136 3447 2365 3519 provehi
2384 3489 2399 3514 ,
2452 3457 2613 3504 tanto
2658 3448 2871 3505 facilius
2916 3449 2991 3504 ab
3031 3464 3138 3505 una
3187 3450 3543 3522 restringeret
3564 3492 3579 3519 ,

1994 3548 2198 3611 quanto
2238 3539 2312 3595 ad
2335 3551 2563 3598 cunctas
2600 3542 2762 3599 latius
2803 3544 3091 3601 relaxaret.
3138 3542 3245 3600 Sed
3278 3532 3418 3614 quia"
3452 3561 3583 3601 non-

1994 3644 2272 3701 nunquam
2302 3632 2458 3689 nobis
2487 3632 2651 3704 hujus
2667 3635 2854 3691 mundi
2882 3649 3164 3707 prospera,
3192 3650 3583 3706 nonnunquam

1993 3732 2124 3777 vero
2138 3712 2303 3793 iuben
2310 3732 2398 3778 tur
2416 3724 2660 3793 adversa,
2676 3727 2955 3782 sciendum
2976 3739 3318 3798 summopere
3335 3734 3419 3783 est
3439 3726 3593 3797 quod'

1995 3811 2298 3869 obedientia
2328 3814 2617 3887 aliquando
2642 3817 2689 3872 si
2715 3816 2783 3872 de
2812 3830 2913 3873 suo
2945 3815 3149 3887 aliquid
3188 3817 3406 3885 habeat,
3434 3814 3583 3874 nulla

1995 3912 2108 3971 est;
2136 3904 2428 3976 aliquando
2453 3907 2592 3964 side
2607 3923 2706 3964 suo
2727 3908 2931 3980 aliquid
2956 3922 3064 3965 non
3087 3909 3306 3974 habeat,
3330 3909 3575 3966 minima.

1997 3986 2134 4048 Nam
2174 4006 2297 4050 cum
2343 3995 2505 4065 hujus
2534 3998 2721 4054 mundi
2760 4011 3043 4054 successus
3089 3997 3422 4069 praecipitur,
3452 4014 3576 4055 cum

1997 4082 2148 4139 locus
2176 4086 2423 4156 superior
2452 4086 2780 4158 imperatur,
2810 4088 2857 4144 is
2884 4088 2976 4158 qui
3000 4087 3073 4142 ad
3090 4089 3435 4161 percipienda
3466 4088 3585 4147 haec

1997 4175 2201 4243 obedit,
2225 4176 2548 4233 obcdientiae
2586 4178 2686 4233 sibi
2720 4179 2979 4234 virtutem
3013 4188 3242 4235 evacuat
3280 4179 3328 4236 si
3368 4180 3436 4236 ad
3466 4180 3587 4238 haec

1998 4266 2167 4322 etiam
2192 4282 2259 4323 ex
2299 4268 2522 4338 proprio
2551 4267 2821 4324 desiderio
2859 4270 3097 4325 anhelat.
3132 4269 3320 4343 Neque
3347 4271 3501 4327 enim
3524 4286 3592 4328 se

2000 4359 2102 4413 sub
2130 4358 2438 4414 obedientia
2465 4358 2671 4429 dirigit,
2694 4359 2791 4430 qui
2807 4360 2883 4414 ad
2903 4360 3250 4430 percipienda
3275 4360 3438 4431 hujus
3461 4363 3589 4417 vita:

1999 4466 2260 4525 prospera
2289 4451 2499 4506 libidini
2524 4453 2756 4522 propriae
2791 4453 3107 4508 ambitionis
3134 4454 3319 4509 servit.
3347 4453 3591 4510 Rursum

2003 4556 2125 4603 eum
2172 4544 2362 4600 mundi
2389 4543 2676 4615 despectus
2716 4543 3048 4615 praecipitur,
3080 4558 3211 4599 eum
3230 4544 3429 4615 probra
3472 4546 3591 4601 adi-

2004 4637 2139 4710 pisci
2159 4642 2214 4693 et
2232 4636 2570 4693 contumeliae
2584 4636 2862 4707 iubentur,
2878 4635 2982 4691 nisi
3001 4635 3117 4691 hac
3137 4642 3192 4691 et
3210 4649 3279 4691 ex
3299 4636 3590 4708 semetipso

320 4720 504 4795 (Prov.
538 4721 672 4795 xxi).
708 4744 728 4777 ι
759 4724 857 4778 Vir
906 4725 1101 4795 quippe
1145 4726 1403 4781 obediens
1452 4725 1689 4796 loquitur
1728 4725 1903 4779 victo-
1929 4720 1983 4783 D
2008 4730 2222 4786 animus
2241 4737 2479 4801 appetat,
2521 4729 2840 4786 obedientia:
2862 4729 2964 4786 sibi
2986 4727 3473 4795 meritum-minuit,
3495 4728 3589 4800 qui

321 4816 452 4883 rias,
481 4816 607 4885 quia
643 4816 768 4872 dum
793 4815 983 4872 alienae
1006 4818 1123 4872 voci
1147 4818 1424 4873 humiliter
1448 4818 1750 4883 subdlmur,
1779 4831 1902 4873 nos

320 4908 582 4978 metipsos
624 4908 679 4963 in
731 4910 893 4965 corde
940 4924 1292 4981 superamus;
1342 4910 1469 4966 hinc
1513 4911 1568 4965 in
1610 4910 1904 4983 Evangelio

321 4997 535 5054 Veritas
583 4998 751 5055 dicit:
780 5020 797 5052 ι
834 5001 969 5057 Eum
998 5002 1090 5072 qui
1134 5002 1284 5059 venit
1316 5002 1387 5059 ad
1421 5016 1508 5058 me
1541 5016 1649 5058 non
1689 5001 1903 5073 ejiciam

322 5089 505 5158 foras,
533 5092 659 5163 quia
709 5095 775 5149 de
820 5095 958 5152 uelo
995 5096 1283 5163 descendi,
1313 5112 1421 5153 non
1470 5106 1532 5152 ut
1564 5096 1762 5155 faciam
1810 5113 1906 5153 vo-

321 5182 585 5238 luntatem
633 5200 845 5253 meam,
901 5187 996 5242 sed
1047 5188 1379 5244 voluntatem
1427 5185 1544 5257 ejus
1601 5188 1693 5260 qui
1758 5187 1907 5243 misit

322 5288 409 5328 me
461 5273 652 5348 (Joan.
706 5276 862 5350 vx)»
918 5277 1057 5347 Quid
1106 5280 1251 5336 enim
1283 5321 1298 5348 ,
1345 5281 1389 5337 si
1445 5296 1598 5337 suam
1654 5280 1898 5348 faceret,

322 5380 418 5422 eos
481 5369 575 5438 qui
639 5370 707 5426 ad
755 5386 814 5427 se
867 5371 1090 5427 veniunt
1144 5373 1465 5444 repulisset?
1524 5372 1656 5442 Quis
1720 5380 1901 5428 autem

323 5460 535 5515 nesciat
575 5464 720 5533 quod
757 5464 1007 5520 voluntas
1050 5459 1169 5521 Filii
1197 5481 1227 5520 a
1256 5462 1436 5522 Patris
1476 5466 1755 5521 voluntate
1794 5476 1904 5520 non

326 5550 634 5625 discrepet?
673 5553 778 5611 Sed
822 5556 1077 5626 quoniam
1127 5558 1337 5629 primus
1389 5558 1572 5623 homo,
1616 5557 1712 5629 qui
1750 5566 1905 5617 suam

325 5643 663 5702 voluntatem
688 5646 869 5704 facere
892 5648 1083 5717 voluit,
1107 5665 1138 5705 a
1181 5648 1375 5722 gaudio
1415 5651 1654 5722 paradisi
1703 5650 1901 5717 exivit;

329 5736 602 5792 secundus
631 5739 697 5793 ad
739 5740 1158 5812 redemptionem
1187 5741 1465 5798 hominum
1496 5744 1715 5799 veniens
1736 5784 1750 5808 ,
1780 5743 1907 5798 dum

330 5825 665 5882 voluntatem
706 5844 764 5885 se
800 5828 979 5888 Patris
998 5873 1013 5898 ,
1040 5840 1094 5887 et
1125 5849 1231 5891 non
1262 5847 1415 5888 suam
1440 5832 1619 5889 facere
1649 5834 1906 5901 ostendit;

330 5928 653 5994 permanere
681 5910 780 5977 nos
818 5922 963 5979 intus
987 5923 1187 5980 docuit.
1215 5923 1349 5980 Cum
1378 5924 1543 5999 igitur
1582 5939 1690 5981 non
1731 5939 1907 5994 suam,

2007 4823 2074 4878 ad
2099 4836 2163 4876 ea
2190 4836 2310 4893 quae
2337 4822 2393 4876 in
2421 4821 2525 4876 hac
2553 4821 2662 4876 vita
2698 4820 2953 4892 despecta
2982 4826 3115 4876 sunt
3135 4819 3351 4875 invitus
3375 4818 3593 4876 nolens-

2006 4930 2111 4987 que
2152 4915 2446 4972 descendit.
2486 4916 2573 4971 Ad
2621 4916 3011 4971 detrimentum
3042 4914 3241 4986 quippe
3280 4911 3591 4969 obedientia

2005 5007 2242 5075 ducitur,
2275 5022 2398 5064 cum
2429 5017 2665 5064 mentem
2708 5008 2778 5064 ad
2816 5008 3158 5080 suscipienda
3199 5007 3403 5078 probra.
3428 5006 3591 5079 hujus

2007 5098 2188 5156 saeculi
2235 5112 2579 5172 nequaquam
2607 5112 2675 5154 ex
2698 5106 2852 5171 parte
2897 5099 3077 5170 aliqua
3121 5098 3287 5154 etiam
3323 5112 3421 5155 sua
3459 5106 3589 5154 vota

2007 5192 2357 5249 comitantur.
2387 5192 2558 5248 Debet
2586 5206 2714 5263 ergo
2741 5189 3047 5247 obedientia
3082 5196 3138 5246 et
3168 5189 3226 5246 in
3253 5188 3498 5246 adversis
3521 5200 3592 5246 ex

2007 5292 2111 5340 ouo
2146 5282 2349 5354 aliquid
2390 5284 2611 5351 habere,
2644 5291 2701 5339 et
2727 5292 2945 5338 rursum
2983 5280 3050 5336 in’
3073 5280 3350 5354 prosperis
3385 5292 3457 5335 ex
3493 5290 3593 5336 suo

2009 5374 2213 5445 aliquid
2236 5371 2545 5430 omnimodo
2568 5388 2677 5430 non
2699 5371 2900 5429 habere
2926 5390 2940 5427 :
2963 5381 3235 5445 quatenus
3251 5379 3311 5428 et
3326 5371 3381 5428 in
3405 5373 3595 5427 adver-

2011 5466 2089 5523 sis
2116 5472 2268 5521 tanto
2298 5465 2368 5521 sit
2396 5465 2703 5538 gloriosior,
2735 5470 2940 5535 quanto
2966 5463 3161 5521 divino
3187 5464 3379 5521 ordine
3423 5463 3594 5520 etiam

2013 5570 2081 5612 ex
2109 5552 2379 5612 desiderio
2416 5552 2695 5625 jungitur;
2728 5560 2787 5610 et
2814 5553 3167 5626 in‘prosperls
3202 5556 3368 5609 tam
3395 5551 3471 5608 sit
3495 5562 3592 5606 ve-

2016 5645 2151 5712 rior,
2180 5651 2381 5715 quanto
2407 5660 2445 5698 ar
2463 5644 2723 5713 praesenti
2754 5644 2893 5716 ipsa,
2921 5642 3105 5716 quam"
3121 5643 3379 5700 divinitus
3414 5640 3596 5713 perci-
3658 5647 3668 5663 ‘

2014 5736 2116 5808 pit,
2143 5735 2313 5808 gloria
2338 5733 2581 5793 funditus
2607 5735 2811 5792 interea
2840 5742 3143 5807 separatur.

2093 5847 2115 5881 ‹
2151 5826 2403 5897 Dixitque
2432 5824 2571 5883 Sani
2596 5828 2674 5883 ad
2699 5825 2965 5884 Samuel:
2993 5825 3254 5892 Peccavi,
3291 5822 3418 5895 ditia
3454 5830 3596 5894 ρω-

2023 5943 2042 5977 ‹
2073 5923 2347 5981 varlcatus
2387 5936 2505 5981 sum
2548 5935 2856 5980 sermonem
2895 5919 3144 5986 Domini,
3185 5924 3243 5974 et
3274 5913 3440 5974 verba
3477 5921 3593 5989 tua,
