  <div class='ocr_page' id='page_1' title='image "/cluster/home/n/w/nwhite01/storage/ocr_20150623/109/hvd.32044015466857/029.png"; bbox 0 0 4074 6468; ppageno 0'>
   <div class='ocr_carea' id='block_1_1' title="bbox 439 443 505 510">
    <p class='ocr_par' dir='ltr' id='par_1_1' title="bbox 439 443 505 510">
     <span class='ocr_line' id='line_1_1' title="bbox 439 443 505 510; baseline -0.03 0"><span class='ocrx_word' id='word_1_1' title='bbox 439 443 505 510; x_wconf 71' lang='grc' dir='ltr'><strong><em>Π</em></strong></span> 
     </span>
    </p>
   </div>
   <div class='ocr_carea' id='block_1_2' title="bbox 415 547 986 641">
    <p class='ocr_par' dir='ltr' id='par_1_2' title="bbox 415 547 986 641">
     <span class='ocr_line' id='line_1_2' title="bbox 415 547 986 641; baseline -0.019 -14"><span class='ocrx_word' id='word_1_2' title='bbox 415 567 457 626; x_wconf 69' lang='grc' dir='ltr'><strong>ἰ</strong></span> <span class='ocrx_word' id='word_1_3' title='bbox 496 547 694 626; x_wconf 85' lang='lat' dir='ltr'><strong>timens</strong></span> <span class='ocrx_word' id='word_1_4' title='bbox 715 547 986 641; x_wconf 80' lang='lat' dir='ltr'><strong>populum,</strong></span> 
     </span>
    </p>
   </div>
   <div class='ocr_carea' id='block_1_3' title="bbox 421 648 2012 736">
    <p class='ocr_par' dir='ltr' id='par_1_3' title="bbox 421 648 2012 736">
     <span class='ocr_line' id='line_1_3' title="bbox 421 648 2012 736; baseline -0.018 -17"><span class='ocrx_word' id='word_1_5' title='bbox 421 685 457 732; x_wconf 49' lang='grc' dir='ltr'>,ι</span> <span class='ocrx_word' id='word_1_6' title='bbox 494 671 683 736; x_wconf 90' lang='lat' dir='ltr'><strong>porta,</strong></span> <span class='ocrx_word' id='word_1_7' title='bbox 719 672 930 730; x_wconf 75' lang='lat' dir='ltr'><strong>quaeso,</strong></span> <span class='ocrx_word' id='word_1_8' title='bbox 961 660 1242 724; x_wconf 92' lang='lat' dir='ltr'><strong>peccatum</strong></span> <span class='ocrx_word' id='word_1_9' title='bbox 1273 661 1452 703; x_wconf 90' lang='lat' dir='ltr'><strong>meum</strong></span> <span class='ocrx_word' id='word_1_10' title='bbox 1471 686 1486 711; x_wconf 97' lang='lat'><strong>,</strong></span> <span class='ocrx_word' id='word_1_11' title='bbox 1514 652 1570 700; x_wconf 93' lang='lat' dir='ltr'><strong>et</strong></span> <span class='ocrx_word' id='word_1_12' title='bbox 1599 648 1871 697; x_wconf 74' lang='lat' dir='ltr'><strong>revertere</strong></span> <span class='ocrx_word' id='word_1_13' title='bbox 1899 652 2012 692; x_wconf 90' lang='lat' dir='ltr'><strong>me-</strong></span> 
     </span>
    </p>
   </div>
   <div class='ocr_carea' id='block_1_4' title="bbox 439 727 2006 818">
    <p class='ocr_par' dir='ltr' id='par_1_4' title="bbox 439 727 2006 818">
     <span class='ocr_line' id='line_1_4' title="bbox 439 727 2006 818; baseline -0.017 -11"><span class='ocrx_word' id='word_1_14' title='bbox 439 775 458 807; x_wconf 84' lang='grc'><strong>‹</strong></span> <span class='ocrx_word' id='word_1_15' title='bbox 494 727 640 818; x_wconf 75' lang='lat' dir='ltr'><strong>cum,</strong></span> <span class='ocrx_word' id='word_1_16' title='bbox 673 727 970 804; x_wconf 41' lang='lat' dir='ltr'><strong>ut—adorem</strong></span> <span class='ocrx_word' id='word_1_17' title='bbox 993 743 1299 799; x_wconf 90' lang='lat' dir='ltr'><strong>Dominum.</strong></span> <span class='ocrx_word' id='word_1_18' title='bbox 1327 739 1393 794; x_wconf 87' lang='lat' dir='ltr'><strong>Et</strong></span> <span class='ocrx_word' id='word_1_19' title='bbox 1415 736 1491 792; x_wconf 93' lang='lat' dir='ltr'><strong>ait</strong></span> <span class='ocrx_word' id='word_1_20' title='bbox 1508 731 1728 791; x_wconf 87' lang='lat' dir='ltr'><strong>Samuel</strong></span> <span class='ocrx_word' id='word_1_21' title='bbox 1749 731 1816 786; x_wconf 91' lang='lat' dir='ltr'><strong>ad</strong></span> <span class='ocrx_word' id='word_1_22' title='bbox 1839 727 1967 784; x_wconf 91' lang='lat' dir='ltr'><strong>Saul</strong></span> <span class='ocrx_word' id='word_1_23' title='bbox 1994 745 2006 779; x_wconf 88' lang='lat'><strong>:</strong></span> 
     </span>
    </p>
   </div>
   <div class='ocr_carea' id='block_1_5' title="bbox 437 821 2014 924">
    <p class='ocr_par' dir='ltr' id='par_1_5' title="bbox 437 821 2014 924">
     <span class='ocr_line' id='line_1_5' title="bbox 437 821 2014 924; baseline -0.016 -24"><span class='ocrx_word' id='word_1_24' title='bbox 437 865 458 924; x_wconf 65' lang='grc' dir='ltr'><strong>ι</strong></span> <span class='ocrx_word' id='word_1_25' title='bbox 493 844 611 900; x_wconf 86' lang='lat' dir='ltr'><strong>Non</strong></span> <span class='ocrx_word' id='word_1_26' title='bbox 637 847 880 897; x_wconf 90' lang='lat' dir='ltr'><strong>revertar</strong></span> <span class='ocrx_word' id='word_1_27' title='bbox 903 847 1100 902; x_wconf 92' lang='lat' dir='ltr'><strong>tecum,</strong></span> <span class='ocrx_word' id='word_1_28' title='bbox 1129 833 1254 904; x_wconf 86' lang='lat' dir='ltr'><strong>quia</strong></span> <span class='ocrx_word' id='word_1_29' title='bbox 1274 827 1551 904; x_wconf 91' lang='lat' dir='ltr'><strong>projecisti</strong></span> <span class='ocrx_word' id='word_1_30' title='bbox 1578 836 1884 883; x_wconf 81' lang='lat' dir='ltr'><strong>sermonem</strong></span> <span class='ocrx_word' id='word_1_31' title='bbox 1909 821 2014 875; x_wconf 88' lang='lat' dir='ltr'><strong>Do-</strong></span> 
     </span>
    </p>
   </div>
   <div class='ocr_carea' id='block_1_6' title="bbox 423 919 2016 1021">
    <p class='ocr_par' dir='ltr' id='par_1_6' title="bbox 423 919 2016 1021">
     <span class='ocr_line' id='line_1_6' title="bbox 423 919 2016 1021; baseline -0.014 -33"><span class='ocrx_word' id='word_1_32' title='bbox 423 929 661 1021; x_wconf 36' lang='lat' dir='ltr'><strong>:rmini;</strong></span> <span class='ocrx_word' id='word_1_33' title='bbox 703 940 758 987; x_wconf 93' lang='lat' dir='ltr'><strong>et</strong></span> <span class='ocrx_word' id='word_1_34' title='bbox 796 928 1026 1002; x_wconf 89' lang='lat' dir='ltr'><strong>projccit</strong></span> <span class='ocrx_word' id='word_1_35' title='bbox 1066 935 1119 982; x_wconf 90' lang='lat' dir='ltr'><strong>te</strong></span> <span class='ocrx_word' id='word_1_36' title='bbox 1167 925 1427 980; x_wconf 86' lang='lat' dir='ltr'><strong>Dominus</strong></span> <span class='ocrx_word' id='word_1_37' title='bbox 1474 935 1545 976; x_wconf 92' lang='lat' dir='ltr'><strong>ne</strong></span> <span class='ocrx_word' id='word_1_38' title='bbox 1589 919 1665 974; x_wconf 89' lang='lat' dir='ltr'><strong>sis</strong></span> <span class='ocrx_word' id='word_1_39' title='bbox 1710 933 1801 974; x_wconf 86' lang='lat' dir='ltr'><strong>rex</strong></span> <span class='ocrx_word' id='word_1_40' title='bbox 1854 928 2016 984; x_wconf 82' lang='lat' dir='ltr'><strong>super</strong></span> 
     </span>
    </p>
   </div>
   <div class='ocr_carea' id='block_1_7' title="bbox 441 1003 2016 1090">
    <p class='ocr_par' dir='ltr' id='par_1_7' title="bbox 441 1003 2016 1090">
     <span class='ocr_line' id='line_1_7' title="bbox 441 1003 2016 1090; baseline -0.015 -10"><span class='ocrx_word' id='word_1_41' title='bbox 441 1013 475 1080; x_wconf 83' lang='grc' dir='ltr'><strong>ι¹</strong></span> <span class='ocrx_word' id='word_1_42' title='bbox 495 1023 679 1080; x_wconf 86' lang='lat' dir='ltr'><strong>Israel.</strong></span> <span class='ocrx_word' id='word_1_43' title='bbox 721 1041 740 1073; x_wconf 76' lang='grc' dir='ltr'><strong>ι</strong></span> <span class='ocrx_word' id='word_1_44' title='bbox 774 1020 1010 1090; x_wconf 74' lang='lat' dir='ltr'><strong>Corripit</strong></span> <span class='ocrx_word' id='word_1_45' title='bbox 1032 1017 1294 1090; x_wconf 80' lang='lat' dir='ltr'><strong>propheta</strong></span> <span class='ocrx_word' id='word_1_46' title='bbox 1319 1028 1502 1086; x_wconf 91' lang='lat' dir='ltr'><strong>regem</strong></span> <span class='ocrx_word' id='word_1_47' title='bbox 1527 1026 1626 1081; x_wconf 92' lang='lat' dir='ltr'><strong>pro</strong></span> <span class='ocrx_word' id='word_1_48' title='bbox 1651 1003 2016 1064; x_wconf 90' lang='lat' dir='ltr'><strong>inobedientia</strong></span> 
     </span>
    </p>
   </div>
   <div class='ocr_carea' id='block_1_8' title="bbox 439 1095 2018 1189">
    <p class='ocr_par' dir='ltr' id='par_1_8' title="bbox 439 1095 2018 1189">
     <span class='ocr_line' id='line_1_8' title="bbox 439 1095 2018 1189; baseline -0.016 -14"><span class='ocrx_word' id='word_1_49' title='bbox 439 1135 542 1189; x_wconf 82' lang='lat' dir='ltr'><strong>qua</strong></span> <span class='ocrx_word' id='word_1_50' title='bbox 579 1115 792 1174; x_wconf 89' lang='lat' dir='ltr'><strong>Domini</strong></span> <span class='ocrx_word' id='word_1_51' title='bbox 823 1113 1139 1169; x_wconf 89' lang='lat' dir='ltr'><strong>mandatum</strong></span> <span class='ocrx_word' id='word_1_52' title='bbox 1169 1108 1386 1181; x_wconf 86' lang='lat' dir='ltr'><strong>explere</strong></span> <span class='ocrx_word' id='word_1_53' title='bbox 1419 1120 1527 1161; x_wconf 91' lang='lat' dir='ltr'><strong>non</strong></span> <span class='ocrx_word' id='word_1_54' title='bbox 1558 1099 1799 1166; x_wconf 90' lang='lat' dir='ltr'><strong>curavit,</strong></span> <span class='ocrx_word' id='word_1_55' title='bbox 1824 1095 2018 1169; x_wconf 72' lang='lat' dir='ltr'><strong>praedi-</strong></span> 
     </span>
    </p>
   </div>
   <div class='ocr_carea' id='block_1_9' title="bbox 425 1191 2019 1282">
    <p class='ocr_par' dir='ltr' id='par_1_9' title="bbox 425 1191 2019 1282">
     <span class='ocr_line' id='line_1_9' title="bbox 425 1191 2019 1282; baseline -0.016 -15"><span class='ocrx_word' id='word_1_56' title='bbox 425 1207 619 1282; x_wconf 50' lang='lat' dir='ltr'><strong>fitquc</strong></span> <span class='ocrx_word' id='word_1_57' title='bbox 649 1225 772 1264; x_wconf 91' lang='lat' dir='ltr'><strong>eum</strong></span> <span class='ocrx_word' id='word_1_58' title='bbox 814 1221 1042 1278; x_wconf 80' lang='lat' dir='ltr'><strong>regnum</strong></span> <span class='ocrx_word' id='word_1_59' title='bbox 1080 1203 1436 1266; x_wconf 90' lang='lat' dir='ltr'><strong>amissurum,</strong></span> <span class='ocrx_word' id='word_1_60' title='bbox 1477 1197 1604 1268; x_wconf 88' lang='lat' dir='ltr'><strong>quia</strong></span> <span class='ocrx_word' id='word_1_61' title='bbox 1642 1191 2019 1250; x_wconf 89' lang='lat' dir='ltr'><strong>certitudinem</strong></span> 
     </span>
    </p>
   </div>
   <div class='ocr_carea' id='block_1_10' title="bbox 441 1284 2022 1368">
    <p class='ocr_par' dir='ltr' id='par_1_10' title="bbox 441 1284 2022 1368">
     <span class='ocr_line' id='line_1_10' title="bbox 441 1284 2022 1368; baseline -0.015 -9"><span class='ocrx_word' id='word_1_62' title='bbox 441 1304 816 1359; x_wconf 76' lang='lat' dir='ltr'><strong>mandatorum</strong></span> <span class='ocrx_word' id='word_1_63' title='bbox 854 1299 953 1354; x_wconf 91' lang='lat' dir='ltr'><strong>Dei</strong></span> <span class='ocrx_word' id='word_1_64' title='bbox 984 1297 1135 1368; x_wconf 88' lang='lat' dir='ltr'><strong>sequi</strong></span> <span class='ocrx_word' id='word_1_65' title='bbox 1165 1295 1356 1351; x_wconf 85' lang='lat' dir='ltr'><strong>noluit.</strong></span> <span class='ocrx_word' id='word_1_66' title='bbox 1391 1293 1459 1347; x_wconf 90' lang='lat' dir='ltr'><strong>Et</strong></span> <span class='ocrx_word' id='word_1_67' title='bbox 1491 1288 1687 1345; x_wconf 89' lang='lat' dir='ltr'><strong>merito</strong></span> <span class='ocrx_word' id='word_1_68' title='bbox 1717 1285 1806 1341; x_wconf 90' lang='lat' dir='ltr'><strong>ille</strong></span> <span class='ocrx_word' id='word_1_69' title='bbox 1836 1284 1900 1338; x_wconf 85' lang='lat' dir='ltr'><strong>de</strong></span> <span class='ocrx_word' id='word_1_70' title='bbox 1925 1297 2022 1354; x_wconf 86' lang='lat' dir='ltr'><strong>po-</strong></span> 
     </span>
    </p>
   </div>
   <div class='ocr_carea' id='block_1_11' title="bbox 442 1383 2024 1484">
    <p class='ocr_par' dir='ltr' id='par_1_11' title="bbox 442 1383 2024 1484">
     <span class='ocr_line' id='line_1_11' title="bbox 442 1383 2024 1484; baseline -0.015 -36"><span class='ocrx_word' id='word_1_71' title='bbox 442 1393 652 1484; x_wconf 85' lang='lat' dir='ltr'><strong>testatis</strong></span> <span class='ocrx_word' id='word_1_72' title='bbox 678 1390 916 1448; x_wconf 89' lang='lat' dir='ltr'><strong>culmine</strong></span> <span class='ocrx_word' id='word_1_73' title='bbox 939 1387 1206 1457; x_wconf 86' lang='lat' dir='ltr'><strong>ahjicitur,</strong></span> <span class='ocrx_word' id='word_1_74' title='bbox 1233 1384 1324 1454; x_wconf 92' lang='lat' dir='ltr'><strong>qui</strong></span> <span class='ocrx_word' id='word_1_75' title='bbox 1347 1383 1447 1437; x_wconf 91' lang='lat' dir='ltr'><strong>rite</strong></span> <span class='ocrx_word' id='word_1_76' title='bbox 1475 1392 1700 1452; x_wconf 79' lang='lat' dir='ltr'><strong>regnum</strong></span> <span class='ocrx_word' id='word_1_77' title='bbox 1723 1383 1908 1430; x_wconf 90' lang='lat' dir='ltr'><strong>tenere</strong></span> <span class='ocrx_word' id='word_1_78' title='bbox 1931 1387 2024 1426; x_wconf 90' lang='lat' dir='ltr'><strong>ne-</strong></span> 
     </span>
    </p>
   </div>
   <div class='ocr_carea' id='block_1_12' title="bbox 444 1465 2023 1560">
    <p class='ocr_par' dir='ltr' id='par_1_12' title="bbox 444 1465 2023 1560">
     <span class='ocr_line' id='line_1_12' title="bbox 444 1465 2023 1560; baseline -0.018 -13"><span class='ocrx_word' id='word_1_79' title='bbox 444 1479 563 1547; x_wconf 82' lang='lat' dir='ltr'><strong>scit.</strong></span> <span class='ocrx_word' id='word_1_80' title='bbox 598 1490 715 1560; x_wconf 89' lang='lat' dir='ltr'><strong>Ipse</strong></span> <span class='ocrx_word' id='word_1_81' title='bbox 746 1487 892 1543; x_wconf 90' lang='lat' dir='ltr'><strong>cnim</strong></span> <span class='ocrx_word' id='word_1_82' title='bbox 923 1485 1164 1555; x_wconf 90' lang='lat' dir='ltr'><strong>regimen</strong></span> <span class='ocrx_word' id='word_1_83' title='bbox 1193 1481 1296 1535; x_wconf 92' lang='lat' dir='ltr'><strong>rite</strong></span> <span class='ocrx_word' id='word_1_84' title='bbox 1328 1485 1506 1541; x_wconf 89' lang='lat' dir='ltr'><strong>tenet,</strong></span> <span class='ocrx_word' id='word_1_85' title='bbox 1539 1472 1629 1546; x_wconf 93' lang='lat' dir='ltr'><strong>qui</strong></span> <span class='ocrx_word' id='word_1_86' title='bbox 1662 1486 1718 1526; x_wconf 91' lang='lat' dir='ltr'><strong>se</strong></span> <span class='ocrx_word' id='word_1_87' title='bbox 1757 1465 2023 1538; x_wconf 82' lang='lat' dir='ltr'><strong>superiori</strong></span> 
     </span>
    </p>
   </div>
   <div class='ocr_carea' id='block_1_13' title="bbox 444 1557 2026 1656">
    <p class='ocr_par' dir='ltr' id='par_1_13' title="bbox 444 1557 2026 1656">
     <span class='ocr_line' id='line_1_13' title="bbox 444 1557 2026 1656; baseline -0.018 -17"><span class='ocrx_word' id='word_1_88' title='bbox 444 1601 536 1656; x_wconf 88' lang='lat' dir='ltr'><strong>per</strong></span> <span class='ocrx_word' id='word_1_89' title='bbox 572 1581 935 1637; x_wconf 83' lang='lat' dir='ltr'><strong>humilitatem</strong></span> <span class='ocrx_word' id='word_1_90' title='bbox 959 1577 1025 1631; x_wconf 93' lang='lat' dir='ltr'><strong>ad</strong></span> <span class='ocrx_word' id='word_1_91' title='bbox 1054 1573 1412 1630; x_wconf 87' lang='lat' dir='ltr'><strong>obediendum</strong></span> <span class='ocrx_word' id='word_1_92' title='bbox 1440 1567 1678 1638; x_wconf 87' lang='lat' dir='ltr'><strong>subjicit,</strong></span> <span class='ocrx_word' id='word_1_93' title='bbox 1705 1571 1759 1618; x_wconf 85' lang='lat' dir='ltr'><strong>et</strong></span> <span class='ocrx_word' id='word_1_94' title='bbox 1784 1557 2026 1616; x_wconf 89' lang='lat' dir='ltr'><strong>inferiori</strong></span> 
     </span>
    </p>
   </div>
   <div class='ocr_carea' id='block_1_14' title="bbox 444 1649 2027 1746">
    <p class='ocr_par' dir='ltr' id='par_1_14' title="bbox 444 1649 2027 1746">
     <span class='ocr_line' id='line_1_14' title="bbox 444 1649 2027 1746; baseline -0.018 -14"><span class='ocrx_word' id='word_1_95' title='bbox 444 1691 542 1746; x_wconf 90' lang='lat' dir='ltr'><strong>per</strong></span> <span class='ocrx_word' id='word_1_96' title='bbox 579 1673 956 1728; x_wconf 76' lang='lat' dir='ltr'><strong>auctoritatem</strong></span> <span class='ocrx_word' id='word_1_97' title='bbox 996 1668 1066 1723; x_wconf 89' lang='lat' dir='ltr'><strong>ad</strong></span> <span class='ocrx_word' id='word_1_98' title='bbox 1113 1662 1413 1721; x_wconf 88' lang='lat' dir='ltr'><strong>docendum</strong></span> <span class='ocrx_word' id='word_1_99' title='bbox 1456 1655 1753 1727; x_wconf 88' lang='lat' dir='ltr'><strong>anteponit.</strong></span> <span class='ocrx_word' id='word_1_100' title='bbox 1793 1651 1852 1708; x_wconf 90' lang='lat' dir='ltr'><strong>Si</strong></span> <span class='ocrx_word' id='word_1_101' title='bbox 1882 1649 2027 1706; x_wconf 89' lang='lat' dir='ltr'><strong>enim</strong></span> 
     </span>
    </p>
   </div>
   <div class='ocr_carea' id='block_1_15' title="bbox 448 1748 1954 1822">
    <p class='ocr_par' dir='ltr' id='par_1_15' title="bbox 448 1748 1954 1822">
     <span class='ocr_line' id='line_1_15' title="bbox 448 1748 1954 1822; baseline -0.019 0"><span class='ocrx_word' id='word_1_102' title='bbox 448 1766 575 1822; x_wconf 90' lang='lat' dir='ltr'><strong>Saul</strong></span> <span class='ocrx_word' id='word_1_103' title='bbox 613 1763 710 1819; x_wconf 89' lang='lat' dir='ltr'><strong>Dei</strong></span> <span class='ocrx_word' id='word_1_104' title='bbox 739 1759 1008 1816; x_wconf 84' lang='lat' dir='ltr'><strong>mandatis</strong></span> <span class='ocrx_word' id='word_1_105' title='bbox 1035 1755 1299 1819; x_wconf 90' lang='lat' dir='ltr'><strong>obediret,</strong></span> <span class='ocrx_word' id='word_1_106' title='bbox 1331 1752 1433 1806; x_wconf 87' lang='lat' dir='ltr'><strong>rite</strong></span> <span class='ocrx_word' id='word_1_107' title='bbox 1454 1748 1651 1821; x_wconf 90' lang='lat' dir='ltr'><strong>populo</strong></span> <span class='ocrx_word' id='word_1_108' title='bbox 1677 1748 1954 1817; x_wconf 78' lang='lat' dir='ltr'><strong>przeesset.</strong></span> 
     </span>
    </p>
   </div>
   <div class='ocr_carea' id='block_1_16' title="bbox 522 1837 2028 1912">
    <p class='ocr_par' dir='ltr' id='par_1_16' title="bbox 522 1837 2028 1912">
     <span class='ocr_line' id='line_1_16' title="bbox 522 1837 2028 1912; baseline -0.016 -2"><span class='ocrx_word' id='word_1_109' title='bbox 522 1879 540 1910; x_wconf 88' lang='grc'><strong>‹</strong></span> <span class='ocrx_word' id='word_1_110' title='bbox 581 1858 648 1912; x_wconf 85' lang='lat' dir='ltr'><strong>Et</strong></span> <span class='ocrx_word' id='word_1_111' title='bbox 683 1869 976 1911; x_wconf 85' lang='lat' dir='ltr'><strong>conversus</strong></span> <span class='ocrx_word' id='word_1_112' title='bbox 1014 1859 1096 1908; x_wconf 90' lang='lat' dir='ltr'><strong>est</strong></span> <span class='ocrx_word' id='word_1_113' title='bbox 1140 1845 1358 1904; x_wconf 88' lang='lat' dir='ltr'><strong>Samuel</strong></span> <span class='ocrx_word' id='word_1_114' title='bbox 1394 1851 1456 1901; x_wconf 92' lang='lat' dir='ltr'><strong>ut</strong></span> <span class='ocrx_word' id='word_1_115' title='bbox 1490 1843 1696 1906; x_wconf 90' lang='lat' dir='ltr'><strong>abiret,</strong></span> <span class='ocrx_word' id='word_1_116' title='bbox 1729 1837 1816 1894; x_wconf 91' lang='lat' dir='ltr'><strong>ille</strong></span> <span class='ocrx_word' id='word_1_117' title='bbox 1850 1844 2028 1889; x_wconf 88' lang='lat' dir='ltr'><strong>autem</strong></span> 
     </span>
    </p>
   </div>
   <div class='ocr_carea' id='block_1_17' title="bbox 442 1907 2108 2022">
    <p class='ocr_par' dir='ltr' id='par_1_17' title="bbox 442 1907 2108 2022">
     <span class='ocr_line' id='line_1_17' title="bbox 442 1907 2108 2022; baseline -0.015 -20"><span class='ocrx_word' id='word_1_118' title='bbox 442 1971 472 2022; x_wconf 26' lang='grc' dir='ltr'><strong>η(</strong></span> <span class='ocrx_word' id='word_1_119' title='bbox 511 1946 869 2019; x_wconf 81' lang='lat' dir='ltr'><strong>apprehendit</strong></span> <span class='ocrx_word' id='word_1_120' title='bbox 897 1942 1263 2000; x_wconf 90' lang='lat' dir='ltr'><strong>summitatem</strong></span> <span class='ocrx_word' id='word_1_121' title='bbox 1292 1936 1437 2008; x_wconf 86' lang='lat' dir='ltr'><strong>pallii</strong></span> <span class='ocrx_word' id='word_1_122' title='bbox 1470 1933 1608 2004; x_wconf 88' lang='lat' dir='ltr'><strong>ejus,</strong></span> <span class='ocrx_word' id='word_1_123' title='bbox 1633 1945 1755 2001; x_wconf 70' lang='lat' dir='ltr'><strong>quae</strong></span> <span class='ocrx_word' id='word_1_124' title='bbox 1781 1937 1837 1983; x_wconf 91' lang='lat' dir='ltr'><strong>et</strong></span> <span class='ocrx_word' id='word_1_125' title='bbox 1863 1926 2032 1982; x_wconf 90' lang='lat' dir='ltr'><strong>scissa</strong></span> <span class='ocrx_word' id='word_1_126' title='bbox 2057 1907 2108 1967; x_wconf 83' lang='grc' dir='ltr'><strong>Β</strong></span> 
     </span>
    </p>
   </div>
   <div class='ocr_carea' id='block_1_18' title="bbox 455 2019 2033 2096">
    <p class='ocr_par' dir='ltr' id='par_1_18' title="bbox 455 2019 2033 2096">
     <span class='ocr_line' id='line_1_18' title="bbox 455 2019 2033 2096; baseline -0.015 -4"><span class='ocrx_word' id='word_1_127' title='bbox 455 2061 472 2092; x_wconf 74' lang='grc' dir='ltr'><strong>ι</strong></span> <span class='ocrx_word' id='word_1_128' title='bbox 507 2050 608 2096; x_wconf 83' lang='lat' dir='ltr'><strong>est.</strong></span> <span class='ocrx_word' id='word_1_129' title='bbox 652 2040 718 2094; x_wconf 83' lang='lat' dir='ltr'><strong>Et</strong></span> <span class='ocrx_word' id='word_1_130' title='bbox 759 2038 835 2091; x_wconf 87' lang='lat' dir='ltr'><strong>ait</strong></span> <span class='ocrx_word' id='word_1_131' title='bbox 874 2036 940 2090; x_wconf 92' lang='lat' dir='ltr'><strong>ad</strong></span> <span class='ocrx_word' id='word_1_132' title='bbox 987 2048 1111 2089; x_wconf 89' lang='lat' dir='ltr'><strong>eum</strong></span> <span class='ocrx_word' id='word_1_133' title='bbox 1154 2027 1415 2087; x_wconf 87' lang='lat' dir='ltr'><strong>Samuel:</strong></span> <span class='ocrx_word' id='word_1_134' title='bbox 1449 2024 1621 2081; x_wconf 85' lang='lat' dir='ltr'><strong>Scidit</strong></span> <span class='ocrx_word' id='word_1_135' title='bbox 1656 2019 1916 2076; x_wconf 89' lang='lat' dir='ltr'><strong>Dominus</strong></span> <span class='ocrx_word' id='word_1_136' title='bbox 1944 2028 2033 2070; x_wconf 90' lang='lat' dir='ltr'><strong>re-</strong></span> 
     </span>
    </p>
   </div>
   <div class='ocr_carea' id='block_1_19' title="bbox 455 2108 2038 2204">
    <p class='ocr_par' dir='ltr' id='par_1_19' title="bbox 455 2108 2038 2204">
     <span class='ocr_line' id='line_1_19' title="bbox 455 2108 2038 2204; baseline -0.015 -20"><span class='ocrx_word' id='word_1_137' title='bbox 455 2153 472 2184; x_wconf 76' lang='grc' dir='ltr'><strong>ι</strong></span> <span class='ocrx_word' id='word_1_138' title='bbox 509 2147 675 2204; x_wconf 85' lang='lat' dir='ltr'><strong>gnum</strong></span> <span class='ocrx_word' id='word_1_139' title='bbox 714 2127 879 2184; x_wconf 88' lang='lat' dir='ltr'><strong>Israel</strong></span> <span class='ocrx_word' id='word_1_140' title='bbox 917 2141 951 2181; x_wconf 93' lang='lat' dir='ltr'><strong>a</strong></span> <span class='ocrx_word' id='word_1_141' title='bbox 989 2133 1042 2180; x_wconf 90' lang='lat' dir='ltr'><strong>te</strong></span> <span class='ocrx_word' id='word_1_142' title='bbox 1077 2123 1270 2188; x_wconf 90' lang='lat' dir='ltr'><strong>hodie,</strong></span> <span class='ocrx_word' id='word_1_143' title='bbox 1301 2128 1356 2176; x_wconf 89' lang='lat' dir='ltr'><strong>et</strong></span> <span class='ocrx_word' id='word_1_144' title='bbox 1383 2115 1606 2173; x_wconf 88' lang='lat' dir='ltr'><strong>tradidit</strong></span> <span class='ocrx_word' id='word_1_145' title='bbox 1633 2111 1762 2169; x_wconf 92' lang='lat' dir='ltr'><strong>illud</strong></span> <span class='ocrx_word' id='word_1_146' title='bbox 1791 2108 2038 2182; x_wconf 83' lang='lat' dir='ltr'><strong>proximo</strong></span> 
     </span>
    </p>
   </div>
   <div class='ocr_carea' id='block_1_20' title="bbox 455 2201 2040 2287">
    <p class='ocr_par' dir='ltr' id='par_1_20' title="bbox 455 2201 2040 2287">
     <span class='ocr_line' id='line_1_20' title="bbox 455 2201 2040 2287; baseline -0.015 -9"><span class='ocrx_word' id='word_1_147' title='bbox 455 2247 472 2278; x_wconf 77' lang='grc' dir='ltr'><strong>ι</strong></span> <span class='ocrx_word' id='word_1_148' title='bbox 515 2235 605 2281; x_wconf 90' lang='lat' dir='ltr'><strong>tuo</strong></span> <span class='ocrx_word' id='word_1_149' title='bbox 633 2222 844 2280; x_wconf 90' lang='lat' dir='ltr'><strong>meliori</strong></span> <span class='ocrx_word' id='word_1_150' title='bbox 875 2229 948 2277; x_wconf 89' lang='lat' dir='ltr'><strong>te.</strong></span> <span class='ocrx_word' id='word_1_151' title='bbox 985 2239 1002 2272; x_wconf 72' lang='grc' dir='ltr'><strong>ι</strong></span> <span class='ocrx_word' id='word_1_152' title='bbox 1039 2219 1177 2275; x_wconf 86' lang='lat' dir='ltr'><strong>Nota</strong></span> <span class='ocrx_word' id='word_1_153' title='bbox 1219 2212 1576 2287; x_wconf 83' lang='lat' dir='ltr'><strong>mysterium,</strong></span> <span class='ocrx_word' id='word_1_154' title='bbox 1621 2207 1764 2279; x_wconf 89' lang='lat' dir='ltr'><strong>quod</strong></span> <span class='ocrx_word' id='word_1_155' title='bbox 1802 2205 1944 2260; x_wconf 89' lang='lat' dir='ltr'><strong>sicut</strong></span> <span class='ocrx_word' id='word_1_156' title='bbox 1983 2201 2040 2256; x_wconf 93' lang='lat' dir='ltr'><strong>in</strong></span> 
     </span>
    </p>
   </div>
   <div class='ocr_carea' id='block_1_21' title="bbox 450 2293 2038 2391">
    <p class='ocr_par' dir='ltr' id='par_1_21' title="bbox 450 2293 2038 2391">
     <span class='ocr_line' id='line_1_21' title="bbox 450 2293 2038 2391; baseline -0.019 -16"><span class='ocrx_word' id='word_1_157' title='bbox 450 2319 704 2391; x_wconf 88' lang='lat' dir='ltr'><strong>passione</strong></span> <span class='ocrx_word' id='word_1_158' title='bbox 726 2315 939 2370; x_wconf 92' lang='lat' dir='ltr'><strong>Domini</strong></span> <span class='ocrx_word' id='word_1_159' title='bbox 962 2312 1200 2385; x_wconf 79' lang='lat' dir='ltr'><strong>pontifex</strong></span> <span class='ocrx_word' id='word_1_160' title='bbox 1225 2308 1610 2364; x_wconf 85' lang='lat' dir='ltr'><strong>vestimentum</strong></span> <span class='ocrx_word' id='word_1_161' title='bbox 1632 2298 1793 2356; x_wconf 88' lang='lat' dir='ltr'><strong>scidit</strong></span> <span class='ocrx_word' id='word_1_162' title='bbox 1823 2293 2038 2369; x_wconf 80' lang='lat' dir='ltr'><strong>(Matth.</strong></span> 
     </span>
    </p>
   </div>
   <div class='ocr_carea' id='block_1_22' title="bbox 454 2385 2045 2483">
    <p class='ocr_par' dir='ltr' id='par_1_22' title="bbox 454 2385 2045 2483">
     <span class='ocr_line' id='line_1_22' title="bbox 454 2385 2045 2483; baseline -0.018 -17"><span class='ocrx_word' id='word_1_163' title='bbox 454 2408 615 2483; x_wconf 73' lang='lat' dir='ltr'><strong>xxvi)</strong></span> <span class='ocrx_word' id='word_1_164' title='bbox 640 2449 654 2473; x_wconf 97' lang='lat'><strong>,</strong></span> <span class='ocrx_word' id='word_1_165' title='bbox 691 2409 766 2462; x_wconf 89' lang='lat' dir='ltr'><strong>ita</strong></span> <span class='ocrx_word' id='word_1_166' title='bbox 792 2422 858 2462; x_wconf 90' lang='lat' dir='ltr'><strong>ex</strong></span> <span class='ocrx_word' id='word_1_167' title='bbox 890 2419 988 2460; x_wconf 87' lang='lat' dir='ltr'><strong>rex</strong></span> <span class='ocrx_word' id='word_1_168' title='bbox 1030 2402 1159 2458; x_wconf 91' lang='lat' dir='ltr'><strong>Saul</strong></span> <span class='ocrx_word' id='word_1_169' title='bbox 1187 2408 1394 2456; x_wconf 84' lang='lat' dir='ltr'><strong>vestem</strong></span> <span class='ocrx_word' id='word_1_170' title='bbox 1424 2395 1702 2468; x_wconf 70' lang='lat' dir='ltr'><strong>prophetae</strong></span> <span class='ocrx_word' id='word_1_171' title='bbox 1730 2403 1875 2446; x_wconf 90' lang='lat' dir='ltr'><strong>nunc</strong></span> <span class='ocrx_word' id='word_1_172' title='bbox 1901 2385 2045 2442; x_wconf 89' lang='lat' dir='ltr'><strong>scin-</strong></span> 
     </span>
    </p>
   </div>
   <div class='ocr_carea' id='block_1_23' title="bbox 459 2484 2046 2562">
    <p class='ocr_par' dir='ltr' id='par_1_23' title="bbox 459 2484 2046 2562">
     <span class='ocr_line' id='line_1_23' title="bbox 459 2484 2046 2562; baseline -0.017 -5"><span class='ocrx_word' id='word_1_173' title='bbox 459 2504 586 2557; x_wconf 89' lang='lat' dir='ltr'><strong>dcrc</strong></span> <span class='ocrx_word' id='word_1_174' title='bbox 615 2498 962 2555; x_wconf 83' lang='lat' dir='ltr'><strong>describitur.</strong></span> <span class='ocrx_word' id='word_1_175' title='bbox 993 2495 1099 2550; x_wconf 90' lang='lat' dir='ltr'><strong>Per</strong></span> <span class='ocrx_word' id='word_1_176' title='bbox 1125 2503 1415 2562; x_wconf 89' lang='lat' dir='ltr'><strong>utramque</strong></span> <span class='ocrx_word' id='word_1_177' title='bbox 1439 2487 1583 2544; x_wconf 90' lang='lat' dir='ltr'><strong>enim</strong></span> <span class='ocrx_word' id='word_1_178' title='bbox 1613 2488 1961 2555; x_wconf 89' lang='lat' dir='ltr'><strong>potestatem,</strong></span> <span class='ocrx_word' id='word_1_179' title='bbox 1990 2484 2046 2532; x_wconf 91' lang='lat' dir='ltr'><strong>et</strong></span> 
     </span>
    </p>
   </div>
   <div class='ocr_carea' id='block_1_24' title="bbox 455 2575 2049 2666">
    <p class='ocr_par' dir='ltr' id='par_1_24' title="bbox 455 2575 2049 2666">
     <span class='ocr_line' id='line_1_24' title="bbox 455 2575 2049 2666; baseline -0.017 -16"><span class='ocrx_word' id='word_1_180' title='bbox 455 2593 692 2666; x_wconf 75' lang='lat' dir='ltr'><strong>regalem</strong></span> <span class='ocrx_word' id='word_1_181' title='bbox 717 2590 969 2645; x_wconf 85' lang='lat' dir='ltr'><strong>videlicet</strong></span> <span class='ocrx_word' id='word_1_182' title='bbox 1002 2603 1066 2642; x_wconf 92' lang='lat' dir='ltr'><strong>ac</strong></span> <span class='ocrx_word' id='word_1_183' title='bbox 1093 2582 1506 2647; x_wconf 87' lang='lat' dir='ltr'><strong>sacerdotalem,</strong></span> <span class='ocrx_word' id='word_1_184' title='bbox 1540 2576 1730 2634; x_wconf 90' lang='lat' dir='ltr'><strong>scissio</strong></span> <span class='ocrx_word' id='word_1_185' title='bbox 1755 2575 2049 2629; x_wconf 85' lang='lat' dir='ltr'><strong>vestimen-</strong></span> 
     </span>
    </p>
   </div>
   <div class='ocr_carea' id='block_1_25' title="bbox 457 2662 2047 2743">
    <p class='ocr_par' dir='ltr' id='par_1_25' title="bbox 457 2662 2047 2743">
     <span class='ocr_line' id='line_1_25' title="bbox 457 2662 2047 2743; baseline -0.017 0"><span class='ocrx_word' id='word_1_186' title='bbox 457 2695 634 2743; x_wconf 86' lang='lat' dir='ltr'><strong>torum</strong></span> <span class='ocrx_word' id='word_1_187' title='bbox 667 2683 808 2740; x_wconf 88' lang='lat' dir='ltr'><strong>facta</strong></span> <span class='ocrx_word' id='word_1_188' title='bbox 835 2692 920 2738; x_wconf 89' lang='lat' dir='ltr'><strong>est</strong></span> <span class='ocrx_word' id='word_1_189' title='bbox 952 2701 964 2736; x_wconf 92' lang='lat'>:</span> <span class='ocrx_word' id='word_1_190' title='bbox 995 2689 1055 2736; x_wconf 93' lang='lat' dir='ltr'><strong>ut</strong></span> <span class='ocrx_word' id='word_1_191' title='bbox 1086 2681 1486 2735; x_wconf 87' lang='lat' dir='ltr'><strong>demonstretur</strong></span> <span class='ocrx_word' id='word_1_192' title='bbox 1517 2671 1866 2729; x_wconf 90' lang='lat' dir='ltr'><strong>stabilitatem</strong></span> <span class='ocrx_word' id='word_1_193' title='bbox 1896 2662 2047 2736; x_wconf 83' lang='lat' dir='ltr'><strong>regni</strong></span> 
     </span>
    </p>
   </div>
   <div class='ocr_carea' id='block_1_26' title="bbox 460 2765 2047 2846">
    <p class='ocr_par' dir='ltr' id='par_1_26' title="bbox 460 2765 2047 2846">
     <span class='ocr_line' id='line_1_26' title="bbox 460 2765 2047 2846; baseline -0.017 -7"><span class='ocrx_word' id='word_1_194' title='bbox 460 2796 557 2838; x_wconf 89' lang='lat' dir='ltr'><strong>seu</strong></span> <span class='ocrx_word' id='word_1_195' title='bbox 588 2775 968 2835; x_wconf 64' lang='lat' dir='ltr'><strong>sacerdotiiin</strong></span> <span class='ocrx_word' id='word_1_196' title='bbox 1000 2772 1198 2846; x_wconf 91' lang='lat' dir='ltr'><strong>popqu</strong></span> <span class='ocrx_word' id='word_1_197' title='bbox 1234 2769 1542 2826; x_wconf 75' lang='lat' dir='ltr'><strong>Iudaeorum</strong></span> <span class='ocrx_word' id='word_1_198' title='bbox 1572 2765 1690 2821; x_wconf 85' lang='lat' dir='ltr'><strong>ﬁeri</strong></span> <span class='ocrx_word' id='word_1_199' title='bbox 1726 2778 1832 2818; x_wconf 88' lang='lat' dir='ltr'><strong>non</strong></span> <span class='ocrx_word' id='word_1_200' title='bbox 1865 2773 2047 2832; x_wconf 90' lang='lat' dir='ltr'><strong>posse,</strong></span> 
     </span>
    </p>
   </div>
   <div class='ocr_carea' id='block_1_27' title="bbox 460 2851 2048 2940">
    <p class='ocr_par' dir='ltr' id='par_1_27' title="bbox 460 2851 2048 2940">
     <span class='ocr_line' id='line_1_27' title="bbox 460 2851 2048 2940; baseline -0.015 -15"><span class='ocrx_word' id='word_1_201' title='bbox 460 2871 553 2940; x_wconf 89' lang='lat' dir='ltr'><strong>qui</strong></span> <span class='ocrx_word' id='word_1_202' title='bbox 594 2884 783 2924; x_wconf 88' lang='lat' dir='ltr'><strong>verum</strong></span> <span class='ocrx_word' id='word_1_203' title='bbox 821 2881 1006 2938; x_wconf 89' lang='lat' dir='ltr'><strong>regem</strong></span> <span class='ocrx_word' id='word_1_204' title='bbox 1044 2872 1098 2920; x_wconf 93' lang='lat' dir='ltr'><strong>et</strong></span> <span class='ocrx_word' id='word_1_205' title='bbox 1141 2861 1480 2918; x_wconf 88' lang='lat' dir='ltr'><strong>sacerdotem</strong></span> <span class='ocrx_word' id='word_1_206' title='bbox 1519 2856 1586 2910; x_wconf 91' lang='lat' dir='ltr'><strong>ad</strong></span> <span class='ocrx_word' id='word_1_207' title='bbox 1626 2870 1685 2909; x_wconf 90' lang='lat' dir='ltr'><strong>se</strong></span> <span class='ocrx_word' id='word_1_208' title='bbox 1717 2851 2048 2911; x_wconf 80' lang='lat' dir='ltr'><strong>venientem,</strong></span> 
     </span>
    </p>
   </div>
   <div class='ocr_carea' id='block_1_28' title="bbox 464 2945 1977 3020">
    <p class='ocr_par' dir='ltr' id='par_1_28' title="bbox 464 2945 1977 3020">
     <span class='ocr_line' id='line_1_28' title="bbox 464 2945 1977 3020; baseline -0.017 -1"><span class='ocrx_word' id='word_1_209' title='bbox 464 2962 754 3019; x_wconf 89' lang='lat' dir='ltr'><strong>Dominum</strong></span> <span class='ocrx_word' id='word_1_210' title='bbox 784 2958 1036 3014; x_wconf 89' lang='lat' dir='ltr'><strong>videlicet</strong></span> <span class='ocrx_word' id='word_1_211' title='bbox 1061 2956 1359 3017; x_wconf 87' lang='lat' dir='ltr'><strong>Christum,</strong></span> <span class='ocrx_word' id='word_1_212' title='bbox 1392 2950 1635 3020; x_wconf 89' lang='lat' dir='ltr'><strong>recipere</strong></span> <span class='ocrx_word' id='word_1_213' title='bbox 1669 2945 1977 3000; x_wconf 89' lang='lat' dir='ltr'><strong>noluerunt.</strong></span> 
     </span>
    </p>
   </div>
   <div class='ocr_carea' id='block_1_29' title="bbox 544 3032 2054 3119">
    <p class='ocr_par' dir='ltr' id='par_1_29' title="bbox 544 3032 2054 3119">
     <span class='ocr_line' id='line_1_29' title="bbox 544 3032 2054 3119; baseline -0.013 -14"><span class='ocrx_word' id='word_1_214' title='bbox 544 3074 560 3105; x_wconf 74' lang='grc' dir='ltr'><strong>ι</strong></span> <span class='ocrx_word' id='word_1_215' title='bbox 596 3053 766 3108; x_wconf 87' lang='lat' dir='ltr'><strong>Porro</strong></span> <span class='ocrx_word' id='word_1_216' title='bbox 793 3051 1158 3119; x_wconf 88' lang='lat' dir='ltr'><strong>triumphator</strong></span> <span class='ocrx_word' id='word_1_217' title='bbox 1186 3047 1238 3101; x_wconf 91' lang='lat' dir='ltr'><strong>in</strong></span> <span class='ocrx_word' id='word_1_218' title='bbox 1266 3044 1430 3100; x_wconf 89' lang='lat' dir='ltr'><strong>Israel</strong></span> <span class='ocrx_word' id='word_1_219' title='bbox 1457 3058 1564 3097; x_wconf 89' lang='lat' dir='ltr'><strong>non</strong></span> <span class='ocrx_word' id='word_1_220' title='bbox 1588 3045 1777 3111; x_wconf 83' lang='lat' dir='ltr'><strong>parcet</strong></span> <span class='ocrx_word' id='word_1_221' title='bbox 1799 3045 1853 3092; x_wconf 90' lang='lat' dir='ltr'><strong>et</strong></span> <span class='ocrx_word' id='word_1_222' title='bbox 1878 3032 2054 3104; x_wconf 76' lang='lat' dir='ltr'><strong>pumi-</strong></span> 
     </span>
    </p>
   </div>
   <div class='ocr_carea' id='block_1_30' title="bbox 469 3133 2058 3208">
    <p class='ocr_par' dir='ltr' id='par_1_30' title="bbox 469 3133 2058 3208">
     <span class='ocr_line' id='line_1_30' title="bbox 469 3133 2058 3208; baseline -0.013 -8"><span class='ocrx_word' id='word_1_223' title='bbox 469 3169 487 3200; x_wconf 84' lang='grc'><strong><em>‹</em></strong></span> <span class='ocrx_word' id='word_1_224' title='bbox 527 3147 712 3202; x_wconf 87' lang='lat' dir='ltr'><strong>tudine</strong></span> <span class='ocrx_word' id='word_1_225' title='bbox 744 3160 851 3199; x_wconf 88' lang='lat' dir='ltr'><strong>non</strong></span> <span class='ocrx_word' id='word_1_226' title='bbox 878 3143 1145 3198; x_wconf 87' lang='lat' dir='ltr'><strong>flectetur.</strong></span> <span class='ocrx_word' id='word_1_227' title='bbox 1171 3140 1358 3208; x_wconf 87' lang='lat' dir='ltr'><strong>Neque</strong></span> <span class='ocrx_word' id='word_1_228' title='bbox 1387 3137 1532 3192; x_wconf 87' lang='lat' dir='ltr'><strong>enim</strong></span> <span class='ocrx_word' id='word_1_229' title='bbox 1557 3135 1720 3188; x_wconf 89' lang='lat' dir='ltr'><strong>homo</strong></span> <span class='ocrx_word' id='word_1_230' title='bbox 1741 3136 1906 3186; x_wconf 85' lang='lat' dir='ltr'><strong>estut</strong></span> <span class='ocrx_word' id='word_1_231' title='bbox 1932 3133 2058 3196; x_wconf 83' lang='lat' dir='ltr'><strong>agat</strong></span> 
     </span>
    </p>
   </div>
   <div class='ocr_carea' id='block_1_31' title="bbox 463 3222 2131 3324">
    <p class='ocr_par' dir='ltr' id='par_1_31' title="bbox 463 3222 2131 3324">
     <span class='ocr_line' id='line_1_31' title="bbox 463 3222 2131 3324; baseline -0.016 -25"><span class='ocrx_word' id='word_1_232' title='bbox 463 3242 860 3315; x_wconf 81' lang='lat' dir='ltr'><strong>paenitentiam,</strong></span> <span class='ocrx_word' id='word_1_233' title='bbox 888 3248 996 3295; x_wconf 91' lang='lat' dir='ltr'><strong>etc.</strong></span> <span class='ocrx_word' id='word_1_234' title='bbox 1037 3258 1054 3289; x_wconf 74' lang='grc' dir='ltr'><strong>ι</strong></span> <span class='ocrx_word' id='word_1_235' title='bbox 1091 3235 1478 3304; x_wconf 88' lang='lat' dir='ltr'><strong>Triumphator</strong></span> <span class='ocrx_word' id='word_1_236' title='bbox 1508 3231 1560 3285; x_wconf 89' lang='lat' dir='ltr'><strong>in</strong></span> <span class='ocrx_word' id='word_1_237' title='bbox 1599 3226 1766 3283; x_wconf 85' lang='lat' dir='ltr'><strong>Israel</strong></span> <span class='ocrx_word' id='word_1_238' title='bbox 1797 3222 2054 3278; x_wconf 89' lang='lat' dir='ltr'><strong>Dominus</strong></span> <span class='ocrx_word' id='word_1_239' title='bbox 2083 3260 2131 3324; x_wconf 62' lang='grc' dir='ltr'><strong>Ο</strong></span> 
     </span>
    </p>
   </div>
   <div class='ocr_carea' id='block_1_32' title="bbox 467 3317 2054 3404">
    <p class='ocr_par' dir='ltr' id='par_1_32' title="bbox 467 3317 2054 3404">
     <span class='ocr_line' id='line_1_32' title="bbox 467 3317 2054 3404; baseline -0.017 -11"><span class='ocrx_word' id='word_1_240' title='bbox 467 3347 581 3404; x_wconf 88' lang='lat' dir='ltr'><strong>est,</strong></span> <span class='ocrx_word' id='word_1_241' title='bbox 611 3337 697 3391; x_wconf 91' lang='lat' dir='ltr'><strong>cui</strong></span> <span class='ocrx_word' id='word_1_242' title='bbox 728 3334 906 3392; x_wconf 89' lang='lat' dir='ltr'><strong>omnis</strong></span> <span class='ocrx_word' id='word_1_243' title='bbox 943 3331 1174 3388; x_wconf 88' lang='lat' dir='ltr'><strong>victoria</strong></span> <span class='ocrx_word' id='word_1_244' title='bbox 1206 3336 1352 3383; x_wconf 88' lang='lat' dir='ltr'><strong>recte</strong></span> <span class='ocrx_word' id='word_1_245' title='bbox 1381 3323 1692 3387; x_wconf 89' lang='lat' dir='ltr'><strong>ascribitur,</strong></span> <span class='ocrx_word' id='word_1_246' title='bbox 1725 3317 1849 3388; x_wconf 90' lang='lat' dir='ltr'><strong>quia</strong></span> <span class='ocrx_word' id='word_1_247' title='bbox 1882 3322 2054 3369; x_wconf 90' lang='lat' dir='ltr'><strong>muta-</strong></span> 
     </span>
    </p>
   </div>
   <div class='ocr_carea' id='block_1_33' title="bbox 467 3406 2063 3486">
    <p class='ocr_par' dir='ltr' id='par_1_33' title="bbox 467 3406 2063 3486">
     <span class='ocr_line' id='line_1_33' title="bbox 467 3406 2063 3486; baseline -0.019 0"><span class='ocrx_word' id='word_1_248' title='bbox 467 3428 593 3486; x_wconf 86' lang='lat' dir='ltr'><strong>bilis</strong></span> <span class='ocrx_word' id='word_1_249' title='bbox 640 3443 745 3480; x_wconf 91' lang='lat' dir='ltr'><strong>non</strong></span> <span class='ocrx_word' id='word_1_250' title='bbox 791 3434 902 3486; x_wconf 88' lang='lat' dir='ltr'><strong>est,</strong></span> <span class='ocrx_word' id='word_1_251' title='bbox 946 3423 1041 3477; x_wconf 88' lang='lat' dir='ltr'><strong>sed</strong></span> <span class='ocrx_word' id='word_1_252' title='bbox 1075 3419 1372 3476; x_wconf 85' lang='lat' dir='ltr'><strong>secundum</strong></span> <span class='ocrx_word' id='word_1_253' title='bbox 1397 3413 1664 3486; x_wconf 89' lang='lat' dir='ltr'><strong>justitiam</strong></span> <span class='ocrx_word' id='word_1_254' title='bbox 1699 3416 1754 3464; x_wconf 89' lang='lat' dir='ltr'><strong>et</strong></span> <span class='ocrx_word' id='word_1_255' title='bbox 1776 3406 2063 3462; x_wconf 86' lang='lat' dir='ltr'><strong>veritatem</strong></span> 
     </span>
    </p>
   </div>
   <div class='ocr_carea' id='block_1_34' title="bbox 480 3678 2068 3771">
    <p class='ocr_par' dir='ltr' id='par_1_34' title="bbox 480 3678 2068 3771">
     <span class='ocr_line' id='line_1_34' title="bbox 480 3678 2068 3771; baseline -0.016 -17"><span class='ocrx_word' id='word_1_256' title='bbox 480 3722 499 3754; x_wconf 77' lang='grc' dir='ltr'><strong>ι</strong></span> <span class='ocrx_word' id='word_1_257' title='bbox 536 3698 788 3771; x_wconf 86' lang='lat' dir='ltr'><strong>sprevisti</strong></span> <span class='ocrx_word' id='word_1_258' title='bbox 818 3697 1044 3752; x_wconf 89' lang='lat' dir='ltr'><strong>verbum</strong></span> <span class='ocrx_word' id='word_1_259' title='bbox 1073 3691 1320 3755; x_wconf 91' lang='lat' dir='ltr'><strong>Domini,</strong></span> <span class='ocrx_word' id='word_1_260' title='bbox 1353 3697 1409 3744; x_wconf 91' lang='lat' dir='ltr'><strong>et</strong></span> <span class='ocrx_word' id='word_1_261' title='bbox 1453 3683 1663 3756; x_wconf 88' lang='lat' dir='ltr'><strong>spernit</strong></span> <span class='ocrx_word' id='word_1_262' title='bbox 1693 3691 1745 3737; x_wconf 93' lang='lat' dir='ltr'><strong>te</strong></span> <span class='ocrx_word' id='word_1_263' title='bbox 1785 3678 2068 3742; x_wconf 91' lang='lat' dir='ltr'><strong>Dominus,</strong></span> 
     </span>
    </p>
   </div>
   <div class='ocr_carea' id='block_1_35' title="bbox 482 3769 2071 3859">
    <p class='ocr_par' dir='ltr' id='par_1_35' title="bbox 482 3769 2071 3859">
     <span class='ocr_line' id='line_1_35' title="bbox 482 3769 2071 3859; baseline -0.014 -14"><span class='ocrx_word' id='word_1_264' title='bbox 482 3814 501 3845; x_wconf 85' lang='grc'><strong><em>‹</em></strong></span> <span class='ocrx_word' id='word_1_265' title='bbox 540 3807 609 3848; x_wconf 91' lang='lat' dir='ltr'><strong>ne</strong></span> <span class='ocrx_word' id='word_1_266' title='bbox 636 3791 711 3846; x_wconf 90' lang='lat' dir='ltr'><strong>sis</strong></span> <span class='ocrx_word' id='word_1_267' title='bbox 732 3805 823 3844; x_wconf 81' lang='lat' dir='ltr'><strong>rex</strong></span> <span class='ocrx_word' id='word_1_268' title='bbox 849 3803 1011 3859; x_wconf 87' lang='lat' dir='ltr'><strong>super</strong></span> <span class='ocrx_word' id='word_1_269' title='bbox 1031 3783 1217 3841; x_wconf 89' lang='lat' dir='ltr'><strong>Israel.</strong></span> <span class='ocrx_word' id='word_1_270' title='bbox 1245 3783 1312 3838; x_wconf 83' lang='lat' dir='ltr'><strong>Et</strong></span> <span class='ocrx_word' id='word_1_271' title='bbox 1334 3777 1604 3836; x_wconf 91' lang='lat' dir='ltr'><strong>convertit</strong></span> <span class='ocrx_word' id='word_1_272' title='bbox 1632 3771 1850 3830; x_wconf 90' lang='lat' dir='ltr'><strong>Samuel</strong></span> <span class='ocrx_word' id='word_1_273' title='bbox 1874 3769 2071 3824; x_wconf 85' lang='lat' dir='ltr'><strong>faciem</strong></span> 
     </span>
    </p>
   </div>
   <div class='ocr_carea' id='block_1_36' title="bbox 484 3860 2072 3946">
    <p class='ocr_par' dir='ltr' id='par_1_36' title="bbox 484 3860 2072 3946">
     <span class='ocr_line' id='line_1_36' title="bbox 484 3860 2072 3946; baseline -0.016 -8"><span class='ocrx_word' id='word_1_274' title='bbox 484 3905 504 3938; x_wconf 81' lang='grc' dir='ltr'><strong>ι</strong></span> <span class='ocrx_word' id='word_1_275' title='bbox 544 3900 696 3941; x_wconf 91' lang='lat' dir='ltr'><strong>suam</strong></span> <span class='ocrx_word' id='word_1_276' title='bbox 724 3890 782 3938; x_wconf 90' lang='lat' dir='ltr'><strong>ut</strong></span> <span class='ocrx_word' id='word_1_277' title='bbox 809 3881 1006 3946; x_wconf 86' lang='lat' dir='ltr'><strong>abiret,</strong></span> <span class='ocrx_word' id='word_1_278' title='bbox 1031 3886 1088 3934; x_wconf 93' lang='lat' dir='ltr'><strong>et</strong></span> <span class='ocrx_word' id='word_1_279' title='bbox 1109 3876 1284 3932; x_wconf 90' lang='lat' dir='ltr'><strong>tenuit</strong></span> <span class='ocrx_word' id='word_1_280' title='bbox 1310 3871 1461 3937; x_wconf 92' lang='lat' dir='ltr'><strong>Saul,</strong></span> <span class='ocrx_word' id='word_1_281' title='bbox 1485 3867 1770 3941; x_wconf 90' lang='lat' dir='ltr'><strong>pinnulam</strong></span> <span class='ocrx_word' id='word_1_282' title='bbox 1799 3860 2072 3934; x_wconf 89' lang='lat' dir='ltr'><strong>diploidis,</strong></span> 
     </span>
    </p>
   </div>
   <div class='ocr_carea' id='block_1_37' title="bbox 487 3952 2077 4047">
    <p class='ocr_par' dir='ltr' id='par_1_37' title="bbox 487 3952 2077 4047">
     <span class='ocr_line' id='line_1_37' title="bbox 487 3952 2077 4047; baseline -0.019 -12"><span class='ocrx_word' id='word_1_283' title='bbox 487 4002 506 4033; x_wconf 85' lang='grc'><em>‹</em></span> <span class='ocrx_word' id='word_1_284' title='bbox 541 3989 594 4034; x_wconf 90' lang='lat' dir='ltr'><strong>et</strong></span> <span class='ocrx_word' id='word_1_285' title='bbox 621 3977 852 4047; x_wconf 90' lang='lat' dir='ltr'><strong>disrupit</strong></span> <span class='ocrx_word' id='word_1_286' title='bbox 874 3990 1016 4029; x_wconf 89' lang='lat' dir='ltr'><strong>eam.</strong></span> <span class='ocrx_word' id='word_1_287' title='bbox 1043 3973 1111 4027; x_wconf 87' lang='lat' dir='ltr'><strong>Et</strong></span> <span class='ocrx_word' id='word_1_288' title='bbox 1135 3969 1271 4026; x_wconf 86' lang='lat' dir='ltr'><strong>dixit</strong></span> <span class='ocrx_word' id='word_1_289' title='bbox 1291 3967 1357 4021; x_wconf 87' lang='lat' dir='ltr'><strong>ad</strong></span> <span class='ocrx_word' id='word_1_290' title='bbox 1381 3980 1504 4021; x_wconf 90' lang='lat' dir='ltr'><strong>eum</strong></span> <span class='ocrx_word' id='word_1_291' title='bbox 1535 3959 1753 4018; x_wconf 91' lang='lat' dir='ltr'><strong>Samuel</strong></span> <span class='ocrx_word' id='word_1_292' title='bbox 1790 3976 1801 4010; x_wconf 90' lang='lat'>:</span> <span class='ocrx_word' id='word_1_293' title='bbox 1834 3952 2077 4023; x_wconf 88' lang='lat' dir='ltr'><strong>Disrupit</strong></span> 
     </span>
    </p>
   </div>
   <div class='ocr_carea' id='block_1_38' title="bbox 488 4043 2079 4136">
    <p class='ocr_par' dir='ltr' id='par_1_38' title="bbox 488 4043 2079 4136">
     <span class='ocr_line' id='line_1_38' title="bbox 488 4043 2079 4136; baseline -0.018 -12"><span class='ocrx_word' id='word_1_294' title='bbox 488 4090 507 4124; x_wconf 75' lang='grc' dir='ltr'><strong>ι</strong></span> <span class='ocrx_word' id='word_1_295' title='bbox 545 4043 804 4125; x_wconf 76' lang='lat' dir='ltr'><strong>Dominus</strong></span> <span class='ocrx_word' id='word_1_296' title='bbox 835 4079 1058 4136; x_wconf 84' lang='lat' dir='ltr'><strong>regnum</strong></span> <span class='ocrx_word' id='word_1_297' title='bbox 1084 4060 1250 4117; x_wconf 90' lang='lat' dir='ltr'><strong>Israel</strong></span> <span class='ocrx_word' id='word_1_298' title='bbox 1277 4059 1342 4113; x_wconf 89' lang='lat' dir='ltr'><strong>de</strong></span> <span class='ocrx_word' id='word_1_299' title='bbox 1369 4072 1531 4112; x_wconf 89' lang='lat' dir='ltr'><strong>manu</strong></span> <span class='ocrx_word' id='word_1_300' title='bbox 1560 4062 1650 4108; x_wconf 91' lang='lat' dir='ltr'><strong>tua</strong></span> <span class='ocrx_word' id='word_1_301' title='bbox 1678 4050 1867 4112; x_wconf 90' lang='lat' dir='ltr'><strong>hodie,</strong></span> <span class='ocrx_word' id='word_1_302' title='bbox 1902 4054 1957 4101; x_wconf 89' lang='lat' dir='ltr'><strong>et</strong></span> <span class='ocrx_word' id='word_1_303' title='bbox 1983 4043 2079 4097; x_wconf 92' lang='lat' dir='ltr'><strong>da-</strong></span> 
     </span>
    </p>
   </div>
   <div class='ocr_carea' id='block_1_39' title="bbox 490 4130 2081 4228">
    <p class='ocr_par' dir='ltr' id='par_1_39' title="bbox 490 4130 2081 4228">
     <span class='ocr_line' id='line_1_39' title="bbox 490 4130 2081 4228; baseline -0.018 -16"><span class='ocrx_word' id='word_1_304' title='bbox 490 4179 511 4212; x_wconf 75' lang='grc'><strong>(</strong></span> <span class='ocrx_word' id='word_1_305' title='bbox 547 4159 628 4214; x_wconf 83' lang='lat' dir='ltr'><strong>hit</strong></span> <span class='ocrx_word' id='word_1_306' title='bbox 654 4130 1020 4228; x_wconf 45' lang='lat' dir='ltr'><strong>proximo&#39;tuo</strong></span> <span class='ocrx_word' id='word_1_307' title='bbox 1047 4152 1188 4207; x_wconf 89' lang='lat' dir='ltr'><strong>bono</strong></span> <span class='ocrx_word' id='word_1_308' title='bbox 1224 4163 1386 4218; x_wconf 87' lang='lat' dir='ltr'><strong>super</strong></span> <span class='ocrx_word' id='word_1_309' title='bbox 1413 4155 1486 4200; x_wconf 91' lang='lat' dir='ltr'><strong>te.</strong></span> <span class='ocrx_word' id='word_1_310' title='bbox 1517 4144 1587 4197; x_wconf 84' lang='lat' dir='ltr'><strong>Et</strong></span> <span class='ocrx_word' id='word_1_311' title='bbox 1611 4140 1884 4196; x_wconf 89' lang='lat' dir='ltr'><strong>dividetur</strong></span> <span class='ocrx_word' id='word_1_312' title='bbox 1911 4130 2081 4190; x_wconf 89' lang='lat' dir='ltr'><strong>Israel</strong></span> 
     </span>
    </p>
   </div>
   <div class='ocr_carea' id='block_1_40' title="bbox 453 4229 2077 4318">
    <p class='ocr_par' dir='ltr' id='par_1_40' title="bbox 453 4229 2077 4318">
     <span class='ocr_line' id='line_1_40' title="bbox 453 4229 2077 4318; baseline -0.017 -13"><span class='ocrx_word' id='word_1_313' title='bbox 453 4315 457 4318; x_wconf 36' lang='grc'>,</span> <span class='ocrx_word' id='word_1_314' title='bbox 492 4272 510 4304; x_wconf 74' lang='grc' dir='ltr'><strong>ι</strong></span> <span class='ocrx_word' id='word_1_315' title='bbox 550 4253 604 4307; x_wconf 92' lang='lat' dir='ltr'><strong>in</strong></span> <span class='ocrx_word' id='word_1_316' title='bbox 632 4250 758 4312; x_wconf 90' lang='lat' dir='ltr'><strong>duo,</strong></span> <span class='ocrx_word' id='word_1_317' title='bbox 793 4256 849 4304; x_wconf 91' lang='lat' dir='ltr'><strong>et</strong></span> <span class='ocrx_word' id='word_1_318' title='bbox 875 4262 980 4302; x_wconf 93' lang='lat' dir='ltr'><strong>non</strong></span> <span class='ocrx_word' id='word_1_319' title='bbox 1009 4248 1379 4304; x_wconf 89' lang='lat' dir='ltr'><strong>convertetur,</strong></span> <span class='ocrx_word' id='word_1_320' title='bbox 1412 4251 1591 4306; x_wconf 91' lang='lat' dir='ltr'><strong>neque</strong></span> <span class='ocrx_word' id='word_1_321' title='bbox 1616 4229 1904 4304; x_wconf 73' lang='lat' dir='ltr'><strong>ptenitehit</strong></span> <span class='ocrx_word' id='word_1_322' title='bbox 1931 4241 2077 4292; x_wconf 88' lang='lat' dir='ltr'><strong>cum,</strong></span> 
     </span>
    </p>
   </div>
   <div class='ocr_carea' id='block_1_41' title="bbox 495 4321 2078 4413">
    <p class='ocr_par' dir='ltr' id='par_1_41' title="bbox 495 4321 2078 4413">
     <span class='ocr_line' id='line_1_41' title="bbox 495 4321 2078 4413; baseline -0.019 -14"><span class='ocrx_word' id='word_1_323' title='bbox 495 4366 513 4398; x_wconf 75' lang='grc' dir='ltr'><strong>ι</strong></span> <span class='ocrx_word' id='word_1_324' title='bbox 553 4343 811 4413; x_wconf 89' lang='lat' dir='ltr'><strong>quoniam</strong></span> <span class='ocrx_word' id='word_1_325' title='bbox 850 4355 956 4394; x_wconf 89' lang='lat' dir='ltr'><strong>non</strong></span> <span class='ocrx_word' id='word_1_326' title='bbox 990 4345 1076 4392; x_wconf 91' lang='lat' dir='ltr'><strong>est</strong></span> <span class='ocrx_word' id='word_1_327' title='bbox 1117 4336 1260 4390; x_wconf 91' lang='lat' dir='ltr'><strong>sicut</strong></span> <span class='ocrx_word' id='word_1_328' title='bbox 1293 4332 1490 4395; x_wconf 89' lang='lat' dir='ltr'><strong>homo,</strong></span> <span class='ocrx_word' id='word_1_329' title='bbox 1531 4334 1593 4382; x_wconf 90' lang='lat' dir='ltr'><strong>ut</strong></span> <span class='ocrx_word' id='word_1_330' title='bbox 1628 4321 1892 4395; x_wconf 86' lang='lat' dir='ltr'><strong>poeniteat</strong></span> <span class='ocrx_word' id='word_1_331' title='bbox 1921 4331 2078 4383; x_wconf 89' lang='lat' dir='ltr'><strong>eum;</strong></span> 
     </span>
    </p>
   </div>
   <div class='ocr_carea' id='block_1_42' title="bbox 496 4407 2081 4506">
    <p class='ocr_par' dir='ltr' id='par_1_42' title="bbox 496 4407 2081 4506">
     <span class='ocr_line' id='line_1_42' title="bbox 496 4407 2081 4506; baseline -0.019 -16"><span class='ocrx_word' id='word_1_332' title='bbox 496 4458 514 4490; x_wconf 72' lang='grc' dir='ltr'><strong>ε</strong></span> <span class='ocrx_word' id='word_1_333' title='bbox 555 4438 670 4506; x_wconf 86' lang='lat' dir='ltr'><strong>ipse</strong></span> <span class='ocrx_word' id='word_1_334' title='bbox 693 4434 952 4497; x_wconf 86' lang='lat' dir='ltr'><strong>minatur,</strong></span> <span class='ocrx_word' id='word_1_335' title='bbox 983 4437 1038 4485; x_wconf 92' lang='lat' dir='ltr'><strong>et</strong></span> <span class='ocrx_word' id='word_1_336' title='bbox 1067 4443 1174 4483; x_wconf 89' lang='lat' dir='ltr'><strong>non</strong></span> <span class='ocrx_word' id='word_1_337' title='bbox 1203 4430 1503 4496; x_wconf 88' lang='lat' dir='ltr'><strong>permanet.</strong></span> <span class='ocrx_word' id='word_1_338' title='bbox 1541 4438 1559 4469; x_wconf 74' lang='grc' dir='ltr'><strong>ι</strong></span> <span class='ocrx_word' id='word_1_339' title='bbox 1597 4415 1705 4490; x_wconf 73' lang='lat' dir='ltr'><strong>(Ea:</strong></span> <span class='ocrx_word' id='word_1_340' title='bbox 1741 4407 2081 4484; x_wconf 79' lang='lat' dir='ltr'><strong>Augustino.)</strong></span> 
     </span>
    </p>
   </div>
   <div class='ocr_carea' id='block_1_43' title="bbox 489 4503 2084 4589">
    <p class='ocr_par' dir='ltr' id='par_1_43' title="bbox 489 4503 2084 4589">
     <span class='ocr_line' id='line_1_43' title="bbox 489 4503 2084 4589; baseline -0.019 -5"><span class='ocrx_word' id='word_1_341' title='bbox 489 4530 597 4584; x_wconf 89' lang='lat' dir='ltr'><strong>Iste</strong></span> <span class='ocrx_word' id='word_1_342' title='bbox 633 4527 718 4582; x_wconf 92' lang='lat' dir='ltr'><strong>cui</strong></span> <span class='ocrx_word' id='word_1_343' title='bbox 754 4525 953 4580; x_wconf 91' lang='lat' dir='ltr'><strong>dicitur</strong></span> <span class='ocrx_word' id='word_1_344' title='bbox 986 4541 999 4576; x_wconf 89' lang='lat'><strong>:</strong></span> <span class='ocrx_word' id='word_1_345' title='bbox 1042 4540 1060 4573; x_wconf 73' lang='grc' dir='ltr'><strong>ι</strong></span> <span class='ocrx_word' id='word_1_346' title='bbox 1103 4516 1323 4589; x_wconf 89' lang='lat' dir='ltr'><strong>Spernit</strong></span> <span class='ocrx_word' id='word_1_347' title='bbox 1361 4523 1414 4568; x_wconf 92' lang='lat' dir='ltr'><strong>te</strong></span> <span class='ocrx_word' id='word_1_348' title='bbox 1448 4509 1742 4570; x_wconf 89' lang='lat' dir='ltr'><strong>Dominus,</strong></span> <span class='ocrx_word' id='word_1_349' title='bbox 1769 4520 1836 4559; x_wconf 91' lang='lat' dir='ltr'><strong>ne</strong></span> <span class='ocrx_word' id='word_1_350' title='bbox 1873 4503 1948 4558; x_wconf 91' lang='lat' dir='ltr'><strong>sis</strong></span> <span class='ocrx_word' id='word_1_351' title='bbox 1988 4514 2084 4555; x_wconf 90' lang='lat' dir='ltr'><strong>rex</strong></span> 
     </span>
    </p>
   </div>
   <div class='ocr_carea' id='block_1_44' title="bbox 492 4591 2165 4690">
    <p class='ocr_par' dir='ltr' id='par_1_44' title="bbox 492 4591 2165 4690">
     <span class='ocr_line' id='line_1_44' title="bbox 492 4591 2165 4690; baseline -0.02 -14"><span class='ocrx_word' id='word_1_352' title='bbox 492 4635 655 4690; x_wconf 89' lang='lat' dir='ltr'><strong>super</strong></span> <span class='ocrx_word' id='word_1_353' title='bbox 682 4616 879 4680; x_wconf 88' lang='lat' dir='ltr'><strong>Israel,</strong></span> <span class='ocrx_word' id='word_1_354' title='bbox 915 4621 970 4669; x_wconf 91' lang='lat' dir='ltr'><strong>et</strong></span> <span class='ocrx_word' id='word_1_355' title='bbox 1006 4609 1238 4680; x_wconf 83' lang='lat' dir='ltr'><strong>disrupit</strong></span> <span class='ocrx_word' id='word_1_356' title='bbox 1272 4605 1532 4662; x_wconf 90' lang='lat' dir='ltr'><strong>Dominus</strong></span> <span class='ocrx_word' id='word_1_357' title='bbox 1566 4614 1793 4672; x_wconf 84' lang='lat' dir='ltr'><strong>regnum</strong></span> <span class='ocrx_word' id='word_1_358' title='bbox 1824 4595 1892 4649; x_wconf 87' lang='lat' dir='ltr'><strong>ab</strong></span> <span class='ocrx_word' id='word_1_359' title='bbox 1917 4591 2085 4648; x_wconf 89' lang='lat' dir='ltr'><strong>Israel</strong></span> <span class='ocrx_word' id='word_1_360' title='bbox 2110 4628 2165 4688; x_wconf 74' lang='grc' dir='ltr'><strong>Ι)</strong></span> 
     </span>
    </p>
   </div>
   <div class='ocr_carea' id='block_1_45' title="bbox 495 4686 2085 4768">
    <p class='ocr_par' dir='ltr' id='par_1_45' title="bbox 495 4686 2085 4768">
     <span class='ocr_line' id='line_1_45' title="bbox 495 4686 2085 4768; baseline -0.018 -3"><span class='ocrx_word' id='word_1_361' title='bbox 495 4710 561 4765; x_wconf 90' lang='lat' dir='ltr'><strong>de</strong></span> <span class='ocrx_word' id='word_1_362' title='bbox 589 4723 749 4762; x_wconf 91' lang='lat' dir='ltr'><strong>manu</strong></span> <span class='ocrx_word' id='word_1_363' title='bbox 786 4715 875 4761; x_wconf 92' lang='lat' dir='ltr'><strong>tua</strong></span> <span class='ocrx_word' id='word_1_364' title='bbox 910 4703 1088 4767; x_wconf 91' lang='lat' dir='ltr'><strong>hodie,</strong></span> <span class='ocrx_word' id='word_1_365' title='bbox 1122 4721 1138 4751; x_wconf 74' lang='grc' dir='ltr'><strong>ι</strong></span> <span class='ocrx_word' id='word_1_366' title='bbox 1165 4696 1517 4768; x_wconf 82' lang='lat' dir='ltr'><strong>quadraginta</strong></span> <span class='ocrx_word' id='word_1_367' title='bbox 1548 4689 1790 4764; x_wconf 87' lang='lat' dir='ltr'><strong>regnavit</strong></span> <span class='ocrx_word' id='word_1_368' title='bbox 1815 4686 1972 4740; x_wconf 84' lang='lat' dir='ltr'><strong>annis</strong></span> <span class='ocrx_word' id='word_1_369' title='bbox 1997 4700 2085 4738; x_wconf 92' lang='lat' dir='ltr'><strong>su-</strong></span> 
     </span>
    </p>
   </div>
   <div class='ocr_carea' id='block_1_46' title="bbox 497 4781 2086 4873">
    <p class='ocr_par' dir='ltr' id='par_1_46' title="bbox 497 4781 2086 4873">
     <span class='ocr_line' id='line_1_46' title="bbox 497 4781 2086 4873; baseline -0.018 -17"><span class='ocrx_word' id='word_1_370' title='bbox 497 4815 594 4873; x_wconf 88' lang='lat' dir='ltr'><strong>per</strong></span> <span class='ocrx_word' id='word_1_371' title='bbox 633 4796 821 4863; x_wconf 89' lang='lat' dir='ltr'><strong>Israel,</strong></span> <span class='ocrx_word' id='word_1_372' title='bbox 852 4802 1006 4850; x_wconf 89' lang='lat' dir='ltr'><strong>tanto</strong></span> <span class='ocrx_word' id='word_1_373' title='bbox 1040 4791 1249 4848; x_wconf 88' lang='lat' dir='ltr'><strong>scilicet</strong></span> <span class='ocrx_word' id='word_1_374' title='bbox 1276 4785 1536 4858; x_wconf 86' lang='lat' dir='ltr'><strong>temporis</strong></span> <span class='ocrx_word' id='word_1_375' title='bbox 1563 4781 1765 4854; x_wconf 89' lang='lat' dir='ltr'><strong>spatio,</strong></span> <span class='ocrx_word' id='word_1_376' title='bbox 1799 4784 2001 4850; x_wconf 83' lang='lat' dir='ltr'><strong>quanto</strong></span> <span class='ocrx_word' id='word_1_377' title='bbox 2029 4781 2086 4830; x_wconf 90' lang='lat' dir='ltr'><strong>et</strong></span> 
     </span>
    </p>
   </div>
   <div class='ocr_carea' id='block_1_47' title="bbox 500 4868 2082 4964">
    <p class='ocr_par' dir='ltr' id='par_1_47' title="bbox 500 4868 2082 4964">
     <span class='ocr_line' id='line_1_47' title="bbox 500 4868 2082 4964; baseline -0.017 -16"><span class='ocrx_word' id='word_1_378' title='bbox 500 4895 616 4964; x_wconf 90' lang='lat' dir='ltr'><strong>ipse</strong></span> <span class='ocrx_word' id='word_1_379' title='bbox 644 4890 836 4956; x_wconf 88' lang='lat' dir='ltr'><strong>David,</strong></span> <span class='ocrx_word' id='word_1_380' title='bbox 864 4895 921 4944; x_wconf 89' lang='lat' dir='ltr'><strong>et</strong></span> <span class='ocrx_word' id='word_1_381' title='bbox 949 4885 1156 4941; x_wconf 89' lang='lat' dir='ltr'><strong>audivit</strong></span> <span class='ocrx_word' id='word_1_382' title='bbox 1179 4885 1283 4938; x_wconf 91' lang='lat' dir='ltr'><strong>hoc</strong></span> <span class='ocrx_word' id='word_1_383' title='bbox 1307 4880 1484 4950; x_wconf 90' lang='lat' dir='ltr'><strong>primo</strong></span> <span class='ocrx_word' id='word_1_384' title='bbox 1514 4885 1755 4944; x_wconf 90' lang='lat' dir='ltr'><strong>tempore</strong></span> <span class='ocrx_word' id='word_1_385' title='bbox 1784 4869 1935 4943; x_wconf 86' lang='lat' dir='ltr'><strong>regni</strong></span> <span class='ocrx_word' id='word_1_386' title='bbox 1965 4868 2082 4932; x_wconf 91' lang='lat' dir='ltr'><strong>sui;</strong></span> 
     </span>
    </p>
   </div>
   <div class='ocr_carea' id='block_1_48' title="bbox 501 4962 2088 5053">
    <p class='ocr_par' dir='ltr' id='par_1_48' title="bbox 501 4962 2088 5053">
     <span class='ocr_line' id='line_1_48' title="bbox 501 4962 2088 5053; baseline -0.016 -15"><span class='ocrx_word' id='word_1_387' title='bbox 501 4962 864 5053; x_wconf 81' lang='lat' dir='ltr'><strong>intelligamus</strong></span> <span class='ocrx_word' id='word_1_388' title='bbox 909 4978 1030 5034; x_wconf 89' lang='lat' dir='ltr'><strong>ideo</strong></span> <span class='ocrx_word' id='word_1_389' title='bbox 1074 4976 1274 5031; x_wconf 90' lang='lat' dir='ltr'><strong>dictum</strong></span> <span class='ocrx_word' id='word_1_390' title='bbox 1303 4971 1427 5043; x_wconf 90' lang='lat' dir='ltr'><strong>quia</strong></span> <span class='ocrx_word' id='word_1_391' title='bbox 1455 4967 1633 5024; x_wconf 92' lang='lat' dir='ltr'><strong>nullus</strong></span> <span class='ocrx_word' id='word_1_392' title='bbox 1671 4966 1737 5021; x_wconf 92' lang='lat' dir='ltr'><strong>de</strong></span> <span class='ocrx_word' id='word_1_393' title='bbox 1775 4962 1890 5033; x_wconf 88' lang='lat' dir='ltr'><strong>ejus</strong></span> <span class='ocrx_word' id='word_1_394' title='bbox 1919 4962 2088 5030; x_wconf 89' lang='lat' dir='ltr'><strong>stirpe</strong></span> 
     </span>
    </p>
   </div>
   <div class='ocr_carea' id='block_1_49' title="bbox 503 5050 2086 5143">
    <p class='ocr_par' dir='ltr' id='par_1_49' title="bbox 503 5050 2086 5143">
     <span class='ocr_line' id='line_1_49' title="bbox 503 5050 2086 5143; baseline -0.015 -14"><span class='ocrx_word' id='word_1_395' title='bbox 503 5075 684 5129; x_wconf 82' lang='lat' dir='ltr'><strong>fuerat</strong></span> <span class='ocrx_word' id='word_1_396' title='bbox 709 5078 1052 5143; x_wconf 86' lang='lat' dir='ltr'><strong>regnaturus,</strong></span> <span class='ocrx_word' id='word_1_397' title='bbox 1080 5074 1136 5121; x_wconf 92' lang='lat' dir='ltr'><strong>et</strong></span> <span class='ocrx_word' id='word_1_398' title='bbox 1161 5063 1518 5135; x_wconf 86' lang='lat' dir='ltr'><strong>respiciamus</strong></span> <span class='ocrx_word' id='word_1_399' title='bbox 1543 5061 1610 5114; x_wconf 88' lang='lat' dir='ltr'><strong>ad</strong></span> <span class='ocrx_word' id='word_1_400' title='bbox 1640 5057 1864 5126; x_wconf 89' lang='lat' dir='ltr'><strong>stirpem</strong></span> <span class='ocrx_word' id='word_1_401' title='bbox 1897 5050 2086 5115; x_wconf 88' lang='lat' dir='ltr'><strong>David,</strong></span> 
     </span>
    </p>
   </div>
   <div class='ocr_carea' id='block_1_50' title="bbox 503 5141 2093 5221">
    <p class='ocr_par' dir='ltr' id='par_1_50' title="bbox 503 5141 2093 5221">
     <span class='ocr_line' id='line_1_50' title="bbox 503 5141 2093 5221; baseline -0.016 0"><span class='ocrx_word' id='word_1_402' title='bbox 503 5165 649 5221; x_wconf 85' lang='lat' dir='ltr'><strong>unde</strong></span> <span class='ocrx_word' id='word_1_403' title='bbox 686 5169 910 5218; x_wconf 85' lang='lat' dir='ltr'><strong>exortus</strong></span> <span class='ocrx_word' id='word_1_404' title='bbox 940 5170 1024 5214; x_wconf 92' lang='lat' dir='ltr'><strong>est</strong></span> <span class='ocrx_word' id='word_1_405' title='bbox 1065 5157 1360 5214; x_wconf 88' lang='lat' dir='ltr'><strong>secundum</strong></span> <span class='ocrx_word' id='word_1_406' title='bbox 1390 5167 1610 5208; x_wconf 90' lang='lat' dir='ltr'><strong>carnem</strong></span> <span class='ocrx_word' id='word_1_407' title='bbox 1656 5169 1673 5200; x_wconf 84' lang='grc'><strong><em>‹</em></strong></span> <span class='ocrx_word' id='word_1_408' title='bbox 1711 5146 1969 5202; x_wconf 87' lang='lat' dir='ltr'><strong>Mediator</strong></span> <span class='ocrx_word' id='word_1_409' title='bbox 1996 5141 2093 5197; x_wconf 90' lang='lat' dir='ltr'><strong>Dei</strong></span> 
     </span>
    </p>
   </div>
   <div class='ocr_carea' id='block_1_51' title="bbox 504 5232 2088 5316">
    <p class='ocr_par' dir='ltr' id='par_1_51' title="bbox 504 5232 2088 5316">
     <span class='ocr_line' id='line_1_51' title="bbox 504 5232 2088 5316; baseline -0.017 -4"><span class='ocrx_word' id='word_1_410' title='bbox 504 5266 560 5314; x_wconf 89' lang='lat' dir='ltr'><strong>et</strong></span> <span class='ocrx_word' id='word_1_411' title='bbox 587 5254 899 5316; x_wconf 87' lang='lat' dir='ltr'><strong>hominum,</strong></span> <span class='ocrx_word' id='word_1_412' title='bbox 931 5260 986 5306; x_wconf 90' lang='lat' dir='ltr'><strong>et</strong></span> <span class='ocrx_word' id='word_1_413' title='bbox 1024 5252 1189 5306; x_wconf 91' lang='lat' dir='ltr'><strong>homo</strong></span> <span class='ocrx_word' id='word_1_414' title='bbox 1217 5246 1466 5303; x_wconf 88' lang='lat' dir='ltr'><strong>Christus</strong></span> <span class='ocrx_word' id='word_1_415' title='bbox 1505 5241 1664 5298; x_wconf 75' lang='lat' dir='ltr'><strong>Iesus</strong></span> <span class='ocrx_word' id='word_1_416' title='bbox 1696 5238 1747 5312; x_wconf 88' lang='grc'><strong>(1</strong></span> <span class='ocrx_word' id='word_1_417' title='bbox 1781 5237 1915 5291; x_wconf 85' lang='lat' dir='ltr'><strong>Tim.</strong></span> <span class='ocrx_word' id='word_1_418' title='bbox 1948 5232 2030 5306; x_wconf 92' lang='grc' dir='ltr'>ιι).</span> <span class='ocrx_word' id='word_1_419' title='bbox 2069 5253 2088 5285; x_wconf 74' lang='grc' dir='ltr'><strong>ι</strong></span> 
     </span>
    </p>
   </div>
   <div class='ocr_carea' id='block_1_52' title="bbox 506 5323 2094 5410">
    <p class='ocr_par' dir='ltr' id='par_1_52' title="bbox 506 5323 2094 5410">
     <span class='ocr_line' id='line_1_52' title="bbox 506 5323 2094 5410; baseline -0.016 -7"><span class='ocrx_word' id='word_1_420' title='bbox 506 5348 623 5404; x_wconf 73' lang='lat' dir='ltr'><strong>Non</strong></span> <span class='ocrx_word' id='word_1_421' title='bbox 653 5352 830 5401; x_wconf 89' lang='lat' dir='ltr'><strong>autem</strong></span> <span class='ocrx_word' id='word_1_422' title='bbox 863 5343 914 5397; x_wconf 91' lang='lat' dir='ltr'><strong>in</strong></span> <span class='ocrx_word' id='word_1_423' title='bbox 958 5342 1240 5410; x_wconf 87' lang='lat' dir='ltr'><strong>Scriptura</strong></span> <span class='ocrx_word' id='word_1_424' title='bbox 1262 5377 1278 5404; x_wconf 96' lang='lat'><strong>,</strong></span> <span class='ocrx_word' id='word_1_425' title='bbox 1309 5334 1453 5406; x_wconf 90' lang='lat' dir='ltr'><strong>quod</strong></span> <span class='ocrx_word' id='word_1_426' title='bbox 1493 5333 1548 5388; x_wconf 92' lang='lat' dir='ltr'><strong>in</strong></span> <span class='ocrx_word' id='word_1_427' title='bbox 1577 5329 1849 5402; x_wconf 88' lang='lat' dir='ltr'><strong>plerisque</strong></span> <span class='ocrx_word' id='word_1_428' title='bbox 1886 5323 2094 5387; x_wconf 83' lang='lat' dir='ltr'><strong>Latinis</strong></span> 
     </span>
    </p>
   </div>
   <div class='ocr_carea' id='block_1_53' title="bbox 507 5413 2097 5507">
    <p class='ocr_par' dir='ltr' id='par_1_53' title="bbox 507 5413 2097 5507">
     <span class='ocr_line' id='line_1_53' title="bbox 507 5413 2097 5507; baseline -0.018 -12"><span class='ocrx_word' id='word_1_429' title='bbox 507 5436 803 5501; x_wconf 87' lang='lat' dir='ltr'><strong>codicibus,</strong></span> <span class='ocrx_word' id='word_1_430' title='bbox 826 5434 1027 5507; x_wconf 89' lang='lat' dir='ltr'><strong>legitur</strong></span> <span class='ocrx_word' id='word_1_431' title='bbox 1051 5451 1065 5486; x_wconf 83' lang='lat'><strong>:</strong></span> <span class='ocrx_word' id='word_1_432' title='bbox 1091 5451 1108 5482; x_wconf 88' lang='grc'><em>‹</em></span> <span class='ocrx_word' id='word_1_433' title='bbox 1138 5427 1382 5500; x_wconf 88' lang='lat' dir='ltr'><strong>Disrupit</strong></span> <span class='ocrx_word' id='word_1_434' title='bbox 1401 5426 1664 5481; x_wconf 88' lang='lat' dir='ltr'><strong>Dominus</strong></span> <span class='ocrx_word' id='word_1_435' title='bbox 1684 5433 1909 5492; x_wconf 86' lang='lat' dir='ltr'><strong>regnum</strong></span> <span class='ocrx_word' id='word_1_436' title='bbox 1930 5413 2097 5471; x_wconf 89' lang='lat' dir='ltr'><strong>Israel</strong></span> 
     </span>
    </p>
   </div>
   <div class='ocr_carea' id='block_1_54' title="bbox 507 5509 2094 5593">
    <p class='ocr_par' dir='ltr' id='par_1_54' title="bbox 507 5509 2094 5593">
     <span class='ocr_line' id='line_1_54' title="bbox 507 5509 2094 5593; baseline -0.016 -8"><span class='ocrx_word' id='word_1_437' title='bbox 507 5530 575 5585; x_wconf 90' lang='lat' dir='ltr'><strong>de</strong></span> <span class='ocrx_word' id='word_1_438' title='bbox 603 5544 766 5585; x_wconf 89' lang='lat' dir='ltr'><strong>manu</strong></span> <span class='ocrx_word' id='word_1_439' title='bbox 793 5535 883 5582; x_wconf 88' lang='lat' dir='ltr'><strong>tua</strong></span> <span class='ocrx_word' id='word_1_440' title='bbox 907 5544 923 5593; x_wconf 92' lang='lat'><strong>;</strong></span> <span class='ocrx_word' id='word_1_441' title='bbox 962 5546 980 5577; x_wconf 73' lang='grc' dir='ltr'><strong>ι</strong></span> <span class='ocrx_word' id='word_1_442' title='bbox 1015 5524 1112 5581; x_wconf 90' lang='lat' dir='ltr'><strong>sed</strong></span> <span class='ocrx_word' id='word_1_443' title='bbox 1139 5522 1280 5576; x_wconf 91' lang='lat' dir='ltr'><strong>sicut</strong></span> <span class='ocrx_word' id='word_1_444' title='bbox 1302 5535 1334 5574; x_wconf 91' lang='lat' dir='ltr'><strong>a</strong></span> <span class='ocrx_word' id='word_1_445' title='bbox 1361 5518 1518 5573; x_wconf 89' lang='lat' dir='ltr'><strong>nobis</strong></span> <span class='ocrx_word' id='word_1_446' title='bbox 1542 5514 1776 5586; x_wconf 89' lang='lat' dir='ltr'><strong>positum</strong></span> <span class='ocrx_word' id='word_1_447' title='bbox 1799 5518 1884 5565; x_wconf 89' lang='lat' dir='ltr'><strong>est</strong></span> <span class='ocrx_word' id='word_1_448' title='bbox 1908 5509 2094 5563; x_wconf 90' lang='lat' dir='ltr'><strong>inven-</strong></span> 
     </span>
    </p>
   </div>
   <div class='ocr_carea' id='block_1_55' title="bbox 511 5597 2098 5682">
    <p class='ocr_par' dir='ltr' id='par_1_55' title="bbox 511 5597 2098 5682">
     <span class='ocr_line' id='line_1_55' title="bbox 511 5597 2098 5682; baseline -0.015 -6"><span class='ocrx_word' id='word_1_449' title='bbox 511 5631 623 5676; x_wconf 89' lang='lat' dir='ltr'><strong>tum</strong></span> <span class='ocrx_word' id='word_1_450' title='bbox 651 5620 703 5674; x_wconf 94' lang='lat' dir='ltr'><strong>in</strong></span> <span class='ocrx_word' id='word_1_451' title='bbox 727 5617 933 5674; x_wconf 69' lang='lat' dir='ltr'><strong>Graecis</strong></span> <span class='ocrx_word' id='word_1_452' title='bbox 959 5635 972 5674; x_wconf 87' lang='lat'><strong>;</strong></span> <span class='ocrx_word' id='word_1_453' title='bbox 1003 5635 1021 5667; x_wconf 74' lang='grc' dir='ltr'><strong>ι</strong></span> <span class='ocrx_word' id='word_1_454' title='bbox 1052 5612 1294 5682; x_wconf 90' lang='lat' dir='ltr'><strong>Disrupit</strong></span> <span class='ocrx_word' id='word_1_455' title='bbox 1314 5608 1574 5664; x_wconf 87' lang='lat' dir='ltr'><strong>Dominus</strong></span> <span class='ocrx_word' id='word_1_456' title='bbox 1594 5616 1818 5672; x_wconf 80' lang='lat' dir='ltr'><strong>regnum</strong></span> <span class='ocrx_word' id='word_1_457' title='bbox 1839 5601 1907 5654; x_wconf 90' lang='lat' dir='ltr'><strong>ab</strong></span> <span class='ocrx_word' id='word_1_458' title='bbox 1929 5597 2098 5654; x_wconf 88' lang='lat' dir='ltr'><strong>Israel</strong></span> 
     </span>
    </p>
   </div>
   <div class='ocr_carea' id='block_1_56' title="bbox 511 5691 2098 5777">
    <p class='ocr_par' dir='ltr' id='par_1_56' title="bbox 511 5691 2098 5777">
     <span class='ocr_line' id='line_1_56' title="bbox 511 5691 2098 5777; baseline -0.014 -8"><span class='ocrx_word' id='word_1_459' title='bbox 511 5717 579 5769; x_wconf 86' lang='lat' dir='ltr'><strong>de</strong></span> <span class='ocrx_word' id='word_1_460' title='bbox 609 5729 769 5768; x_wconf 88' lang='lat' dir='ltr'><strong>manu</strong></span> <span class='ocrx_word' id='word_1_461' title='bbox 797 5719 909 5777; x_wconf 92' lang='lat' dir='ltr'><strong>tua,</strong></span> <span class='ocrx_word' id='word_1_462' title='bbox 939 5730 956 5762; x_wconf 87' lang='grc'>›</span> <span class='ocrx_word' id='word_1_463' title='bbox 983 5718 1040 5764; x_wconf 90' lang='lat' dir='ltr'><strong>et</strong></span> <span class='ocrx_word' id='word_1_464' title='bbox 1061 5705 1416 5776; x_wconf 85' lang='lat' dir='ltr'><strong>intelligatur,</strong></span> <span class='ocrx_word' id='word_1_465' title='bbox 1443 5719 1459 5750; x_wconf 85' lang='grc'><em>‹</em></span> <span class='ocrx_word' id='word_1_466' title='bbox 1489 5700 1555 5752; x_wconf 86' lang='lat' dir='ltr'><strong>de</strong></span> <span class='ocrx_word' id='word_1_467' title='bbox 1577 5712 1738 5751; x_wconf 87' lang='lat' dir='ltr'><strong>manu</strong></span> <span class='ocrx_word' id='word_1_468' title='bbox 1764 5703 1877 5760; x_wconf 88' lang='lat' dir='ltr'><strong>tua,</strong></span> <span class='ocrx_word' id='word_1_469' title='bbox 1909 5712 1927 5742; x_wconf 70' lang='grc' dir='ltr'><strong>ι</strong></span> <span class='ocrx_word' id='word_1_470' title='bbox 1955 5691 2098 5760; x_wconf 88' lang='lat' dir='ltr'><strong>quod</strong></span> 
     </span>
    </p>
   </div>
   <div class='ocr_carea' id='block_1_57' title="bbox 510 5785 2100 5869">
    <p class='ocr_par' dir='ltr' id='par_1_57' title="bbox 510 5785 2100 5869">
     <span class='ocr_line' id='line_1_57' title="bbox 510 5785 2100 5869; baseline -0.016 -8"><span class='ocrx_word' id='word_1_471' title='bbox 510 5814 629 5869; x_wconf 88' lang='lat' dir='ltr'><strong>est,</strong></span> <span class='ocrx_word' id='word_1_472' title='bbox 665 5823 682 5854; x_wconf 76' lang='grc' dir='ltr'><strong>ι</strong></span> <span class='ocrx_word' id='word_1_473' title='bbox 723 5802 792 5858; x_wconf 84' lang='lat' dir='ltr'><strong>ab</strong></span> <span class='ocrx_word' id='word_1_474' title='bbox 819 5799 1004 5857; x_wconf 89' lang='lat' dir='ltr'><strong>Israel.</strong></span> <span class='ocrx_word' id='word_1_475' title='bbox 1051 5816 1070 5850; x_wconf 72' lang='grc' dir='ltr'><strong>ι</strong></span> <span class='ocrx_word' id='word_1_476' title='bbox 1113 5795 1303 5866; x_wconf 90' lang='lat' dir='ltr'><strong>Populi</strong></span> <span class='ocrx_word' id='word_1_477' title='bbox 1349 5804 1565 5863; x_wconf 90' lang='lat' dir='ltr'><strong>quoque</strong></span> <span class='ocrx_word' id='word_1_478' title='bbox 1606 5785 1767 5842; x_wconf 88' lang='lat' dir='ltr'><strong>Israel</strong></span> <span class='ocrx_word' id='word_1_479' title='bbox 1809 5795 2100 5856; x_wconf 89' lang='lat' dir='ltr'><strong>personam</strong></span> 
     </span>
    </p>
   </div>
   <div class='ocr_carea' id='block_1_58' title="bbox 513 5870 2101 5969">
    <p class='ocr_par' dir='ltr' id='par_1_58' title="bbox 513 5870 2101 5969">
     <span class='ocr_line' id='line_1_58' title="bbox 513 5870 2101 5969; baseline -0.015 -20"><span class='ocrx_word' id='word_1_480' title='bbox 513 5892 747 5969; x_wconf 81' lang='lat' dir='ltr'><strong>ﬁgurate</strong></span> <span class='ocrx_word' id='word_1_481' title='bbox 772 5892 997 5960; x_wconf 73' lang='lat' dir='ltr'><strong>gerebat</strong></span> <span class='ocrx_word' id='word_1_482' title='bbox 1021 5889 1184 5944; x_wconf 90' lang='lat' dir='ltr'><strong>homo</strong></span> <span class='ocrx_word' id='word_1_483' title='bbox 1205 5887 1324 5941; x_wconf 90' lang='lat' dir='ltr'><strong>istc.</strong></span> <span class='ocrx_word' id='word_1_484' title='bbox 1355 5881 1446 5952; x_wconf 91' lang='lat' dir='ltr'><strong>qui</strong></span> <span class='ocrx_word' id='word_1_485' title='bbox 1475 5877 1705 5952; x_wconf 90' lang='lat' dir='ltr'><strong>populus</strong></span> <span class='ocrx_word' id='word_1_486' title='bbox 1730 5889 1958 5948; x_wconf 85' lang='lat' dir='ltr'><strong>regnum</strong></span> <span class='ocrx_word' id='word_1_487' title='bbox 1986 5870 2101 5927; x_wconf 92' lang='lat' dir='ltr'><strong>fue-</strong></span> 
     </span>
    </p>
   </div>
   <div class='ocr_carea' id='block_1_59' title="bbox 1074 385 2063 499">
    <p class='ocr_par' dir='ltr' id='par_1_59' title="bbox 1074 385 2046 499">
     <span class='ocr_line' id='line_1_59' title="bbox 1074 385 2046 499; baseline -0.015 0"><span class='ocrx_word' id='word_1_488' title='bbox 1074 444 1137 499; x_wconf 77' lang='grc' dir='ltr'><strong>Β.</strong></span> <span class='ocrx_word' id='word_1_489' title='bbox 1179 424 1433 497; x_wconf 62' lang='lat' dir='ltr'><strong>uanam</strong></span> <span class='ocrx_word' id='word_1_490' title='bbox 1473 433 1690 492; x_wconf 80' lang='lat' dir='ltr'><strong>MAUBI</strong></span> <span class='ocrx_word' id='word_1_491' title='bbox 1728 385 2046 488; x_wconf 63' lang='lat' dir='ltr'><strong>Ananiae.</strong></span> 
     </span>
    </p>
   </div>
   <div class='ocr_carea' id='block_1_60' title="bbox 2155 385 3014 499">
    <p class='ocr_par' dir='ltr' id='par_1_60' title="bbox 2155 395 3014 483">
     <span class='ocr_line' id='line_1_60' title="bbox 2155 395 3014 483; baseline -0.021 0"><span class='ocrx_word' id='word_1_492' title='bbox 2155 409 2393 483; x_wconf 78' lang='lat' dir='ltr'><strong>)cu&#39;Nr.</strong></span> <span class='ocrx_word' id='word_1_493' title='bbox 2431 395 2934 476; x_wconf 60' lang='lat' dir='ltr'><strong>araneantes</strong></span> <span class='ocrx_word' id='word_1_494' title='bbox 2969 410 3014 468; x_wconf 92' lang='grc' dir='ltr'>ι.</span> 
     </span>
    </p>
   </div>
   <div class='ocr_carea' id='block_1_61' title="bbox 1007 507 3684 617">
    <p class='ocr_par' dir='ltr' id='par_1_61' title="bbox 1007 507 3684 617">
     <span class='ocr_line' id='line_1_61' title="bbox 1007 507 3684 617; baseline -0.019 -1"><span class='ocrx_word' id='word_1_495' title='bbox 1007 568 1062 615; x_wconf 92' lang='lat' dir='ltr'><strong>et</strong></span> <span class='ocrx_word' id='word_1_496' title='bbox 1082 557 1340 614; x_wconf 88' lang='lat' dir='ltr'><strong>obediens</strong></span> <span class='ocrx_word' id='word_1_497' title='bbox 1359 552 1478 608; x_wconf 87' lang='lat' dir='ltr'><strong>voci</strong></span> <span class='ocrx_word' id='word_1_498' title='bbox 1499 565 1707 606; x_wconf 90' lang='lat' dir='ltr'><strong>eorum.</strong></span> <span class='ocrx_word' id='word_1_499' title='bbox 1738 545 1845 617; x_wconf 78' lang='lat' dir='ltr'><strong>sed</strong></span> <span class='ocrx_word' id='word_1_500' title='bbox 1865 558 2008 598; x_wconf 91' lang='lat' dir='ltr'><strong>nunc</strong></span> <span class='ocrx_word' id='word_1_501' title='bbox 2035 514 2195 612; x_wconf 73' lang='lat' dir='ltr'><strong>Arat</strong></span> <span class='ocrx_word' id='word_1_502' title='bbox 2229 537 2546 599; x_wconf 89' lang='lat' dir='ltr'><strong>amissurus,</strong></span> <span class='ocrx_word' id='word_1_503' title='bbox 2575 529 2790 586; x_wconf 88' lang='lat' dir='ltr'><strong>Christo</strong></span> <span class='ocrx_word' id='word_1_504' title='bbox 2817 525 2946 582; x_wconf 86' lang='lat' dir='ltr'><strong>Jesu</strong></span> <span class='ocrx_word' id='word_1_505' title='bbox 2973 515 3201 577; x_wconf 85' lang='lat' dir='ltr'><strong>Domino</strong></span> <span class='ocrx_word' id='word_1_506' title='bbox 3217 510 3414 572; x_wconf 65' lang='lat' dir='ltr'><strong>nostro</strong></span> <span class='ocrx_word' id='word_1_507' title='bbox 3438 511 3538 583; x_wconf 82' lang='lat' dir='ltr'><strong>per</strong></span> <span class='ocrx_word' id='word_1_508' title='bbox 3569 507 3684 566; x_wconf 79' lang='lat' dir='ltr'><strong>No-</strong></span> 
     </span>
    </p>
   </div>
   <div class='ocr_carea' id='block_1_62' title="bbox 3607 399 3680 457">
    <p class='ocr_par' dir='ltr' id='par_1_62' title="bbox 3607 399 3680 457">
     <span class='ocr_line' id='line_1_62' title="bbox 3607 399 3680 457; baseline -0.027 -2"><span class='ocrx_word' id='word_1_509' title='bbox 3607 399 3680 457; x_wconf 60' lang='grc'><strong>18</strong></span> 
     </span>
    </p>
   </div>
   <div class='ocr_carea' id='block_1_63' title="bbox 2108 603 3689 690">
    <p class='ocr_par' dir='ltr' id='par_1_63' title="bbox 2108 603 3689 690">
     <span class='ocr_line' id='line_1_63' title="bbox 2108 603 3689 690; baseline -0.022 1"><span class='ocrx_word' id='word_1_510' title='bbox 2108 651 2232 690; x_wconf 86' lang='lat' dir='ltr'><strong>vum</strong></span> <span class='ocrx_word' id='word_1_511' title='bbox 2271 632 2674 688; x_wconf 89' lang='lat' dir='ltr'><strong>Testamentum</strong></span> <span class='ocrx_word' id='word_1_512' title='bbox 2712 637 2821 678; x_wconf 93' lang='lat' dir='ltr'><strong>non</strong></span> <span class='ocrx_word' id='word_1_513' title='bbox 2869 613 3191 677; x_wconf 86' lang='lat' dir='ltr'><strong>carnaliter,</strong></span> <span class='ocrx_word' id='word_1_514' title='bbox 3238 609 3332 665; x_wconf 86' lang='lat' dir='ltr'><strong>sed</strong></span> <span class='ocrx_word' id='word_1_515' title='bbox 3372 603 3689 678; x_wconf 85' lang='lat' dir='ltr'><strong>spiritaliter</strong></span> 
     </span>
    </p>
   </div>
   <div class='ocr_carea' id='block_1_64' title="bbox 2110 692 3689 800">
    <p class='ocr_par' dir='ltr' id='par_1_64' title="bbox 2110 692 3689 800">
     <span class='ocr_line' id='line_1_64' title="bbox 2110 692 3689 800; baseline -0.025 -15"><span class='ocrx_word' id='word_1_516' title='bbox 2110 735 2423 800; x_wconf 88' lang='lat' dir='ltr'><strong>regnaturo.</strong></span> <span class='ocrx_word' id='word_1_517' title='bbox 2471 721 2548 776; x_wconf 92' lang='lat' dir='ltr'><strong>De</strong></span> <span class='ocrx_word' id='word_1_518' title='bbox 2591 733 2699 791; x_wconf 90' lang='lat' dir='ltr'><strong>quo</strong></span> <span class='ocrx_word' id='word_1_519' title='bbox 2739 716 2865 772; x_wconf 90' lang='lat' dir='ltr'><strong>dum</strong></span> <span class='ocrx_word' id='word_1_520' title='bbox 2905 709 3100 767; x_wconf 88' lang='lat' dir='ltr'><strong>dicitur</strong></span> <span class='ocrx_word' id='word_1_521' title='bbox 3139 721 3153 758; x_wconf 90' lang='lat'><strong>:</strong></span> <span class='ocrx_word' id='word_1_522' title='bbox 3204 721 3223 755; x_wconf 84' lang='grc'><em>‹</em></span> <span class='ocrx_word' id='word_1_523' title='bbox 3269 700 3339 756; x_wconf 84' lang='grc' dir='ltr'><strong>Εῑ</strong></span> <span class='ocrx_word' id='word_1_524' title='bbox 3379 696 3526 754; x_wconf 88' lang='lat' dir='ltr'><strong>dabit</strong></span> <span class='ocrx_word' id='word_1_525' title='bbox 3558 692 3689 750; x_wconf 87' lang='lat' dir='ltr'><strong>illud</strong></span> 
     </span>
    </p>
   </div>
   <div class='ocr_carea' id='block_1_65' title="bbox 2110 785 3688 894">
    <p class='ocr_par' dir='ltr' id='par_1_65' title="bbox 2110 785 3688 894">
     <span class='ocr_line' id='line_1_65' title="bbox 2110 785 3688 894; baseline -0.027 -17"><span class='ocrx_word' id='word_1_526' title='bbox 2110 819 2357 894; x_wconf 79' lang='lat' dir='ltr'><strong>proximo</strong></span> <span class='ocrx_word' id='word_1_527' title='bbox 2395 826 2518 879; x_wconf 86' lang='lat' dir='ltr'><strong>tuo,</strong></span> <span class='ocrx_word' id='word_1_528' title='bbox 2559 831 2578 864; x_wconf 85' lang='grc'><strong>›</strong></span> <span class='ocrx_word' id='word_1_529' title='bbox 2612 810 2680 864; x_wconf 92' lang='lat' dir='ltr'><strong>ad</strong></span> <span class='ocrx_word' id='word_1_530' title='bbox 2711 804 2892 863; x_wconf 90' lang='lat' dir='ltr'><strong>carnis</strong></span> <span class='ocrx_word' id='word_1_531' title='bbox 2929 795 3304 871; x_wconf 87' lang='lat' dir='ltr'><strong>cognationem</strong></span> <span class='ocrx_word' id='word_1_532' title='bbox 3340 788 3397 845; x_wconf 92' lang='lat' dir='ltr'><strong>id</strong></span> <span class='ocrx_word' id='word_1_533' title='bbox 3435 785 3688 842; x_wconf 79' lang='lat' dir='ltr'><strong>refertur.</strong></span> 
     </span>
    </p>
   </div>
   <div class='ocr_carea' id='block_1_66' title="bbox 2114 877 3697 981">
    <p class='ocr_par' dir='ltr' id='par_1_66' title="bbox 2114 877 3697 981">
     <span class='ocr_line' id='line_1_66' title="bbox 2114 877 3697 981; baseline -0.025 -13"><span class='ocrx_word' id='word_1_534' title='bbox 2114 877 2191 969; x_wconf 63' lang='lat' dir='ltr'><strong>lix</strong></span> <span class='ocrx_word' id='word_1_535' title='bbox 2219 907 2383 966; x_wconf 84' lang='lat' dir='ltr'><strong>Israel</strong></span> <span class='ocrx_word' id='word_1_536' title='bbox 2418 877 2561 961; x_wconf 88' lang='lat' dir='ltr'><strong>enim</strong></span> <span class='ocrx_word' id='word_1_537' title='bbox 2579 901 2842 981; x_wconf 87' lang='lat' dir='ltr'><strong>Christus</strong></span> <span class='ocrx_word' id='word_1_538' title='bbox 2872 890 3168 952; x_wconf 86' lang='lat' dir='ltr'><strong>secundum</strong></span> <span class='ocrx_word' id='word_1_539' title='bbox 3195 895 3435 945; x_wconf 88' lang='lat' dir='ltr'><strong>carnem,</strong></span> <span class='ocrx_word' id='word_1_540' title='bbox 3459 877 3604 934; x_wconf 87' lang='lat' dir='ltr'><strong>unde</strong></span> <span class='ocrx_word' id='word_1_541' title='bbox 3639 881 3697 930; x_wconf 85' lang='lat' dir='ltr'><strong>et</strong></span> 
     </span>
    </p>
   </div>
   <div class='ocr_carea' id='block_1_67' title="bbox 2116 977 3698 1068">
    <p class='ocr_par' dir='ltr' id='par_1_67' title="bbox 2116 977 3698 1068">
     <span class='ocr_line' id='line_1_67' title="bbox 2116 977 3698 1068; baseline -0.027 -8"><span class='ocrx_word' id='word_1_542' title='bbox 2116 1001 2263 1060; x_wconf 91' lang='lat' dir='ltr'><strong>Saul.</strong></span> <span class='ocrx_word' id='word_1_543' title='bbox 2295 997 2448 1068; x_wconf 88' lang='lat' dir='ltr'><strong>Quod</strong></span> <span class='ocrx_word' id='word_1_544' title='bbox 2472 977 2602 1050; x_wconf 88' lang='lat' dir='ltr'><strong>vero</strong></span> <span class='ocrx_word' id='word_1_545' title='bbox 2629 990 2868 1046; x_wconf 90' lang='lat' dir='ltr'><strong>additum</strong></span> <span class='ocrx_word' id='word_1_546' title='bbox 2894 991 3000 1049; x_wconf 92' lang='lat' dir='ltr'><strong>est,</strong></span> <span class='ocrx_word' id='word_1_547' title='bbox 3035 1001 3053 1033; x_wconf 85' lang='grc'><strong>‹</strong></span> <span class='ocrx_word' id='word_1_548' title='bbox 3089 979 3232 1034; x_wconf 90' lang='lat' dir='ltr'><strong>bono</strong></span> <span class='ocrx_word' id='word_1_549' title='bbox 3258 986 3422 1043; x_wconf 89' lang='lat' dir='ltr'><strong>super</strong></span> <span class='ocrx_word' id='word_1_550' title='bbox 3446 977 3520 1032; x_wconf 94' lang='lat' dir='ltr'><strong>te,</strong></span> <span class='ocrx_word' id='word_1_551' title='bbox 3560 985 3578 1017; x_wconf 78' lang='grc' dir='ltr'><strong>ι</strong></span> <span class='ocrx_word' id='word_1_552' title='bbox 3604 979 3698 1035; x_wconf 87' lang='lat' dir='ltr'><strong>po-</strong></span> 
     </span>
    </p>
   </div>
   <div class='ocr_carea' id='block_1_68' title="bbox 2117 1057 3696 1164">
    <p class='ocr_par' dir='ltr' id='par_1_68' title="bbox 2117 1057 3696 1164">
     <span class='ocr_line' id='line_1_68' title="bbox 2117 1057 3696 1164; baseline -0.027 -12"><span class='ocrx_word' id='word_1_553' title='bbox 2117 1103 2224 1152; x_wconf 90' lang='lat' dir='ltr'><strong>test</strong></span> <span class='ocrx_word' id='word_1_554' title='bbox 2251 1057 2466 1164; x_wconf 60' lang='lat' dir='ltr'><strong>quidem</strong></span> <span class='ocrx_word' id='word_1_555' title='bbox 2496 1085 2742 1156; x_wconf 87' lang='lat' dir='ltr'><strong>intelligi,</strong></span> <span class='ocrx_word' id='word_1_556' title='bbox 2781 1102 2800 1134; x_wconf 78' lang='grc' dir='ltr'><strong>ι</strong></span> <span class='ocrx_word' id='word_1_557' title='bbox 2829 1075 3040 1136; x_wconf 90' lang='lat' dir='ltr'><strong>meliori</strong></span> <span class='ocrx_word' id='word_1_558' title='bbox 3069 1083 3150 1138; x_wconf 86' lang='lat' dir='ltr'><strong>te;</strong></span> <span class='ocrx_word' id='word_1_559' title='bbox 3191 1090 3210 1122; x_wconf 78' lang='grc' dir='ltr'><strong>ι</strong></span> <span class='ocrx_word' id='word_1_560' title='bbox 3239 1081 3366 1124; x_wconf 88' lang='lat' dir='ltr'><strong>nam</strong></span> <span class='ocrx_word' id='word_1_561' title='bbox 3395 1070 3451 1119; x_wconf 88' lang='lat' dir='ltr'><strong>et</strong></span> <span class='ocrx_word' id='word_1_562' title='bbox 3476 1057 3696 1131; x_wconf 88' lang='lat' dir='ltr'><strong>quidam</strong></span> 
     </span>
    </p>
   </div>
   <div class='ocr_carea' id='block_1_69' title="bbox 2119 1151 3699 1252">
    <p class='ocr_par' dir='ltr' id='par_1_69' title="bbox 2119 1151 3699 1252">
     <span class='ocr_line' id='line_1_69' title="bbox 2119 1151 3699 1252; baseline -0.03 -5"><span class='ocrx_word' id='word_1_563' title='bbox 2119 1191 2198 1247; x_wconf 90' lang='lat' dir='ltr'><strong>sic</strong></span> <span class='ocrx_word' id='word_1_564' title='bbox 2221 1195 2348 1244; x_wconf 92' lang='lat' dir='ltr'><strong>sunt</strong></span> <span class='ocrx_word' id='word_1_565' title='bbox 2367 1151 2728 1252; x_wconf 73' lang='lat' dir='ltr'><strong>interpretati.</strong></span> <span class='ocrx_word' id='word_1_566' title='bbox 2753 1171 2861 1230; x_wconf 89' lang='lat' dir='ltr'><strong>Sed</strong></span> <span class='ocrx_word' id='word_1_567' title='bbox 2879 1167 3072 1226; x_wconf 91' lang='lat' dir='ltr'><strong>melius</strong></span> <span class='ocrx_word' id='word_1_568' title='bbox 3097 1163 3177 1220; x_wconf 90' lang='lat' dir='ltr'><strong>sic</strong></span> <span class='ocrx_word' id='word_1_569' title='bbox 3201 1158 3482 1228; x_wconf 89' lang='lat' dir='ltr'><strong>accipitur,</strong></span> <span class='ocrx_word' id='word_1_570' title='bbox 3513 1172 3531 1202; x_wconf 84' lang='grc'><em>‹</em></span> <span class='ocrx_word' id='word_1_571' title='bbox 3560 1151 3699 1204; x_wconf 81' lang='lat' dir='ltr'><strong>bono</strong></span> 
     </span>
    </p>
   </div>
   <div class='ocr_carea' id='block_1_70' title="bbox 2122 1250 3699 1352">
    <p class='ocr_par' dir='ltr' id='par_1_70' title="bbox 2122 1250 3699 1352">
     <span class='ocr_line' id='line_1_70' title="bbox 2122 1250 3699 1352; baseline -0.029 -14"><span class='ocrx_word' id='word_1_572' title='bbox 2122 1295 2284 1352; x_wconf 90' lang='lat' dir='ltr'><strong>super</strong></span> <span class='ocrx_word' id='word_1_573' title='bbox 2315 1289 2384 1339; x_wconf 90' lang='lat' dir='ltr'><strong>te,</strong></span> <span class='ocrx_word' id='word_1_574' title='bbox 2417 1293 2435 1326; x_wconf 73' lang='grc' dir='ltr'><strong>ι</strong></span> <span class='ocrx_word' id='word_1_575' title='bbox 2469 1250 2530 1326; x_wconf 78' lang='lat' dir='ltr'><strong>ut</strong></span> <span class='ocrx_word' id='word_1_576' title='bbox 2563 1269 2689 1341; x_wconf 87' lang='lat' dir='ltr'><strong>quia</strong></span> <span class='ocrx_word' id='word_1_577' title='bbox 2721 1265 2808 1321; x_wconf 91' lang='lat' dir='ltr'><strong>ille</strong></span> <span class='ocrx_word' id='word_1_578' title='bbox 2835 1264 3010 1318; x_wconf 90' lang='lat' dir='ltr'><strong>bonus</strong></span> <span class='ocrx_word' id='word_1_579' title='bbox 3035 1265 3150 1321; x_wconf 91' lang='lat' dir='ltr'><strong>est,</strong></span> <span class='ocrx_word' id='word_1_580' title='bbox 3183 1253 3304 1308; x_wconf 90' lang='lat' dir='ltr'><strong>ideo</strong></span> <span class='ocrx_word' id='word_1_581' title='bbox 3336 1250 3408 1304; x_wconf 91' lang='lat' dir='ltr'><strong>sit</strong></span> <span class='ocrx_word' id='word_1_582' title='bbox 3435 1259 3597 1316; x_wconf 90' lang='lat' dir='ltr'><strong>super</strong></span> <span class='ocrx_word' id='word_1_583' title='bbox 3625 1250 3699 1305; x_wconf 91' lang='lat' dir='ltr'><strong>te,</strong></span> 
     </span>
    </p>
   </div>
   <div class='ocr_carea' id='block_1_71' title="bbox 2118 1346 3703 1445">
    <p class='ocr_par' dir='ltr' id='par_1_71' title="bbox 2118 1346 3703 1445">
     <span class='ocr_line' id='line_1_71' title="bbox 2118 1346 3703 1445; baseline -0.028 -16"><span class='ocrx_word' id='word_1_584' title='bbox 2118 1346 2272 1445; x_wconf 66' lang='lat' dir='ltr'><strong>juxta</strong></span> <span class='ocrx_word' id='word_1_585' title='bbox 2309 1367 2440 1424; x_wconf 90' lang='lat' dir='ltr'><strong>illud</strong></span> <span class='ocrx_word' id='word_1_586' title='bbox 2469 1363 2615 1419; x_wconf 92' lang='lat' dir='ltr'><strong>aliud</strong></span> <span class='ocrx_word' id='word_1_587' title='bbox 2642 1355 3012 1431; x_wconf 88' lang='lat' dir='ltr'><strong>propheticum</strong></span> <span class='ocrx_word' id='word_1_588' title='bbox 3041 1367 3054 1404; x_wconf 93' lang='lat'>:</span> <span class='ocrx_word' id='word_1_589' title='bbox 3091 1368 3107 1400; x_wconf 74' lang='grc' dir='ltr'><strong>ι</strong></span> <span class='ocrx_word' id='word_1_590' title='bbox 3144 1347 3327 1401; x_wconf 89' lang='lat' dir='ltr'><strong>Donec</strong></span> <span class='ocrx_word' id='word_1_591' title='bbox 3362 1350 3561 1409; x_wconf 90' lang='lat' dir='ltr'><strong>ponam</strong></span> <span class='ocrx_word' id='word_1_592' title='bbox 3587 1346 3703 1387; x_wconf 86' lang='lat' dir='ltr'><strong>om-</strong></span> 
     </span>
    </p>
   </div>
   <div class='ocr_carea' id='block_1_72' title="bbox 2126 1423 3704 1522">
    <p class='ocr_par' dir='ltr' id='par_1_72' title="bbox 2126 1423 3704 1522">
     <span class='ocr_line' id='line_1_72' title="bbox 2126 1423 3704 1522; baseline -0.03 0"><span class='ocrx_word' id='word_1_593' title='bbox 2126 1423 2224 1522; x_wconf 61' lang='lat' dir='ltr'><strong>ires</strong></span> <span class='ocrx_word' id='word_1_594' title='bbox 2252 1461 2499 1518; x_wconf 91' lang='lat' dir='ltr'><strong>inimicos</strong></span> <span class='ocrx_word' id='word_1_595' title='bbox 2537 1423 2659 1510; x_wconf 79' lang='lat' dir='ltr'><strong>tuos</strong></span> <span class='ocrx_word' id='word_1_596' title='bbox 2687 1423 2786 1507; x_wconf 77' lang='lat' dir='ltr'><strong>sub</strong></span> <span class='ocrx_word' id='word_1_597' title='bbox 2811 1444 3038 1517; x_wconf 86' lang='lat' dir='ltr'><strong>pedibus</strong></span> <span class='ocrx_word' id='word_1_598' title='bbox 3073 1439 3178 1494; x_wconf 90' lang='lat' dir='ltr'><strong>tuis</strong></span> <span class='ocrx_word' id='word_1_599' title='bbox 3216 1431 3389 1508; x_wconf 78' lang='lat' dir='ltr'><strong>(Psat.</strong></span> <span class='ocrx_word' id='word_1_600' title='bbox 3427 1426 3556 1493; x_wconf 80' lang='lat' dir='ltr'><strong>cut),</strong></span> <span class='ocrx_word' id='word_1_601' title='bbox 3599 1443 3618 1475; x_wconf 75' lang='grc' dir='ltr'><strong>ι</strong></span> <span class='ocrx_word' id='word_1_602' title='bbox 3650 1423 3704 1476; x_wconf 90' lang='lat' dir='ltr'><strong>in</strong></span> 
     </span>
    </p>
   </div>
   <div class='ocr_carea' id='block_1_73' title="bbox 2129 1515 3709 1628">
    <p class='ocr_par' dir='ltr' id='par_1_73' title="bbox 2129 1515 3709 1628">
     <span class='ocr_line' id='line_1_73' title="bbox 2129 1515 3709 1628; baseline -0.03 -15"><span class='ocrx_word' id='word_1_603' title='bbox 2129 1557 2326 1628; x_wconf 90' lang='lat' dir='ltr'><strong>quibus</strong></span> <span class='ocrx_word' id='word_1_604' title='bbox 2354 1557 2508 1608; x_wconf 92' lang='lat' dir='ltr'><strong>estet</strong></span> <span class='ocrx_word' id='word_1_605' title='bbox 2529 1543 2718 1609; x_wconf 86' lang='lat' dir='ltr'><strong>Israel,</strong></span> <span class='ocrx_word' id='word_1_606' title='bbox 2745 1515 2832 1596; x_wconf 90' lang='lat' dir='ltr'><strong>cui</strong></span> <span class='ocrx_word' id='word_1_607' title='bbox 2861 1551 2960 1594; x_wconf 90' lang='lat' dir='ltr'><strong>suo</strong></span> <span class='ocrx_word' id='word_1_608' title='bbox 2986 1526 3320 1604; x_wconf 88' lang='lat' dir='ltr'><strong>persecutori</strong></span> <span class='ocrx_word' id='word_1_609' title='bbox 3336 1533 3561 1592; x_wconf 88' lang='lat' dir='ltr'><strong>regnum</strong></span> <span class='ocrx_word' id='word_1_610' title='bbox 3582 1515 3709 1570; x_wconf 86' lang='lat' dir='ltr'><strong>abs-</strong></span> 
     </span>
    </p>
   </div>
   <div class='ocr_carea' id='block_1_74' title="bbox 2130 1604 3710 1706">
    <p class='ocr_par' dir='ltr' id='par_1_74' title="bbox 2130 1604 3710 1706">
     <span class='ocr_line' id='line_1_74' title="bbox 2130 1604 3710 1706; baseline -0.029 -2"><span class='ocrx_word' id='word_1_611' title='bbox 2130 1604 2252 1704; x_wconf 49' lang='lat' dir='ltr'><strong>tlulit</strong></span> <span class='ocrx_word' id='word_1_612' title='bbox 2277 1643 2550 1703; x_wconf 83' lang='lat' dir='ltr'><strong>ChriStus,</strong></span> <span class='ocrx_word' id='word_1_613' title='bbox 2599 1604 2848 1706; x_wconf 79' lang='lat' dir='ltr'><strong>quamvis</strong></span> <span class='ocrx_word' id='word_1_614' title='bbox 2876 1626 3041 1684; x_wconf 83' lang='lat' dir='ltr'><strong>fuerit</strong></span> <span class='ocrx_word' id='word_1_615' title='bbox 3069 1623 3180 1678; x_wconf 89' lang='lat' dir='ltr'><strong>illic</strong></span> <span class='ocrx_word' id='word_1_616' title='bbox 3206 1626 3260 1674; x_wconf 90' lang='lat' dir='ltr'><strong>et</strong></span> <span class='ocrx_word' id='word_1_617' title='bbox 3289 1636 3307 1668; x_wconf 75' lang='grc' dir='ltr'><strong>ι</strong></span> <span class='ocrx_word' id='word_1_618' title='bbox 3341 1610 3608 1672; x_wconf 85' lang='lat' dir='ltr'><strong>Israelita,</strong></span> <span class='ocrx_word' id='word_1_619' title='bbox 3654 1604 3710 1659; x_wconf 90' lang='lat' dir='ltr'><strong>in</strong></span> 
     </span>
    </p>
   </div>
   <div class='ocr_carea' id='block_1_75' title="bbox 2131 1703 3711 1812">
    <p class='ocr_par' dir='ltr' id='par_1_75' title="bbox 2131 1703 3711 1812">
     <span class='ocr_line' id='line_1_75' title="bbox 2131 1703 3711 1812; baseline -0.03 -15"><span class='ocrx_word' id='word_1_620' title='bbox 2131 1756 2239 1812; x_wconf 92' lang='lat' dir='ltr'><strong>quo</strong></span> <span class='ocrx_word' id='word_1_621' title='bbox 2267 1736 2420 1793; x_wconf 92' lang='lat' dir='ltr'><strong>dolus</strong></span> <span class='ocrx_word' id='word_1_622' title='bbox 2452 1747 2558 1787; x_wconf 91' lang='lat' dir='ltr'><strong>non</strong></span> <span class='ocrx_word' id='word_1_623' title='bbox 2588 1703 2708 1783; x_wconf 72' lang='lat' dir='ltr'><strong>erat</strong></span> <span class='ocrx_word' id='word_1_624' title='bbox 2733 1723 2914 1796; x_wconf 83' lang='lat' dir='ltr'><strong>(Joan.</strong></span> <span class='ocrx_word' id='word_1_625' title='bbox 2945 1717 3008 1790; x_wconf 86' lang='grc' dir='ltr'><strong>ι),</strong></span> <span class='ocrx_word' id='word_1_626' title='bbox 3039 1735 3058 1767; x_wconf 70' lang='grc' dir='ltr'><strong>ι</strong></span> <span class='ocrx_word' id='word_1_627' title='bbox 3089 1710 3360 1785; x_wconf 89' lang='lat' dir='ltr'><strong>quoddam</strong></span> <span class='ocrx_word' id='word_1_628' title='bbox 3381 1703 3711 1760; x_wconf 79' lang='lat' dir='ltr'><strong>frumentum</strong></span> 
     </span>
    </p>
   </div>
   <div class='ocr_carea' id='block_1_76' title="bbox 2133 1799 3712 1903">
    <p class='ocr_par' dir='ltr' id='par_1_76' title="bbox 2133 1799 3712 1903">
     <span class='ocr_line' id='line_1_76' title="bbox 2133 1799 3712 1903; baseline -0.028 -15"><span class='ocrx_word' id='word_1_629' title='bbox 2133 1799 2287 1903; x_wconf 78' lang='lat' dir='ltr'><strong>quasi</strong></span> <span class='ocrx_word' id='word_1_630' title='bbox 2315 1828 2528 1883; x_wconf 89' lang='lat' dir='ltr'><strong>illarum</strong></span> <span class='ocrx_word' id='word_1_631' title='bbox 2555 1819 2856 1892; x_wconf 88' lang='lat' dir='ltr'><strong>palearum.</strong></span> <span class='ocrx_word' id='word_1_632' title='bbox 2881 1810 3018 1866; x_wconf 83' lang='lat' dir='ltr'><strong>Nam</strong></span> <span class='ocrx_word' id='word_1_633' title='bbox 3045 1805 3232 1874; x_wconf 89' lang='lat' dir='ltr'><strong>utique</strong></span> <span class='ocrx_word' id='word_1_634' title='bbox 3252 1799 3379 1856; x_wconf 86' lang='lat' dir='ltr'><strong>inde</strong></span> <span class='ocrx_word' id='word_1_635' title='bbox 3403 1799 3560 1852; x_wconf 84' lang='lat' dir='ltr'><strong>erant</strong></span> <span class='ocrx_word' id='word_1_636' title='bbox 3580 1803 3712 1860; x_wconf 91' lang='lat' dir='ltr'><strong>apo-</strong></span> 
     </span>
    </p>
   </div>
   <div class='ocr_carea' id='block_1_77' title="bbox 2135 1887 3718 1989">
    <p class='ocr_par' dir='ltr' id='par_1_77' title="bbox 2135 1887 3718 1989">
     <span class='ocr_line' id='line_1_77' title="bbox 2135 1887 3718 1989; baseline -0.028 -8"><span class='ocrx_word' id='word_1_637' title='bbox 2135 1887 2256 1981; x_wconf 71' lang='lat' dir='ltr'><strong>stoli</strong></span> <span class='ocrx_word' id='word_1_638' title='bbox 2277 1963 2292 1989; x_wconf 97' lang='lat'><strong>,</strong></span> <span class='ocrx_word' id='word_1_639' title='bbox 2323 1920 2451 1975; x_wconf 91' lang='lat' dir='ltr'><strong>inde</strong></span> <span class='ocrx_word' id='word_1_640' title='bbox 2473 1887 2849 1980; x_wconf 50' lang='lat' dir='ltr'><strong>tot-martyres</strong></span> <span class='ocrx_word' id='word_1_641' title='bbox 2871 1947 2885 1972; x_wconf 95' lang='lat'><strong>,</strong></span> <span class='ocrx_word' id='word_1_642' title='bbox 2917 1914 3147 1974; x_wconf 88' lang='lat' dir='ltr'><strong>quorum</strong></span> <span class='ocrx_word' id='word_1_643' title='bbox 3173 1896 3383 1970; x_wconf 90' lang='lat' dir='ltr'><strong>primus</strong></span> <span class='ocrx_word' id='word_1_644' title='bbox 3410 1887 3718 1959; x_wconf 89' lang='lat' dir='ltr'><strong>Stephanus</strong></span> 
     </span>
    </p>
   </div>
   <div class='ocr_carea' id='block_1_78' title="bbox 2137 1974 3720 2089">
    <p class='ocr_par' dir='ltr' id='par_1_78' title="bbox 2137 1974 3720 2089">
     <span class='ocr_line' id='line_1_78' title="bbox 2137 1974 3720 2089; baseline -0.027 -19"><span class='ocrx_word' id='word_1_645' title='bbox 2309 2009 2443 2081; x_wconf 89' lang='lat' dir='ltr'><strong>vn);</strong></span> <span class='ocrx_word' id='word_1_646' title='bbox 2484 2005 2609 2061; x_wconf 91' lang='lat' dir='ltr'><strong>inde</strong></span> <span class='ocrx_word' id='word_1_647' title='bbox 2636 1974 3023 2060; x_wconf 39' lang='lat' dir='ltr'><strong>tot-Ecclesiae,</strong></span> <span class='ocrx_word' id='word_1_648' title='bbox 3054 2003 3189 2061; x_wconf 88' lang='lat' dir='ltr'><strong>quas</strong></span> <span class='ocrx_word' id='word_1_649' title='bbox 3217 1982 3494 2058; x_wconf 88' lang='lat' dir='ltr'><strong>apostolus</strong></span> <span class='ocrx_word' id='word_1_650' title='bbox 3522 1974 3720 2034; x_wconf 83' lang='lat' dir='ltr'><strong>Paulus</strong></span> 
     </span>
    </p>
   </div>
   <div class='ocr_carea' id='block_1_79' title="bbox 2139 2066 3719 2166">
    <p class='ocr_par' dir='ltr' id='par_1_79' title="bbox 2139 2066 3719 2166">
     <span class='ocr_line' id='line_1_79' title="bbox 2139 2066 2442 2089; baseline -0.03 0"><span class='ocrx_word' id='word_1_651' title='bbox 2139 2066 2197 2089; x_wconf 39' lang='lat' dir='ltr'><strong>\V</strong></span> <span class='ocrx_word' id='word_1_652' title='bbox 2213 2066 2224 2068; x_wconf 87' lang='grc'><strong><em>“</em></strong></span> <span class='ocrx_word' id='word_1_653' title='bbox 2240 2066 2248 2067; x_wconf 61' lang='lat'><strong><em>&#39;</em></strong></span> <span class='ocrx_word' id='word_1_654' title='bbox 2265 2066 2272 2068; x_wconf 72' lang='lat'><strong><em>&#39;</em></strong></span> <span class='ocrx_word' id='word_1_655' title='bbox 2346 2066 2350 2067; x_wconf 70' lang='lat'><strong><em>&#39;</em></strong></span> <span class='ocrx_word' id='word_1_656' title='bbox 2391 2066 2404 2081; x_wconf 76' lang='grc' dir='ltr'><strong>ι</strong></span> <span class='ocrx_word' id='word_1_657' title='bbox 2430 2066 2442 2075; x_wconf 83' lang='grc' dir='ltr'><strong>ι</strong></span> 
     </span>
     <span class='ocr_line' id='line_1_80' title="bbox 2139 2066 3719 2166; baseline -0.028 -1"><span class='ocrx_word' id='word_1_658' title='bbox 2139 2107 2564 2166; x_wconf 88' lang='lat' dir='ltr'><strong>commemorat,</strong></span> <span class='ocrx_word' id='word_1_659' title='bbox 2608 2097 2665 2151; x_wconf 93' lang='lat' dir='ltr'><strong>in</strong></span> <span class='ocrx_word' id='word_1_660' title='bbox 2705 2088 3055 2149; x_wconf 90' lang='lat' dir='ltr'><strong>conversione</strong></span> <span class='ocrx_word' id='word_1_661' title='bbox 3094 2077 3505 2152; x_wconf 81' lang='lat' dir='ltr'><strong>magnificantes</strong></span> <span class='ocrx_word' id='word_1_662' title='bbox 3532 2066 3719 2126; x_wconf 91' lang='lat' dir='ltr'><strong>Domi-</strong></span> 
     </span>
    </p>
   </div>
   <div class='ocr_carea' id='block_1_80' title="bbox 2140 2161 3725 2266">
    <p class='ocr_par' dir='ltr' id='par_1_80' title="bbox 2140 2161 3725 2266">
     <span class='ocr_line' id='line_1_81' title="bbox 2140 2161 3725 2266; baseline -0.028 -8"><span class='ocrx_word' id='word_1_663' title='bbox 2321 2199 2399 2253; x_wconf 86' lang='lat' dir='ltr'><strong>De</strong></span> <span class='ocrx_word' id='word_1_664' title='bbox 2428 2161 2633 2266; x_wconf 26' lang='lat' dir='ltr'><strong>qua’re</strong></span> <span class='ocrx_word' id='word_1_665' title='bbox 2677 2201 2787 2242; x_wconf 92' lang='lat' dir='ltr'><strong>non</strong></span> <span class='ocrx_word' id='word_1_666' title='bbox 2826 2181 3012 2239; x_wconf 90' lang='lat' dir='ltr'><strong>dubito</strong></span> <span class='ocrx_word' id='word_1_667' title='bbox 3037 2170 3440 2244; x_wconf 86' lang='lat' dir='ltr'><strong>intelligendum</strong></span> <span class='ocrx_word' id='word_1_668' title='bbox 3468 2161 3613 2236; x_wconf 92' lang='lat' dir='ltr'><strong>quod</strong></span> <span class='ocrx_word' id='word_1_669' title='bbox 3639 2172 3725 2215; x_wconf 85' lang='lat' dir='ltr'><strong>se-</strong></span> 
     </span>
    </p>
   </div>
   <div class='ocr_carea' id='block_1_81' title="bbox 2141 2249 3724 2362">
    <p class='ocr_par' dir='ltr' id='par_1_81' title="bbox 2141 2249 3724 2362">
     <span class='ocr_line' id='line_1_82' title="bbox 2141 2249 3724 2362; baseline -0.028 -14"><span class='ocrx_word' id='word_1_670' title='bbox 2431 2249 2501 2340; x_wconf 65' lang='grc' dir='ltr'><strong>ἑι.</strong></span> <span class='ocrx_word' id='word_1_671' title='bbox 2530 2279 2798 2338; x_wconf 87' lang='lat' dir='ltr'><strong>dividetur</strong></span> <span class='ocrx_word' id='word_1_672' title='bbox 2827 2270 2993 2329; x_wconf 90' lang='lat' dir='ltr'><strong>Israel</strong></span> <span class='ocrx_word' id='word_1_673' title='bbox 3033 2269 3088 2324; x_wconf 92' lang='lat' dir='ltr'><strong>in</strong></span> <span class='ocrx_word' id='word_1_674' title='bbox 3118 2266 3244 2323; x_wconf 89' lang='lat' dir='ltr'><strong>duo.</strong></span> <span class='ocrx_word' id='word_1_675' title='bbox 3281 2280 3299 2314; x_wconf 81' lang='grc'><strong>›</strong></span> <span class='ocrx_word' id='word_1_676' title='bbox 3333 2259 3392 2315; x_wconf 90' lang='lat' dir='ltr'><strong>In</strong></span> <span class='ocrx_word' id='word_1_677' title='bbox 3418 2252 3585 2313; x_wconf 89' lang='lat' dir='ltr'><strong>Israel</strong></span> <span class='ocrx_word' id='word_1_678' title='bbox 3615 2249 3724 2307; x_wconf 87' lang='lat' dir='ltr'><strong>sci-</strong></span> 
     </span>
    </p>
   </div>
   <div class='ocr_carea' id='block_1_82' title="bbox 2143 2341 3729 2436">
    <p class='ocr_par' dir='ltr' id='par_1_82' title="bbox 2143 2341 3729 2436">
     <span class='ocr_line' id='line_1_83' title="bbox 2143 2341 3729 2436; baseline -0.026 1"><span class='ocrx_word' id='word_1_679' title='bbox 2143 2341 2272 2436; x_wconf 72' lang='lat' dir='ltr'><strong>licet</strong></span> <span class='ocrx_word' id='word_1_680' title='bbox 2296 2341 2575 2432; x_wconf 76' lang='lat' dir='ltr'><strong>inimicum</strong></span> <span class='ocrx_word' id='word_1_681' title='bbox 2614 2369 2861 2432; x_wconf 88' lang='lat' dir='ltr'><strong>Christo,</strong></span> <span class='ocrx_word' id='word_1_682' title='bbox 2892 2370 2948 2419; x_wconf 87' lang='lat' dir='ltr'><strong>et</strong></span> <span class='ocrx_word' id='word_1_683' title='bbox 2973 2358 3138 2416; x_wconf 87' lang='lat' dir='ltr'><strong>Israel</strong></span> <span class='ocrx_word' id='word_1_684' title='bbox 3175 2355 3544 2410; x_wconf 83' lang='lat' dir='ltr'><strong>adhaerentem</strong></span> <span class='ocrx_word' id='word_1_685' title='bbox 3571 2341 3729 2400; x_wconf 89' lang='lat' dir='ltr'><strong>Chri-</strong></span> 
     </span>
    </p>
   </div>
   <div class='ocr_carea' id='block_1_83' title="bbox 2145 2438 3730 2537">
    <p class='ocr_par' dir='ltr' id='par_1_83' title="bbox 2145 2438 3730 2537">
     <span class='ocr_line' id='line_1_84' title="bbox 2145 2438 3730 2537; baseline -0.025 -9"><span class='ocrx_word' id='word_1_686' title='bbox 2145 2479 2261 2537; x_wconf 90' lang='lat' dir='ltr'><strong>sto;</strong></span> <span class='ocrx_word' id='word_1_687' title='bbox 2314 2469 2367 2523; x_wconf 92' lang='lat' dir='ltr'><strong>in</strong></span> <span class='ocrx_word' id='word_1_688' title='bbox 2413 2463 2580 2522; x_wconf 92' lang='lat' dir='ltr'><strong>Israel</strong></span> <span class='ocrx_word' id='word_1_689' title='bbox 2624 2461 2693 2516; x_wconf 92' lang='lat' dir='ltr'><strong>ad</strong></span> <span class='ocrx_word' id='word_1_690' title='bbox 2738 2456 2988 2514; x_wconf 89' lang='lat' dir='ltr'><strong>ancillam</strong></span> <span class='ocrx_word' id='word_1_691' title='bbox 3011 2493 3027 2520; x_wconf 94' lang='lat'><strong>,</strong></span> <span class='ocrx_word' id='word_1_692' title='bbox 3077 2457 3135 2506; x_wconf 89' lang='lat' dir='ltr'><strong>et</strong></span> <span class='ocrx_word' id='word_1_693' title='bbox 3175 2444 3343 2504; x_wconf 89' lang='lat' dir='ltr'><strong>Israel</strong></span> <span class='ocrx_word' id='word_1_694' title='bbox 3387 2442 3456 2497; x_wconf 91' lang='lat' dir='ltr'><strong>ad</strong></span> <span class='ocrx_word' id='word_1_695' title='bbox 3501 2438 3730 2494; x_wconf 90' lang='lat' dir='ltr'><strong>liberam</strong></span> 
     </span>
    </p>
   </div>
   <div class='ocr_carea' id='block_1_84' title="bbox 2145 2523 3733 2636">
    <p class='ocr_par' dir='ltr' id='par_1_84' title="bbox 2145 2523 3733 2636">
     <span class='ocr_line' id='line_1_85' title="bbox 2145 2523 3733 2636; baseline -0.025 -18"><span class='ocrx_word' id='word_1_696' title='bbox 2145 2562 2528 2636; x_wconf 88' lang='lat' dir='ltr'><strong>pertinentem.</strong></span> <span class='ocrx_word' id='word_1_697' title='bbox 2568 2552 2707 2608; x_wconf 82' lang='lat' dir='ltr'><strong>Nam</strong></span> <span class='ocrx_word' id='word_1_698' title='bbox 2750 2550 2854 2604; x_wconf 88' lang='lat' dir='ltr'><strong>ista</strong></span> <span class='ocrx_word' id='word_1_699' title='bbox 2900 2546 3008 2601; x_wconf 91' lang='lat' dir='ltr'><strong>duo</strong></span> <span class='ocrx_word' id='word_1_700' title='bbox 3053 2553 3253 2613; x_wconf 88' lang='lat' dir='ltr'><strong>genera</strong></span> <span class='ocrx_word' id='word_1_701' title='bbox 3294 2534 3529 2606; x_wconf 87' lang='lat' dir='ltr'><strong>primum</strong></span> <span class='ocrx_word' id='word_1_702' title='bbox 3571 2523 3733 2583; x_wconf 90' lang='lat' dir='ltr'><strong>simul</strong></span> 
     </span>
    </p>
   </div>
   <div class='ocr_carea' id='block_1_85' title="bbox 2147 2619 3735 2716">
    <p class='ocr_par' dir='ltr' id='par_1_85' title="bbox 2147 2619 3735 2716">
     <span class='ocr_line' id='line_1_86' title="bbox 2147 2619 3735 2716; baseline -0.024 -7"><span class='ocrx_word' id='word_1_703' title='bbox 2147 2619 2323 2716; x_wconf 72' lang='lat' dir='ltr'><strong>erant,</strong></span> <span class='ocrx_word' id='word_1_704' title='bbox 2355 2648 2500 2703; x_wconf 90' lang='lat' dir='ltr'><strong>velut</strong></span> <span class='ocrx_word' id='word_1_705' title='bbox 2525 2643 2801 2700; x_wconf 81' lang='lat' dir='ltr'><strong>Abraham</strong></span> <span class='ocrx_word' id='word_1_706' title='bbox 2827 2637 3004 2693; x_wconf 90' lang='lat' dir='ltr'><strong>adhuc</strong></span> <span class='ocrx_word' id='word_1_707' title='bbox 3030 2633 3269 2689; x_wconf 80' lang='lat' dir='ltr'><strong>adhaeret</strong></span> <span class='ocrx_word' id='word_1_708' title='bbox 3291 2623 3500 2681; x_wconf 66' lang='lat' dir='ltr'><strong>ancillae</strong></span> <span class='ocrx_word' id='word_1_709' title='bbox 3516 2661 3531 2686; x_wconf 91' lang='lat'><strong>,</strong></span> <span class='ocrx_word' id='word_1_710' title='bbox 3562 2619 3735 2674; x_wconf 90' lang='lat' dir='ltr'><strong>donec</strong></span> 
     </span>
    </p>
   </div>
   <div class='ocr_carea' id='block_1_86' title="bbox 2150 2713 3733 2810">
    <p class='ocr_par' dir='ltr' id='par_1_86' title="bbox 2150 2713 3733 2810">
     <span class='ocr_line' id='line_1_87' title="bbox 2150 2713 3733 2810; baseline -0.025 -10"><span class='ocrx_word' id='word_1_711' title='bbox 2150 2713 2352 2801; x_wconf 85' lang='lat' dir='ltr'><strong>sterilis</strong></span> <span class='ocrx_word' id='word_1_712' title='bbox 2397 2753 2496 2810; x_wconf 91' lang='lat' dir='ltr'><strong>per</strong></span> <span class='ocrx_word' id='word_1_713' title='bbox 2544 2732 2746 2792; x_wconf 89' lang='lat' dir='ltr'><strong>Christi</strong></span> <span class='ocrx_word' id='word_1_714' title='bbox 2802 2728 3032 2802; x_wconf 85' lang='lat' dir='ltr'><strong>gratiam</strong></span> <span class='ocrx_word' id='word_1_715' title='bbox 3086 2719 3371 2778; x_wconf 88' lang='lat' dir='ltr'><strong>fecundata</strong></span> <span class='ocrx_word' id='word_1_716' title='bbox 3413 2713 3672 2770; x_wconf 89' lang='lat' dir='ltr'><strong>clamaret</strong></span> <span class='ocrx_word' id='word_1_717' title='bbox 3717 2719 3733 2760; x_wconf 89' lang='lat'><strong>:</strong></span> 
     </span>
    </p>
   </div>
   <div class='ocr_carea' id='block_1_87' title="bbox 2157 2803 3734 2903">
    <p class='ocr_par' dir='ltr' id='par_1_87' title="bbox 2157 2803 3734 2903">
     <span class='ocr_line' id='line_1_88' title="bbox 2157 2803 3734 2903; baseline -0.025 -12"><span class='ocrx_word' id='word_1_718' title='bbox 2157 2857 2176 2888; x_wconf 83' lang='grc'><strong>‹</strong></span> <span class='ocrx_word' id='word_1_719' title='bbox 2213 2832 2362 2903; x_wconf 89' lang='lat' dir='ltr'><strong>Ejice</strong></span> <span class='ocrx_word' id='word_1_720' title='bbox 2387 2803 2638 2884; x_wconf 78' lang='lat' dir='ltr'><strong>ancillam</strong></span> <span class='ocrx_word' id='word_1_721' title='bbox 2669 2832 2723 2879; x_wconf 89' lang='lat' dir='ltr'><strong>et</strong></span> <span class='ocrx_word' id='word_1_722' title='bbox 2750 2821 2920 2875; x_wconf 86' lang='lat' dir='ltr'><strong>filium</strong></span> <span class='ocrx_word' id='word_1_723' title='bbox 2950 2815 3067 2885; x_wconf 90' lang='lat' dir='ltr'><strong>ejus</strong></span> <span class='ocrx_word' id='word_1_724' title='bbox 3094 2811 3247 2885; x_wconf 83' lang='lat' dir='ltr'><strong>(Gen.</strong></span> <span class='ocrx_word' id='word_1_725' title='bbox 3283 2807 3416 2878; x_wconf 70' lang='lat' dir='ltr'><strong>xxx).</strong></span> <span class='ocrx_word' id='word_1_726' title='bbox 3456 2824 3475 2857; x_wconf 77' lang='grc' dir='ltr'><strong>ι</strong></span> <span class='ocrx_word' id='word_1_727' title='bbox 3504 2803 3734 2872; x_wconf 80' lang='lat' dir='ltr'><strong>Propter</strong></span> 
     </span>
    </p>
   </div>
   <div class='ocr_carea' id='block_1_88' title="bbox 2148 2891 3743 2999">
    <p class='ocr_par' dir='ltr' id='par_1_88' title="bbox 2148 2891 3743 2999">
     <span class='ocr_line' id='line_1_89' title="bbox 2148 2891 3743 2999; baseline -0.026 -14"><span class='ocrx_word' id='word_1_728' title='bbox 2148 2891 2435 2999; x_wconf 67' lang='lat' dir='ltr'><strong>peccatum</strong></span> <span class='ocrx_word' id='word_1_729' title='bbox 2467 2919 2684 2990; x_wconf 90' lang='lat' dir='ltr'><strong>quidem</strong></span> <span class='ocrx_word' id='word_1_730' title='bbox 2710 2909 3034 2973; x_wconf 88' lang='lat' dir='ltr'><strong>Salomonis,</strong></span> <span class='ocrx_word' id='word_1_731' title='bbox 3064 2909 3324 2976; x_wconf 87' lang='lat' dir='ltr'><strong>regnante</strong></span> <span class='ocrx_word' id='word_1_732' title='bbox 3351 2897 3462 2952; x_wconf 87' lang='lat' dir='ltr'><strong>filio</strong></span> <span class='ocrx_word' id='word_1_733' title='bbox 3488 2893 3606 2964; x_wconf 88' lang='lat' dir='ltr'><strong>ejus</strong></span> <span class='ocrx_word' id='word_1_734' title='bbox 3629 2891 3743 2945; x_wconf 79' lang='lat' dir='ltr'><strong>Ro-</strong></span> 
     </span>
    </p>
   </div>
   <div class='ocr_carea' id='block_1_89' title="bbox 2121 2984 3742 3088">
    <p class='ocr_par' dir='ltr' id='par_1_89' title="bbox 2121 2984 3742 3088">
     <span class='ocr_line' id='line_1_90' title="bbox 2121 2984 3742 3088; baseline -0.028 -7"><span class='ocrx_word' id='word_1_735' title='bbox 2121 3029 2132 3044; x_wconf 76' lang='lat'>&quot;</span> <span class='ocrx_word' id='word_1_736' title='bbox 2153 3025 2341 3088; x_wconf 85' lang='lat' dir='ltr'><strong>hoam,</strong></span> <span class='ocrx_word' id='word_1_737' title='bbox 2365 3018 2569 3075; x_wconf 91' lang='lat' dir='ltr'><strong>scimus</strong></span> <span class='ocrx_word' id='word_1_738' title='bbox 2595 3009 2761 3068; x_wconf 90' lang='lat' dir='ltr'><strong>Israel</strong></span> <span class='ocrx_word' id='word_1_739' title='bbox 2789 3008 2844 3062; x_wconf 92' lang='lat' dir='ltr'><strong>in</strong></span> <span class='ocrx_word' id='word_1_740' title='bbox 2873 3006 2980 3060; x_wconf 92' lang='lat' dir='ltr'><strong>duo</strong></span> <span class='ocrx_word' id='word_1_741' title='bbox 3007 3000 3176 3055; x_wconf 89' lang='lat' dir='ltr'><strong>fuisse</strong></span> <span class='ocrx_word' id='word_1_742' title='bbox 3203 2994 3458 3056; x_wconf 87' lang='lat' dir='ltr'><strong>divisum,</strong></span> <span class='ocrx_word' id='word_1_743' title='bbox 3483 2996 3645 3056; x_wconf 89' lang='lat' dir='ltr'><strong>atque</strong></span> <span class='ocrx_word' id='word_1_744' title='bbox 3667 2984 3742 3038; x_wconf 86' lang='lat' dir='ltr'><strong>ita</strong></span> 
     </span>
    </p>
   </div>
   <div class='ocr_carea' id='block_1_90' title="bbox 2154 3087 3745 3190">
    <p class='ocr_par' dir='ltr' id='par_1_90' title="bbox 2154 3087 3745 3190">
     <span class='ocr_line' id='line_1_91' title="bbox 2154 3087 3745 3190; baseline -0.029 -14"><span class='ocrx_word' id='word_1_745' title='bbox 2154 3125 2552 3190; x_wconf 87' lang='lat' dir='ltr'><strong>perseverasse,</strong></span> <span class='ocrx_word' id='word_1_746' title='bbox 2573 3101 2898 3162; x_wconf 88' lang='lat' dir='ltr'><strong>habentibus</strong></span> <span class='ocrx_word' id='word_1_747' title='bbox 2914 3093 3141 3166; x_wconf 90' lang='lat' dir='ltr'><strong>singulis</strong></span> <span class='ocrx_word' id='word_1_748' title='bbox 3158 3087 3402 3161; x_wconf 89' lang='lat' dir='ltr'><strong>partibus</strong></span> <span class='ocrx_word' id='word_1_749' title='bbox 3419 3095 3574 3153; x_wconf 89' lang='lat' dir='ltr'><strong>reges</strong></span> <span class='ocrx_word' id='word_1_750' title='bbox 3594 3091 3745 3142; x_wconf 90' lang='lat' dir='ltr'><strong>suos,</strong></span> 
     </span>
    </p>
   </div>
   <div class='ocr_carea' id='block_1_91' title="bbox 2158 3171 3749 3275">
    <p class='ocr_par' dir='ltr' id='par_1_91' title="bbox 2158 3171 3749 3275">
     <span class='ocr_line' id='line_1_92' title="bbox 2158 3171 3749 3275; baseline -0.031 -7"><span class='ocrx_word' id='word_1_751' title='bbox 2158 3171 2334 3268; x_wconf 60' lang='lat' dir='ltr'><strong>donec</strong></span> <span class='ocrx_word' id='word_1_752' title='bbox 2364 3205 2455 3261; x_wconf 93' lang='lat' dir='ltr'><strong>illa</strong></span> <span class='ocrx_word' id='word_1_753' title='bbox 2484 3171 2614 3275; x_wconf 87' lang='lat' dir='ltr'><strong>gens</strong></span> <span class='ocrx_word' id='word_1_754' title='bbox 2651 3204 2763 3252; x_wconf 90' lang='lat' dir='ltr'><strong>tota</strong></span> <span class='ocrx_word' id='word_1_755' title='bbox 2807 3209 2839 3246; x_wconf 90' lang='lat' dir='ltr'><strong>a</strong></span> <span class='ocrx_word' id='word_1_756' title='bbox 2863 3185 3126 3246; x_wconf 66' lang='lat' dir='ltr'><strong>Chaldmis</strong></span> <span class='ocrx_word' id='word_1_757' title='bbox 3154 3185 3300 3237; x_wconf 79' lang='lat' dir='ltr'><strong>esset</strong></span> <span class='ocrx_word' id='word_1_758' title='bbox 3328 3171 3531 3245; x_wconf 88' lang='lat' dir='ltr'><strong>ingenti</strong></span> <span class='ocrx_word' id='word_1_759' title='bbox 3560 3176 3749 3223; x_wconf 84' lang='lat' dir='ltr'><strong>vasta-</strong></span> 
     </span>
    </p>
   </div>
   <div class='ocr_carea' id='block_1_92' title="bbox 2163 3256 3753 3360">
    <p class='ocr_par' dir='ltr' id='par_1_92' title="bbox 2163 3256 3753 3360">
     <span class='ocr_line' id='line_1_93' title="bbox 2163 3256 3753 3360; baseline -0.031 1"><span class='ocrx_word' id='word_1_760' title='bbox 2163 3305 2308 3360; x_wconf 90' lang='lat' dir='ltr'><strong>tione</strong></span> <span class='ocrx_word' id='word_1_761' title='bbox 2353 3256 2612 3353; x_wconf 53' lang='lat' dir='ltr'><strong>suvarsa</strong></span> <span class='ocrx_word' id='word_1_762' title='bbox 2662 3298 2827 3356; x_wconf 88' lang='lat' dir='ltr'><strong>atque</strong></span> <span class='ocrx_word' id='word_1_763' title='bbox 2877 3277 3158 3336; x_wconf 87' lang='lat' dir='ltr'><strong>translata.</strong></span> <span class='ocrx_word' id='word_1_764' title='bbox 3209 3269 3317 3326; x_wconf 89' lang='lat' dir='ltr'><strong>Sed</strong></span> <span class='ocrx_word' id='word_1_765' title='bbox 3363 3266 3470 3322; x_wconf 91' lang='lat' dir='ltr'><strong>hoc</strong></span> <span class='ocrx_word' id='word_1_766' title='bbox 3511 3260 3642 3332; x_wconf 85' lang='lat' dir='ltr'><strong>quid</strong></span> <span class='ocrx_word' id='word_1_767' title='bbox 3683 3256 3753 3313; x_wconf 89' lang='lat' dir='ltr'><strong>ad</strong></span> 
     </span>
    </p>
   </div>
   <div class='ocr_carea' id='block_1_93' title="bbox 2165 3356 3752 3455">
    <p class='ocr_par' dir='ltr' id='par_1_93' title="bbox 2165 3356 3752 3455">
     <span class='ocr_line' id='line_1_94' title="bbox 2165 3356 3752 3455; baseline -0.031 -3"><span class='ocrx_word' id='word_1_768' title='bbox 2165 3393 2414 3455; x_wconf 89' lang='lat' dir='ltr'><strong>Saulem,</strong></span> <span class='ocrx_word' id='word_1_769' title='bbox 2449 3400 2604 3446; x_wconf 89' lang='lat' dir='ltr'><strong>cum,</strong></span> <span class='ocrx_word' id='word_1_770' title='bbox 2639 3380 2684 3436; x_wconf 93' lang='lat' dir='ltr'><strong>si</strong></span> <span class='ocrx_word' id='word_1_771' title='bbox 2722 3375 2829 3432; x_wconf 86' lang='lat' dir='ltr'><strong>tale</strong></span> <span class='ocrx_word' id='word_1_772' title='bbox 2865 3369 3079 3440; x_wconf 89' lang='lat' dir='ltr'><strong>aliquod</strong></span> <span class='ocrx_word' id='word_1_773' title='bbox 3117 3357 3556 3422; x_wconf 89' lang='lat' dir='ltr'><strong>comminandnm</strong></span> <span class='ocrx_word' id='word_1_774' title='bbox 3585 3356 3752 3413; x_wconf 87' lang='lat' dir='ltr'><strong>esset,</strong></span> 
     </span>
    </p>
   </div>
   <div class='ocr_carea' id='block_1_94' title="bbox 2172 3748 3042 3820">
    <p class='ocr_par' dir='ltr' id='par_1_94' title="bbox 2172 3748 3042 3820">
     <span class='ocr_line' id='line_1_95' title="bbox 2172 3748 3042 3820; baseline -0.032 -3"><span class='ocrx_word' id='word_1_775' title='bbox 2172 3759 2430 3817; x_wconf 88' lang='lat' dir='ltr'><strong>societate</strong></span> <span class='ocrx_word' id='word_1_776' title='bbox 2455 3752 2696 3820; x_wconf 88' lang='lat' dir='ltr'><strong>dispersa</strong></span> <span class='ocrx_word' id='word_1_777' title='bbox 2722 3758 2819 3816; x_wconf 89' lang='lat' dir='ltr'><strong>per</strong></span> <span class='ocrx_word' id='word_1_778' title='bbox 2851 3748 3042 3795; x_wconf 90' lang='lat' dir='ltr'><strong>terras.</strong></span> 
     </span>
    </p>
   </div>
   <div class='ocr_carea' id='block_1_95' title="bbox 2174 3809 3765 3915">
    <p class='ocr_par' dir='ltr' id='par_1_95' title="bbox 2174 3809 3765 3915">
     <span class='ocr_line' id='line_1_96' title="bbox 2174 3809 3765 3915; baseline -0.031 -6"><span class='ocrx_word' id='word_1_779' title='bbox 2174 3809 2451 3909; x_wconf 68' lang='lat' dir='ltr'><strong>Deussub</strong></span> <span class='ocrx_word' id='word_1_780' title='bbox 2481 3809 2926 3915; x_wconf 50' lang='lat' dir='ltr'><strong>persona-Saulis</strong></span> <span class='ocrx_word' id='word_1_781' title='bbox 2954 3828 3099 3884; x_wconf 91' lang='lat' dir='ltr'><strong>illius</strong></span> <span class='ocrx_word' id='word_1_782' title='bbox 3136 3821 3287 3894; x_wconf 89' lang='lat' dir='ltr'><strong>regni</strong></span> <span class='ocrx_word' id='word_1_783' title='bbox 3326 3827 3382 3873; x_wconf 91' lang='lat' dir='ltr'><strong>et</strong></span> <span class='ocrx_word' id='word_1_784' title='bbox 3407 3813 3588 3887; x_wconf 91' lang='lat' dir='ltr'><strong>populi</strong></span> <span class='ocrx_word' id='word_1_785' title='bbox 3627 3809 3765 3880; x_wconf 84' lang='lat' dir='ltr'><strong>figu-</strong></span> 
     </span>
    </p>
   </div>
   <div class='ocr_carea' id='block_1_96' title="bbox 2177 3908 3764 4011">
    <p class='ocr_par' dir='ltr' id='par_1_96' title="bbox 2177 3908 3764 4011">
     <span class='ocr_line' id='line_1_97' title="bbox 2177 3908 3764 4011; baseline -0.03 -11"><span class='ocrx_word' id='word_1_786' title='bbox 2177 3959 2296 4000; x_wconf 90' lang='lat' dir='ltr'><strong>ram</strong></span> <span class='ocrx_word' id='word_1_787' title='bbox 2338 3936 2576 4011; x_wconf 90' lang='lat' dir='ltr'><strong>gerentis</strong></span> <span class='ocrx_word' id='word_1_788' title='bbox 2616 3932 2791 3987; x_wconf 89' lang='lat' dir='ltr'><strong>eidem</strong></span> <span class='ocrx_word' id='word_1_789' title='bbox 2825 3938 2992 3996; x_wconf 89' lang='lat' dir='ltr'><strong>regno</strong></span> <span class='ocrx_word' id='word_1_790' title='bbox 3034 3916 3339 3990; x_wconf 86' lang='lat' dir='ltr'><strong>populoque</strong></span> <span class='ocrx_word' id='word_1_791' title='bbox 3372 3908 3608 3964; x_wconf 88' lang='lat' dir='ltr'><strong>minatus</strong></span> <span class='ocrx_word' id='word_1_792' title='bbox 3656 3908 3764 3966; x_wconf 89' lang='lat' dir='ltr'><strong>est,</strong></span> 
     </span>
    </p>
   </div>
   <div class='ocr_carea' id='block_1_97' title="bbox 2178 3998 3768 4100">
    <p class='ocr_par' dir='ltr' id='par_1_97' title="bbox 2178 3998 3768 4100">
     <span class='ocr_line' id='line_1_98' title="bbox 2178 3998 3768 4100; baseline -0.028 -6"><span class='ocrx_word' id='word_1_793' title='bbox 2178 3998 2382 4094; x_wconf 74' lang='lat' dir='ltr'><strong>aeterna</strong></span> <span class='ocrx_word' id='word_1_794' title='bbox 2422 4040 2586 4100; x_wconf 87' lang='lat' dir='ltr'><strong>atque</strong></span> <span class='ocrx_word' id='word_1_795' title='bbox 2633 4017 2985 4081; x_wconf 90' lang='lat' dir='ltr'><strong>immutabilis</strong></span> <span class='ocrx_word' id='word_1_796' title='bbox 3022 4009 3320 4083; x_wconf 80' lang='lat' dir='ltr'><strong>significata</strong></span> <span class='ocrx_word' id='word_1_797' title='bbox 3363 4011 3466 4060; x_wconf 89' lang='lat' dir='ltr'><strong>est.</strong></span> <span class='ocrx_word' id='word_1_798' title='bbox 3510 4001 3617 4055; x_wconf 93' lang='lat' dir='ltr'><strong>Per</strong></span> <span class='ocrx_word' id='word_1_799' title='bbox 3662 3998 3768 4052; x_wconf 86' lang='lat' dir='ltr'><strong>hoc</strong></span> 
     </span>
    </p>
   </div>
   <div class='ocr_carea' id='block_1_98' title="bbox 2181 4085 3776 4196">
    <p class='ocr_par' dir='ltr' id='par_1_98' title="bbox 2181 4085 3776 4196">
     <span class='ocr_line' id='line_1_99' title="bbox 2181 4085 3776 4196; baseline -0.029 -12"><span class='ocrx_word' id='word_1_800' title='bbox 2181 4085 2605 4196; x_wconf 45' lang='lat' dir='ltr'><strong>adjunctumlest</strong></span> <span class='ocrx_word' id='word_1_801' title='bbox 2635 4135 2649 4172; x_wconf 91' lang='lat'><strong>:</strong></span> <span class='ocrx_word' id='word_1_802' title='bbox 2685 4135 2703 4167; x_wconf 75' lang='grc' dir='ltr'><strong>ι</strong></span> <span class='ocrx_word' id='word_1_803' title='bbox 2753 4111 2822 4168; x_wconf 89' lang='lat' dir='ltr'><strong>Et</strong></span> <span class='ocrx_word' id='word_1_804' title='bbox 2852 4123 2960 4164; x_wconf 91' lang='lat' dir='ltr'><strong>non</strong></span> <span class='ocrx_word' id='word_1_805' title='bbox 2998 4106 3363 4161; x_wconf 87' lang='lat' dir='ltr'><strong>convertetur,</strong></span> <span class='ocrx_word' id='word_1_806' title='bbox 3394 4104 3569 4161; x_wconf 90' lang='lat' dir='ltr'><strong>neque</strong></span> <span class='ocrx_word' id='word_1_807' title='bbox 3594 4085 3776 4158; x_wconf 64' lang='lat' dir='ltr'><strong>poeni--</strong></span> 
     </span>
    </p>
   </div>
   <div class='ocr_carea' id='block_1_99' title="bbox 2184 4178 3772 4280">
    <p class='ocr_par' dir='ltr' id='par_1_99' title="bbox 2184 4178 3772 4280">
     <span class='ocr_line' id='line_1_100' title="bbox 2184 4178 3772 4280; baseline -0.029 -6"><span class='ocrx_word' id='word_1_808' title='bbox 2184 4178 2320 4274; x_wconf 72' lang='lat' dir='ltr'><strong>tehit</strong></span> <span class='ocrx_word' id='word_1_809' title='bbox 2347 4229 2493 4278; x_wconf 90' lang='lat' dir='ltr'><strong>eum,</strong></span> <span class='ocrx_word' id='word_1_810' title='bbox 2525 4207 2785 4280; x_wconf 86' lang='lat' dir='ltr'><strong>quoniam</strong></span> <span class='ocrx_word' id='word_1_811' title='bbox 2813 4215 2921 4256; x_wconf 90' lang='lat' dir='ltr'><strong>non</strong></span> <span class='ocrx_word' id='word_1_812' title='bbox 2947 4204 3030 4252; x_wconf 93' lang='lat' dir='ltr'><strong>est</strong></span> <span class='ocrx_word' id='word_1_813' title='bbox 3052 4193 3190 4250; x_wconf 89' lang='lat' dir='ltr'><strong>sicut</strong></span> <span class='ocrx_word' id='word_1_814' title='bbox 3217 4189 3396 4247; x_wconf 88' lang='lat' dir='ltr'><strong>homo,</strong></span> <span class='ocrx_word' id='word_1_815' title='bbox 3424 4190 3483 4237; x_wconf 90' lang='lat' dir='ltr'><strong>ut</strong></span> <span class='ocrx_word' id='word_1_816' title='bbox 3506 4178 3772 4252; x_wconf 63' lang='lat' dir='ltr'><strong>pceniteat</strong></span> 
     </span>
    </p>
   </div>
   <div class='ocr_carea' id='block_1_100' title="bbox 2185 4267 3784 4378">
    <p class='ocr_par' dir='ltr' id='par_1_100' title="bbox 2185 4267 3784 4378">
     <span class='ocr_line' id='line_1_101' title="bbox 2185 4267 3784 4378; baseline -0.03 -10"><span class='ocrx_word' id='word_1_817' title='bbox 2185 4327 2310 4368; x_wconf 89' lang='lat' dir='ltr'><strong>eum</strong></span> <span class='ocrx_word' id='word_1_818' title='bbox 2344 4327 2357 4364; x_wconf 89' lang='lat'><strong>:</strong></span> <span class='ocrx_word' id='word_1_819' title='bbox 2391 4308 2505 4378; x_wconf 88' lang='lat' dir='ltr'><strong>ipse</strong></span> <span class='ocrx_word' id='word_1_820' title='bbox 2528 4302 2766 4359; x_wconf 91' lang='lat' dir='ltr'><strong>minatur</strong></span> <span class='ocrx_word' id='word_1_821' title='bbox 2795 4301 2850 4350; x_wconf 91' lang='lat' dir='ltr'><strong>et</strong></span> <span class='ocrx_word' id='word_1_822' title='bbox 2879 4293 3195 4362; x_wconf 87' lang='lat' dir='ltr'><strong>permanet;</strong></span> <span class='ocrx_word' id='word_1_823' title='bbox 3233 4299 3250 4332; x_wconf 84' lang='grc'><strong>›</strong></span> <span class='ocrx_word' id='word_1_824' title='bbox 3277 4279 3330 4333; x_wconf 92' lang='lat' dir='ltr'><strong>id</strong></span> <span class='ocrx_word' id='word_1_825' title='bbox 3359 4284 3462 4341; x_wconf 84' lang='lat' dir='ltr'><strong>est,</strong></span> <span class='ocrx_word' id='word_1_826' title='bbox 3489 4275 3654 4328; x_wconf 90' lang='lat' dir='ltr'><strong>homo</strong></span> <span class='ocrx_word' id='word_1_827' title='bbox 3677 4267 3784 4325; x_wconf 75' lang='lat' dir='ltr'><strong>iui--</strong></span> 
     </span>
    </p>
   </div>
   <div class='ocr_carea' id='block_1_101' title="bbox 2139 4367 3771 4462">
    <p class='ocr_par' dir='ltr' id='par_1_101' title="bbox 2139 4367 3771 4462">
     <span class='ocr_line' id='line_1_102' title="bbox 2139 4367 3771 4462; baseline -0.028 -3"><span class='ocrx_word' id='word_1_828' title='bbox 2139 4407 2142 4410; x_wconf 85' lang='grc'><em>’</em></span> <span class='ocrx_word' id='word_1_829' title='bbox 2186 4408 2366 4462; x_wconf 90' lang='lat' dir='ltr'><strong>natur,</strong></span> <span class='ocrx_word' id='word_1_830' title='bbox 2396 4403 2452 4450; x_wconf 89' lang='lat' dir='ltr'><strong>et</strong></span> <span class='ocrx_word' id='word_1_831' title='bbox 2478 4407 2585 4448; x_wconf 90' lang='lat' dir='ltr'><strong>non</strong></span> <span class='ocrx_word' id='word_1_832' title='bbox 2614 4391 2923 4460; x_wconf 91' lang='lat' dir='ltr'><strong>permanet;</strong></span> <span class='ocrx_word' id='word_1_833' title='bbox 2951 4393 3060 4433; x_wconf 91' lang='lat' dir='ltr'><strong>non</strong></span> <span class='ocrx_word' id='word_1_834' title='bbox 3091 4380 3271 4428; x_wconf 90' lang='lat' dir='ltr'><strong>autem</strong></span> <span class='ocrx_word' id='word_1_835' title='bbox 3296 4367 3456 4431; x_wconf 89' lang='lat' dir='ltr'><strong>Deus,</strong></span> <span class='ocrx_word' id='word_1_836' title='bbox 3481 4375 3641 4433; x_wconf 90' lang='lat' dir='ltr'><strong>quem</strong></span> <span class='ocrx_word' id='word_1_837' title='bbox 3661 4374 3771 4416; x_wconf 71' lang='lat' dir='ltr'><strong>non</strong></span> 
     </span>
    </p>
   </div>
   <div class='ocr_carea' id='block_1_102' title="bbox 2188 4451 3776 4566">
    <p class='ocr_par' dir='ltr' id='par_1_102' title="bbox 2188 4451 3776 4566">
     <span class='ocr_line' id='line_1_103' title="bbox 2188 4451 3776 4566; baseline -0.032 -15"><span class='ocrx_word' id='word_1_838' title='bbox 2188 4492 2418 4566; x_wconf 65' lang='lat' dir='ltr'><strong>paenitet</strong></span> <span class='ocrx_word' id='word_1_839' title='bbox 2445 4486 2586 4542; x_wconf 91' lang='lat' dir='ltr'><strong>sicut</strong></span> <span class='ocrx_word' id='word_1_840' title='bbox 2615 4451 2914 4534; x_wconf 83' lang='lat' dir='ltr'><strong>hominem.</strong></span> <span class='ocrx_word' id='word_1_841' title='bbox 2947 4468 3052 4525; x_wconf 89' lang='lat' dir='ltr'><strong>Ubi</strong></span> <span class='ocrx_word' id='word_1_842' title='bbox 3081 4465 3226 4520; x_wconf 89' lang='lat' dir='ltr'><strong>enim</strong></span> <span class='ocrx_word' id='word_1_843' title='bbox 3254 4458 3449 4527; x_wconf 85' lang='lat' dir='ltr'><strong>legitur</strong></span> <span class='ocrx_word' id='word_1_844' title='bbox 3482 4451 3625 4525; x_wconf 88' lang='lat' dir='ltr'><strong>quod</strong></span> <span class='ocrx_word' id='word_1_845' title='bbox 3657 4462 3776 4522; x_wconf 63' lang='lat' dir='ltr'><strong>pon-</strong></span> 
     </span>
     <span class='ocr_line' id='line_1_104' title="bbox 3094 4540 3772 4566; baseline -0.027 0"><span class='ocrx_word' id='word_1_846' title='bbox 3094 4556 3104 4566; x_wconf 95' lang='lat'><strong>.</strong></span> <span class='ocrx_word' id='word_1_847' title='bbox 3188 4551 3237 4566; x_wconf 85' lang='lat'><strong>...</strong></span> <span class='ocrx_word' id='word_1_848' title='bbox 3315 4558 3398 4566; x_wconf 51' lang='lat'><strong>.,__</strong></span> <span class='ocrx_word' id='word_1_849' title='bbox 3453 4546 3598 4566; x_wconf 31' lang='grc' dir='ltr'><strong>μή,</strong></span> <span class='ocrx_word' id='word_1_850' title='bbox 3627 4540 3772 4566; x_wconf 39' lang='grc' dir='ltr'><strong>πλη,</strong></span> 
     </span>
    </p>
   </div>
   <div class='ocr_carea' id='block_1_103' title="bbox 2192 4540 3775 4640">
    <p class='ocr_par' dir='ltr' id='par_1_103' title="bbox 2192 4540 3775 4640">
     <span class='ocr_line' id='line_1_105' title="bbox 2192 4540 3775 4640; baseline -0.03 0"><span class='ocrx_word' id='word_1_851' title='bbox 2192 4540 2362 4640; x_wconf 63' lang='lat' dir='ltr'><strong>rriitcat</strong></span> <span class='ocrx_word' id='word_1_852' title='bbox 2394 4593 2517 4633; x_wconf 90' lang='lat' dir='ltr'><strong>eum</strong></span> <span class='ocrx_word' id='word_1_853' title='bbox 2537 4615 2552 4640; x_wconf 95' lang='lat'><strong>,</strong></span> <span class='ocrx_word' id='word_1_854' title='bbox 2582 4568 2810 4628; x_wconf 90' lang='lat' dir='ltr'><strong>mutatio</strong></span> <span class='ocrx_word' id='word_1_855' title='bbox 2843 4575 3027 4619; x_wconf 91' lang='lat' dir='ltr'><strong>rerum</strong></span> <span class='ocrx_word' id='word_1_856' title='bbox 3062 4551 3420 4626; x_wconf 84' lang='lat' dir='ltr'><strong>signiﬁcatur,</strong></span> <span class='ocrx_word' id='word_1_857' title='bbox 3453 4546 3598 4601; x_wconf 56' lang='lat' dir='ltr'><strong>imm!</strong></span> <span class='ocrx_word' id='word_1_858' title='bbox 3626 4540 3775 4597; x_wconf 68' lang='lat' dir='ltr'><strong>&#39;ta&#39;oili</strong></span> 
     </span>
    </p>
   </div>
   <div class='ocr_carea' id='block_1_104' title="bbox 2190 4633 3779 4748">
    <p class='ocr_par' dir='ltr' id='par_1_104' title="bbox 2190 4633 3779 4748">
     <span class='ocr_line' id='line_1_106' title="bbox 2190 4633 3779 4748; baseline -0.028 -17"><span class='ocrx_word' id='word_1_859' title='bbox 2190 4667 2530 4748; x_wconf 81' lang='lat' dir='ltr'><strong>praescientia</strong></span> <span class='ocrx_word' id='word_1_860' title='bbox 2560 4666 2812 4719; x_wconf 88' lang='lat' dir='ltr'><strong>manente</strong></span> <span class='ocrx_word' id='word_1_861' title='bbox 2840 4653 3041 4710; x_wconf 80' lang='lat' dir='ltr'><strong>divina.</strong></span> <span class='ocrx_word' id='word_1_862' title='bbox 3083 4645 3185 4702; x_wconf 84' lang='lat' dir='ltr'><strong>Ubi</strong></span> <span class='ocrx_word' id='word_1_863' title='bbox 3217 4655 3346 4714; x_wconf 88' lang='lat' dir='ltr'><strong>ergo</strong></span> <span class='ocrx_word' id='word_1_864' title='bbox 3376 4653 3481 4695; x_wconf 91' lang='lat' dir='ltr'><strong>non</strong></span> <span class='ocrx_word' id='word_1_865' title='bbox 3513 4651 3559 4706; x_wconf 82' lang='lat' dir='ltr'><strong>p-</strong></span> <span class='ocrx_word' id='word_1_866' title='bbox 3607 4633 3779 4688; x_wconf 88' lang='lat' dir='ltr'><strong>nitere</strong></span> 
     </span>
     <span class='ocr_line' id='line_1_107' title="bbox 2922 4725 3774 4748; baseline -0.023 10"><span class='ocrx_word' id='word_1_867' title='bbox 3017 4743 3056 4748; x_wconf 16' lang='lat'><strong>-7</strong></span> <span class='ocrx_word' id='word_1_868' title='bbox 3173 4737 3214 4748; x_wconf 68' lang='grc'><strong>..</strong></span> <span class='ocrx_word' id='word_1_869' title='bbox 3437 4725 3774 4748; x_wconf 19' lang='grc' dir='ltr'>ιςμιηωω</span> 
     </span>
    </p>
   </div>
   <div class='ocr_carea' id='block_1_105' title="bbox 2192 4725 3775 4828">
    <p class='ocr_par' dir='ltr' id='par_1_105' title="bbox 2192 4725 3775 4828">
     <span class='ocr_line' id='line_1_108' title="bbox 2192 4725 3775 4828; baseline -0.029 -5"><span class='ocrx_word' id='word_1_870' title='bbox 2192 4725 2413 4828; x_wconf 68' lang='lat' dir='ltr'><strong>dicitur,</strong></span> <span class='ocrx_word' id='word_1_871' title='bbox 2437 4775 2546 4815; x_wconf 92' lang='lat' dir='ltr'><strong>non</strong></span> <span class='ocrx_word' id='word_1_872' title='bbox 2567 4762 2778 4812; x_wconf 88' lang='lat' dir='ltr'><strong>mutare</strong></span> <span class='ocrx_word' id='word_1_873' title='bbox 2806 4743 3144 4814; x_wconf 84' lang='lat' dir='ltr'><strong>intelligitur.</strong></span> <span class='ocrx_word' id='word_1_874' title='bbox 3173 4737 3406 4794; x_wconf 87' lang='lat' dir='ltr'><strong>Prorsus</strong></span> <span class='ocrx_word' id='word_1_875' title='bbox 3435 4725 3775 4785; x_wconf 82' lang='lat' dir='ltr'><strong>insolubilem</strong></span> 
     </span>
    </p>
   </div>
   <div class='ocr_carea' id='block_1_106' title="bbox 2192 4816 3781 4920">
    <p class='ocr_par' dir='ltr' id='par_1_106' title="bbox 2192 4816 3781 4920">
     <span class='ocr_line' id='line_1_109' title="bbox 2192 4816 3781 4920; baseline -0.028 -8"><span class='ocrx_word' id='word_1_876' title='bbox 2192 4816 2437 4912; x_wconf 75' lang='lat' dir='ltr'><strong>videmus</strong></span> <span class='ocrx_word' id='word_1_877' title='bbox 2478 4863 2575 4920; x_wconf 90' lang='lat' dir='ltr'><strong>per</strong></span> <span class='ocrx_word' id='word_1_878' title='bbox 2617 4845 2735 4899; x_wconf 83' lang='lat' dir='ltr'><strong>haec</strong></span> <span class='ocrx_word' id='word_1_879' title='bbox 2781 4838 2946 4894; x_wconf 90' lang='lat' dir='ltr'><strong>verba</strong></span> <span class='ocrx_word' id='word_1_880' title='bbox 2991 4831 3255 4906; x_wconf 89' lang='lat' dir='ltr'><strong>prolatam</strong></span> <span class='ocrx_word' id='word_1_881' title='bbox 3308 4821 3566 4880; x_wconf 89' lang='lat' dir='ltr'><strong>divinitus</strong></span> <span class='ocrx_word' id='word_1_882' title='bbox 3612 4816 3781 4872; x_wconf 86' lang='lat' dir='ltr'><strong>fuisse</strong></span> 
     </span>
    </p>
   </div>
   <div class='ocr_carea' id='block_1_107' title="bbox 2197 4909 3780 5004">
    <p class='ocr_par' dir='ltr' id='par_1_107' title="bbox 2197 4909 3780 5004">
     <span class='ocr_line' id='line_1_110' title="bbox 2197 4909 3780 5004; baseline -0.026 -1"><span class='ocrx_word' id='word_1_883' title='bbox 2197 4909 2521 5004; x_wconf 76' lang='lat' dir='ltr'><strong>sententiam</strong></span> <span class='ocrx_word' id='word_1_884' title='bbox 2549 4938 2614 4995; x_wconf 91' lang='lat' dir='ltr'><strong>de</strong></span> <span class='ocrx_word' id='word_1_885' title='bbox 2647 4935 2750 4990; x_wconf 90' lang='lat' dir='ltr'><strong>ista</strong></span> <span class='ocrx_word' id='word_1_886' title='bbox 2778 4927 3041 4986; x_wconf 86' lang='lat' dir='ltr'><strong>divisione</strong></span> <span class='ocrx_word' id='word_1_887' title='bbox 3073 4920 3257 4994; x_wconf 92' lang='lat' dir='ltr'><strong>populi</strong></span> <span class='ocrx_word' id='word_1_888' title='bbox 3284 4915 3450 4972; x_wconf 90' lang='lat' dir='ltr'><strong>Israel</strong></span> <span class='ocrx_word' id='word_1_889' title='bbox 3476 4921 3530 4969; x_wconf 91' lang='lat' dir='ltr'><strong>et</strong></span> <span class='ocrx_word' id='word_1_890' title='bbox 3558 4909 3780 4966; x_wconf 92' lang='lat' dir='ltr'><strong>omnino</strong></span> 
     </span>
    </p>
   </div>
   <div class='ocr_carea' id='block_1_108' title="bbox 2196 4999 3782 5112">
    <p class='ocr_par' dir='ltr' id='par_1_108' title="bbox 2196 4999 3782 5112">
     <span class='ocr_line' id='line_1_111' title="bbox 2196 4999 3782 5112; baseline -0.027 -17"><span class='ocrx_word' id='word_1_891' title='bbox 2196 5042 2534 5112; x_wconf 91' lang='lat' dir='ltr'><strong>perpetuam.</strong></span> <span class='ocrx_word' id='word_1_892' title='bbox 2577 5027 2894 5098; x_wconf 87' lang='lat' dir='ltr'><strong>Quicunque</strong></span> <span class='ocrx_word' id='word_1_893' title='bbox 2940 5019 3083 5076; x_wconf 90' lang='lat' dir='ltr'><strong>enim</strong></span> <span class='ocrx_word' id='word_1_894' title='bbox 3123 5015 3192 5070; x_wconf 90' lang='lat' dir='ltr'><strong>ad</strong></span> <span class='ocrx_word' id='word_1_895' title='bbox 3221 5009 3507 5092; x_wconf 92' lang='lat' dir='ltr'><strong>Christum</strong></span> <span class='ocrx_word' id='word_1_896' title='bbox 3550 4999 3782 5058; x_wconf 88' lang='lat' dir='ltr'><strong>transie-</strong></span> 
     </span>
    </p>
   </div>
   <div class='ocr_carea' id='block_1_109' title="bbox 2195 5101 3779 5196">
    <p class='ocr_par' dir='ltr' id='par_1_109' title="bbox 2195 5101 3779 5196">
     <span class='ocr_line' id='line_1_112' title="bbox 2195 5101 3779 5196; baseline -0.027 -8"><span class='ocrx_word' id='word_1_897' title='bbox 2195 5101 2344 5196; x_wconf 72' lang='lat' dir='ltr'><strong>runt,</strong></span> <span class='ocrx_word' id='word_1_898' title='bbox 2383 5126 2468 5182; x_wconf 89' lang='lat' dir='ltr'><strong>vel</strong></span> <span class='ocrx_word' id='word_1_899' title='bbox 2500 5125 2800 5183; x_wconf 90' lang='lat' dir='ltr'><strong>transeunt,</strong></span> <span class='ocrx_word' id='word_1_900' title='bbox 2837 5113 2920 5170; x_wconf 87' lang='lat' dir='ltr'><strong>vel</strong></span> <span class='ocrx_word' id='word_1_901' title='bbox 2955 5110 3284 5172; x_wconf 91' lang='lat' dir='ltr'><strong>transibunt,</strong></span> <span class='ocrx_word' id='word_1_902' title='bbox 3312 5103 3438 5158; x_wconf 90' lang='lat' dir='ltr'><strong>inde</strong></span> <span class='ocrx_word' id='word_1_903' title='bbox 3464 5114 3572 5154; x_wconf 89' lang='lat' dir='ltr'><strong>non</strong></span> <span class='ocrx_word' id='word_1_904' title='bbox 3601 5101 3779 5158; x_wconf 89' lang='lat' dir='ltr'><strong>erant,</strong></span> 
     </span>
    </p>
   </div>
   <div class='ocr_carea' id='block_1_110' title="bbox 2196 5186 3784 5279">
    <p class='ocr_par' dir='ltr' id='par_1_110' title="bbox 2196 5186 3784 5279">
     <span class='ocr_line' id='line_1_113' title="bbox 2196 5186 3784 5279; baseline -0.028 0"><span class='ocrx_word' id='word_1_905' title='bbox 2196 5222 2319 5279; x_wconf 90' lang='lat' dir='ltr'><strong>inde</strong></span> <span class='ocrx_word' id='word_1_906' title='bbox 2348 5214 2645 5274; x_wconf 84' lang='lat' dir='ltr'><strong>secundum</strong></span> <span class='ocrx_word' id='word_1_907' title='bbox 2675 5208 2771 5263; x_wconf 92' lang='lat' dir='ltr'><strong>Dei</strong></span> <span class='ocrx_word' id='word_1_908' title='bbox 2793 5199 3210 5276; x_wconf 72' lang='lat' dir='ltr'><strong>prccscientiam,</strong></span> <span class='ocrx_word' id='word_1_909' title='bbox 3245 5209 3353 5249; x_wconf 92' lang='lat' dir='ltr'><strong>non</strong></span> <span class='ocrx_word' id='word_1_910' title='bbox 3376 5186 3672 5246; x_wconf 90' lang='lat' dir='ltr'><strong>secundum</strong></span> <span class='ocrx_word' id='word_1_911' title='bbox 3696 5196 3784 5251; x_wconf 84' lang='lat' dir='ltr'><strong>ge-</strong></span> 
     </span>
    </p>
   </div>
   <div class='ocr_carea' id='block_1_111' title="bbox 2197 5276 3783 5370">
    <p class='ocr_par' dir='ltr' id='par_1_111' title="bbox 2197 5276 3783 5370">
     <span class='ocr_line' id='line_1_114' title="bbox 2197 5276 3783 5370; baseline -0.026 -1"><span class='ocrx_word' id='word_1_912' title='bbox 2197 5311 2342 5370; x_wconf 90' lang='lat' dir='ltr'><strong>neris</strong></span> <span class='ocrx_word' id='word_1_913' title='bbox 2378 5303 2601 5364; x_wconf 90' lang='lat' dir='ltr'><strong>humani</strong></span> <span class='ocrx_word' id='word_1_914' title='bbox 2636 5314 2799 5357; x_wconf 89' lang='lat' dir='ltr'><strong>unam</strong></span> <span class='ocrx_word' id='word_1_915' title='bbox 2841 5294 3195 5362; x_wconf 89' lang='lat' dir='ltr'><strong>eamdemque</strong></span> <span class='ocrx_word' id='word_1_916' title='bbox 3235 5294 3503 5341; x_wconf 90' lang='lat' dir='ltr'><strong>naturam.</strong></span> <span class='ocrx_word' id='word_1_917' title='bbox 3552 5276 3783 5331; x_wconf 90' lang='lat' dir='ltr'><strong>Prorsus</strong></span> 
     </span>
    </p>
   </div>
   <div class='ocr_carea' id='block_1_112' title="bbox 2198 5373 3834 5480">
    <p class='ocr_par' dir='ltr' id='par_1_112' title="bbox 2198 5373 3834 5480">
     <span class='ocr_line' id='line_1_115' title="bbox 2198 5373 3834 5480; baseline -0.028 -18"><span class='ocrx_word' id='word_1_918' title='bbox 2198 5407 2506 5480; x_wconf 90' lang='lat' dir='ltr'><strong>quicunque</strong></span> <span class='ocrx_word' id='word_1_919' title='bbox 2537 5413 2604 5453; x_wconf 81' lang='lat' dir='ltr'><strong>ex</strong></span> <span class='ocrx_word' id='word_1_920' title='bbox 2626 5389 2884 5450; x_wconf 90' lang='lat' dir='ltr'><strong>Israelitis</strong></span> <span class='ocrx_word' id='word_1_921' title='bbox 2915 5386 3254 5442; x_wconf 72' lang='lat' dir='ltr'><strong>adhaerentes</strong></span> <span class='ocrx_word' id='word_1_922' title='bbox 3288 5373 3505 5430; x_wconf 83' lang='lat' dir='ltr'><strong>Christo</strong></span> <span class='ocrx_word' id='word_1_923' title='bbox 3534 5381 3782 5438; x_wconf 88' lang='lat' dir='ltr'><strong>perseve-</strong></span> <span class='ocrx_word' id='word_1_924' title='bbox 3830 5405 3834 5408; x_wconf 89' lang='lat'><strong>.</strong></span> 
     </span>
    </p>
   </div>
   <div class='ocr_carea' id='block_1_113' title="bbox 2147 5457 3787 5554">
    <p class='ocr_par' dir='ltr' id='par_1_113' title="bbox 2147 5457 3787 5554">
     <span class='ocr_line' id='line_1_116' title="bbox 2147 5457 3787 5554; baseline -0.026 -1"><span class='ocrx_word' id='word_1_925' title='bbox 2147 5486 2152 5494; x_wconf 47' lang='grc'><strong><em>³</em></strong></span> <span class='ocrx_word' id='word_1_926' title='bbox 2199 5457 2321 5552; x_wconf 50' lang='lat' dir='ltr'><strong>rant</strong></span> <span class='ocrx_word' id='word_1_927' title='bbox 2348 5457 2552 5553; x_wconf 47' lang='lat' dir='ltr'><strong>in&#39;illo,</strong></span> <span class='ocrx_word' id='word_1_928' title='bbox 2583 5496 2857 5554; x_wconf 92' lang='lat' dir='ltr'><strong>nunquam</strong></span> <span class='ocrx_word' id='word_1_929' title='bbox 2897 5485 3060 5533; x_wconf 90' lang='lat' dir='ltr'><strong>erunt</strong></span> <span class='ocrx_word' id='word_1_930' title='bbox 3094 5486 3217 5529; x_wconf 90' lang='lat' dir='ltr'><strong>cum</strong></span> <span class='ocrx_word' id='word_1_931' title='bbox 3245 5463 3504 5522; x_wconf 87' lang='lat' dir='ltr'><strong>Israelitis</strong></span> <span class='ocrx_word' id='word_1_932' title='bbox 3539 5459 3633 5530; x_wconf 91' lang='lat' dir='ltr'><strong>qui</strong></span> <span class='ocrx_word' id='word_1_933' title='bbox 3667 5457 3787 5528; x_wconf 90' lang='lat' dir='ltr'><strong>ejus</strong></span> 
     </span>
    </p>
   </div>
   <div class='ocr_carea' id='block_1_114' title="bbox 2200 5550 3783 5649">
    <p class='ocr_par' dir='ltr' id='par_1_114' title="bbox 2200 5550 3783 5649">
     <span class='ocr_line' id='line_1_117' title="bbox 2200 5550 3783 5649; baseline -0.027 -7"><span class='ocrx_word' id='word_1_934' title='bbox 2200 5583 2405 5641; x_wconf 91' lang='lat' dir='ltr'><strong>inimici</strong></span> <span class='ocrx_word' id='word_1_935' title='bbox 2437 5590 2609 5649; x_wconf 89' lang='lat' dir='ltr'><strong>usque</strong></span> <span class='ocrx_word' id='word_1_936' title='bbox 2644 5575 2699 5629; x_wconf 90' lang='lat' dir='ltr'><strong>in</strong></span> <span class='ocrx_word' id='word_1_937' title='bbox 2734 5571 2897 5626; x_wconf 83' lang='lat' dir='ltr'><strong>linem</strong></span> <span class='ocrx_word' id='word_1_938' title='bbox 2932 5567 3060 5622; x_wconf 67' lang='lat' dir='ltr'><strong>vita:</strong></span> <span class='ocrx_word' id='word_1_939' title='bbox 3091 5560 3251 5631; x_wconf 88' lang='lat' dir='ltr'><strong>hujus</strong></span> <span class='ocrx_word' id='word_1_940' title='bbox 3290 5570 3412 5612; x_wconf 90' lang='lat' dir='ltr'><strong>esse</strong></span> <span class='ocrx_word' id='word_1_941' title='bbox 3449 5550 3783 5625; x_wconf 89' lang='lat' dir='ltr'><strong>persistunt;</strong></span> 
     </span>
    </p>
   </div>
   <div class='ocr_carea' id='block_1_115' title="bbox 2201 5647 3788 5735">
    <p class='ocr_par' dir='ltr' id='par_1_115' title="bbox 2201 5647 3788 5735">
     <span class='ocr_line' id='line_1_118' title="bbox 2201 5647 3788 5735; baseline -0.025 -4"><span class='ocrx_word' id='word_1_942' title='bbox 2201 5674 2294 5731; x_wconf 89' lang='lat' dir='ltr'><strong>sed</strong></span> <span class='ocrx_word' id='word_1_943' title='bbox 2329 5673 2382 5726; x_wconf 91' lang='lat' dir='ltr'><strong>in</strong></span> <span class='ocrx_word' id='word_1_944' title='bbox 2410 5647 2674 5724; x_wconf 82' lang='lat' dir='ltr'><strong>divisione</strong></span> <span class='ocrx_word' id='word_1_945' title='bbox 2702 5677 2822 5735; x_wconf 70' lang='lat' dir='ltr'><strong>qua:</strong></span> <span class='ocrx_word' id='word_1_946' title='bbox 2862 5659 2952 5716; x_wconf 92' lang='lat' dir='ltr'><strong>hic</strong></span> <span class='ocrx_word' id='word_1_947' title='bbox 2983 5649 3338 5727; x_wconf 79' lang='lat' dir='ltr'><strong>pramuntiata</strong></span> <span class='ocrx_word' id='word_1_948' title='bbox 3367 5653 3482 5713; x_wconf 90' lang='lat' dir='ltr'><strong>est,</strong></span> <span class='ocrx_word' id='word_1_949' title='bbox 3525 5647 3788 5714; x_wconf 84' lang='lat' dir='ltr'><strong>perpetuo</strong></span> 
     </span>
    </p>
   </div>
   <div class='ocr_carea' id='block_1_116' title="bbox 2198 5763 2610 5841">
    <p class='ocr_par' dir='ltr' id='par_1_116' title="bbox 2198 5763 2610 5841">
     <span class='ocr_line' id='line_1_119' title="bbox 2198 5763 2610 5841; baseline -0.029 -16"><span class='ocrx_word' id='word_1_950' title='bbox 2198 5763 2610 5841; x_wconf 89' lang='lat' dir='ltr'><strong>permanebunt.</strong></span> 
     </span>
    </p>
   </div>
   <div class='ocr_carea' id='block_1_117' title="bbox 2280 5835 3787 5937">
    <p class='ocr_par' dir='ltr' id='par_1_117' title="bbox 2280 5835 3787 5937">
     <span class='ocr_line' id='line_1_120' title="bbox 2280 5835 3787 5937; baseline -0.024 -20"><span class='ocrx_word' id='word_1_951' title='bbox 2280 5885 2297 5917; x_wconf 75' lang='grc' dir='ltr'><strong>ι</strong></span> <span class='ocrx_word' id='word_1_952' title='bbox 2337 5859 2591 5937; x_wconf 77' lang='lat' dir='ltr'><strong>Dixitque</strong></span> <span class='ocrx_word' id='word_1_953' title='bbox 2619 5849 2838 5912; x_wconf 89' lang='lat' dir='ltr'><strong>Samuel</strong></span> <span class='ocrx_word' id='word_1_954' title='bbox 2871 5865 2883 5902; x_wconf 90' lang='lat'>:</span> <span class='ocrx_word' id='word_1_955' title='bbox 2918 5841 3179 5904; x_wconf 84' lang='lat' dir='ltr'><strong>Adducitc</strong></span> <span class='ocrx_word' id='word_1_956' title='bbox 3209 5839 3278 5896; x_wconf 86' lang='lat' dir='ltr'><strong>ad</strong></span> <span class='ocrx_word' id='word_1_957' title='bbox 3303 5851 3392 5894; x_wconf 84' lang='lat' dir='ltr'><strong>me</strong></span> <span class='ocrx_word' id='word_1_958' title='bbox 3425 5835 3575 5916; x_wconf 85' lang='lat' dir='ltr'><strong>Agag</strong></span> <span class='ocrx_word' id='word_1_959' title='bbox 3601 5841 3787 5901; x_wconf 84' lang='lat' dir='ltr'><strong>regem</strong></span> 
     </span>
    </p>
   </div>
  </div>
