4074 6470
391 402 461 462 ιε
1195 405 1550 466 COMMENT.
1586 407 1657 464 IN
1695 402 1944 464 LIBROS
1983 401 2053 462 IV
2089 402 2354 478 REGUM.
2395 440 2468 452 —
2501 410 2571 467 IN
2607 412 2735 471 LIB.
2773 414 2815 471 I.
3567 417 3638 477 50

399 541 419 576 ι
454 521 694 578 Amalec.
727 520 796 577 Et
818 521 1032 578 oblatus
1055 531 1139 578 est
1175 523 1226 578 ei
1265 524 1416 596 Agag
1454 523 1862 594 pinguissimus.
1902 519 1970 574 Et
1996 518 2048 578 A
2071 518 2275 587 malus;
2308 521 2353 578 si
2380 523 2572 590 malus,
2606 539 2704 580 cur
2727 527 2937 583 Domini
2957 526 3200 585 dicatur?
3225 527 3351 586 Haec
3369 529 3650 590 Sententia

397 634 418 667 ι
451 614 598 670 dixit
619 614 771 685 Agag
800 632 812 670 :
843 612 1057 670 Siccine
1084 624 1300 687 separat
1339 632 1439 672 nos
1468 631 1654 672 amara
1691 616 1873 672 mors?
1904 615 1970 670 Et
1991 601 1998 614 ”

397 725 418 758 ς
455 707 532 762 ait
571 706 790 762 Samuel
833 725 846 761 :
890 705 1044 762 Sicut
1081 707 1213 765 fecit
1250 709 1454 780 absque
1495 709 1681 766 liberis
1717 709 1970 764 mulieres

397 820 418 856 ι
451 801 662 873 gladius
687 809 841 869 tuus,
871 803 952 858 sic
976 803 1179 874 absque
1207 803 1394 860 liberis
1416 806 1521 860 erit
1553 805 1695 860 inter
1717 806 1969 864 mulieres

396 909 420 946 ι
453 900 627 948 mater
654 899 766 948 tua.
791 892 851 948 ln
879 893 1052 950 frusta
1083 895 1317 950 concidit
1354 896 1570 951 Samuel
1599 897 1748 969 Agag
1785 912 1968 954 coram

395 1004 417 1038 ε
451 985 678 1042 Domino
715 984 773 1040 in
797 983 1065 1055 Calgalis,
1099 1006 1118 1039 ι
1150 995 1255 1043 etc.
1284 987 1509 1056 Quando
1534 989 1719 1059 legunt
1747 989 1966 1059 quidam

390 1075 450 1132 in
467 1073 771 1145 Scripturis
796 1077 939 1147 quod
963 1079 1138 1136 sancti
1160 1078 1290 1134 nulli
1321 1080 1555 1137 hostium
1585 1090 1830 1152 parcant,
1855 1081 1965 1138 etil-

389 1167 606 1224 ciuntur
634 1168 914 1234 crudeles;
937 1178 993 1225 et
1025 1171 1318 1226 humanum
1355 1174 1673 1242 sanguinem
1698 1173 1960 1240 sitientes,

389 1258 578 1316 dicunt
607 1278 621 1314 :
648 1260 783 1328 Quia
806 1269 861 1318 et
877 1260 1014 1330 justi
1045 1263 1117 1318 ita
1142 1275 1527 1334 percusserunt
1550 1266 1750 1332 hostes,
1777 1276 1964 1322 utnon

387 1350 746 1422 relinqeretur
783 1352 851 1407 ab
878 1353 958 1408 eis
985 1353 1075 1424 qui
1113 1354 1292 1410 salvus
1324 1356 1497 1411 ﬁeret.
1530 1356 1599 1411 Et
1629 1373 1737 1412 non
1767 1357 1963 1412 intelli-

385 1450 517 1511 gunt
544 1442 599 1497 in
626 1442 712 1498 his
733 1444 913 1500 verbis
940 1443 1251 1501 obumbrari
1282 1447 1571 1518 mysteria;
1602 1457 1657 1502 et
1676 1448 1780 1504 hoc
1805 1449 1963 1506 nobis

385 1537 558 1608 magis
582 1537 840 1604 indicari,
874 1547 934 1594 ut
959 1549 1255 1610 pugnantes
1283 1541 1542 1597 adversus
1566 1542 1693 1597 vitia
1711 1583 1726 1608 ,
1755 1543 1961 1598 nullum

382 1631 600 1700 penitus
622 1647 686 1686 ex
715 1632 800 1687 his
827 1631 1130 1702 relinquere
1158 1634 1469 1700 debeamus,
1501 1633 1596 1689 sed
1623 1635 1802 1690 omnia
1827 1636 1964 1692 inte-

384 1719 602 1777 rimere.
637 1721 770 1776 Nam
805 1724 852 1778 si
879 1724 1280 1794 pepercerimus
1301 1765 1314 1789 ,
1339 1725 1480 1781 scire
1509 1725 1768 1782 debemus
1797 1743 1958 1797 repu-

384 1813 487 1868 tari
515 1813 747 1870 nobisin
771 1815 948 1885 culpa,
978 1815 1118 1871 sicut
1144 1823 1448 1886 reputatum
1477 1824 1559 1872 est
1590 1815 1738 1882 Saul,
1761 1817 1850 1888 qui
1880 1816 1962 1872 vi-

2070 614 2278 670 duobus
2305 617 2485 672 verbis
2519 618 2903 688 comprehensa
2929 628 3043 688 est,
3085 630 3138 676 et
3175 621 3227 676 in
3264 623 3374 678 Deo
3407 632 3648 696 potestas

2067 704 2228 773 iusta,
2272 715 2327 761 et
2366 709 2419 762 in
2459 708 2670 764 diabolo
2702 716 2942 778 potestas
2980 711 3199 781 injusta.
3233 713 3368 770 Nam
3397 715 3538 771 idem
3563 727 3652 773 est

2068 799 2291 871 spiritus
2319 799 2492 856 malus
2513 817 2610 872 per
2631 803 3015 872 nequissimam
3038 805 3392 876 voluntatem,
3417 817 3473 865 et
3503 809 3647 866 idem

2068 891 2289 961 spiritus
2319 891 2532 948 Domini
2573 909 2672 964 per
2701 902 2976 966 acceptam
3014 894 3372 965 justissimam
3407 907 3648 972 potestao

2067 991 2196 1038 tem.
2235 983 2388 1041 Unde
2424 999 2554 1058 ergo
2589 985 2811 1056 spiritus
2864 988 3076 1044 Domini
3117 991 3416 1061 appellatur
3459 993 3649 1049 diabo-

2067 1071 2184 1128 lus?
2207 1083 2428 1146 propter
2455 1076 2848 1144 ministerium;
2884 1079 3008 1149 quia
3048 1082 3297 1137 omnibus
3334 1084 3496 1140 etiam
3536 1085 3648 1156 spi-

2065 1163 2259 1222 ritibus
2283 1166 2438 1222 malis
2466 1169 2605 1223 bene
2629 1167 2800 1224 utitur
2823 1170 2964 1225 Deus
2984 1212 2998 1235 ,
3028 1171 3111 1226 vel
3149 1173 3216 1227 ad
3243 1174 3645 1234 damnationem

2065 1257 2419 1327 quorumdam
2439 1298 2454 1323 ,
2480 1257 2566 1312 vel
2600 1258 2666 1312 ad
2691 1260 3144 1328 emendationem,
3172 1262 3255 1317 vel
3282 1263 3346 1318 ad
3368 1265 3646 1334 probatio-

2065 1365 2208 1405 nem.
2242 1351 2307 1406 Et
2334 1351 2580 1421 quamvis
2607 1352 2914 1422 malignitas
2941 1369 2970 1408 a
3001 1353 3111 1410 Deo
3144 1371 3248 1410 non
3287 1356 3377 1421 sit,
3407 1365 3648 1428 potestas

2065 1451 2263 1506 tamen,
2297 1443 2398 1498 nisi
2425 1459 2454 1496 a
2478 1443 2618 1510 Deo,
2650 1459 2757 1499 non
2794 1453 2877 1500 est
2907 1444 3014 1518 (Ea:
3038 1443 3335 1518 Gregorio.)
3367 1447 3520 1504 Sicut
3548 1466 3643 1504 an-

2067 1535 2245 1604 tiquus
2274 1535 2491 1590 humani
2517 1535 2733 1606 generis
2766 1535 3048 1602 inimicus,
3078 1538 3202 1606 quia
3242 1538 3369 1594 licet
3399 1539 3647 1596 alﬁictio-

2064 1640 2185 1679 nem
2205 1623 2476 1692 justorum
2513 1641 2726 1697 semper
2754 1634 3001 1696 appetat,
3041 1636 3218 1682 tamen
3258 1630 3301 1684 si
3329 1630 3397 1686 ab
3425 1640 3648 1689 auctore

2063 1730 2250 1776 nostro
2283 1727 2605 1791 potestatem
2632 1737 2738 1775 non
2764 1720 2976 1791 accipit,
3006 1721 3073 1775 ad
3105 1723 3421 1779 tentationis
3445 1725 3648 1780 articu-

2063 1811 2174 1865 lum
2212 1810 2514 1866 nullatenus
2541 1811 2887 1866 convalescit.
2924 1809 3078 1866 Unde
3108 1819 3160 1866 ct
3193 1814 3370 1868 omnis
3397 1814 3649 1871 voluntas

382 1921 507 1962 vum
538 1879 1061 1979 servaverat—regem
1087 1879 1324 1962 Amalec.
1349 1907 1626 1975 Quomodo
1647 1879 1794 1964 enim
1815 1909 1962 1980 quis—
1987 1879 2036 1946 Β
2065 1901 2264 1957 diaboli
2287 1901 2484 1971 injusta
2510 1911 2623 1968 est;
2647 1911 2702 1958 et
2724 1911 2924 1967 tamen,
2947 1903 3293 1973 permittente
3313 1903 3444 1970 Deo,
3471 1908 3649 1962 omnis

381 2014 488 2071 que
526 1999 708 2070 justus
753 1999 1032 2064 manebit,
1082 1999 1129 2054 si
1175 1999 1350 2054 adhuc
1399 1997 1599 2068 aliquid
1647 1999 1853 2068 peccati
1905 1998 1962 2054 in

381 2091 675 2160 semetipso
710 2091 1040 2156 servaverit,
1078 2091 1217 2146 sicut
1243 2089 1413 2144 Saul?
1440 2090 1506 2144 At
1539 2106 1670 2145 vero
1702 2091 1874 2146 sancti
1905 2091 1960 2146 in

381 2181 552 2254 ﬁgura
575 2181 842 2239 Samuelis
873 2183 947 2238 ita
967 2183 1196 2238 saeviunt
1221 2197 1384 2252 super
1406 2182 1591 2236 hostes
1609 2197 1755 2247 suos,
1783 2182 1836 2236 id
1853 2191 1958 2249 est,

381 2289 546 2344 super
574 2275 704 2330 vitia
731 2283 1074 2345 peccatorum
1095 2315 1110 2340 ,
1143 2283 1204 2328 ut
1240 2289 1346 2329 non
1373 2273 1692 2345 permittant
1730 2273 1960 2344 relinqui

380 2365 598 2436 aliquod
627 2375 906 2438 peccatum
933 2367 1278 2436 impunitum.

967 2477 1195 2535 CAPUT
1232 2478 1372 2536 XVI.

383 2568 750 2648 Quod,_8aule
771 2572 1062 2643 reprobate,
1081 2570 1499 2648 _el_ectus_est_per
1523 2571 1819 2648 Samuelem
1843 2571 1956 2648 Da-

448 2642 534 2696 vid
562 2643 616 2695 in
647 2641 848 2708 regem,
875 2651 922 2697 et
953 2642 1091 2714 quod
1122 2642 1230 2714 ipse
1263 2641 1435 2698 David
1465 2659 1642 2698 coram
1681 2641 1841 2698 Saule
1873 2643 1958 2697 fit-

451 2722 592 2766 rente
616 2714 822 2768 cithara
851 2712 1091 2768 canebat.

450 2821 600 2893 (Car.
641 2823 778 2897 xvr)
819 2844 836 2876 ι
885 2825 1138 2896 Dixitque
1171 2826 1434 2883 Dominus
1475 2826 1544 2882 ad
1591 2827 1898 2884 Samuelem
1937 2846 1952 2885 :

382 2931 402 2966 ι
439 2913 729 2984 Usquequo
753 2923 810 2971 tu
840 2916 990 2988 luges
1015 2915 1164 2982 Saul,
1189 2933 1311 2974 cum
1334 2934 1434 2990 ego
1459 2919 1780 2990 projecerim
1808 2935 1953 2988 eum,

382 3025 402 3059 ‹
439 3021 507 3062 ne
529 3017 720 3078 regnet
749 3024 912 3080 super
933 3010 1134 3067 Israel?
1159 3011 1326 3082 Imple
1353 3027 1522 3068 cornu
1549 3019 1699 3067 tuum
1728 3013 1870 3079 oleo,
1901 3023 1956 3069 et

380 3114 400 3148 ι
435 3098 554 3153 veni
577 3107 630 3153 et
651 3100 861 3156 mittam
883 3101 952 3156 ad
973 3101 1076 3158 Isai
1093 3103 1560 3180 Bethlehemitem,
1576 3104 1782 3174 providi
1808 3103 1954 3159 enim

333 3227 336 3232 .
381 3205 400 3239 ι
438 3187 492 3242 in
522 3188 647 3244 ﬁliis
672 3189 790 3260 ejus
815 3192 946 3247 mihi
985 3207 1198 3265 regem,
1239 3213 1258 3246 ι
1293 3202 1397 3250 etc.
1432 3195 1617 3265 Itaque
1648 3194 1808 3250 Saule
1834 3211 1954 3266 pro-

374 3285 496 3344 pter
523 3278 941 3336 inobedientiam
967 3284 1274 3353 reprobate,
1296 3285 1445 3340 misit
1473 3286 1616 3341 Deus
1645 3285 1864 3341 Samuel
1885 3286 1954 3341 ad

375 3367 508 3433 Isai,
549 3377 606 3423 et
648 3379 862 3440 sumpto
907 3387 1078 3427 cornu
1114 3373 1221 3430 olei
1260 3375 1419 3429 unxit
1452 3375 1506 3428 in
1547 3390 1731 3446 regem
1762 3374 1950 3430 David.

376 3453 486 3509 Sed
523 3449 803 3512 videamus
835 3445 1082 3515 eumdem
1125 3462 1323 3529 David,
1375 3445 1644 3533 quomodo
1677 3463 1951 3520 Christum

372 3547 684 3617 prophetice
733 3550 1132 3621 signiﬁcaverit.
1180 3555 1347 3610 David
1381 3557 1526 3610 enim
1568 3558 1953 3628 interpretatur

371 3656 531 3694 manu
558 3640 742 3710 fortis,
773 3643 886 3698 sive
913 3644 1293 3700 desiderabilia.
1329 3647 1396 3702 Et
1420 3647 1550 3717 quid
1575 3647 1768 3704 fortius
1795 3649 1951 3706 leone

372 3729 465 3786 illo
485 3731 552 3786 de
574 3733 716 3789 tribu
735 3733 869 3790 Iuda
893 3735 1076 3808 (Apoc.
1090 3739 1166 3808 v),
1181 3739 1275 3808 qui
1299 3738 1429 3794 vicit
1451 3740 1742 3795 mundum?
1763 3740 1946 3814 (Joan.

371 3823 521 3895 XVI.)
561 3824 629 3881 Et
665 3827 797 3898 quid
834 3828 1245 3887 desiderabilius
1293 3831 1383 3888 illo
1429 3831 1495 3888 de
1533 3849 1640 3903 quo
1689 3835 1889 3890 dicitur
1929 3850 1946 3890 :

377 3931 397 3965 ε
425 3913 584 3970 Venit
610 3915 943 3974 desideratus
969 3921 1180 3976 cunctis
1200 3921 1486 3992 gentibus?
1507 3921 1658 3994 (Agg.
1687 3924 1772 3996 ιι).
1799 3943 1818 3976 ›
1840 3924 1950 3981 Un-

365 4006 514 4077 gitur
545 4007 648 4064 iste
686 4009 854 4064 David
887 4009 942 4064 in
973 4025 1156 4083 regem
1193 4012 1465 4080 futurum,
1495 4013 1818 4071 denuntians
1852 4032 1951 4086 per

371 4096 683 4154 unctionem
717 4099 868 4171 illam
901 4099 1197 4158 Christum.
1241 4101 1490 4162 Christus
1533 4105 1678 4161 enim
1722 4122 1754 4162 a
1792 4105 1950 4164 Chri-

371 4199 542 4246 smate
565 4191 883 4262 appellatur.
922 4193 1246 4264 Reprobatis
1265 4205 1472 4267 septem
1502 4199 1627 4255 ﬁliis
1653 4200 1754 4256 Isai
1780 4197 1949 4269 majo-

371 4281 550 4349 ribus,
587 4283 842 4340 minimus
877 4293 1038 4342 astate
1067 4287 1273 4344 electus
1307 4297 1390 4345 est
1425 4292 1492 4346 ad
1528 4307 1772 4364 regnum.
1811 4293 1946 4361 Quia

370 4385 555 4444 spreto
578 4375 804 4433 Iudaico
833 4380 1133 4436 sacerdotio
1169 4389 1226 4437 et
1260 4395 1446 4453 regno,
1477 4384 1672 4452 prioris
1697 4384 1951 4440 videlicet

371 4465 574 4534 populi,
606 4467 699 4537 qui
733 4468 1122 4525 sabbatismum
1146 4473 1443 4527 secundum
1471 4472 1641 4545 legem
1671 4476 1944 4542 servabat,

369 4555 620 4613 Christus
648 4558 905 4616 Dominus
931 4569 1145 4630 noster,
1180 4571 1340 4634 caput
1374 4565 1601 4621 minoris
1628 4567 1827 4637 populi,
1860 4583 1947 4623 sa-
1969 4589 2024 4652 D

368 4647 612 4703 cerdotio
635 4658 894 4720 perpetuo
929 4651 1145 4708 functus
1181 4661 1292 4721 est,
1329 4663 1384 4711 et
1416 4656 1472 4712 in
1509 4672 1692 4728 regem
1727 4667 1942 4726 unctus,

369 4736 525 4806 cujus
552 4753 775 4810 regnum
805 4756 914 4796 non
945 4742 1106 4799 habet
1131 4743 1313 4810 ﬁnem,
1341 4755 1397 4802 et
1418 4747 1502 4802 cui
1525 4763 1712 4805 omnes
1737 4759 1943 4820 gentes,

368 4828 567 4900 lingua:
604 4839 660 4887 et
699 4833 870 4888 tribus
904 4836 1158 4892 servient.
1188 4837 1356 4894 David
1392 4838 1460 4892 ab
1484 4837 1658 4894 cilicio
1687 4841 1946 4910 pastorali

367 4936 625 4992 pecorum
666 4925 733 4981 ad
770 4925 1047 4983 hominum
1088 4943 1312 5002 regnum
1362 4930 1704 4987 transfertur.
1751 4933 1946 4989 Noster

236 5005 246 5015 ’
339 5022 551 5094 ρευιεω
587 5016 787 5083 David,
826 5019 940 5090 ipse
980 5017 1164 5086 Iesus,
1207 5035 1238 5074 a
1275 5021 1448 5076 bobus
1491 5020 1728 5078 Iudaicae
1772 5023 1943 5094 plebis

337 5083 580 5164 Pablatus
600 5121 708 5176 est,
736 5119 793 5166 ει
825 5083 879 5167 in
905 5127 1129 5184 regnum
1157 5114 1398 5183 gentium
1436 5115 1728 5170 translatus
1755 5083 1858 5171 est.
1887 5117 1944 5174 In

369 5195 551 5254 Iumea
579 5200 725 5254 enim
744 5215 854 5256 non
877 5209 962 5256 est
981 5203 1138 5258 modo
1160 5202 1428 5269 Christus,
1457 5205 1667 5262 ablatus
1685 5217 1770 5263 est
1796 5207 1944 5276 inde,

370 5303 515 5344 nunc
541 5292 779 5361 gentium
805 5306 993 5364 greges
1021 5294 1213 5365 pascit.
1244 5294 1412 5366 Igitur
1439 5297 1728 5353 recedente
1752 5314 1784 5353 a
1811 5297 1944 5356 Saul

368 5377 598 5436 Domino
635 5391 858 5454 propter
894 5385 1342 5454 inobedientiam,
1383 5399 1634 5460 arreptus
1673 5399 1757 5446 est
1790 5391 1944 5448 mali-

368 5485 478 5540 gno
506 5473 732 5542 spiritu,
769 5495 788 5528 ι
832 5484 887 5531 ει
911 5477 1219 5550 exagitabat
1247 5495 1368 5536 eum
1397 5481 1618 5552 spiritus
1651 5499 1884 5556 nequam
1912 5501 1944 5542 a

370 5560 618 5620 Domino.
657 5584 676 5618 ι

446 5677 465 5710 ε
501 5659 867 5730 Dixeruntque
902 5661 1044 5718 servi
1079 5659 1208 5716 Saul
1242 5674 1309 5717 ao
1343 5677 1465 5718 eum
1496 5683 1508 5719 :
1540 5665 1682 5721 Ecce
1707 5667 1946 5738 exagitat

373 5764 397 5802 ι
424 5755 479 5804 te
501 5749 721 5819 spiritus
749 5751 960 5806 Domini
991 5751 1185 5818 malus,
1217 5770 1236 5803 ι
1263 5760 1368 5808 ειε.
1399 5753 1456 5807 In
1484 5755 1587 5811 hoc
1611 5755 1750 5812 libro
1774 5759 1942 5828 quaeri

365 5836 507 5905 solet
539 5837 606 5897 de
636 5839 828 5917 spiritu
860 5840 956 5918 qui
994 5841 1232 5914 agitabat
1274 5839 1405 5898 Saul
1433 5860 1448 5903 ;
1490 5844 1536 5900 si
1570 5845 1814 5917 Domini,
1844 5862 1943 5910 cur

2062 2003 2305 2066 potestas
2331 1994 2500 2065 justa.
2535 1994 2615 2049 Ex
2648 2010 2706 2050 se
2738 1995 2883 2050 enim
2911 2003 3121 2050 tentare
3151 1997 3648 2067 quoslibetinjuste

2062 2083 2282 2153 appetit.
2315 2083 2407 2139 sed
2435 2099 2529 2138 eos
2557 2083 2648 2154 qui
2680 2085 2922 2138 tentandi
2950 2093 3098 2150 sunt,
3133 2094 3184 2140 et
3212 2095 3372 2156 prout
3401 2089 3645 2144 tentandi

2062 2182 2207 2240 sunt,
2229 2189 2335 2229 non
2360 2174 2461 2229 nisi
2487 2181 2699 2229 tentare
2719 2175 2860 2229 Deus
2875 2173 3018 2244 juste
3037 2176 3320 2244 permittit.
3347 2178 3490 2232 Bene
3517 2194 3648 2249 ergo

2061 2281 2205 2320 nunc
2231 2265 2429 2321 dicitur
2457 2280 2472 2319 :
2501 2285 2518 2317 ‹
2555 2264 2788 2335 Spiritus
2817 2266 3027 2320 Domini
3055 2266 3226 2320 malus
3251 2269 3488 2338 exagitat
3517 2277 3586 2323 te.
3621 2289 3640 2320 ι

2060 2358 2202 2414 Ecce
2228 2374 2369 2413 unus
2397 2358 2646 2429 idemque
2675 2358 2899 2430 spiritus
2924 2367 2981 2414 et
3015 2359 3228 2415 Domini
3267 2363 3567 2433 appellatur
3591 2375 3648 2419 et

2059 2451 2235 2506 malus
2264 2466 2278 2504 :
2317 2450 2526 2505 Domini
2553 2449 2804 2506 videlicet
2828 2466 2926 2520 per
2952 2451 3226 2507 licentiam
3253 2456 3538 2524 potestatis
3556 2456 3646 2527 ju-

2060 2552 2176 2608 star,
2205 2542 2380 2598 malus
2404 2551 2580 2599 autem
2605 2556 2702 2612 per
2729 2543 3058 2599 desiderium
3090 2545 3383 2602 voluntatis
3406 2547 3642 2617 injustas.

2059 2633 2169 2706 (Ex-
2193 2633 2450 2706 Ixidoro.)
2492 2633 2584 2690 Sic
2623 2642 2679 2691 et
2718 2634 2845 2692 alibi
2884 2636 3085 2692 dictum
3127 2646 3210 2694 est
3248 2639 3412 2693 etiam
3437 2639 3488 2710 (Ι
3515 2638 3644 2712 Reg.

2059 2728 2210 2798 xxvr)
2245 2744 2258 2780 :
2308 2747 2326 2779 ‹
2374 2726 2548 2797 Sopor
2581 2728 2829 2795 Domini,
2874 2749 2892 2782 ι
2932 2730 3023 2800 qui
3059 2742 3420 2801 occupaverat
3446 2734 3646 2791 milites

2057 2814 2298 2885 ejusdem
2331 2817 2481 2885 Saul,
2507 2833 2629 2873 cum
2657 2818 2825 2874 David
2851 2820 3064 2876 hastam
3091 2829 3146 2876 et
3175 2823 3434 2894 scyphum
3462 2823 3648 2880 abstu-

2057 2907 2209 2962 lisset
2251 2923 2280 2963 a
2317 2908 2494 2978 capite
2533 2909 2882 2974 dormientis;
2926 2926 3032 2965 non
3083 2911 3210 2982 quia
3249 2929 3410 2983 sopor
3449 2923 3576 2968 tunc
3614 2929 3646 2968 a

2059 3000 2287 3057 Domino
2325 3008 2443 3056 erat
2477 3008 2538 3056 ut
2572 3001 2688 3071 ipse
2727 3003 3015 3069 dormiret,
3061 3005 3156 3060 sed
3192 3005 3316 3074 quia
3357 3005 3444 3061 ille
3482 3020 3646 3078 sopor

2058 3093 2148 3161 qui
2189 3100 2316 3148 tunc
2353 3092 2601 3148 homines
2640 3094 3109 3165 apprehenderat,
3137 3105 3269 3151 nutu
3300 3097 3395 3151 Dei
3421 3106 3538 3152 erat
3565 3097 3646 3152 in-

2060 3180 2229 3248 fusus,
2257 3198 2326 3238 ne
2355 3183 2523 3238 David
2553 3184 2697 3239 servi
2733 3185 2849 3255 ejus
2877 3186 2932 3239 in
2969 3201 3032 3242 eo
3061 3187 3178 3242 loco
3207 3189 3492 3258 prtesentia
3524 3204 3645 3245 sen—

2060 3273 2270 3327 tiretur.
2297 3273 2506 3328 Dicitur
2527 3289 2658 3345 ergo
2685 3275 2907 3344 spiritus
2933 3277 3029 3331 Dei
3052 3278 3247 3343 malus,
3276 3280 3378 3334 hoc
3402 3288 3504 3345 est,
3535 3279 3641 3335 mi-

2057 3365 2227 3420 nister
2251 3365 2348 3421 Dei
2369 3367 2435 3422 ad
2462 3366 2766 3422 faciendum
2795 3368 2846 3423 in
2870 3367 2998 3423 Saul
3023 3371 3165 3440 quod
3187 3385 3308 3426 eum
3332 3373 3443 3441 pati
3469 3371 3644 3429 Iudex

2055 3457 2295 3511 omnium
2333 3458 2739 3526 potentissimus
2771 3458 3071 3529 judicabat,
3123 3463 3378 3532 quoniam
3423 3465 3644 3536 spiritus

2055 3546 2145 3601 ille
2167 3547 2443 3603 voluntate
2465 3563 2568 3618 qua
2593 3549 2767 3606 malus
2793 3561 2929 3618 erat,
2953 3567 3060 3607 non
3087 3562 3201 3608 erat
3229 3555 3356 3621 Dei;
3388 3565 3640 3613 creatura

2053 3655 2184 3695 vero
2214 3655 2320 3711 qua
2350 3643 2602 3698 conditus
2632 3653 2769 3709 erat,
2797 3652 2853 3700 et
2879 3653 3169 3716 potestate,
3199 3661 3361 3716 quam
3389 3664 3494 3703 non
3520 3666 3641 3716 sua,

2053 3735 2148 3790 sed
2177 3733 2388 3790 Domini
2423 3737 2662 3791 omnium
2702 3738 2957 3808 aequitate
3001 3749 3322 3809 acceperat,
3355 3741 3450 3796 Dei
3489 3751 3638 3809 erat;

2053 3826 2333 3884 formidari
2360 3828 2522 3900 igitur
2561 3845 2668 3884 non
2703 3829 2894 3896 debet,
2929 3831 3056 3900 quia
3085 3831 3249 3897 nihil,
3281 3831 3384 3887 nisi
3416 3833 3642 3902 permis-

2051 3932 2174 3984 sus,
2204 3919 2367 3974 valet.
2407 3919 2514 3991 (Ea:
2539 3919 2836 3992 Gregorio.)
2864 3920 3000 3977 Nam
3037 3931 3092 3977 et
3128 3923 3180 3977 in
3220 3924 3512 3995 Evangelio
3543 3941 3640 3979 ex-

2050 4009 2295 4081 pellenda
2316 4009 2383 4064 de
2402 4009 2619 4065 homine
2635 4009 2799 4080 Legio
2819 4011 3048 4067 Domino
3071 4013 3282 4068 dicebat
3308 4031 3320 4067 :
3355 4034 3373 4066 ‹
3404 4013 3460 4068 Si
3485 4013 3638 4083 ejicis

2051 4119 2179 4169 nos,
2211 4103 2362 4158 mitte
2395 4118 2494 4157 nos
2529 4103 2583 4158 in
2613 4119 2830 4175 gregem
2869 4119 3155 4175 porcorum
3190 4105 3404 4179 (Matth.
3435 4108 3576 4181 vm).
3612 4131 3630 4160 ι
3700 4113 3708 4122 “

2051 4196 2176 4252 Sola
2200 4211 2328 4266 ergo
2355 4196 2436 4250 vis
2461 4195 2549 4250 illa
2577 4195 2814 4251 timenda
2846 4207 2926 4252 est
2944 4239 2958 4263 ,
2986 4215 3106 4269 qua:
3132 4215 3254 4254 cum
3288 4200 3499 4255 hostem
3531 4217 3637 4256 εεεο

2048 4288 2166 4342 vire
2198 4287 2540 4357 permiserit,
2579 4287 2628 4343 ei
2664 4287 2730 4342 ad
2759 4303 2915 4342 usum
2940 4287 3071 4356 justi
3104 4289 3294 4362 judicii
3341 4299 3394 4346 et
3436 4291 3634 4361 injusta

2051 4377 2193 4433 illius
2224 4379 2474 4433 voluntas
2505 4379 2689 4434 servit.
2725 4379 2832 4451 (Eat
2860 4379 3114 4454 Isidoro.)
3142 4383 3271 4436 Erat
3308 4395 3487 4439 autem
3527 4385 3634 4442 Da-

2050 4470 2139 4524 vid
2175 4471 2228 4524 in
2267 4471 2496 4526 canticis
2534 4471 2755 4526 musicis
2789 4473 3052 4527 eruditus.
3092 4473 3443 4530 Diversorum
3487 4479 3633 4535 enim

2051 4577 2306 4618 sonorum
2340 4561 2680 4617 rationabilis
2715 4559 3132 4632 moderatusque
3156 4574 3472 4631 concentus,
3504 4582 3605 4623 con

2055 4653 2205 4708 cordi
2235 4654 2498 4708 varietate
2519 4659 2820 4723 compacta,
2845 4653 3093 4710 ordinate
3114 4654 3369 4711 Ecclesiae
3395 4656 3636 4715 insinuat
3663 4695 3668 4698 -

2054 4747 2338 4812 unitatem,
2369 4761 2489 4816 quae
2515 4745 2682 4800 variis
2705 4745 2878 4802 modis
2903 4747 3141 4818 quotidie
3165 4757 3402 4814 resonat,
3431 4758 3488 4804 et
3515 4766 3634 4805 sua-

2052 4838 2218 4892 vitatc
2243 4838 2468 4908 mystica
2493 4836 2817 4892 modulatur.
2846 4836 2952 4893 Iste
2981 4839 3156 4894 adhuc
3181 4855 3315 4910 puer
3340 4840 3394 4894 in
3421 4841 3630 4896 cithara

2051 4929 2326 4994 suaviter,
2366 4927 2476 4983 imo
2521 4925 2734 4982 fortiter
2768 4943 2998 4992 canens,
3046 4929 3336 4998 malignum
3381 4929 3630 4999 spiritum

2051 5018 2144 5090 qui
2181 5017 2509 5089 cperabatur
2542 5018 2596 5072 in
2625 5015 2818 5084 Saule,
2848 5018 3208 5089 compescuit;
3243 5033 3349 5073 non
3381 5021 3524 5089 quod
3554 5023 3630 5076 ci-

2047 5111 2217 5164 tharae
2253 5109 2395 5165 illius
2426 5116 2569 5163 tanta
2611 5109 2694 5164 vis
2733 5117 2881 5171 erat,
2905 5111 2997 5163 sed
3041 5109 3183 5178 quod
3233 5108 3405 5179 ﬁgura
3448 5113 3630 5165 crucis

2045 5199 2284 5267 Christi,
2317 5215 2436 5271 quae
2474 5200 2540 5256 de
2570 5200 2716 5271 ligno
2748 5208 2802 5254 ct
2838 5197 3152 5254 extensione
3188 5213 3477 5255 nervorum
3519 5217 3632 5273 my-

2045 5293 2180 5350 stice
2203 5294 2514 5363 gerebatur,
2539 5292 2763 5363 ipsaque
2789 5290 2991 5360 passio,
3013 5305 3134 5360 qua:
3153 5292 3494 5359 cantabatur,
3512 5292 3626 5364 jam

2045 5394 2174 5441 tunc
2205 5385 2428 5458 spiritus
2468 5383 2830 5439 daemoniacos
2867 5381 3224 5453 opprimebat.
3274 5383 3628 5456 'I‘ropologice

2049 5486 2229 5533 autem
2249 5519 2263 5544 ,
2293 5477 2398 5532 hoc
2433 5476 2575 5531 facto
2614 5474 2782 5531 David
2817 5475 2884 5531 ad
2917 5475 3350 5546 compatieudum
3377 5475 3628 5548 proximo

2047 5570 2385 5626 instruimur.
2415 5568 2736 5638 Plerumque
2769 5569 2911 5624 enim
2948 5569 3212 5638 superbus
3245 5567 3398 5625 dives
3425 5571 3627 5626 exhor-

2043 5663 2267 5716 tationis
2297 5660 2663 5716 blandimento
2684 5658 2978 5730 placandus
2999 5666 3082 5713 est
3110 5675 3124 5712 :
3155 5659 3282 5729 quia
3307 5667 3363 5715 et
3389 5659 3625 5730 plerum-

2044 5769 2148 5823 que
2177 5753 2310 5808 dura
2349 5750 2572 5806 vulnera
2602 5765 2700 5821 per
2731 5749 2872 5804 lenia
2905 5746 3144 5804 fomenta
3175 5748 3528 5812 mollescunt,
3567 5754 3624 5802 et

2042 5846 2194 5907 furor
2235 5845 2548 5903 insanorum
2593 5856 2734 5917 saepe
2775 5841 2843 5902 ad
2891 5839 3161 5914 salutem,
3212 5841 3422 5898 medico
3468 5838 3626 5894 blan-
