4074 6518
525 461 595 516 55
1162 461 1220 514 Β.
1261 459 1511 515 RABANI
1552 459 1768 515 MAURI
1809 459 2126 514 ARCHIEP.
2170 463 2474 514 MUGUNI.
2513 463 2797 529 OPERUM
2836 464 3013 522 PARS
3050 469 3091 522 I.
3689 473 3758 529 56

522 577 740 647 pulatus
783 584 867 632 est
895 576 1208 648 Synagogte.
1241 574 1514 644 Scriptum
1543 583 1627 630 est
1668 575 1813 630 enim
1838 591 1850 628 :
1890 592 1908 624 ι
1941 573 2091 627 Post-
2117 576 2169 633 A
2195 573 2377 638 sionis,
2406 583 2656 644 tanquam
2686 578 2739 631 in
2784 588 3037 646 statuam,
3071 589 3123 636 et
3154 581 3338 637 h:edus
3363 582 3442 639 cis
3467 584 3614 641 visus
3643 597 3756 642 erat

496 683 686 738 'quam
734 668 1018 724 intraverit
1063 665 1340 737 plenitudo
1401 667 1670 736 gentium,
1729 672 1859 719 tunc
1910 665 2087 719 omnis

518 757 684 814 Israel
724 759 902 813 salvus
933 756 1056 812 erit.
1094 777 1112 809 ›
1142 756 1313 828 Dupla
1347 764 1544 819 autem,
1597 757 1700 811 hoc
1721 764 1821 821 est,
1861 756 2088 810 ducenta

517 848 778 917 praeputia
806 847 1018 913 obtulit,
1049 847 1162 903 sive
1183 863 1282 918 pro
1306 846 1526 913 Iudaeis,
1551 855 1606 902 et
1635 847 1883 918 gentibus
1909 845 2090 915 acqui-

517 937 657 1003 sitis,
703 937 816 993 sive
841 938 967 1008 quia
993 935 1163 1006 major
1188 946 1271 992 est
1300 952 1556 992 numerus
1591 937 1964 1007 acquisitionis
1993 950 2087 1006 po-

512 1028 626 1098 puli
671 1028 933 1099 gentium,
983 1043 1145 1098 quam
1173 1029 1505 1084 credentium
1547 1027 1872 1084 Iudaeorum.
1923 1027 2089 1082 Auxit

514 1118 706 1174 deinde
750 1120 934 1174 odium
979 1118 1108 1174 Saul
1153 1119 1410 1174 adversus
1456 1119 1622 1174 David
1654 1119 1708 1173 in
1744 1125 1977 1183 tantum,
2027 1124 2087 1170 ut

512 1226 609 1266 rex
635 1212 703 1266 ob
731 1211 994 1266 medelam
1031 1211 1112 1267 sui
1141 1211 1361 1281 Spiritus
1386 1211 1552 1266 David
1577 1212 1643 1267 de
1675 1226 1826 1268 more
1854 1210 2088 1282 psallen-

513 1311 621 1357 tem
639 1300 818 1372 jaculo
847 1310 1134 1358 conaretur
1159 1300 1446 1373 conﬁgere.

1090 1437 1315 1493 CAPUT
1353 1438 1494 1492 XIX.

512 1529 666 1594 Quod
717 1527 850 1584 Saul
893 1528 1061 1583 David
1099 1529 1403 1599 psallentem
1451 1529 1653 1582 cithara
1695 1527 1854 1582 voluit
1900 1527 2083 1582 lancea

581 1601 851 1669 conﬁgere.
876 1599 952 1653 De
981 1599 1223 1653 illusione
1249 1599 1382 1653 Saul
1402 1640 1415 1663 ,
1444 1600 1703 1669 quomodo
1732 1616 1820 1667 per
1853 1609 2082 1669 statuam

580 1670 636 1722 in
685 1667 815 1723 lecto
859 1671 1081 1738 positam
1111 1679 1158 1723 et
1197 1669 1379 1739 pellem
1424 1667 1645 1739 pilosam
1691 1685 1972 1738 caprarum
2014 1667 2082 1720 il-

576 1739 724 1792 lusus
753 1748 847 1804 est,
879 1756 998 1793 cum
1021 1739 1284 1809 auwrebat
1314 1739 1484 1792 David
1512 1739 1763 1792 occidere.

577 1851 682 1908 Sed
713 1853 842 1922 quid
867 1861 951 1908 est
977 1853 1120 1922 quod
1147 1853 1273 1908 dum
1315 1852 1527 1906 Saulem
1559 1852 1780 1921 spiritus
1822 1853 2080 1908 adversus

2191 679 2360 736 agnus
2385 685 2397 719 :
2430 667 2552 735 quia
2579 668 2634 721 in
2657 685 2765 738 quo
2789 679 3067 740 peccatum
3098 687 3207 728 non
3236 673 3576 744 invenerunt,
3603 680 3758 749 quasi

2188 765 2522 825 peccatorem
2551 759 2819 828 persecuti
2855 769 2998 816 sunt.

2265 865 2284 899 ι
2317 848 2630 904 Nuntiatum
2673 859 2757 906 est
2791 861 2973 907 autem
3003 851 3151 908 Sauli
3179 868 3211 908 a
3251 853 3552 912 dicentibus
3582 874 3595 911 :
3623 857 3760 914 Ecce

2193 956 2212 988 ‹
2240 937 2406 993 David
2451 939 2506 993 in
2537 939 2729 1011 Najoth
2776 943 2832 996 in
2885 944 3172 1011 Ramatha,
3207 965 3224 996 ι
3260 955 3366 1002 etc.
3395 947 3515 1018 (Ex
3569 948 3751 1004 Hiero-

2187 1027 2398 1099 nymo.)
2432 1028 2626 1099 Najoth
2655 1030 2804 1087 locus
2841 1041 2923 1086 est
2953 1035 3004 1088 in
3036 1034 3319 1099 Ramatha,
3355 1038 3447 1091 ubi
3473 1038 3642 1092 David
3671 1054 3760 1093 se-

2188 1117 2283 1172 dit.
2312 1118 2482 1173 Rama
2513 1136 2640 1176 vero
2667 1122 2720 1175 in
2753 1123 2895 1177 tribu
2936 1123 3216 1194 Benjamin
3254 1127 3446 1181 civitas
3466 1136 3552 1183 est
3583 1127 3762 1185 Saulis

2187 1206 2240 1260 in
2274 1218 2425 1263 sexto
2456 1209 2705 1264 milliario
2732 1212 2800 1266 ab
2823 1211 2994 1278 Helia,
3042 1213 3108 1268 ad
3147 1216 3622 1285 septentrionalem
3648 1219 3764 1286 pla-

2187 1316 2308 1372 gam
2338 1312 2524 1358 contra
2550 1304 2754 1361 Betbel.
2786 1306 3030 1362 Meminit
3059 1307 3217 1376 huius
3245 1317 3300 1364 et
3326 1309 3608 1366 Jeremias.
3642 1312 3762 1368 Alia

2186 1399 2364 1447 autem
2409 1394 2578 1448 Rama
2604 1405 2686 1450 est
2725 1396 2776 1450 in
2803 1397 2943 1451 tribu
2979 1399 3130 1463 Aser,
3162 1399 3384 1468 Najoth,
3424 1402 3759 1472 pulchritudo

2185 1482 2601 1552 interpretatur;
2635 1494 2690 1539 et
2711 1486 2900 1550 Rama,
2933 1489 3210 1542 excelsum.
3237 1488 3382 1546 Bene
3407 1507 3536 1562 ergo
3562 1507 3762 1548 conve-

2183 1573 2340 1627 niunt
2381 1575 2496 1629 hzec
2536 1576 2756 1630 nomina
2793 1575 3032 1632 locorum
3079 1580 3240 1634 rebus
3283 1580 3334 1633 in
3379 1581 3464 1635 his
3508 1582 3758 1652 expletis,

2184 1665 2308 1735 quia
2369 1668 2754 1736 prophetarum
2809 1670 2950 1724 dicta
3009 1678 3065 1724 et
3128 1671 3496 1728 celsitudinem
3560 1673 3762 1729 habent

2183 1755 2421 1810 scientia:
2448 1772 2512 1811 ac
2540 1767 2873 1813 venustatem
2904 1759 3208 1816 locutionis.

2256 1847 2404 1916 (CAP.
2443 1847 2558 1917 xx.)
2587 1868 2605 1900 ‹
2634 1848 2778 1904 Misit
2805 1865 2934 1920 ergo
2975 1849 3105 1905 Saul
3149 1851 3384 1919 lictores,
3409 1861 3471 1908 ut
3498 1863 3757 1925 caperent

504 1943 801 2007 invaderet,
827 1944 1162 2013 apprehensa
1207 1942 1373 1996 David
1394 1943 1627 2006 cithara,
1657 1943 1772 2011 ejus
1800 1943 2076 1997 vesaniam
2103 1943 2151 2001 B
2185 1958 2202 1991 ι
2232 1938 2419 1993 David.
2467 1939 2569 2007 Qui
2613 1955 2738 1994 cum
2777 1941 3036 1996 vidissent
3088 1957 3320 1997 cuneum
3369 1945 3758 2014 prophetarum

502 2032 816 2100 mitigabat?
859 2033 964 2087 Per
993 2031 1210 2087 Saulem
1238 2031 1381 2086 enim
1409 2031 1714 2085 Judteorum
1745 2031 1937 2098 elatio,
1981 2048 2078 2102 per

500 2121 670 2175 David
725 2129 906 2176 autem
955 2121 1232 2175 humilitas
1283 2120 1482 2174 Christi
1534 2118 1887 2190 signiﬁcatur.
1940 2121 2074 2176 Cum

498 2232 628 2288 ergo
650 2218 718 2272 ab
747 2216 1023 2272 immundo
1060 2216 1253 2287 spiritu
1301 2215 1430 2270 Saul
1460 2215 1740 2284 arripitur,
1777 2214 1958 2268 David
1984 2229 2075 2268 ca-

498 2320 658 2367 nente
703 2313 819 2382 ejus
864 2312 1086 2367 vesania
1133 2318 1512 2380 temperatur:
1564 2309 1690 2378 quia
1723 2323 1847 2363 cum
1884 2322 2074 2363 sensus

497 2402 803 2458 Iudaeorum
855 2417 954 2473 per
999 2401 1386 2471 blasphemiam
1433 2400 1489 2454 in
1534 2399 1775 2456 furorem
1819 2400 2069 2464 vertitur,

496 2495 716 2565 dignum
751 2503 837 2550 est
866 2502 925 2549 ut
955 2497 1022 2549 ad
1049 2494 1277 2549 salutem
1302 2501 1510 2548 mentes
1535 2508 1744 2558 eorum,
1777 2492 1928 2561 quasi
1955 2490 2074 2545 dul-

496 2586 684 2640 cedine
725 2585 968 2650 citharae,
1006 2585 1292 2641 locutionis
1317 2583 1637 2654 evangelicae
1683 2582 2071 2653 tranquillitate

495 2683 838 2730 revocentur.
871 2675 1032 2731 Nisus
1075 2683 1159 2731 est
1198 2674 1327 2731 Saul
1353 2675 1520 2730 David
1544 2674 1860 2744 psallentem
1897 2673 2066 2729 conﬁo

495 2779 622 2834 gere
645 2764 830 2819 lancea
859 2765 912 2819 in
949 2766 1230 2834 parietem,
1261 2773 1317 2820 et
1353 2765 1639 2821 declinavit
1674 2764 1840 2820 David
1870 2780 1902 2820 a
1931 2764 2071 2821 facie

496 2855 644 2910 Saul.
700 2855 914 2912 Lancea
964 2864 1142 2910 autem
1171 2871 1324 2912 casso
1361 2855 1584 2911 vulnere
1628 2856 1836 2926 perlata
1883 2863 1968 2910 est
2011 2855 2068 2910 in

489 2945 773 3014 parietem.
836 2946 929 3001 Sic
972 2954 1028 3000 et
1071 2947 1398 3016 praedicante
1437 2946 1651 3002 Christo
1695 2945 2063 3017 Evangelium,

491 3035 660 3090 Judaai
687 3037 930 3092 meditati
952 3045 1078 3092 sunt
1099 3039 1149 3092 ei
1176 3046 1410 3094 mortem
1439 3037 1658 3093 inferre.
1692 3037 1800 3094 Sed
1822 3039 1948 3094 dum
1975 3038 2066 3094 ille

491 3127 557 3179 ab
587 3127 665 3180 eis
697 3127 764 3181 ad
800 3129 1026 3183 salutem
1049 3129 1288 3196 gentium
1315 3129 1470 3184 vivus
1501 3132 1740 3193 secessit,
1774 3129 1944 3184 solam
1968 3130 2064 3184 du-

492 3217 670 3271 ritiam
692 3219 889 3274 mentis
916 3219 1130 3273 illorum
1160 3219 1366 3274 malitia
1397 3234 1583 3275 eorum
1609 3219 1768 3275 laesit.

2183 2051 2202 2083 ι
2234 2031 2662 2095 vaticinantium,
2682 2040 2737 2087 et
2756 2031 2976 2087 Samuel
3002 2041 3231 2088 stantem
3251 2049 3413 2104 super
3437 2049 3554 2102 eos,
3582 2036 3759 2093 factus

2183 2141 2200 2173 ι
2236 2129 2316 2176 est
2346 2121 2512 2176 etiam
2555 2123 2778 2192 spiritus
2809 2122 3019 2177 Domini
3063 2139 3225 2194 super
3261 2140 3376 2193 eos,
3426 2133 3482 2180 et
3521 2127 3756 2196 prophe-

2181 2231 2199 2263 ι
2239 2220 2352 2266 tare
2390 2220 2672 2282 coeperunt
2718 2213 2880 2268 etiam
2920 2213 3043 2283 ipsi,
3081 2232 3100 2264 ι
3137 2222 3244 2269 etc.
3299 2215 3424 2286 (Ex
3471 2215 3702 2271 Isidoro.
3734 2215 3757 2288 )

2173 2303 2342 2375 Igitur
2370 2303 2538 2358 David
2564 2305 2725 2376 regite
2772 2319 2964 2359 manus
2995 2305 3158 2359 ictum
3189 2306 3434 2362 devitans
3459 2347 3473 2371 ,
3525 2305 3752 2377 ejusque

2173 2394 2577 2464 persecutiones
2615 2394 2906 2459 declinans,
2948 2393 3084 2464 fugit
3129 2396 3382 2465 venitque
3425 2396 3492 2450 ad
3529 2396 3756 2454 Samue-

2175 2481 2303 2546 lem,
2337 2489 2390 2536 et
2412 2483 2558 2537 misit
2591 2481 2720 2537 Saul
2751 2484 2989 2548 nuntios,
3030 2484 3122 2552 qui
3149 2485 3612 2554 apprehenderent
3641 2487 3752 2540 Da-

2171 2572 2281 2628 vid.
2313 2572 2414 2639 Qui
2449 2589 2571 2629 cum
2619 2574 2879 2629 vidissent
2920 2573 3137 2630 Samuel
3167 2575 3306 2630 inter
3342 2577 3654 2646 prophetas,
3695 2587 3754 2634 et

2170 2672 2372 2720 coetum
2401 2667 2787 2736 prophetarum
2833 2667 2924 2736 qui
2961 2667 3016 2720 in
3055 2665 3147 2722 illo
3181 2674 3422 2739 tempore
3450 2671 3747 2740 propheta-

2169 2756 2322 2822 baut,
2352 2757 2527 2811 nuntii
2555 2757 2646 2826 qui
2677 2757 2828 2812 missi
2868 2766 3010 2824 sunt,
3046 2765 3268 2829 accepto
3309 2761 3499 2816 eodem
3529 2763 3748 2832 spiritu,

2168 2849 2648 2918 prophetaverunt.
2674 2848 2959 2918 Missisque
2979 2848 3101 2904 aliis
3142 2851 3248 2905 hoc
3277 2851 3523 2922 contigit,
3557 2861 3612 2906 et
3641 2861 3750 2909 ter-

2169 2941 2262 2996 tiis
2290 2940 2660 2996 nihilominus.
2710 2940 2902 2996 Postea
2931 2956 3059 2996 vero
3102 2956 3225 2996 cum
3263 2950 3318 2997 et
3344 2943 3462 3012 ipse
3506 2944 3632 2998 Saul
3659 2961 3753 3002 ve-

2168 3031 2357 3095 nisset,
2411 3029 2586 3086 factus
2629 3040 2713 3086 est
2753 3045 2916 3101 super
2964 3045 3089 3086 eum
3142 3029 3376 3102 Spiritus
3423 3033 3655 3100 Domini,
3693 3043 3753 3092 et

2171 3123 2478 3178 ambulabat
2511 3122 2837 3193 ingrediens,
2869 3130 2924 3176 et
2955 3121 3329 3193 prophetabat.

2240 3213 2348 3286 (Ea:
2392 3213 2660 3284 Hebrwo.)
2707 3212 2943 3279 Quaestio
2971 3227 3166 3284 magna
3194 3213 3285 3268 hic
3304 3214 3500 3281 oritur,
3537 3231 3658 3270 cum
3689 3217 3742 3271 in

559 3305 686 3361 Cn.
714 3307 851 3379 xu.)
884 3327 904 3360 ‹
939 3307 1086 3363 Misit
1109 3323 1238 3381 ergo
1267 3309 1396 3366 Saul
1434 3311 1696 3367 satellites
1721 3328 1851 3368 suos
1880 3313 1934 3368 in
1960 3315 2061 3368 do-
2091 3322 2136 3386 α
2167 3305 2595 3375 pmcedenlibus
2640 3304 2848 3374 legatur
2881 3321 2894 3356 ε
2925 3323 2942 3354 ι
2971 3303 3040 3358 Et
3059 3318 3165 3360 ηοιι
3204 3305 3333 3360 Vidit
3362 3305 3581 3360 Samuel
3609 3307 3717 3362 Sall

495 3421 514 3452 ι
545 3414 693 3454 mum
741 3400 930 3465 David,
964 3409 1024 3454 ut
1066 3403 1402 3458 custodirent
1426 3419 1574 3470 eum,
1613 3412 1669 3458 et
1703 3404 2070 3461 interﬁcerent

493 3510 512 3541 ι
551 3503 729 3543 mane.
767 3489 1043 3545 Abscessit
1071 3499 1250 3546 autem
1285 3492 1453 3546 David
1484 3502 1671 3558 nocte,
1705 3501 1761 3548 et
1788 3493 1941 3565 fugit,
1984 3503 2070 3549 at-

493 3600 513 3630 ‹
545 3593 651 3650 que
697 3578 936 3636 salvatus
959 3590 1063 3636 est.
1111 3583 1352 3652 Cumque
1385 3585 1662 3640 venissent
1688 3585 1864 3639 nuntii
1915 3584 2064 3651 Saul,

489 3690 507 3721 ι
547 3670 869 3724 invenerunt
914 3680 1149 3727 statuam
1192 3671 1248 3726 in
1296 3672 1434 3728 lecto
1466 3674 1717 3742 positam,
1766 3683 1822 3729 et
1869 3673 2064 3743 pellem

490 3779 509 3811 ι
545 3760 773 3831 pilosam
803 3776 1087 3832 caprarum
1114 3762 1181 3817 ad
1215 3772 1377 3834 caput
1403 3764 1541 3833 ejus,
1575 3785 1594 3816 ι
1629 3773 1734 3820 etc.
1767 3765 2063 3822 Audiamus

483 3868 613 3924 ergo
638 3857 765 3926 quid
789 3858 890 3912 hoc
928 3857 1196 3928 signiﬁcat
1223 3859 1366 3927 quod
1395 3858 1604 3914 miserit
1633 3858 1764 3914 Saul
1791 3860 1860 3916 ad
1880 3868 2062 3916 custo-

483 3948 733 4002 diendam
764 3948 982 4004 domum
1011 3948 1208 4015 David,
1251 3956 1312 4003 ut
1339 3949 1764 4006 interﬁceretur?
1806 3949 1918 4007 Hoc
1952 3965 2060 4006 non

482 4037 550 4090 ad
587 4053 805 4092 crucem
849 4037 1080 4103 Domini,
1114 4039 1208 4094 sed
1248 4047 1429 4094 tamen
1478 4041 1544 4095 ad
1586 4041 1896 4110 passionem
1944 4040 2061 4111 ejus

481 4127 733 4197 pertinet.
768 4128 1071 4184 Cruciﬁxus
1099 4130 1243 4184 enim
1287 4129 1557 4196 Christus,
1596 4140 1652 4187 et
1680 4140 1924 4190 mortuus
1952 4144 2056 4201 est,

480 4230 545 4269 ac
571 4217 828 4285 sepultus.
873 4218 1004 4272 Erat
1048 4233 1176 4290 ergo
1219 4220 1308 4275 illa
1353 4221 1629 4291 sepultura
1672 4233 1927 4294 tanquam
1964 4225 2060 4281 do-

479 4318 621 4369 mus,
645 4305 713 4359 ad
749 4321 911 4376 quam
944 4309 1347 4366 custodiendam
1396 4311 1544 4367 misit
1575 4327 1801 4384 regnum
1847 4313 2058 4371 Iudaeo-

441 4423 443 4426 ι
477 4409 618 4460 rum,
670 4396 885 4465 quando
912 4401 1162 4454 custodes
1191 4400 1415 4456 adhibiti
1454 4412 1582 4457 sunt
1617 4403 1863 4473 sepulcro
1892 4404 2052 4460 Chri-

423 4517 426 4520 -
477 4487 567 4541 sti.
614 4485 892 4553 Quomodo
928 4504 1057 4561 ergo
1100 4493 1367 4548 custodita
1411 4503 1496 4549 est
1538 4495 1750 4561 domus,
1803 4496 1848 4552 si
1883 4496 2053 4553 David

476 4576 740 4647 ﬁgurabat
776 4579 1069 4644 Christum,
1103 4589 1165 4634 ut
1197 4580 1446 4638 Christus
1473 4584 1890 4651 interﬁceretur,
1923 4586 2048 4640 dum

2169 3398 2275 3453 lem
2300 3412 2472 3468 usque
2507 3397 2563 3452 in
2598 3397 2740 3452 diem
2768 3396 2961 3452 mortis
2989 3413 3118 3462 suae,
3156 3417 3174 3448 ι
3206 3400 3472 3468 quomodo
3502 3400 3593 3454 hic
3617 3416 3737 3471 pro-

2167 3491 2419 3561 phetasse
2447 3505 2630 3545 coram
2653 3489 2902 3545 Samuele
2927 3490 3170 3545 dicatur?
3194 3489 3364 3558 Quam
3391 3492 3739 3560 quaestionem

2167 3580 2378 3636 Hebraei
2421 3582 2507 3636 his
2548 3581 2755 3636 duobus
2803 3581 2978 3637 modis
3021 3582 3253 3637 solvunt.
3302 3581 3411 3636 Aut
3449 3597 3556 3637 non
3603 3583 3735 3638 vidit

2166 3688 2310 3739 eum,
2361 3673 2488 3742 quia
2519 3671 2733 3742 quando
2772 3673 2992 3743 junctus
3025 3681 3110 3728 est
3149 3671 3279 3728 Saul
3305 3688 3478 3728 cuneo
3505 3676 3740 3744 prophe-

2167 3771 2364 3828 tarum,
2396 3763 2679 3818 abscondit
2711 3777 2770 3818 se
2797 3761 3013 3817 Samuel
3035 3777 3104 3816 ne
3130 3762 3401 3818 videretur
3424 3763 3493 3818 ab
3517 3777 3610 3829 eo;
3645 3773 3741 3818 aut

2163 3867 2270 3907 non
2314 3853 2448 3909 vidit
2495 3869 2618 3909 eum
2654 3854 2900 3909 indutum
2941 3854 3127 3909 habitu
3173 3854 3322 3926 regio
3364 3869 3471 3923 quo
3517 3855 3737 3910 indutus

2162 3953 2280 4002 erat
2321 3947 2535 4016 quando
2561 3947 2764 4002 dictum
2793 3954 2916 4002 est:
2949 3966 2968 3998 ι
3003 3944 3120 4002 Νοιι
3146 3946 3281 4000 vidit
3323 3961 3444 4000 eum
3475 3961 3645 4019 usque
3681 3947 3736 4001 in

2162 4038 2304 4094 diem
2332 4038 2523 4094 mortis
2569 4053 2708 4105 sua};
2748 4057 2767 4089 ι
2803 4038 3157 4103 subauditur,
3211 4055 3230 4088 ι
3262 4037 3507 4092 indutum
3548 4038 3734 4093 habitu

2159 4130 2327 4201 regio.
2364 4150 2382 4181 ι
2410 4128 2752 4198 Exspoliasse
2781 4143 2911 4184 vero
2945 4144 3004 4184 se
3027 4143 3136 4184 non
3169 4128 3422 4183 omnibus
3445 4128 3736 4184 vestimen-

2158 4221 2249 4286 tis,
2304 4219 2398 4274 sed
2432 4219 2702 4288 regalibus
2732 4219 3133 4290 intelligendum
3181 4225 3286 4272 est.
3323 4216 3442 4288 (Ea:
3472 4217 3732 4290 Isidoro.)

2156 4306 2288 4364 Item
2324 4310 2585 4380 quaeritur
2628 4309 2894 4379 quomodo
2927 4316 2982 4363 et
3025 4306 3101 4361 illi
3139 4306 3311 4362 nuntii
3337 4307 3430 4375 qui
3461 4306 3612 4362 missi
3645 4321 3733 4363 es-

2157 4411 2276 4457 sent
2296 4402 2363 4456 ad
2390 4403 2679 4457 tenendum
2708 4401 2980 4456 hominem
3009 4408 3065 4455 et
3090 4397 3158 4453 ad
3185 4412 3373 4453 necem
3395 4395 3723 4464 ducendum,

2154 4489 2276 4544 talis
2324 4490 2546 4560 spiritus
2592 4489 2882 4558 participes
2929 4487 3066 4543 elIici
3103 4486 3437 4543 meruerint?
3480 4485 3548 4539 Et
3597 4483 3727 4540 Saul

2150 4584 2288 4654 ipse,
2335 4583 2431 4653 qui
2465 4584 2705 4647 miserat,
2733 4582 2973 4647 veniens,
3004 4588 3060 4636 et
3084 4581 3200 4650 ipse
3227 4581 3542 4651 sanguinem
3570 4579 3728 4635 inno-

470 4669 718 4725 Christus
746 4673 937 4727 nonin
963 4674 1262 4743 sepultura,
1301 4677 1394 4730 sed
1425 4676 1478 4729 in
1517 4691 1678 4732 cruce
1715 4678 1785 4731 sit
1823 4677 2045 4733 interfe-
2071 4672 2124 4731 D
2147 4681 2361 4730 centem
2407 4688 2653 4743 quaerens
2689 4670 2983 4736 effundere,
3036 4671 3281 4740 accipere
3323 4671 3521 4726 meruit
3566 4670 3726 4740 spiri-

469 4761 627 4815 ctus?
660 4761 912 4816 Refertur
948 4764 1051 4819 hoc
1089 4767 1157 4820 ad
1198 4781 1393 4836 corpus
1421 4766 1642 4832 Christi,
1688 4769 1815 4837 quia
1841 4769 2046 4824 interﬁ-

466 4866 590 4907 cere
632 4853 904 4908 Christum
949 4862 1068 4909 erat
1124 4855 1315 4911 tollere
1350 4873 1545 4912 nomen
1587 4857 1786 4913 Christi
1823 4873 1837 4912 :
1868 4873 2044 4928 neque

464 4943 608 4996 enim
637 4946 953 4999 crederetur
978 4945 1033 5000 in
1063 4943 1360 5012 Christum,
1391 4948 1436 5002 si
1465 4948 1802 5003 mendacium
1836 4963 2043 5018 praeva-

464 5031 602 5086 leret
654 5029 933 5090 custodum
990 5036 1082 5106 qui
1145 5037 1387 5106 corrupti
1431 5046 1582 5103 sunt,
1646 5047 1706 5094 ut
1757 5039 2036 5095 dicerent:

467 5143 485 5173 «
521 5122 682 5188 Quia,
715 5125 1104 5184 dormientibus
1155 5128 1332 5194 nobis,
1386 5138 1648 5185 venerunt
1692 5132 1939 5202 discipuli
1987 5141 2044 5188 et

463 5210 807 5266 abstulerunt
851 5229 972 5269 eum
1005 5216 1224 5287 (Matth.
1273 5219 1495 5290 xxvul).
1533 5239 1550 5271 ι
1580 5219 1695 5276 Hoc
1735 5231 1820 5278 est
1861 5223 2042 5294 itaque

461 5300 599 5356 velle
625 5300 902 5358 Christum
940 5306 1265 5375 interﬁcere,
1309 5324 1506 5364 nomen
1537 5309 1655 5380 ejus
1684 5313 2040 5370 resurrectio-

463 5389 547 5443 nis
577 5391 941 5463 exstinguere,
992 5401 1051 5448 ut
1078 5399 1415 5454 mendacium
1442 5401 1730 5473 Evangelio
1755 5403 2037 5472 praeferre-

2153 4773 2264 4820 tum
2294 4765 2441 4820 illum
2471 4773 2526 4819 et
2552 4765 2895 4835 prophetare.
2921 4763 3188 4831 Quantum
3222 4764 3366 4818 enim
3386 4764 3454 4819 ad
3481 4763 3720 4819 litteram

2151 4856 2362 4922 attinet,
2412 4870 2520 4910 non
2548 4864 2632 4911 est
2664 4856 2863 4910 mirum
2891 4855 3163 4910 hominem
3187 4856 3476 4925 reprobum
3507 4855 3576 4910 ad
3605 4870 3721 4910 mo-

2148 4955 2386 5001 mentum
2412 4945 2578 4999 transi
2588 4945 2722 5000 torie
2743 4944 3114 5015 prophetasse,
3163 4945 3289 5000 dum
3315 4945 3477 5000 etiam
3514 4945 3718 5001 similes

2145 5038 2301 5092 multi
2342 5037 2634 5108 prophetiae
2666 5039 2862 5092 donum
2897 5037 3146 5108 leguntur
3177 5037 3453 5104 habuisse,
3480 5038 3621 5093 sicut
3660 5044 3718 5092 et

2144 5126 2361 5182 Balaam
2401 5127 2490 5182 ille
2535 5127 2827 5197 reprobus,
2875 5141 3035 5196 quem
3087 5141 3193 5182 non
3243 5135 3383 5182 tacet
3433 5126 3713 5196 Scriptura

2130 5217 2336 5287 judicio
2364 5217 2545 5272 divino
2579 5232 2700 5271 esse
2737 5219 3048 5272 damnatum
3075 5217 3281 5290 (Num.
3317 5233 3458 5283 xxu,
3486 5231 3622 5271 χχιιι
3661 5224 3712 5270 et

2133 5308 2290 5381 xxiv)
2327 5327 2339 5363 :
2372 5309 2466 5365 sed
2509 5316 2690 5363 tamen
2734 5309 3076 5378 prophetiam
3129 5309 3424 5364 habebant.
3471 5308 3584 5362 Nec
3620 5307 3711 5362 illa

2129 5401 2293 5456 verba
2315 5415 2504 5470 parum
2527 5407 2794 5455 testantur
2823 5401 2951 5456 huic
2975 5400 3273 5461 sententiae,
3305 5413 3424 5468 quae
3453 5399 3507 5454 in
3529 5400 3709 5455 Evan.

458 5487 566 5532 tur.
599 5478 703 5535 Sed
741 5481 880 5536 sicut
919 5483 1049 5539 illud
1084 5499 1193 5540 non
1234 5489 1401 5543 valuit
1449 5487 1576 5544 Saul
1607 5498 1666 5544 ut
1703 5491 2033 5548 interﬁceret
2134 5491 2272 5563 gelio
2310 5491 2510 5561 scripta
2537 5496 2684 5556 sunt,
2708 5490 2906 5546 multos
2927 5493 3164 5547 dicturos
3191 5490 3246 5546 in
3269 5489 3359 5544 illa
3385 5491 3474 5546 die
3507 5509 3522 5545 :
3555 5511 3574 5543 ι
3601 5492 3706 5548 Do-

453 5566 644 5634 David,
671 5569 750 5625 sic
776 5586 880 5626 nec
912 5574 1088 5642 potuit
1111 5589 1332 5646 regnum
1360 5577 1665 5635 Iudaeorum
1695 5580 1926 5646 efﬁcere,
1971 5591 2031 5637 ut
2135 5584 2300 5649 mine,
2331 5584 2574 5647 Domine,
2627 5583 2679 5636 in
2729 5583 2943 5639 nomine
2989 5591 3100 5647 tuo,
3149 5582 3608 5647 manducavimus,
3649 5591 3705 5640 et

455 5658 771 5714 memoriam
819 5661 1019 5717 Christi
1060 5663 1280 5721 deleret.
1311 5666 1402 5721 Isti
1437 5678 1613 5725 autem
1653 5671 1745 5739 qui
1784 5671 1849 5725 de
1899 5670 2026 5726 Saul
2130 5674 2362 5728 bibimus
2407 5671 2891 5744 [prophetavimus,
2935 5680 2990 5728 et
3028 5672 3290 5727 daemonia
3327 5671 3618 5745 ejecimus]
3647 5681 3704 5729 et

453 5751 668 5816 virtute,
719 5752 772 5806 id
806 5761 910 5818 est,
950 5754 1016 5809 de
1066 5771 1230 5825 regno
1275 5756 1601 5825 Iudaeorum,
1651 5762 1705 5815 in
1749 5760 2023 5818 Christum
2130 5763 2182 5818 in
2216 5762 2432 5817 nomine
2461 5773 2553 5817 tuo
2579 5764 2804 5818 virtutes
2823 5761 3016 5816 multas
3042 5761 3267 5818 fecimus
3301 5763 3514 5835 (Matth.
3531 5763 3692 5834 νιι).›

449 5855 772 5911 υιηι-ςηιιυυγε
804 5846 1103 5914 voluerunt,
1156 5847 1492 5904 ollendcrunt
1519 5849 1571 5905 in
1602 5849 1829 5910 lapidem
1855 5850 2021 5910 oﬁen-
2127 5855 2332 5918 Quibus
2354 5865 2534 5911 tamen
2562 5856 2806 5912 dicturus
2827 5860 2936 5908 est:
2962 5873 2980 5905 ι
3010 5852 3124 5909 Νοιι
3155 5853 3276 5915 novi
3294 5869 3391 5920 vos
3410 5869 3647 5920 unquam
3674 5871 3690 5920 ;
