4074 6478
315 417 378 473 57
1123 405 1474 464 COMMENT.
1513 404 1580 460 IN
1621 401 1866 459 LIBROS
1900 399 1969 457 IV
2007 399 2270 457 REGUM.
2313 429 2382 439 ——
2419 396 2487 453 IN
2525 397 2651 453 LIB.
2689 397 2730 452 I.

3484 388 3553 448 58

313 522 570 586 discedite
596 543 626 580 a
658 541 765 591 me,
797 523 1213 595 quiooperamini
1236 522 1574 590 iniquitatem
1612 518 1876 592 (Ibid.).i
1912 519 1959 580 Α
1991 536 2009 567 ι
2047 515 2235 580 David,
2283 526 2718 583 unumquemque
2746 512 2810 567 de
2837 517 3030 572 terra,»
3060 522 3247 562 verum
3267 520 3388 562 esse
3411 521 3540 561 com

315 618 538 689 Mysticc
577 624 758 688 autem
786 613 1089 674 exemplum
1120 610 1276 680 hujus
1303 610 1430 665 Saul
1470 610 1887 676 nuntiorumque

311 710 430 779 ejus
457 709 512 762 in
557 708 660 762 hac
709 705 972 760 sententia
1015 704 1208 774 figurat
1247 701 1534 758 nonnullos
1580 699 1884 764 haereticos,

311 798 406 870 qui
456 797 658 867 aliquid
682 795 811 850 boni
839 795 904 850 de
934 794 1248 849 muneribus
1289 792 1462 848 sancti
1510 789 1744 859 Spiritus
1791 791 1889 844 ha-

313 889 466 954 bent,
514 888 653 942 sicut
681 892 1004 941 testamenta
1041 883 1171 956 legis
1199 892 1254 939 et
1282 882 1585 953 Evangelii,
1636 881 1885 950 baptismi

314 989 673 1038 sacramenta.
705 979 808 1047 Qui
840 994 962 1034 cum
998 978 1066 1032 ad
1104 977 1402 1039 Ecclesiam
1437 974 1757 1030 catholicam
1798 989 1889 1028 ve-

313 1074 493 1140 niuu't,
544 1087 652 1127 non
698 1080 782 1126 est
828 1071 934 1126 ullo
971 1070 1132 1124 modo
1177 1069 1232 1122 in
1275 1069 1354 1124 eis
1398 1065 1727 1130 violandum,
1772 1072 1886 1131 aut,

312 1164 469 1234 quasi
508 1179 614 1219 non
648 1163 903 1227 habeant,
935 1160 1272 1215 tradendum.
1306 1157 1411 1214 Sed
1446 1166 1625 1212 tamen
1656 1172 1748 1212 eos
1780 1172 1887 1211 non

315 1257 439 1312 ideo
474 1256 667 1310 debere
697 1254 854 1309 saluti
889 1253 1183 1314 conlidere,
1214 1252 1341 1321 quia
1375 1266 1483 1306 non
1523 1251 1888 1321 improhamus

314 1345 460 1418 quod
495 1345 615 1400 illos
653 1345 926 1414 accepisse
967 1343 1267 1409 credimus;
1304 1343 1397 1398 sed
1435 1350 1649 1412 oportet
1680 1358 1773 1398 eos
1803 1358 1890 1397 co-

313 1451 575 1508 gnoscere
621 1436 905 1502 unitatem,
951 1444 1005 1490 et
1042 1435 1356 1490 societatem
1387 1433 1440 1488 in
1466 1434 1682 1489 vinculo
1715 1433 1887 1503 pacis,

311 1527 431 1581 sine
455 1542 560 1597 qua
582 1527 802 1581 omnino
828 1525 1086 1595 quidquid
1114 1525 1314 1579 habere
1334 1531 1648 1594 potuerunt,
1697 1539 1888 1593 quam-

309 1620 395 1674 vis
436 1619 508 1673 sit
543 1627 790 1673 sanctum
833 1625 996 1686 atque
1017 1614 1380 1670 venerandum
1401 1655 1416 1678 ,
1464 1615 1565 1684 ipsi
1599 1622 1776 1668 tamen
1809 1613 1892 1670 ni-

310 1708 604 1764 hilominus
634 1715 760 1762 sunt
790 1714 939 1760 tanto
965 1705 1294 1775 indigniores
1323 1702 1497 1758 effecti
1524 1704 1747 1772 prtemio
1769 1704 1891 1757 vita:

309 1806 782 1868 aeternae,_quanto
806 1796 912 1852 illis
936 1796 1091 1851 donis
1116 1811 1221 1850 non
1249 1795 1386 1850 bene
1413 1794 1497 1849 usi
1513 1802 1656 1858 sunt,
1687 1809 1806 1864 qua:
1835 1794 1887 1848 in

310 1891 414 1945 hac
460 1889 567 1943 vita
600 1929 616 1954 ,
666 1902 784 1958 quae
839 1886 1149 1941 transitoria
1199 1893 1301 1948 est,
1354 1890 1696 1952 acceperunt.
1757 1883 1889 1937 Item
1918 1876 1964 1935 B

309 1980 614 2049 exemplum
659 1985 820 2048 atque
869 1977 1045 2047 imago
1090 1975 1250 2045 hujus
1293 1973 1423 2029 Saul
1474 1975 1894 2043 nuntiorumque

309 2069 427 2138 ejus
463 2070 515 2122 in
562 2069 666 2122 hoc
705 2067 845 2130 loco,
877 2064 1184 2119 Iudaeorum
1229 2079 1337 2118 non
1380 2063 1676 2132 incongrue
1719 2069 1895 2132 gestat

308 2175 613 2232 personam,
662 2158 753 2227 qui
797 2158 924 2211 dum
959 2154 1233 2210 adversari
1273 2155 1492 2223 cupiunt
1529 2153 1763 2217 Christo,
1796 2153 1895 2207 ha-

309 2252 441 2306 bent
492 2250 546 2303 iu
594 2264 688 2303 ore
738 2253 1076 2303 sacramenta
1126 2245 1260 2315 legis
1303 2255 1358 2299 et
1399 2243 1895 2315 prophetarum'ad

312 2341 680 2396 testimonium
728 2339 952 2402 Christi,
1006 2345 1061 2392 et
1109 2353 1230 2392 cum
1273 2335 1534 2401 Ecclesia,
1569 2335 1726 2404 quasi
1769 2349 1893 2389 cum

308 2433 608 2504 prophetis,
661 2433 725 2486 de
773 2430 1073 2500 Scripturis
1121 2428 1420 2492 disautant,
1465 2426 1605 2481 sicut
1649 2425 1724 2480 illi
1771 2440 1895 2480 cum

311 2524 596 2594 prophetis
619 2521 1054 2576 vaticinabantur

915 2631 1141 2688 CAPUT
1181 2630 1300 2685 XX.

312 2729 392 2786 De
416 2747 475 2784 eo
503 2728 641 2800 quod
672 2726 806 2782 Saul
827 2726 968 2800 misit
1002 2724 1211 2778 nuntios
1238 2721 1306 2800 ad
1335 2735 1672 2800 quwrenaunt
1701 2715 1894 2800 David,

343 2809 346 2812 ‘
384 2801 474 2872 qui
513 2788 770 2872 cantantes
799 2795 867 2848 ad
899 2811 1118 2851 cuneum
1138 2788 1606 2872 Prophetarum-et
1634 2788 1737 2858 ipsi
1775 2803 1898 2868 pro-

385 2857 701 2941 phetabant;
749 2884 840 2941 nec
892 2875 1082 2941 nonAet
1131 2857 1493 2941 Saulonsteft.
1530 2857 1896 2941 illucvem'ens

389 2926 498 2993 tota
528 2940 612 2992 die
652 2926 822 2992 nudus
863 2935 1204 3006 prop/tetavt't.
1254 2926 1326 2985 De
1357 2929 1801 3006 uerbisjonotltte
1828 2926 1898 2980 ad

389 3010 559 3134 ﬂavis
609 3019 656 3063 et
706 3009 770 3062 de
812 2999 968 3076 signo
999 3005 1202 3076 sagittis
1245 3001 1383 3073 quod
1424 3000 1565 3054 dedit
1605 2999 1672 3053 ad
1725 2999 1898 3069 ipsum

441 3098 520 3134 aut
565 3119 580 3134 .

441 3098 580 3135 avia.

391 3190 546 3257 Quod
583 3189 796 3245 dicente
838 3184 1109 3242 Jonathan
1140 3183 1208 3237 ad
1243 3179 1436 3245 David,
1481 3193 1642 3250 quem
1688 3178 1900 3232 inseca-

1987 606 2240 676 probaret
2263 605 2389 676 quia
2417 603 2664 658 videlicet
2697 602 2955 657 eradicati
2987 607 3111 656 sunt
3136 599 3341 654 inimici
3386 597 3554 653 David

1986 697 2053 752 de
2105 704 2270 762 terra,
2319 710 2424 749 non
2473 695 2588 764 ipso
2626 691 2792 747 David
2841 707 2898 747 se
2947 693 3012 747 de
3057 691 3381 747 adversariis
3424 688 3558 744 ulci-

1988 798 2188 854 scente,
2226 788 2319 842 sed
2342 786 2620 856 judicante
2668 785 2894 840 Domino
2931 798 3030 853 pro
3061 783 3170 838 illo.
3197 782 3343 838 Bene
3377 788 3557 836 autem

1988 879 2260 950 subiungit
2288 894 2302 933 :
2331 899 2349 930 ι
2381 879 2444 932 Ει
2469 877 2672 933 addidit
2697 875 2966 930 Jonathan
2991 873 3232 943 dejerare
3274 874 3463 940 David,
3493 886 3559 928 eo

1994 990 2013 1023 ‹
2049 971 2191 1042 quod
2229 970 2473 1041 diligeret
2522 969 2689 1022 illum.
2743 966 2894 1021 Sicut
2939 966 3084 1020 enim
3118 966 3352 1020 animam
3383 979 3558 1029 suam,

1995 1080 2014 1113 (
2044 1061 2119 1115 ita
2151 1060 2404 1130 diligebat
2432 1075 2596 1116 eumn
2625 1076 2637 1111 :
2669 1066 2727 1112 ut
2750 1057 2837 1111 ille
2879 1057 3135 1111 nimirum
3175 1056 3268 1124 qui
3296 1065 3404 1110 tam
3439 1069 3545 1124 per-

1989 1149 2131 1206 fecto
2149 1149 2303 1219 juxta
2340 1150 2515 1220 legem
2556 1149 2652 1203 Dei
2678 1162 2862 1202 amore
2889 1145 3345 1215 complectebatur
3371 1143 3559 1209 David,

1990 1259 2019 1298 a
2041 1242 2341 1312 perditione
2370 1241 2712 1296 inimicorum
2741 1239 2856 1308 ejus
2884 1238 3258 1293 ostenderetur
3283 1233 3558 1289 immunis.

1989 1333 2092 1402 Qui
2135 1335 2236 1389 etsi
2268 1335 2376 1389 cito
2403 1341 2578 1389 morte
2604 1340 2920 1402 praereptus,
2967 1345 3190 1401 regnum
3228 1343 3349 1384 cum
3387 1342 3474 1389 eo,
3502 1334 3566 1381 ut

1990 1423 2281 1493 sperabat,
2340 1431 2616 1478 terrenum
2672 1423 2874 1476 habere
2933 1421 3177 1491 nequivit
3234 1432 3564 1483 commune,

1990 1517 2192 1586 absque
2213 1515 2324 1571 ulla
2349 1525 2527 1571 tamen
2556 1514 2982 1570 contradictione
3005 1513 3156 1584 regni
3178 1511 3415 1567 caelestis
3437 1524 3566 1565 con-

1989 1611 2216 1666 sortium
2258 1626 2380 1667 cum
2429 1626 2494 1666 eo
2530 1625 2690 1680 quem
2714 1626 2812 1680 pro
2857 1609 3026 1681 gloria
3073 1607 3330 1662 virtutum
3363 1603 3559 1659 tantis-

1989 1720 2085 1776 per
2123 1706 2327 1771 dilexit,
2376 1720 2499 1762 cum
2545 1713 2691 1761 esset
2743 1713 2798 1760 et
2844 1705 2958 1774 ipse
3000 1703 3086 1757 vir
3134 1701 3415 1762 virtutum,
3471 1712 3564 1753 ac-

1993 1798 2150 1867 cepit.

2069 1909 2088 1941 ‹
2123 1891 2283 1947 Venit
2303 1889 2570 1944 Jonathan
2606 1889 2662 1943 in
2693 1903 2880 1960 agrum
2907 1887 3060 1958 juxta
3084 1884 3344 1957 placitum
3374 1879 3564 1946 David,

2001 1998 2021 2032 ς
2067 1988 2121 2034 et
2148 1997 2282 2050 puer
2309 1980 2563 2050 parvulus
2589 1995 2711 2035 cum
2736 1995 2822 2043 eo,
2855 1986 2908 2031 et
2935 1978 3011 2032 ait
3037 1977 3102 2030 ad
3128 1988 3351 2045 puerum
3379 1986 3565 2026 suum:

2001 2091 2020 2124 ς
2065 2072 2211 2128 Vade
2241 2080 2293 2128 et
2323 2072 2456 2126 affer
2503 2073 2633 2126 mihi
2668 2072 2894 2141 sagittas
2922 2085 3056 2140 quas
3084 2082 3183 2138 ego
3206 2066 3372 2136 jacio,
3409 2084 3428 2116 ι
3461 2071 3567 2118 etc.

1996 2164 2135 2231 Quid
2162 2172 2246 2218 est
2281 2165 2424 2234 quod
2449 2163 2717 2217 Jonathan
2745 2162 2915 2216 David
2961 2174 3178 2216 servare
3215 2158 3418 2220 volens,
3449 2169 3572 2210 cum

1996 2255 2084 2310 ille
2130 2255 2324 2310 lateret
2369 2256 2423 2309 in
2461 2269 2591 2325 agro
2629 2255 2786 2323 juxta
2828 2252 3060 2322 lapidem
3095 2250 3161 2304 ad
3191 2249 3403 2319 signum
3438 2245 3573 2301 duas

1988 2347 2121 2418 jecit
2149 2349 2406 2418 sagittas,
2466 2363 2603 2416 quas
2630 2360 2764 2415 puer
2807 2343 3084 2414 parvulus,
3135 2341 3392 2412 ignorans
3441 2335 3571 2408 quid

1995 2438 2207 2503 fecerit,
2235 2437 2472 2507 collegit,
2502 2445 2556 2490 et
2597 2437 2652 2490 in
2699 2435 2973 2490 civitatem
3020 2431 3206 2487 retulit
3243 2448 3255 2483 :
3300 2429 3402 2483 nisi
3432 2425 3576 2497 quod

1996 2531 2139 2586 Deus
2164 2530 2327 2584 Pater
2352 2529 2546 2583 Filium
2577 2543 2733 2583 suum
2767 2525 3128 2597 unigenitum,
3151 2539 3308 2592 quem
3337 2523 3402 2577 ad
3433 2520 3575 2575 salu-

1997 2630 2106 2676 tem
2130 2621 2350 2676 humani
2378 2620 2591 2691 generis
2613 2619 2930 2673 mittendum
2957 2613 3289 2678 decreverat,
3315 2614 3367 2667 in
3396 2611 3577 2665 littera

1996 2711 2151 2783 legis,
2196 2711 2395 2767 Judaeis
2450 2711 2818 2767 nescientibus
2862 2708 3234 2765 absconditum
3280 2701 3579 2760 habuerat?

1999 2804 2167 2858 David
2193 2817 2324 2874 ergo
2353 2803 2701 2858 absconditus
2727 2809 2809 2856 est
2835 2801 2888 2855 in
2928 2815 3079 2869 agro,
3112 2799 3163 2852 id
3191 2806 3293 2860 est,
3325 2795 3574 2850 Christus

2001 2886 2203 2948 relatus
2244 2901 2330 2948 est
2374 2894 2428 2948 in
2465 2893 2685 2947 mundo.
2727 2892 2804 2946 De
2843 2906 2951 2962 quo
2980 2888 3307 2960 evangelista
3341 2885 3577 2940 Joannes

2002 2984 2163 3039 dicit:
2194 3001 2213 3034 ι
2234 2983 2293 3038 In
2318 2984 2520 3038 mundo
2553 2990 2689 3047 erat,
2721 2991 2777 3037 et
2811 2981 3043 3037 mundus
3071 2994 3170 3049 per
3204 2979 3380 3047 ipsum
3407 2974 3580 3029 factus

2001 3083 2101 3139 est,
2134 3082 2190 3129 et
2214 3074 2448 3128 mundus
2475 3088 2599 3128 eum
2626 3089 2731 3128 non
2765 3072 3015 3142 cognovit
3046 3068 3226 3142 (Joan.
3261 3068 3324 3138 ι).
3356 3087 3374 3119 ›
3417 3063 3582 3119 Juxta

2001 3164 2234 3234 lapidem
2276 3164 2518 3226 sedebat,
2560 3163 2687 3232 quia
2732 3163 2788 3215 in
2825 3159 3023 3216 tabulis
3069 3159 3202 3229 legis
3242 3153 3582 3223 conscriptus

319 3246 556 3338 ιίοιῖίδιιε
590 3280 761 3350 patris
790 3279 873 3333 sui
913 3292 1018 3331 ηοη
1048 3273 1210 3342 iustis
1247 3272 1464 3327 dolebat
1500 3246 1751 3339 fatigari;
1787 3288 1806 3318 ι
1839 3267 1897 3321 Si
1925 3249 1970 3310 C
2001 3263 2138 3316 erat,
2166 3262 2226 3308 ut
2245 3262 2330 3310 est
2355 3252 2484 3307 illud
2509 3270 2520 3303 :
2546 3271 2564 3303 ‹
2594 3252 2754 3313 Audi,
2778 3249 2962 3314 Israel,
2985 3248 3243 3302 Dominus
3267 3246 3406 3299 Deus
3433 3251 3579 3305 tuus,

324 3394 343 3428 ‹
383 3375 594 3435 vixero,
624 3369 789 3424 facies
811 3367 941 3421 mihi
972 3364 1397 3421 misericordiam
1425 3361 1660 3416 Domini.
1687 3359 1745 3414 Si
1767 3372 1896 3412 vero

324 3485 345 3517 ‹
377 3471 627 3519 mortuus
665 3460 836 3524 fuero,
868 3474 973 3513 non
1005 3455 1220 3511 auferes
1244 3451 1668 3509 misericordiam
1696 3458 1842 3503 tuam
1871 3463 1902 3502 e

325 3581 343 3613 ι
381 3560 543 3615 domo
576 3572 694 3612 mea
723 3569 893 3625 usque
924 3555 976 3608 in
1006 3552 1394 3622 sempiternum
1415 3590 1433 3616 ,
1482 3548 1697 3618 quando
1725 3545 1903 3602 eradi-

327 3670 345 3702 ι
381 3650 586 3705 caverit
631 3648 889 3703 Dominus
925 3643 1174 3700 inimicos
1231 3642 1417 3705 David,
1465 3652 1903 3709 unumquemque

329 3764 347 3796 ι
383 3744 449 3798 de
488 3749 653 3796 terra.
691 3758 708 3789 ι
743 3737 878 3792 Cum
924 3735 1238 3805 adiungeret
1288 3731 1565 3800 Scriptura
1597 3746 1610 3782 :
1650 3748 1667 3779 ι
1700 3727 1905 3798 pepigit

330 3853 347 3886 ι
387 3847 516 3904 ergo
545 3830 718 3886 fmdus
745 3826 1014 3882 Jonathan
1044 3839 1166 3881 cum
1190 3824 1347 3878 domo
1376 3821 1565 3886 David,
1602 3839 1620 3870 ι
1650 3820 1904 3875 continuo

327 3923 609 3980 subiutulit
633 3922 816 3977 dicens
849 3938 861 3974 :
903 3938 921 3970 ‹
952 3917 1018 3972 Et
1045 3915 1332 3986 requisivit
1351 3913 1612 3968 Dominus
1640 3913 1706 3967 de
1740 3927 1905 3966 manu

332 4035 351 4070 ι
380 4014 716 4069 inimicorum
742 4011 934 4075 David,
954 4029 972 4061 ›
1000 4017 1105 4064 etc.
1130 4007 1234 4062 Per
1261 4005 1697 4075 anticipationem
1722 4003 1906 4072 utique

328 4107 480 4172 fecit,
527 4106 679 4176 prius
711 4102 952 4159 historiae
990 4099 1360 4155 interserendo
1388 4098 1532 4168 quod
1573 4097 1742 4151 multo
1785 4102 1908 4166 post

333 4195 803 4266 tempore'factum
831 4193 1107 4256 est,'cum,
1134 4186 1420 4243 interfecto
1450 4185 1634 4250 Saule,
1681 4198 1907 4252 regnum

332 4291 400 4346 ad
430 4291 646 4345 domum
677 4287 843 4342 David
869 4283 1188 4340 translatum
1227 4288 1332 4346 est,
1362 4286 1418 4334 et
1443 4277 1534 4347 qui
1566 4278 1908 4331 innocentem

333 4395 458 4438 eum
501 4379 697 4449 injuste
749 4375 1241 4448 persequebantur,
1282 4370 1430 4439 justa
1479 4375 1604 4423 sunt
1651 4366 1910 4420 divinitus

336 4475 540 4531 ultione
582 4471 849 4528 mulctati.
890 4469 1025 4524 Cum
1053 4467 1197 4522 enim
1235 4461 1517 4533 requisivit
1551 4458 1824 4514 Dominus
1844 4457 1911 4512 de

337 4583 499 4624 manu
545 4564 885 4620 inimicorum
931 4560 1104 4615 David
1129 4573 1296 4629 quare
1337 4557 1513 4610 virum
1559 4560 1805 4608 sanctum
1833 4549 1913 4604 af-

337 4659 595 4724 flixerint,
623 4667 752 4714 tunc
773 4657 1101 4728 cogebantur
1127 4652 1390 4706 rationem
1412 4649 1638 4704 reddere
1664 4646 1912 4701 odiorum

339 4753 532 4824 quibus
569 4758 719 4805 tanto
749 4758 988 4818 tempore
1017 4753 1205 4800 contra
1246 4743 1395 4797 illum
1424 4742 1724 4798 saevierant.
1761 4738 1915 4805 Quod

340 4853 394 4898 et
421 4844 486 4899 de
518 4841 779 4906 Absalon,
805 4848 860 4895 et
886 4839 952 4893 de
983 4838 1109 4894 Siba
1134 4838 1241 4892 lilio
1269 4836 1488 4898 Dochri,
1513 4842 1570 4889 et
1609 4834 1675 4889 de
1704 4833 1916 4888 caeteris

342 4933 584 4988 nostibus
635 4919 805 4985 David
851 4943 1004 4998 aeque
1049 4933 1226 4997 potest
1283 4923 1528 4993 intelligi.
1585 4921 1754 4976 Aliter
1798 4939 1810 4974 :
1857 4920 1916 4975 Si

342 5023 481 5079 scire
507 5023 586 5076 vis
610 5022 740 5092 quid
765 5021 832 5075 de
852 5035 1014 5073 manu
1041 5017 1383 5072 inimicorum
1413 5013 1583 5068 David
1606 5011 1918 5081 requisierit

345 5112 620 5176 Dominus,
652 5108 988 5181 potest(nisi
1015 5106 1204 5175 fallor)
1233 5105 1287 5158 in
1313 5102 1593 5172 superiore
1627 5099 1914 5164 sententia,

344 5219 450 5273 qua
478 5204 684 5258 dictum
706 5212 790 5256 est
830 5200 970 5270 quod
998 5198 1172 5254 fcedus
1195 5195 1461 5266 pepigerit
1497 5193 1768 5249 Jonathan
1795 5207 1919 5248 cum

347 5296 507 5350 domo
534 5293 724 5359 David,
752 5308 780 5347 a
825 5307 1034 5362 pocynu
1083 5284 1438 5361 [posteriori]
1480 5285 1728 5354 intelligi,
1777 5283 1922 5352 quod

349 5385 451 5440 hoc
478 5387 544 5440 de
571 5400 730 5439 manu
770 5383 1111 5438 inimicorum
1161 5376 1327 5433 David
1372 5375 1702 5445 requisierit,
1733 5373 1786 5427 id
1817 5380 1921 5438 est,

351 5490 521 5544 quare
551 5491 657 5530 non
697 5482 753 5529 et
790 5474 890 5544 ipsi
917 5472 1091 5527 foedus
1119 5487 1240 5526 cum
1270 5485 1332 5524 eo
1361 5467 1510 5538 pacis
1557 5466 1693 5520 inire
1741 5464 1924 5518 volue-

353 5566 485 5630 rint,
529 5581 652 5621 cum
679 5579 784 5634 quo
813 5578 935 5619 esse
962 5561 1247 5616 Dominum
1282 5559 1551 5613 viderunt.
1599 5553 1806 5608 Idcirco
1835 5567 1929 5606 au-

358 5663 469 5709 tem
504 5656 780 5726 Scriptura
826 5655 915 5708 hic
962 5651 1284 5708 sententiam
1322 5651 1461 5703 hanc
1505 5643 1930 5717 pmoccupando

359 5746 702 5814 interponere
741 5745 972 5807 videtur,
1016 5750 1074 5796 ut
1106 5739 1469 5794 testimonium
1512 5735 1775 5797 Jonathw,
1825 5747 1932 5800 quo

363 5837 612 5896 dixerat:
657 5857 676 5890 ε
710 5835 932 5905 Quando
971 5829 1325 5893 eradicaverit
1373 5827 1629 5884 Dominus
1682 5822 1933 5880 inimicos

2004 3345 2147 3399 Deus
2171 3359 2313 3398 unus
2336 3351 2420 3397 est
2446 3342 2622 3413 (Deut.
2647 3342 2722 3413 v1)
2743 3358 2789 3405 ς»
2817 3348 2872 3395 et
2895 3356 2908 3392 :
2939 3357 2958 3389 ‹
2980 3337 3095 3392 Νοη
3118 3349 3361 3391 assumes
3390 3345 3585 3387 nomen
3634 3336 3637 3341 '

2003 3436 2100 3492 Dei
2129 3434 2207 3489 tui
2239 3434 2292 3488 in
2322 3449 2520 3487 vanum
2551 3432 2747 3504 (Exod.
2776 3429 2892 3501 xx).
2932 3449 2950 3482 ι
3003 3428 3138 3483 Nam
3169 3425 3298 3480 Saul
3326 3424 3450 3479 odio
3488 3422 3586 3476 ha-

2002 3529 2136 3583 bens
2158 3525 2357 3590 David,
2402 3524 2544 3578 inter
2572 3523 2756 3593 epulas
2785 3522 2977 3577 sedens
2997 3561 3012 3586 ,
3042 3519 3210 3574 filium
3241 3531 3362 3571 eum
3391 3511 3580 3568 mortis

2005 3634 2124 3674 esse
2145 3616 2442 3688 judicabat.
2473 3615 2542 3669 Et
2564 3614 2786 3669 Iudaica
2815 3612 3063 3682 perfidia,
3093 3611 3147 3664 in
3174 3607 3388 3679 paschae
3412 3603 3589 3674 epulis

2006 3707 2320 3773 convivans,
2349 3707 2415 3762 de
2441 3720 2576 3760 nece
2603 3703 2805 3759 Christi
2832 3702 3118 3757 tractabat.
3148 3698 3281 3755 Cum
3311 3710 3440 3766 ergo
3467 3693 3588 3748 illu-

2006 3801 2178 3856 xisset
2211 3814 2393 3864 mane,
2422 3798 2571 3854 venit
2597 3795 2858 3851 Jonathas
2896 3794 2952 3848 in
2989 3806 3177 3863 agrum
3219 3789 3374 3859 juxta
3420 3784 3592 3858 placi-

2009 3903 2122 3948 tum
2147 3890 2336 3951 David,
2377 3898 2432 3945 et
2472 3905 2609 3960 puer
2652 3885 2909 3958 parvulus
2955 3899 3080 3940 cum
3115 3897 3200 3938 eo.
3250 3879 3392 3934 Jecit
3430 3891 3592 3931 unam

2009 3985 2280 4056 sagittam,
2300 3983 2434 4052 jecit
2461 3989 2516 4038 et
2543 3982 2723 4036 aliam.
2767 3981 2830 4034 Et
2850 3979 2996 4034 Deus
3024 3976 3208 4038 Pater,
3247 3972 3594 4028 illucescente

2012 4093 2173 4134 mane
2227 4074 2588 4138 credulitatis,
2637 4072 2874 4142 primum
2921 4067 3292 4124 testimonium
3343 4062 3476 4132 legis
3527 4061 3594 4115 de

2010 4169 2229 4225 Christo
2255 4167 2496 4240 protulit.
2528 4165 2732 4219 Deinde
2759 4163 3052 4234 prophetas
3081 4159 3262 4224 misit,
3280 4157 3372 4226 qui
3404 4155 3471 4210 de
3495 4154 3594 4208 ad-

2010 4267 2176 4314 ventu
2206 4255 2322 4326 ejus
2349 4255 2792 4311 testilicarentur.
2849 4251 3002 4306 Unde
3027 4249 3288 4318 scriptum
3318 4253 3402 4301 est
3427 4263 3439 4298 :
3483 4263 3502 4294 ‹
3536 4241 3594 4296 1η

2013 4351 2218 4406 lumine
2251 4347 2431 4416 jacula
2469 4355 2559 4401 tua
2599 4345 2774 4408 ibunt,
2814 4343 2867 4396 in
2905 4340 3194 4411 splendore
3242 4335 3472 4408 fulguris
3503 4350 3596 4388 ar-

2014 4454 2228 4493 morum
2277 4446 2494 4491 tuorum
2530 4434 2715 4505 (Zach.
2745 4433 2844 4504 ix).
2887 4453 2904 4483 ι
2959 4430 3186 4500 Collegit
3230 4438 3411 4483 autem
3462 4440 3598 4495 puer

2018 4528 2261 4584 Jonathae
2292 4526 2536 4595 sagittas,
2585 4532 2641 4579 et
2680 4522 2859 4576 attulit
2899 4522 2966 4575 ad
2990 4520 3277 4573 Dominum
3323 4533 3502 4579 suum,
3543 4523 3599 4570 et

1939 4598 1992 4657 D
2020 4622 2149 4691 quid
2199 4627 2452 4692 ageretur
2496 4618 2712 4688 penitus
2759 4614 3063 4686 ignorabat.
3115 4609 3206 4666 Sic
3257 4619 3312 4666 et
3341 4608 3598 4664 Iudaicus

2019 4713 2266 4784 populus,
2297 4712 2466 4766 libros
2499 4710 2632 4780 legis
2660 4717 2716 4763 et
2745 4707 3134 4778 prophetarum
3167 4711 3413 4774 portans,
3443 4701 3599 4770 quasi

2022 4803 2280 4857 divinitus
2321 4801 2657 4870 conscriptos
2697 4797 3017 4861 honorabat,
3056 4795 3150 4851 sed
3177 4810 3322 4859 eum,
3355 4804 3410 4848 et
3439 4807 3598 4861 quem

2024 4895 2232 4966 Moyses
2267 4903 2320 4949 ct
2348 4894 2629 4964 prophetae
2675 4893 3040 4962 siguaverant,
3072 4886 3486 4958 praesentialiter
3526 4884 3603 4938 in-

2024 4996 2107 5043 ter
2131 5005 2188 5044 se
2214 4996 2524 5043 manentem
2554 5001 2663 5041 non
2689 4991 3032 5056 cognoverat.

2608 5099 2835 5157 CAPUT
2874 5096 3010 5151 XXI.

2023 5216 2100 5271 De
2136 5234 2196 5272 eo
2221 5197 2374 5288 quod
2397 5215 2531 5285 fugit
2557 5213 2726 5267 David
2770 5209 2838 5262 ad
2865 5205 3186 5288 sacerdotem
3209 5199 3528 5288 Abimeleglg
3565 5214 3604 5288 '(t

2015 5267 2196 5370 ,ἠτίιῶ
2445 5267 2783 5370 ἑξτηηνοηῑεν
2811 5277 2958 5370 quod
2982 5274 3354 5370 ipsisgc-e‘rdos
3385 5267 3606 5370 :‘SZ‘unlf

2099 5340 2402 5426 inter-Tactus
2423 5365 2495 5426 est
2521 5340 2746 5426 et'turba
2776 5340 3107 5426 ggicqrdot'um
3129 5361 3249 5400 cum
3265 5360 3345 5398 eo.
3376 5340 3454 5395 De
3477 5340 3606 5409 fuga

2099 5415 2270 5483 David
2301 5427 2369 5481 ad
2393 5425 2560 5478 Acltid
2585 5437 2752 5491 regem
2777 5415 2925 5472 Getlt.

2102 5545 2251 5615 (CAP.
2281 5539 2422 5611 xxi.)
2475 5557 2493 5588 ι
2529 5535 2778 5591 Surrexit
2825 5535 3008 5604 itaque
3057 5529 3227 5586 David
3285 5527 3504 5587 iterum,
3554 5531 3610 5575 et

2037 5657 2057 5687 ς
2101 5636 2237 5706 fugit
2276 5634 2331 5687 in
2368 5631 2454 5684 die
2483 5628 2573 5681 illa
2614 5643 2644 5680 a
2680 5625 2820 5681 facie
2845 5624 2975 5679 Saul
3001 5641 3014 5676 :
3040 5622 3293 5688 venitque
3327 5617 3394 5670 ad
3421 5627 3609 5706 sacer-

2039 5747 2057 5779 (
2104 5701 2629 5783 dotemAbimelech,
2658 5734 2688 5772 a
2713 5732 2819 5787 quo
2844 5725 2899 5770 et
2921 5713 3155 5786 gladium
3177 5709 3344 5764 Goliae
3365 5701 3604 5765 sustulit,

2040 5839 2060 5872 ί
2104 5826 2159 5876 et
2190 5829 2357 5874 canes
2382 5811 2766 5872 urouositionis
2810 5807 3037 5864 accepit.
3079 5824 3098 5857 ι
3151 5802 3281 5872 Quae
3313 5813 3404 5854 res
3429 5791 3488 5850 e't
3517 5807 3608 5849 sa-
