4074 6460
553 353 622 408 63
1184 349 1244 404 B.
1287 343 1540 405 RABANI
1578 344 1797 437 MAUBI
1835 343 2154 403 ARCHIEP.
2195 342 2503 402 MOGUN'I‘.
2545 344 2832 403 OPERUM
2870 341 3051 402 PARS
3090 346 3132 401 I.
3713 347 3786 405 64

545 473 687 522 esset
726 465 781 520 in
808 463 1058 536 spelunca
1094 464 1295 529 carnis,
1325 473 1726 535 persecutorem
1760 463 2014 534 populum
2060 462 2113 515 in
2141 460 2194 520 A
2223 475 2242 509 ι
2290 459 2573 515 universus
2599 458 2781 525 Israel,
2801 467 2856 515 et
2883 459 3208 529 planxerunt
3225 473 3370 525 eum,
3399 470 3454 516 et
3471 454 3830 531 sepelierunt:

543 566 810 628 potestate
857 556 1074 622 habuit,
1125 564 1181 611 et
1222 571 1330 611 non
1376 558 1596 612 occidit.
1649 556 1924 626 Scriptum
1974 554 2119 609 enim
2228 567 2247 601 ι
2290 565 2414 606 eum
2469 552 2523 607 in
2571 553 2730 608 domo
2776 566 2871 607 sua
2925 552 2982 606 in
3009 552 3296 607 Ramatha.
3347 551 3826 627 Consurgensque

545 656 665 701 erat
693 648 760 702 de
786 648 865 702 eis
892 661 990 716 per
1013 647 1335 716 prophetam
1360 665 1372 700 :
1403 665 1421 698 ε
1451 645 1528 702 Ne
1562 646 1829 702 occideris
1857 661 1951 701 eos
1982 643 2119 716 (Jer.
2228 659 2248 694 ‹
2294 642 2463 698 David
2490 643 2770 698 descendit
2804 643 2859 697 in
2885 643 3158 699 desertum
3185 641 3419 709 Pharan,
3460 662 3479 695 ι
3521 653 3628 700 etc.
3692 643 3810 716 (Ea:

545 737 710 809 xu)»
740 736 978 805 Denique
993 735 1165 790 David
1185 739 1558 793 tantummodo
1586 737 1952 792 summitatem
1977 737 2123 791 chla-
2223 731 2589 804 Hieronymo.)
2621 732 2837 788 Pharan
2873 747 3019 788 nunc
3047 741 3132 788 est
3166 733 3423 803 oppidum
3470 741 3625 790 trans
3665 733 3782 790 Ara
3815 765 3823 807 ξ
3909 731 3926 794 ε

545 829 720 900 mydis
747 827 863 897 ejus
891 829 1112 884 silenter
1137 830 1384 892 abscidit,
1418 839 1478 884 ut
1505 831 1813 886 ostenderet
1837 830 2122 900 prophetia

2221 822 2399 889 biam,
2445 822 2692 892 junctum
2742 822 3064 891 Saracenis,
3113 825 3205 895 qui
3253 825 3308 879 in
3351 825 3642 882 solitudine
3665 831 3823 900 vagi-1

545 919 818 975 Christum
845 920 1061 976 Judzeos
1095 936 1204 977 non
1233 921 1514 983 occidisse,
1549 921 1642 976 sed
1673 921 1751 976 eis
1788 928 1993 975 tantum
2037 934 2124 975 re-
2223 923 2427 972 errant.
2477 915 2584 971 Per
2628 917 2733 972 hoc
2779 916 2884 971 iter
2927 917 3178 972 fecerunt
3220 916 3316 971 ﬁlii
3358 917 3542 984 Israel,
3584 934 3709 974 cum
3738 920 3808 976 de

547 1014 635 1084 gni
664 1013 894 1084 gloriam
929 998 1240 1080 abstulisse,
1289 1014 1474 1083 sicque
1503 1028 1598 1068 eos
1625 1027 1724 1083 pro
1749 1013 2124 1082 persecutione
2222 1018 2407 1065 monte
2431 1009 2579 1064 Sinai
2604 1018 2784 1065 castra
2813 1009 3126 1066 movissent.
3157 1010 3251 1064 Est
3275 1024 3405 1082 ergo
3431 1011 3515 1082 (ut
3542 1010 3825 1082 diximus)-

544 1119 641 1159 sua
665 1118 867 1160 vacuos
907 1105 1033 1161 sede
1074 1105 1160 1159 vel
1202 1105 1429 1176 imperio
1460 1105 1766 1175 reliquisse.
1814 1103 2124 1177 Chlamydis
2224 1108 2376 1156 trans
2403 1099 2677 1167 Arabiam,
2711 1109 2898 1156 contra
2947 1099 3241 1155 australem
3287 1101 3524 1173 plagam,
3555 1110 3613 1156 et
3639 1101 3816 1157 distat

543 1197 688 1251 enim
728 1197 961 1252 abscisio
997 1198 1149 1268 regni
1178 1207 1262 1254 est
1303 1199 1620 1269 amputatio.
1674 1197 1788 1253 Hoc
1819 1197 1981 1252 etiam
2019 1197 2125 1252 alio
2225 1195 2292 1249 ab
2318 1192 2437 1247 Aila
2471 1201 2660 1248 contra
2708 1194 2971 1248 orientem
3020 1193 3216 1248 itinere
3261 1193 3424 1247 trium
3463 1193 3693 1250 dierum.
3748 1195 3814 1250 In

545 1286 666 1342 loco
715 1289 855 1344 idem
883 1288 1012 1344 Saul
1051 1305 1173 1345 cum
1218 1306 1317 1360 per
1363 1291 1783 1345 inobedientiam
1821 1295 2121 1359 peccasset,
2225 1284 2439 1338 deserto
2475 1291 2656 1339 autem
2698 1283 2916 1339 Pharan
2945 1283 3226 1353 Scriptura
3284 1293 3677 1340 commemorat
3714 1286 3816 1340 hac

546 1384 803 1439 ostendit.
850 1383 986 1439 Nam
1027 1400 1148 1439 cum
1175 1385 1388 1440 veniam
1419 1392 1755 1455 precaretur,
1805 1390 2126 1454 rogaretque
2224 1376 2426 1432 bitasse
2449 1375 2750 1432 Ismaelem.
2785 1375 2940 1449 (Gen.
2967 1376 3104 1447 xxi).
3135 1375 3288 1431 Unde
3309 1383 3361 1430 et
3381 1374 3685 1442 Ismaelitaa,
3714 1375 3812 1446 qui

549 1474 856 1532 samuelem
894 1487 956 1532 ut
995 1486 1358 1533 reverteretur
1402 1494 1524 1533 cum
1573 1478 1665 1532 ίιιο
1707 1478 1774 1532 ad
1803 1477 2125 1546 placandum
2227 1483 2370 1522 nunc
2422 1465 2678 1522 Saraceni
2725 1467 2995 1522 dicuntur.
3075 1465 3330 1537 Legimus
3381 1465 3815 1522 Chodorlaomor

547 1567 738 1634 Deum,
767 1576 823 1624 et
855 1568 1135 1636 noluisset,
1182 1577 1343 1638 atque
1375 1577 1695 1624 convertens
1734 1567 1929 1622 faciem
1972 1581 2126 1622 suam
2226 1572 2411 1630 regem
2438 1559 2771 1629 percussisse
2796 1574 2892 1614 eos
2921 1558 3015 1629 qui
3043 1566 3201 1612 erant
3231 1559 3287 1613 in
3319 1559 3534 1614 deserto
3562 1559 3824 1614 Phan-an.-

547 1657 743 1724 abiret,
784 1659 958 1714 tenuit
1007 1658 1137 1713 Saul
1186 1659 1466 1729 pinnulam
1514 1659 1822 1714 vestimenti
1877 1655 2017 1726 ejus,
2072 1664 2129 1711 et
2302 1670 2320 1703 ι
2367 1651 2498 1704 Erat
2541 1659 2724 1705 autem
2767 1651 2852 1705 vir
2881 1651 3150 1720 quispiam
3199 1651 3253 1704 in
3295 1650 3582 1705 solitudine
3626 1651 3818 1716 Manu,-

550 1748 782 1819 disrupit
811 1766 952 1816 eam,
987 1760 1042 1808 et
1083 1751 1217 1806 dixit
1264 1752 1332 1807 ad
1376 1768 1500 1807 eum
1530 1751 1784 1807 Samuel:
1837 1771 1855 1802 ι
1887 1752 2127 1822 Disrupit
2152 1815 2194 1822 _
2235 1764 2254 1798 ι
2299 1756 2353 1802 et
2381 1747 2650 1816 possessio
2676 1747 2793 1817 ejus
2822 1746 2876 1800 in
2904 1746 3174 1811 Carmelo,
3210 1765 3228 1798 ι
3261 1755 3365 1802 etc.
3423 1746 3657 1802 Historia
3687 1762 3822 1816 quasi

547 1815 806 1896 Dominus
835 1857 1060 1913 regnum
1086 1842 1248 1898 Israel
1277 1843 1342 1898 de
1371 1859 1534 1897 manu
1565 1852 1651 1898 tua
1680 1844 1860 1908 hodie,
1894 1852 1949 1898 et
1976 1815 2126 1899 dabit
2151 1815 2200 1876 B
2227 1837 2294 1893 de
2323 1815 2492 1892 Nabal
2537 1847 2592 1894 et
2628 1815 2840 1909 Abigail
2884 1853 3056 1894 uxore
3107 1839 3223 1910 ejus
3272 1846 3476 1903 narrat,
3511 1815 3808 1910 mysticum

494 1991 501 2000 ,
548 1931 680 1986 illud
717 1933 964 2002 proximo
1001 1942 1112 2001 tuo,
1153 1942 1208 1989 et
1245 1935 1514 1990 dividetur
1551 1935 1715 1991 Israel
1758 1935 1811 1989 in
1853 1936 1987 1990 duos
2028 1950 2125 2006 ρο-
2225 1929 2556 1986 intellectum
2601 1930 2815 2001 quaerit.
2867 1929 3038 1986 Nabal
3067 1929 3214 1984 enim
3258 1930 3323 1985 de
3351 1945 3457 1998 quo
3485 1928 3688 1984 dictum
3727 1939 3818 1984 est

549 2022 704 2091 pulos
731 2022 784 2094 (I
808 2023 934 2095 Reg.
967 2024 1080 2095 xv).
1118 2045 1138 2078 ›
1173 2025 1314 2093 Ergo
1336 2039 1429 2080 rex
1459 2027 1560 2081 iste
1585 2041 1874 2096 personam
1899 2026 2124 2096 ﬁgurate
2224 2024 2368 2093 quod
2412 2025 2497 2078 vir
2548 2025 2716 2078 durus
2760 2032 2816 2078 et
2865 2023 3132 2094 pessimus
3188 2030 3242 2077 et
3293 2022 3593 2077 malitiosus
3641 2031 3810 2086 esset,

545 2113 765 2182 gerebat
790 2112 1115 2179 Iudaeorum,
1147 2115 1459 2186 signiﬁcans
1485 2117 1628 2185 quod
1674 2117 1798 2171 inde
1824 2117 2124 2172 amissurus
2225 2121 2410 2184 typum
2454 2122 2602 2168 tenet
2627 2114 2807 2184 p0puli
2837 2112 3166 2168 Iudaeorum.
3221 2112 3460 2180 Quorum
3510 2114 3678 2184 aliqui
3704 2127 3816 2168 uva

542 2211 661 2259 erat
700 2220 925 2276 regnum
954 2205 1084 2262 dum
1110 2208 1454 2278 persequitur
1489 2207 1786 2263 Christum.
1832 2208 1967 2263 Item
2004 2223 2121 2263 mo-
2223 2204 2382 2268 fellis,
2416 2215 2471 2260 et
2496 2205 2653 2261 botro
2679 2207 3059 2262 amaritudinis
3097 2206 3376 2271 inebriati,
3407 2209 3542 2261 dura
3573 2207 3816 2272 cervice,-

545 2297 733 2353 raliter
760 2297 919 2366 hujus
949 2300 1029 2355 rei
1053 2308 1264 2370 gestum
1306 2301 1352 2354 si
1381 2300 1502 2370 quis
1528 2300 1824 2370 qumsierit,
1870 2301 1946 2355 ita
1981 2300 2125 2356 acci-
2224 2304 2279 2350 et
2337 2296 2732 2351 incircumcisis
2777 2297 3032 2352 cordibus
3080 2312 3294 2368 semper
3341 2295 3568 2367 Spiritui
3621 2304 3818 2352 sancto

543 2401 674 2456 pere
707 2394 904 2458 potest,
933 2395 992 2442 ut
1019 2404 1119 2459 per
1145 2388 1274 2444 Saul
1309 2390 1436 2444 mali
1481 2399 1721 2446 rectores
1747 2389 2119 2460 designentur.
2225 2387 2590 2452 resistebant,
2642 2395 2806 2456 atque
2852 2388 3125 2444 carnalem
3182 2396 3401 2443 sensum
3453 2389 3507 2442 in
3556 2387 3674 2458 lege
3719 2402 3818 2442 se-

546 2477 656 2548 (Ex
703 2476 1004 2551 Gregorio.)
1075 2479 1204 2534 Saul
1252 2480 1417 2551 igitur
1463 2491 1708 2536 ventrem
1759 2497 1990 2552 purgare
2041 2488 2125 2536 est
2223 2489 2470 2552 quentes,
2503 2481 2653 2536 stulti
2683 2481 2812 2537 facti
2856 2491 3000 2537 sunt.
3052 2481 3204 2549 Quod
3235 2483 3369 2537 bene
3413 2495 3609 2535 nomen
3643 2478 3814 2535 Nabal

543 2583 740 2638 pravos
795 2572 1114 2640 praepositos
1173 2581 1491 2642 conceptam
1549 2573 1606 2629 in
1653 2575 1816 2629 corde
1859 2573 2123 2628 malitiam
2225 2572 2501 2640 exprimit.
2553 2571 2952 2642 Interpretatur
2980 2571 3123 2626 enim
3153 2571 3428 2641 insipiens,
3462 2569 3546 2625 vel
3575 2569 3813 2625 demens;

544 2674 716 2729 usque
741 2661 809 2714 ad
839 2676 999 2732 opera
1030 2664 1215 2719 miseri
1247 2665 1430 2720 odoris
1456 2665 1772 2732 extendere,
1803 2675 1859 2720 et
1888 2667 2124 2737 cogitata
2225 2661 2381 2719 Unde
2418 2670 2474 2717 et
2513 2661 2793 2718 Christum
2839 2661 3168 2726 venientem,
3213 2669 3268 2714 et
3307 2675 3404 2730 per
3433 2659 3708 2730 apostolos
3738 2658 3814 2715 ab

545 2752 687 2820 apud
721 2765 780 2807 se
807 2753 968 2808 noxia
997 2753 1152 2812 factis
1178 2757 1541 2812 exterioribus
1585 2759 1931 2828 exsequendo
1969 2775 2123 2814 mon-
2225 2754 2306 2809 eis
2331 2753 2684 2809 refectionem
2714 2753 2842 2808 ﬁdei
2889 2762 2945 2808 et
2982 2753 3138 2808 bonae
3183 2751 3515 2821 operationis
3559 2757 3817 2821 expeten-

542 2849 738 2896 strare.
770 2843 938 2910 Quem
971 2853 1148 2901 tamen
1171 2847 1343 2902 David
1379 2848 1544 2903 ferire
1588 2852 1814 2918 metuit;
1863 2853 1988 2921 quia
2018 2853 2123 2922 piae
2225 2853 2359 2911 tem,
2393 2852 2737 2914 respuerunt,
2766 2845 3026 2900 dicentes.
3066 2862 3084 2893 ι
3119 2842 3274 2898 Hunc
3303 2852 3486 2898 autem
3514 2842 3813 2907 nescimus,

542 2935 880 2991 subditorum
915 2946 1126 2994 mentes
1153 2941 1221 2996 ab
1249 2942 1398 2996 omni
1428 2958 1488 2997 se
1513 2951 1683 3012 peste,
1712 2944 2125 2999 obtrectationis
2225 2938 2368 2993 unde
2398 2938 2500 2992 sit?
2546 2936 2655 2992 Nos
2682 2935 2849 3007 Moysi
2891 2935 3140 3005 discipuli
3192 2950 3378 2990 sumus
3426 2933 3610 3006 (Joan.
3648 2933 3752 3005 tx).
3785 2951 3810 2988 ι

542 3026 894 3093 abstinentes,
918 3032 1330 3101 praepositorum
1350 3033 1521 3088 vitam
1546 3035 1698 3089 nullo
1724 3034 1921 3107 linguae
1946 3035 2124 3106 gladio

2224 3029 2435 3101 Abigail
2471 3044 2621 3094 vero,
2662 3029 2728 3085 de
2773 3045 2879 3100 qua
2921 3027 3091 3084 refert
3125 3028 3407 3099 Scriptura
3446 3027 3591 3098 quod
3619 3026 3816 3082 mulier

540 3119 884 3186 percutiunt,
912 3122 1078 3176 etiam
1113 3139 1238 3178 cum
1267 3124 1334 3179 de
1377 3125 1784 3196 imperfectione
1824 3127 2122 3198 reprehen--
2152 3175 2193 3198 η
2225 3123 2646 3192 prudentissima
2677 3129 2732 3175 et
2760 3121 3006 3191 speciosa
3033 3119 3216 3185 fuerit,
3251 3130 3436 3191 typum
3466 3127 3614 3174 tenet
3638 3118 3814 3190 plebis

542 3206 693 3262 dunt.
733 3209 838 3276 Qui
879 3219 935 3266 et
969 3212 1016 3266 si
1055 3214 1270 3283 quando
1317 3175 1542 3285 propter
1589 3175 1957 3273 inﬁrmitatem
2005 3231 2125 3274 sese
2151 3175 2195 3238 C
2226 3175 2392 3280 illius,
2419 3214 2513 3282 qui
2548 3228 2615 3268 ex
2638 3175 2838 3268 Iudaeis
2869 3213 2944 3284 ad.
2967 3211 3127 3267 ﬁdem
3160 3175 3411 3267 conversi
3444 3175 3672 3265 Domino
3698 3209 3816 3280 pla-

541 3298 816 3356 abstinere
859 3302 950 3356 vix
999 3312 1246 3374 possunt,
1295 3313 1354 3360 ut
1393 3315 1636 3363 extrema
1677 3310 1921 3379 quaedam
1961 3318 2125 3380 atque
2224 3320 2348 3360 cere
2376 3313 2713 3360 meruerunt.
2737 3303 2892 3372 Quod
2915 3305 3053 3360 bene
3082 3319 3280 3360 nomen
3295 3302 3505 3374 Abigail
3528 3310 3702 3358 sonat.
3732 3303 3818 3358 In-

542 3391 812 3446 exteriora
840 3396 1252 3464 prtepositorum
1297 3398 1460 3464 mala,
1491 3402 1586 3455 sed
1630 3409 1812 3456 tamen
1849 3403 2126 3458 humiliter
2225 3405 2553 3466 terpretatur
2575 3398 2720 3453 enim
2735 3398 2901 3469 patris
2921 3399 3022 3453 mei
3042 3396 3346 3452 exsultatio.
3373 3396 3528 3452 Unde
3559 3403 3614 3452 et
3637 3393 3816 3452 Domi-

540 3478 852 3548 loquantur.
892 3484 1045 3552 quasi
1073 3500 1225 3540 oram
1265 3489 1565 3560 chlamydis
1608 3491 1828 3546 silenter
1858 3494 2119 3549 incidunt,
2224 3502 2328 3541 nus
2347 3488 2400 3540 in
2415 3487 2710 3558 Evangelio
2724 3487 2874 3542 dicit.
2907 3506 2926 3538 ι
2958 3485 3228 3542 Gaudium
3256 3487 3361 3540 erit
3400 3486 3455 3540 in
3481 3486 3622 3541 cmlo
3651 3500 3819 3558 super

543 3568 681 3636 Quia
709 3570 960 3628 videlicet
989 3574 1115 3628 dum
1144 3577 1354 3647 praelati
1385 3579 1633 3650 dignitati
1670 3581 1862 3637 saltem
1905 3583 2124 3641 innoxie
2223 3593 2332 3632 uno
2356 3587 2643 3648 peccatore
2664 3579 3039 3649 ptenitentiam
3069 3586 3264 3650 agente
3297 3576 3450 3650 (Luc.
3478 3576 3594 3650 xv).
3634 3597 3653 3629 ι
3689 3576 3817 3634 Haec

541 3667 595 3714 et
624 3659 859 3717 latenter
881 3662 1162 3735 derogant,
1191 3668 1347 3736 quasi
1372 3670 1517 3738 regis
1542 3673 1865 3742 superpositi
1916 3685 2122 3730 vestem
2223 3669 2421 3738 saepius
2463 3669 2516 3724 in
2545 3670 2823 3740 prophetis
2852 3679 2909 3724 et
2946 3671 2997 3724 in
3024 3669 3285 3740 apostolis
3313 3684 3412 3740 pro
3438 3669 3612 3724 salute
3633 3665 3819 3740 papuIi

539 3747 766 3804 ftedant.
817 3749 925 3808 Sed
973 3761 1154 3810 tamen
1200 3757 1267 3812 ad
1313 3761 1635 3830 semetipsos
1683 3763 1930 3830 redeunt,
1959 3781 2123 3835 seque
2220 3757 2431 3815 δυώὶὶοἰ
2478 3761 2798 3831 deprecans,
2843 3761 3013 3816 David
3061 3771 3252 3817 nostro
3279 3759 3612 3816 oblationem
3656 3773 3818 3814 accc.

538 3838 1010 3899 vehementissime
1042 3845 1124 3900 vel
1150 3846 1220 3903 de
1250 3848 1566 3905 tenuissima
1595 3853 1749 3908 verbi
1793 3853 2124 3913 laceratione
2220 3854 2482 3925 ptabilem
2507 3855 2775 3910 bonorum
2810 3869 3060 3924 operum,
3095 3860 3152 3908 et
3188 3851 3291 3924 piae
3323 3850 3629 3907 devotionis
3657 3848 3820 3904 obtu-

538 3932 956 4000 repreheudunt.
1009 3936 1164 3994 Unde
1209 3947 1264 3995 et
1310 3941 1449 3997 bene
1481 3950 1537 3998 et
1566 3943 1677 4000 illic
1720 3948 1980 4018 scriptum
2007 3959 2117 4007 est:
2221 3947 2303 4002 lit.
2342 3947 2515 4012 Quam
2557 3946 2649 4000 ille
2680 3953 2804 4017 post
2839 3953 3070 4001 mortem
3103 3944 3204 3998 viri
3233 3945 3338 4010 sui,
3369 3944 3462 4015 qui
3505 3943 3730 3998 demens
3759 3941 3818 3997 in

540 4039 560 4073 ι
591 4020 734 4112 Post
769 4023 883 4080 haec
930 4028 1101 4082 David
1160 4033 1429 4100 percussit
1472 4049 1570 4090 cor
1621 4052 1808 4104 suum,
1859 4054 1924 4096 eo
1977 4043 2122 4112 quod
2221 4038 2455 4094 stultitia
2475 4053 2572 4093 sua
2597 4037 2781 4108 periit,
2815 4036 3087 4093 ascivit-in
3114 4033 3448 4107 conjugium,
3486 4042 3542 4090 et
3566 4033 3820 4090 exhibuit

540 4127 560 4163 ι
595 4110 911 4170 abscidisset
952 4131 1104 4172 oram
1134 4120 1433 4194 chlamydis
1465 4123 1612 4181 Saul.
1653 4147 1672 4180 ι
1727 4128 1895 4186 Facta
1925 4110 2122 4203 quippe
2222 4130 2325 4186 sibi
2377 4144 2631 4200 sponsam
2684 4144 2792 4183 non
2842 4128 3131 4184 habentem
3183 4127 3452 4182 maculam
3500 4135 3592 4180 aut
3621 4140 3816 4197 rugam

534 4207 944 4276 prtepositorum
992 4213 1105 4268 oris
1153 4215 1333 4286 gladio
1375 4217 1617 4274 ferienda
1646 4237 1753 4276 non
1779 4232 1925 4289 sunt,
1957 4224 2118 4280 etiam
2223 4219 2384 4293 (Eph.
2413 4219 2491 4292 v).
2543 4220 2650 4290 (Ea:
2673 4218 2865 4290 Beda.)
2890 4219 3045 4287 Quod
3069 4217 3284 4289 Abigail
3337 4215 3689 4287 interpellans
3716 4229 3818 4286 pro

535 4311 660 4351 cum
707 4301 1150 4371 reprehendenda
1207 4317 1354 4364 certe
1396 4308 1731 4379 judicantur.
1788 4313 1847 4369 Si
1903 4316 2120 4386 quando
2221 4331 2282 4372 se
2316 4325 2372 4372 et
2406 4330 2505 4386 pro
2543 4316 2703 4371 domo
2748 4330 2847 4370 sua
2894 4314 2972 4368 ait
3010 4315 3076 4369 ad
3116 4311 3307 4378 David,
3352 4325 3513 4381 quem
3558 4310 3646 4365 vir
3693 4307 3814 4378 ejus

534 4405 665 4445 vero
719 4401 909 4450 contra
962 4411 1055 4452 eos
1106 4399 1190 4454 vel
1247 4402 1302 4456 in
1354 4405 1596 4461 minimis
1655 4407 1838 4479 lingua
1895 4408 2117 4476 labitur,
2222 4406 2450 4463 stultitia
2483 4415 2538 4461 et
2561 4406 2825 4461 ebrietate
2859 4404 3071 4474 sopitus
3095 4401 3417 4459 olfenderat.

530 4497 756 4540 necesse
796 4495 878 4541 est
915 4496 975 4542 ut
1011 4489 1299 4548 alllictione
1332 4497 1666 4564 poenitentiae
1708 4501 2115 4570 comprimatur,
2143 4525 2197 4585 D
2300 4517 2320 4549 ‹
2355 4496 2413 4552 Si
2448 4497 2594 4553 enim
2634 4496 2937 4552 surrexerit
2970 4493 3260 4564 aliquando
3293 4493 3456 4547 homo
3480 4503 3814 4563 persequens

530 4584 798 4643 quatenus
850 4578 918 4632 ad
974 4583 1320 4653 semetipsam
1372 4587 1590 4652 redeat,
1641 4604 1764 4643 cum
1814 4593 2118 4660 praepositae
2143 4578 2187 4585 ”
2227 4605 2245 4638 ‹
2274 4594 2347 4652 te,
2379 4594 2436 4642 et
2473 4601 2724 4658 quierens
2768 4586 3009 4640 animam
3049 4592 3219 4648 tuam,
3247 4583 3354 4637 erit
3381 4581 3565 4636 anima
3593 4581 3811 4636 Domini

530 4667 786 4732 potestati
838 4668 1143 4738 deliquerit,
1197 4674 1420 4744 ejusoue
1475 4686 1664 4733 contra
1720 4696 1778 4736 se
1823 4680 2114 4750 judicium,
2225 4699 2242 4730 ‹
2272 4680 2377 4734 mei
2417 4680 2710 4745 custodita,
2741 4678 2899 4749 quasi
2945 4677 3001 4731 in
3048 4673 3307 4732 fasciculo
3341 4674 3638 4729 viventium
3668 4672 3813 4741 apud

529 4756 621 4825 qui
647 4757 749 4811 sibi
777 4759 1033 4829 prtelatus
1059 4771 1162 4830 est,
1189 4767 1589 4834 perhorrescat.
1637 4770 1773 4826 Nam
1824 4787 1948 4827 cum
1977 4789 2116 4844 pra:-
2224 4792 2242 4823 ι
2272 4772 2560 4828 Dominum
2587 4772 2758 4827 Deum
2789 4780 2963 4826 tuum.
3020 4768 3191 4823 Porro
3235 4767 3419 4823 anima
3464 4765 3812 4820 inimicorum

528 4845 720 4915 positis
767 4848 1150 4921 delinquimus,
1183 4854 1298 4923 ejus
1339 4858 1669 4915 ordinationi
1697 4863 1788 4932 qui
1827 4878 1922 4920 eos
1959 4867 2115 4922 nobis
2221 4884 2239 4916 ι
2269 4874 2484 4921 tuorum
2516 4865 2784 4920 rotabitur
2801 4864 2954 4934 quasi
2977 4863 3032 4918 in
3065 4862 3270 4933 impetu
3294 4868 3350 4914 et
3377 4857 3580 4915 circulo
3605 4855 3809 4921 fundae,

528 4940 784 5007 przetulit,
817 4944 1118 5002 obviamus.
1174 4947 1322 5006 Unde
1347 4951 1559 5023 Moyses
1585 4971 1802 5027 quoque
1831 4974 1953 5014 cum
1984 4975 2116 5016 con-
2220 4977 2238 5009 ‹
2259 4966 2387 5024 ctc.;
2419 4978 2437 5007 ι
2469 4957 2836 5029 pulcherrima
2878 4955 3283 5024 comparatione
3308 4961 3509 5008 statum
3534 4950 3810 5021 justoruni

529 5040 611 5087 tra
653 5051 712 5091 se
746 5045 802 5092 et
823 5038 1004 5095 Aaron
1028 5042 1282 5112 populum
1307 5050 1566 5117 conqueri
1609 5053 1972 5123 cognovisset,
2004 5055 2108 5109 ait:
2215 5066 2246 5105 a
2283 5052 2637 5122 reprohorum
2676 5058 2823 5107 sorte
2861 5048 3143 5105 discernit.
3192 5046 3396 5102 Horum
3437 5044 3638 5114 quippe
3682 5041 3802 5096 aui-

535 5141 554 5174 ι
592 5123 706 5180 Nos
741 5127 887 5182 enim
911 5131 1041 5199 quid
1065 5135 1293 5190 sumus?
1341 5135 1452 5192 Nec
1499 5149 1687 5195 contra
1725 5158 1825 5199 nos
1849 5152 1934 5199 est
1965 5160 2112 5199 mur-
2215 5157 2334 5196 mas
2352 5143 2595 5212 appellat
2619 5143 2885 5206 viventes,
2917 5149 2977 5196 ut
3025 5140 3241 5195 illorum
3269 5153 3300 5192 e
3339 5135 3616 5192 contrario
3642 5131 3807 5204 spiri-

528 5229 652 5269 mur
679 5225 942 5286 vestrum,
969 5223 1063 5277 sed
1090 5233 1282 5280 contra
1307 5226 1594 5283 Dominum
1624 5230 1820 5303 (Exod.
1852 5235 1987 5305 xvr).
2016 5253 2034 5285 ›
2217 5234 2308 5288 tali
2343 5243 2520 5289 morte
2562 5242 2974 5304 praeoccupatas
3021 5232 3280 5296 insinuet,
3329 5229 3486 5298 juxta
3527 5225 3656 5282 illud
3686 5237 3810 5294 pro-

1123 5335 1350 5395 CAPUT
1390 5340 1556 5398 xxv,
2212 5325 2473 5393 phetaazi
2531 5323 2727 5377 Anima
2787 5339 2908 5392 quae
2961 5321 3314 5393 peccaverit,
3374 5317 3492 5388 ipsa
3543 5315 3810 5371 morietur

529 5420 608 5476 De
645 5432 812 5478 morte
848 5423 1117 5508 ⁸διηριιιειίε
1160 5439 1209 5483 et
1245 5431 1311 5510 de
1346 5434 1569 5488 historia
1614 5436 1790 5510 Nabal
1829 5446 1878 5493 et
1897 5439 2108 5510 Abigail

2211 5414 2426 5487 (Ezech.
2449 5415 2631 5487 xvm).
2654 5434 2672 5464 ι
2706 5414 2816 5471 llos
2845 5414 3130 5482 fasciculo,
3161 5413 3281 5469 illos
3319 5411 3486 5481 lapidi
3516 5409 3696 5465 fundae
3717 5421 3805 5462 as-

704 5500 885 5550 uxoris
914 5500 1050 5566 ejus,
1071 5501 1328 5569 quomodo
1356 5516 1569 5574 egerunt
1591 5524 1710 5559 cum
1736 5507 1924 5563 David.
2000 5500 2022 5510 ⁷
2208 5506 2429 5561 similat.
2478 5507 2795 5563 Fasciculus
2835 5508 2982 5562 enim
3029 5504 3442 5575 constringitur,
3493 5508 3553 5557 ut
3595 5500 3806 5569 integer

597 5586 727 5642 Post
773 5591 889 5644 haec
933 5593 1181 5662 sequitur
1224 5594 1501 5666 Scriptura
1551 5615 1782 5654 narrans
1824 5601 1891 5654 de
1932 5610 2106 5656 morte
2210 5607 2424 5652 maneat
2457 5608 2511 5654 et
2560 5607 2936 5656 conservetur.
2987 5599 3148 5670 Lapis
3196 5598 3252 5652 in
3302 5596 3469 5651 funda
3514 5591 3801 5664 expeditus

529 5674 799 5766 Samuelis
847 5689 901 5736 et
935 5683 1002 5737 de
1037 5683 1158 5755 fuga
1180 5686 1370 5752 David,
1396 5690 1469 5743 ita
1526 5691 1712 5746 dicens
1740 5708 1751 5743 :
1777 5689 1926 5762 (Car.
1954 5693 2105 5766 xxv.)
2207 5683 2442 5761 ponitur,
2491 5700 2551 5745 ut
2597 5691 2904 5761 abjiciatur.
2952 5692 3044 5747 Sic
3078 5690 3305 5757 etenim,
3342 5689 3423 5744 sic
3461 5689 3515 5742 in
3546 5685 3651 5740 hoc
3689 5697 3795 5738 sa:-

533 5781 554 5818 t
601 5764 839 5827 Mortuus
891 5779 976 5828 est
1021 5784 1204 5832 autem
1240 5775 1491 5848 Samuel,
1530 5788 1586 5835 et
1626 5791 1986 5854 congregatus
2023 5764 2106 5842 est
2208 5783 2330 5843 culo
2363 5783 2521 5840 electi
2564 5786 2837 5858 pressuris
2883 5783 3295 5842 tribulationum
3342 5783 3796 5854 coangustantur.
