  <div class='ocr_page' id='page_1' title='image "/cluster/home/n/w/nwhite01/storage/ocr_20150623/109/hvd.32044015466857/038.png"; bbox 0 0 4074 6466; ppageno 0'>
   <div class='ocr_carea' id='block_1_1' title="bbox 302 391 462 502">
    <p class='ocr_par' dir='ltr' id='par_1_1' title="bbox 302 391 462 502">
     <span class='ocr_line' id='line_1_1' title="bbox 302 391 462 502; baseline -0.013 0"><span class='ocrx_word' id='word_1_1' title='bbox 302 391 385 502; x_wconf 61' lang='grc' dir='ltr'><strong>δὲ</strong></span> <span class='ocrx_word' id='word_1_2' title='bbox 459 497 462 500; x_wconf 74' lang='lat'>.</span> 
     </span>
    </p>
   </div>
   <div class='ocr_carea' id='block_1_2' title="bbox 1130 386 3585 509">
    <p class='ocr_par' dir='ltr' id='par_1_2' title="bbox 1130 386 3585 509">
     <span class='ocr_line' id='line_1_2' title="bbox 1130 386 3585 509; baseline 0.007 -17"><span class='ocrx_word' id='word_1_3' title='bbox 1130 433 1470 492; x_wconf 84' lang='lat' dir='ltr'><strong>COMMENT</strong></span> <span class='ocrx_word' id='word_1_4' title='bbox 1505 433 1574 490; x_wconf 87' lang='lat' dir='ltr'><strong>IN</strong></span> <span class='ocrx_word' id='word_1_5' title='bbox 1612 431 1860 490; x_wconf 71' lang='lat' dir='ltr'><strong>uanos</strong></span> <span class='ocrx_word' id='word_1_6' title='bbox 1897 431 1967 488; x_wconf 90' lang='lat' dir='ltr'><strong>1v</strong></span> <span class='ocrx_word' id='word_1_7' title='bbox 2009 432 2270 494; x_wconf 83' lang='lat' dir='ltr'><strong>REGUM.</strong></span> <span class='ocrx_word' id='word_1_8' title='bbox 2306 468 2376 479; x_wconf 86' lang='grc'><strong><em>-</em></strong></span> <span class='ocrx_word' id='word_1_9' title='bbox 2412 438 2480 495; x_wconf 85' lang='lat' dir='ltr'><strong>IN</strong></span> <span class='ocrx_word' id='word_1_10' title='bbox 2516 441 2644 498; x_wconf 84' lang='lat' dir='ltr'><strong>LIB.</strong></span> <span class='ocrx_word' id='word_1_11' title='bbox 2683 445 2724 500; x_wconf 82' lang='grc' dir='ltr'><strong>ι.</strong></span> <span class='ocrx_word' id='word_1_12' title='bbox 2943 386 2953 392; x_wconf 36' lang='grc'><em>’</em></span> <span class='ocrx_word' id='word_1_13' title='bbox 3509 430 3585 509; x_wconf 73' lang='grc'><strong>66</strong></span> 
     </span>
    </p>
   </div>
   <div class='ocr_carea' id='block_1_3' title="bbox 301 545 3574 633">
    <p class='ocr_par' dir='ltr' id='par_1_3' title="bbox 301 545 3574 633">
     <span class='ocr_line' id='line_1_3' title="bbox 301 545 3574 633; baseline 0.003 -24"><span class='ocrx_word' id='word_1_14' title='bbox 301 561 371 610; x_wconf 84' lang='lat' dir='ltr'><strong>ut</strong></span> <span class='ocrx_word' id='word_1_15' title='bbox 386 552 476 610; x_wconf 89' lang='lat' dir='ltr'><strong>his</strong></span> <span class='ocrx_word' id='word_1_16' title='bbox 495 549 757 608; x_wconf 77' lang='lat' dir='ltr'><strong>admoniti</strong></span> <span class='ocrx_word' id='word_1_17' title='bbox 783 548 982 605; x_wconf 77' lang='lat' dir='ltr'><strong>arctius</strong></span> <span class='ocrx_word' id='word_1_18' title='bbox 1003 563 1062 605; x_wconf 91' lang='lat' dir='ltr'><strong>se</strong></span> <span class='ocrx_word' id='word_1_19' title='bbox 1083 550 1148 604; x_wconf 91' lang='lat' dir='ltr'><strong>ad</strong></span> <span class='ocrx_word' id='word_1_20' title='bbox 1172 549 1401 604; x_wconf 82' lang='lat' dir='ltr'><strong>invicem</strong></span> <span class='ocrx_word' id='word_1_21' title='bbox 1429 557 1613 602; x_wconf 88' lang='lat' dir='ltr'><strong>mutua</strong></span> <span class='ocrx_word' id='word_1_22' title='bbox 1636 547 1898 602; x_wconf 85' lang='lat' dir='ltr'><strong>charitate</strong></span> <span class='ocrx_word' id='word_1_23' title='bbox 1925 545 1976 604; x_wconf 85' lang='lat' dir='ltr'><strong>A</strong></span> <span class='ocrx_word' id='word_1_24' title='bbox 2004 554 2090 600; x_wconf 91' lang='lat' dir='ltr'><strong>tur</strong></span> <span class='ocrx_word' id='word_1_25' title='bbox 2116 564 2226 618; x_wconf 72' lang='lat' dir='ltr'><strong>pm</strong></span> <span class='ocrx_word' id='word_1_26' title='bbox 2256 551 2469 620; x_wconf 86' lang='lat' dir='ltr'><strong>gaudio,</strong></span> <span class='ocrx_word' id='word_1_27' title='bbox 2497 569 2561 609; x_wconf 92' lang='lat' dir='ltr'><strong>eo</strong></span> <span class='ocrx_word' id='word_1_28' title='bbox 2602 556 2745 626; x_wconf 86' lang='lat' dir='ltr'><strong>quod</strong></span> <span class='ocrx_word' id='word_1_29' title='bbox 2775 556 3033 615; x_wconf 90' lang='lat' dir='ltr'><strong>Dominus</strong></span> <span class='ocrx_word' id='word_1_30' title='bbox 3063 576 3184 617; x_wconf 90' lang='lat' dir='ltr'><strong>eum</strong></span> <span class='ocrx_word' id='word_1_31' title='bbox 3228 563 3574 633; x_wconf 76' lang='lat' dir='ltr'><strong>custodisset,</strong></span> 
     </span>
    </p>
   </div>
   <div class='ocr_carea' id='block_1_4' title="bbox 299 637 1894 710">
    <p class='ocr_par' dir='ltr' id='par_1_4' title="bbox 299 637 1894 710">
     <span class='ocr_line' id='line_1_4' title="bbox 299 637 1894 710; baseline -0.009 -8"><span class='ocrx_word' id='word_1_32' title='bbox 299 651 663 710; x_wconf 82' lang='lat' dir='ltr'><strong>conuectant,</strong></span> <span class='ocrx_word' id='word_1_33' title='bbox 694 641 976 698; x_wconf 88' lang='lat' dir='ltr'><strong>coadunati</strong></span> <span class='ocrx_word' id='word_1_34' title='bbox 1001 641 1068 696; x_wconf 91' lang='lat' dir='ltr'><strong>ad</strong></span> <span class='ocrx_word' id='word_1_35' title='bbox 1115 640 1341 695; x_wconf 82' lang='lat' dir='ltr'><strong>invicem</strong></span> <span class='ocrx_word' id='word_1_36' title='bbox 1370 655 1531 694; x_wconf 89' lang='lat' dir='ltr'><strong>manu</strong></span> <span class='ocrx_word' id='word_1_37' title='bbox 1561 638 1644 693; x_wconf 90' lang='lat' dir='ltr'><strong>sui</strong></span> <span class='ocrx_word' id='word_1_38' title='bbox 1673 637 1894 692; x_wconf 78' lang='lat' dir='ltr'><strong>Redem-</strong></span> 
     </span>
    </p>
   </div>
   <div class='ocr_carea' id='block_1_5' title="bbox 298 730 1894 811">
    <p class='ocr_par' dir='ltr' id='par_1_5' title="bbox 298 730 1894 811">
     <span class='ocr_line' id='line_1_5' title="bbox 298 730 1894 811; baseline -0.007 -16"><span class='ocrx_word' id='word_1_39' title='bbox 298 739 484 811; x_wconf 73' lang='lat' dir='ltr'><strong>ptoris</strong></span> <span class='ocrx_word' id='word_1_40' title='bbox 512 737 566 793; x_wconf 90' lang='lat' dir='ltr'><strong>iu</strong></span> <span class='ocrx_word' id='word_1_41' title='bbox 593 745 933 808; x_wconf 76' lang='lat' dir='ltr'><strong>perpetuum</strong></span> <span class='ocrx_word' id='word_1_42' title='bbox 956 743 1364 791; x_wconf 80' lang='lat' dir='ltr'><strong>conserventur.</strong></span> <span class='ocrx_word' id='word_1_43' title='bbox 1399 733 1468 788; x_wconf 82' lang='lat' dir='ltr'><strong>At</strong></span> <span class='ocrx_word' id='word_1_44' title='bbox 1502 747 1632 788; x_wconf 91' lang='lat' dir='ltr'><strong>vero</strong></span> <span class='ocrx_word' id='word_1_45' title='bbox 1679 730 1894 802; x_wconf 90' lang='lat' dir='ltr'><strong>reprobi</strong></span> 
     </span>
    </p>
   </div>
   <div class='ocr_carea' id='block_1_6' title="bbox 202 823 1893 905">
    <p class='ocr_par' dir='ltr' id='par_1_6' title="bbox 202 823 1893 905">
     <span class='ocr_line' id='line_1_6' title="bbox 202 823 1893 905; baseline -0.012 -10"><span class='ocrx_word' id='word_1_46' title='bbox 202 828 225 895; x_wconf 61' lang='grc' dir='ltr'>ἑ</span> <span class='ocrx_word' id='word_1_47' title='bbox 297 843 517 905; x_wconf 77' lang='lat' dir='ltr'><strong>quanto</strong></span> <span class='ocrx_word' id='word_1_48' title='bbox 545 831 706 887; x_wconf 87' lang='lat' dir='ltr'><strong>latius</strong></span> <span class='ocrx_word' id='word_1_49' title='bbox 731 831 786 886; x_wconf 91' lang='lat' dir='ltr'><strong>in</strong></span> <span class='ocrx_word' id='word_1_50' title='bbox 809 830 912 885; x_wconf 86' lang='lat' dir='ltr'><strong>hac</strong></span> <span class='ocrx_word' id='word_1_51' title='bbox 935 828 1052 884; x_wconf 90' lang='lat' dir='ltr'><strong>vita</strong></span> <span class='ocrx_word' id='word_1_52' title='bbox 1076 827 1443 898; x_wconf 79' lang='lat' dir='ltr'><strong>voluptatibus</strong></span> <span class='ocrx_word' id='word_1_53' title='bbox 1467 825 1721 898; x_wconf 85' lang='lat' dir='ltr'><strong>propriis,</strong></span> <span class='ocrx_word' id='word_1_54' title='bbox 1746 823 1893 878; x_wconf 90' lang='lat' dir='ltr'><strong>velut</strong></span> 
     </span>
    </p>
   </div>
   <div class='ocr_carea' id='block_1_7' title="bbox 222 916 1891 992">
    <p class='ocr_par' dir='ltr' id='par_1_7' title="bbox 222 916 1891 992">
     <span class='ocr_line' id='line_1_7' title="bbox 222 916 1891 992; baseline -0.007 -9"><span class='ocrx_word' id='word_1_55' title='bbox 222 916 225 919; x_wconf 60' lang='grc'><em>’</em></span> <span class='ocrx_word' id='word_1_56' title='bbox 296 926 494 992; x_wconf 78' lang='lat' dir='ltr'><strong>liberi,</strong></span> <span class='ocrx_word' id='word_1_57' title='bbox 523 925 889 988; x_wconf 87' lang='lat' dir='ltr'><strong>dimittuntur,</strong></span> <span class='ocrx_word' id='word_1_58' title='bbox 921 931 1073 979; x_wconf 89' lang='lat' dir='ltr'><strong>tanto</strong></span> <span class='ocrx_word' id='word_1_59' title='bbox 1106 921 1319 992; x_wconf 89' lang='lat' dir='ltr'><strong>longius</strong></span> <span class='ocrx_word' id='word_1_60' title='bbox 1345 921 1400 976; x_wconf 93' lang='lat' dir='ltr'><strong>in</strong></span> <span class='ocrx_word' id='word_1_61' title='bbox 1425 919 1607 975; x_wconf 88' lang='lat' dir='ltr'><strong>futuro</strong></span> <span class='ocrx_word' id='word_1_62' title='bbox 1637 934 1667 973; x_wconf 90' lang='lat' dir='ltr'><strong>a</strong></span> <span class='ocrx_word' id='word_1_63' title='bbox 1697 917 1891 972; x_wconf 75' lang='lat' dir='ltr'><strong>divina:</strong></span> 
     </span>
    </p>
   </div>
   <div class='ocr_carea' id='block_1_8' title="bbox 294 1009 1886 1088">
    <p class='ocr_par' dir='ltr' id='par_1_8' title="bbox 294 1009 1886 1088">
     <span class='ocr_line' id='line_1_8' title="bbox 294 1009 1886 1088; baseline -0.008 -16"><span class='ocrx_word' id='word_1_64' title='bbox 294 1017 534 1074; x_wconf 77' lang='lat' dir='ltr'><strong>visionis</strong></span> <span class='ocrx_word' id='word_1_65' title='bbox 557 1015 724 1088; x_wconf 90' lang='lat' dir='ltr'><strong>gloria</strong></span> <span class='ocrx_word' id='word_1_66' title='bbox 746 1013 1120 1086; x_wconf 89' lang='lat' dir='ltr'><strong>projiciuntur,</strong></span> <span class='ocrx_word' id='word_1_67' title='bbox 1142 1020 1203 1066; x_wconf 90' lang='lat' dir='ltr'><strong>ut</strong></span> <span class='ocrx_word' id='word_1_68' title='bbox 1225 1012 1293 1068; x_wconf 93' lang='lat' dir='ltr'><strong>de</strong></span> <span class='ocrx_word' id='word_1_69' title='bbox 1318 1011 1398 1067; x_wconf 92' lang='lat' dir='ltr'><strong>eis</strong></span> <span class='ocrx_word' id='word_1_70' title='bbox 1424 1010 1620 1066; x_wconf 89' lang='lat' dir='ltr'><strong>merito</strong></span> <span class='ocrx_word' id='word_1_71' title='bbox 1647 1009 1886 1064; x_wconf 84' lang='lat' dir='ltr'><strong>dicatur:</strong></span> 
     </span>
    </p>
   </div>
   <div class='ocr_carea' id='block_1_9' title="bbox 299 1097 1884 1180">
    <p class='ocr_par' dir='ltr' id='par_1_9' title="bbox 299 1097 1884 1180">
     <span class='ocr_line' id='line_1_9' title="bbox 299 1097 1884 1180; baseline -0.008 -17"><span class='ocrx_word' id='word_1_72' title='bbox 299 1129 324 1163; x_wconf 74' lang='grc' dir='ltr'>σ</span> <span class='ocrx_word' id='word_1_73' title='bbox 355 1110 431 1165; x_wconf 86' lang='lat' dir='ltr'><strong>Et</strong></span> <span class='ocrx_word' id='word_1_74' title='bbox 451 1108 670 1180; x_wconf 84' lang='lat' dir='ltr'><strong>quidem</strong></span> <span class='ocrx_word' id='word_1_75' title='bbox 716 1106 818 1177; x_wconf 85' lang='lat' dir='ltr'><strong>ipsi</strong></span> <span class='ocrx_word' id='word_1_76' title='bbox 851 1105 918 1161; x_wconf 89' lang='lat' dir='ltr'><strong>de</strong></span> <span class='ocrx_word' id='word_1_77' title='bbox 953 1119 1119 1159; x_wconf 89' lang='lat' dir='ltr'><strong>manu</strong></span> <span class='ocrx_word' id='word_1_78' title='bbox 1148 1111 1240 1158; x_wconf 87' lang='lat' dir='ltr'><strong>tua</strong></span> <span class='ocrx_word' id='word_1_79' title='bbox 1284 1101 1491 1172; x_wconf 78' lang='lat' dir='ltr'><strong>expulsi</strong></span> <span class='ocrx_word' id='word_1_80' title='bbox 1537 1109 1663 1155; x_wconf 91' lang='lat' dir='ltr'><strong>sunt</strong></span> <span class='ocrx_word' id='word_1_81' title='bbox 1706 1097 1884 1171; x_wconf 81' lang='lat' dir='ltr'><strong>(Joan.</strong></span> 
     </span>
    </p>
   </div>
   <div class='ocr_carea' id='block_1_10' title="bbox 290 1190 1890 1276">
    <p class='ocr_par' dir='ltr' id='par_1_10' title="bbox 290 1190 1890 1276">
     <span class='ocr_line' id='line_1_10' title="bbox 290 1190 1890 1276; baseline -0.009 -18"><span class='ocrx_word' id='word_1_82' title='bbox 290 1203 380 1276; x_wconf 74' lang='grc' dir='ltr'><strong>ι).</strong></span> <span class='ocrx_word' id='word_1_83' title='bbox 405 1221 423 1254; x_wconf 80' lang='grc' dir='ltr'><strong><em>ι</em></strong></span> <span class='ocrx_word' id='word_1_84' title='bbox 465 1200 600 1256; x_wconf 76' lang='lat' dir='ltr'><strong>Mire</strong></span> <span class='ocrx_word' id='word_1_85' title='bbox 617 1205 798 1254; x_wconf 86' lang='lat' dir='ltr'><strong>autem</strong></span> <span class='ocrx_word' id='word_1_86' title='bbox 817 1196 1241 1267; x_wconf 79' lang='lat' dir='ltr'><strong>omnipotentem</strong></span> <span class='ocrx_word' id='word_1_87' title='bbox 1267 1192 1663 1264; x_wconf 83' lang='lat' dir='ltr'><strong>providentiam</strong></span> <span class='ocrx_word' id='word_1_88' title='bbox 1689 1190 1890 1246; x_wconf 89' lang='lat' dir='ltr'><strong>descri-</strong></span> 
     </span>
    </p>
   </div>
   <div class='ocr_carea' id='block_1_11' title="bbox 288 1280 1884 1363">
    <p class='ocr_par' dir='ltr' id='par_1_11' title="bbox 288 1280 1884 1363">
     <span class='ocr_line' id='line_1_11' title="bbox 288 1280 1884 1363; baseline -0.01 -13"><span class='ocrx_word' id='word_1_89' title='bbox 288 1295 381 1351; x_wconf 86' lang='lat' dir='ltr'><strong>bit</strong></span> <span class='ocrx_word' id='word_1_90' title='bbox 416 1290 637 1363; x_wconf 89' lang='lat' dir='ltr'><strong>superni</strong></span> <span class='ocrx_word' id='word_1_91' title='bbox 677 1287 936 1360; x_wconf 87' lang='lat' dir='ltr'><strong>pectoris,</strong></span> <span class='ocrx_word' id='word_1_92' title='bbox 984 1302 1107 1342; x_wconf 91' lang='lat' dir='ltr'><strong>cum</strong></span> <span class='ocrx_word' id='word_1_93' title='bbox 1139 1284 1272 1341; x_wconf 88' lang='lat' dir='ltr'><strong>dicit</strong></span> <span class='ocrx_word' id='word_1_94' title='bbox 1297 1285 1532 1339; x_wconf 90' lang='lat' dir='ltr'><strong>animam</strong></span> <span class='ocrx_word' id='word_1_95' title='bbox 1560 1282 1660 1336; x_wconf 92' lang='lat' dir='ltr'><strong>viri</strong></span> <span class='ocrx_word' id='word_1_96' title='bbox 1691 1280 1884 1346; x_wconf 82' lang='lat' dir='ltr'><strong>sancti,</strong></span> 
     </span>
    </p>
   </div>
   <div class='ocr_carea' id='block_1_12' title="bbox 289 1374 1888 1455">
    <p class='ocr_par' dir='ltr' id='par_1_12' title="bbox 289 1374 1888 1455">
     <span class='ocr_line' id='line_1_12' title="bbox 289 1374 1888 1455; baseline -0.007 -17"><span class='ocrx_word' id='word_1_97' title='bbox 289 1383 457 1455; x_wconf 81' lang='lat' dir='ltr'><strong>quasi</strong></span> <span class='ocrx_word' id='word_1_98' title='bbox 485 1383 540 1437; x_wconf 93' lang='lat' dir='ltr'><strong>in</strong></span> <span class='ocrx_word' id='word_1_99' title='bbox 585 1379 842 1436; x_wconf 89' lang='lat' dir='ltr'><strong>fasciculo</strong></span> <span class='ocrx_word' id='word_1_100' title='bbox 884 1378 1205 1443; x_wconf 83' lang='lat' dir='ltr'><strong>viventium,</strong></span> <span class='ocrx_word' id='word_1_101' title='bbox 1253 1374 1394 1445; x_wconf 91' lang='lat' dir='ltr'><strong>apud</strong></span> <span class='ocrx_word' id='word_1_102' title='bbox 1441 1374 1726 1428; x_wconf 89' lang='lat' dir='ltr'><strong>Dominum</strong></span> <span class='ocrx_word' id='word_1_103' title='bbox 1765 1387 1888 1428; x_wconf 91' lang='lat' dir='ltr'><strong>esse</strong></span> 
     </span>
    </p>
   </div>
   <div class='ocr_carea' id='block_1_13' title="bbox 287 1462 1888 1530">
    <p class='ocr_par' dir='ltr' id='par_1_13' title="bbox 287 1462 1888 1530">
     <span class='ocr_line' id='line_1_13' title="bbox 287 1462 1888 1530; baseline -0.009 0"><span class='ocrx_word' id='word_1_104' title='bbox 287 1473 645 1530; x_wconf 84' lang='lat' dir='ltr'><strong>custoditam.</strong></span> <span class='ocrx_word' id='word_1_105' title='bbox 675 1469 830 1527; x_wconf 90' lang='lat' dir='ltr'><strong>Sicut</strong></span> <span class='ocrx_word' id='word_1_106' title='bbox 851 1471 996 1525; x_wconf 88' lang='lat' dir='ltr'><strong>enim</strong></span> <span class='ocrx_word' id='word_1_107' title='bbox 1028 1467 1343 1524; x_wconf 87' lang='lat' dir='ltr'><strong>facillimum</strong></span> <span class='ocrx_word' id='word_1_108' title='bbox 1367 1474 1449 1521; x_wconf 90' lang='lat' dir='ltr'><strong>est</strong></span> <span class='ocrx_word' id='word_1_109' title='bbox 1483 1465 1703 1520; x_wconf 88' lang='lat' dir='ltr'><strong>cuilibet</strong></span> <span class='ocrx_word' id='word_1_110' title='bbox 1733 1462 1888 1517; x_wconf 85' lang='lat' dir='ltr'><strong>fasci-</strong></span> 
     </span>
    </p>
   </div>
   <div class='ocr_carea' id='block_1_14' title="bbox 287 1558 1884 1617">
    <p class='ocr_par' dir='ltr' id='par_1_14' title="bbox 287 1558 1884 1617">
     <span class='ocr_line' id='line_1_14' title="bbox 287 1558 1884 1617; baseline -0.008 0"><span class='ocrx_word' id='word_1_111' title='bbox 287 1562 481 1617; x_wconf 87' lang='lat' dir='ltr'><strong>culum</strong></span> <span class='ocrx_word' id='word_1_112' title='bbox 509 1561 694 1616; x_wconf 70' lang='lat' dir='ltr'><strong>herba:</strong></span> <span class='ocrx_word' id='word_1_113' title='bbox 737 1559 822 1613; x_wconf 88' lang='lat' dir='ltr'><strong>vel</strong></span> <span class='ocrx_word' id='word_1_114' title='bbox 860 1558 971 1613; x_wconf 83' lang='lat' dir='ltr'><strong>feni</strong></span> <span class='ocrx_word' id='word_1_115' title='bbox 1015 1573 1111 1613; x_wconf 85' lang='lat' dir='ltr'><strong>sua</strong></span> <span class='ocrx_word' id='word_1_116' title='bbox 1155 1570 1321 1612; x_wconf 91' lang='lat' dir='ltr'><strong>manu</strong></span> <span class='ocrx_word' id='word_1_117' title='bbox 1368 1563 1634 1610; x_wconf 89' lang='lat' dir='ltr'><strong>retentum</strong></span> <span class='ocrx_word' id='word_1_118' title='bbox 1661 1566 1884 1608; x_wconf 87' lang='lat' dir='ltr'><strong>conser-</strong></span> 
     </span>
    </p>
   </div>
   <div class='ocr_carea' id='block_1_15' title="bbox 284 1644 1885 1719">
    <p class='ocr_par' dir='ltr' id='par_1_15' title="bbox 284 1644 1885 1719">
     <span class='ocr_line' id='line_1_15' title="bbox 284 1644 1885 1719; baseline -0.006 -12"><span class='ocrx_word' id='word_1_119' title='bbox 284 1669 446 1719; x_wconf 85' lang='lat' dir='ltr'><strong>vare,</strong></span> <span class='ocrx_word' id='word_1_120' title='bbox 479 1653 554 1708; x_wconf 89' lang='lat' dir='ltr'><strong>ita</strong></span> <span class='ocrx_word' id='word_1_121' title='bbox 599 1651 774 1706; x_wconf 89' lang='lat' dir='ltr'><strong>virtus</strong></span> <span class='ocrx_word' id='word_1_122' title='bbox 802 1649 1016 1705; x_wconf 87' lang='lat' dir='ltr'><strong>Domini</strong></span> <span class='ocrx_word' id='word_1_123' title='bbox 1043 1657 1099 1702; x_wconf 92' lang='lat' dir='ltr'><strong>et</strong></span> <span class='ocrx_word' id='word_1_124' title='bbox 1149 1645 1446 1703; x_wconf 75' lang='lat' dir='ltr'><strong>Salvator-is</strong></span> <span class='ocrx_word' id='word_1_125' title='bbox 1492 1644 1662 1701; x_wconf 87' lang='lat' dir='ltr'><strong>nostri</strong></span> <span class='ocrx_word' id='word_1_126' title='bbox 1697 1658 1885 1698; x_wconf 88' lang='lat' dir='ltr'><strong>omnes</strong></span> 
     </span>
    </p>
   </div>
   <div class='ocr_carea' id='block_1_16' title="bbox 285 1735 1881 1814">
    <p class='ocr_par' dir='ltr' id='par_1_16' title="bbox 285 1735 1881 1814">
     <span class='ocr_line' id='line_1_16' title="bbox 285 1735 1881 1814; baseline -0.006 -15"><span class='ocrx_word' id='word_1_127' title='bbox 285 1758 391 1814; x_wconf 80' lang='lat' dir='ltr'><strong>per</strong></span> <span class='ocrx_word' id='word_1_128' title='bbox 433 1743 628 1798; x_wconf 89' lang='lat' dir='ltr'><strong>orbem</strong></span> <span class='ocrx_word' id='word_1_129' title='bbox 661 1740 863 1796; x_wconf 89' lang='lat' dir='ltr'><strong>electos</strong></span> <span class='ocrx_word' id='word_1_130' title='bbox 894 1739 962 1794; x_wconf 91' lang='lat' dir='ltr'><strong>ab</strong></span> <span class='ocrx_word' id='word_1_131' title='bbox 991 1738 1146 1794; x_wconf 89' lang='lat' dir='ltr'><strong>initio</strong></span> <span class='ocrx_word' id='word_1_132' title='bbox 1173 1752 1344 1807; x_wconf 88' lang='lat' dir='ltr'><strong>usque</strong></span> <span class='ocrx_word' id='word_1_133' title='bbox 1388 1737 1444 1790; x_wconf 94' lang='lat' dir='ltr'><strong>in</strong></span> <span class='ocrx_word' id='word_1_134' title='bbox 1471 1735 1632 1790; x_wconf 90' lang='lat' dir='ltr'><strong>ﬁnem</strong></span> <span class='ocrx_word' id='word_1_135' title='bbox 1674 1736 1881 1804; x_wconf 68' lang='lat' dir='ltr'><strong>saaculi,</strong></span> 
     </span>
    </p>
   </div>
   <div class='ocr_carea' id='block_1_17' title="bbox 282 1829 1880 1905">
    <p class='ocr_par' dir='ltr' id='par_1_17' title="bbox 282 1829 1880 1905">
     <span class='ocr_line' id='line_1_17' title="bbox 282 1829 1880 1905; baseline -0.004 -16"><span class='ocrx_word' id='word_1_136' title='bbox 282 1849 360 1892; x_wconf 85' lang='lat' dir='ltr'><strong>ne</strong></span> <span class='ocrx_word' id='word_1_137' title='bbox 383 1834 478 1905; x_wconf 90' lang='lat' dir='ltr'><strong>qui</strong></span> <span class='ocrx_word' id='word_1_138' title='bbox 501 1849 569 1888; x_wconf 77' lang='lat' dir='ltr'><strong>ex</strong></span> <span class='ocrx_word' id='word_1_139' title='bbox 598 1834 677 1888; x_wconf 90' lang='lat' dir='ltr'><strong>eis</strong></span> <span class='ocrx_word' id='word_1_140' title='bbox 698 1832 804 1886; x_wconf 90' lang='lat' dir='ltr'><strong>ulla</strong></span> <span class='ocrx_word' id='word_1_141' title='bbox 826 1831 1035 1886; x_wconf 87' lang='lat' dir='ltr'><strong>ratione</strong></span> <span class='ocrx_word' id='word_1_142' title='bbox 1058 1838 1306 1900; x_wconf 87' lang='lat' dir='ltr'><strong>pereant,</strong></span> <span class='ocrx_word' id='word_1_143' title='bbox 1327 1830 1446 1886; x_wconf 89' lang='lat' dir='ltr'><strong>sine</strong></span> <span class='ocrx_word' id='word_1_144' title='bbox 1470 1829 1654 1884; x_wconf 91' lang='lat' dir='ltr'><strong>labore</strong></span> <span class='ocrx_word' id='word_1_145' title='bbox 1679 1839 1880 1898; x_wconf 88' lang='lat' dir='ltr'><strong>tuetur,</strong></span> 
     </span>
    </p>
   </div>
   <div class='ocr_carea' id='block_1_18' title="bbox 1994 652 2504 717">
    <p class='ocr_par' dir='ltr' id='par_1_18' title="bbox 1994 652 2504 717">
     <span class='ocr_line' id='line_1_18' title="bbox 1994 652 2504 717; baseline 0.014 -23"><span class='ocrx_word' id='word_1_146' title='bbox 1994 655 2063 696; x_wconf 89' lang='lat' dir='ltr'><strong>ne</strong></span> <span class='ocrx_word' id='word_1_147' title='bbox 2091 657 2211 698; x_wconf 89' lang='lat' dir='ltr'><strong>eam</strong></span> <span class='ocrx_word' id='word_1_148' title='bbox 2241 652 2504 717; x_wconf 76' lang='lat' dir='ltr'><strong>tangeret.</strong></span> 
     </span>
    </p>
   </div>
   <div class='ocr_carea' id='block_1_19' title="bbox 2561 738 3005 800">
    <p class='ocr_par' dir='ltr' id='par_1_19' title="bbox 2561 738 3005 800">
     <span class='ocr_line' id='line_1_19' title="bbox 2561 738 3005 800; baseline 0.005 -5"><span class='ocrx_word' id='word_1_149' title='bbox 2561 738 2788 796; x_wconf 85' lang='lat' dir='ltr'><strong>CAPUT</strong></span> <span class='ocrx_word' id='word_1_150' title='bbox 2819 739 3005 800; x_wconf 82' lang='lat' dir='ltr'><strong>XXVI.</strong></span> 
     </span>
    </p>
   </div>
   <div class='ocr_carea' id='block_1_20' title="bbox 1994 843 3575 932">
    <p class='ocr_par' dir='ltr' id='par_1_20' title="bbox 1994 843 3575 932">
     <span class='ocr_line' id='line_1_20' title="bbox 1994 843 3575 932; baseline 0.009 -33"><span class='ocrx_word' id='word_1_151' title='bbox 1994 843 2148 932; x_wconf 74' lang='lat' dir='ltr'><strong>Quod</strong></span> <span class='ocrx_word' id='word_1_152' title='bbox 2177 847 2355 932; x_wconf 44' lang='lat' dir='ltr'><strong>David.</strong></span> <span class='ocrx_word' id='word_1_153' title='bbox 2365 850 2568 932; x_wconf 77' lang='lat' dir='ltr'><strong>fugiens</strong></span> <span class='ocrx_word' id='word_1_154' title='bbox 2589 871 2620 906; x_wconf 92' lang='lat' dir='ltr'><strong>a</strong></span> <span class='ocrx_word' id='word_1_155' title='bbox 2645 854 2780 932; x_wconf 78' lang='lat' dir='ltr'><strong>facie</strong></span> <span class='ocrx_word' id='word_1_156' title='bbox 2799 853 3002 932; x_wconf 62' lang='lat' dir='ltr'><strong>Saulis,</strong></span> <span class='ocrx_word' id='word_1_157' title='bbox 3032 872 3150 932; x_wconf 80' lang='lat' dir='ltr'><strong>cum</strong></span> <span class='ocrx_word' id='word_1_158' title='bbox 3169 875 3286 932; x_wconf 79' lang='lat' dir='ltr'><strong>eum</strong></span> <span class='ocrx_word' id='word_1_159' title='bbox 3310 860 3575 914; x_wconf 83' lang='lat' dir='ltr'><strong>dormien-</strong></span> 
     </span>
    </p>
   </div>
   <div class='ocr_carea' id='block_1_21' title="bbox 2061 925 3575 992">
    <p class='ocr_par' dir='ltr' id='par_1_21' title="bbox 2061 925 3575 992">
     <span class='ocr_line' id='line_1_21' title="bbox 2061 925 3575 992; baseline 0.011 -23"><span class='ocrx_word' id='word_1_160' title='bbox 2061 926 2161 970; x_wconf 96' lang='lat' dir='ltr'><strong>tem</strong></span> <span class='ocrx_word' id='word_1_161' title='bbox 2191 925 2480 992; x_wconf 69' lang='lat' dir='ltr'><strong>reperisset,</strong></span> <span class='ocrx_word' id='word_1_162' title='bbox 2518 939 2621 977; x_wconf 84' lang='lat' dir='ltr'><strong>non</strong></span> <span class='ocrx_word' id='word_1_163' title='bbox 2663 925 2874 992; x_wconf 81' lang='lat' dir='ltr'><strong>occidit,</strong></span> <span class='ocrx_word' id='word_1_164' title='bbox 2910 926 3000 980; x_wconf 84' lang='lat' dir='ltr'><strong>sed</strong></span> <span class='ocrx_word' id='word_1_165' title='bbox 3043 926 3211 981; x_wconf 80' lang='lat' dir='ltr'><strong>solam</strong></span> <span class='ocrx_word' id='word_1_166' title='bbox 3259 928 3495 985; x_wconf 85' lang='lat' dir='ltr'><strong>lanceam</strong></span> <span class='ocrx_word' id='word_1_167' title='bbox 3525 939 3575 986; x_wconf 87' lang='lat' dir='ltr'><strong>et</strong></span> 
     </span>
    </p>
   </div>
   <div class='ocr_carea' id='block_1_22' title="bbox 2060 989 2754 1062">
    <p class='ocr_par' dir='ltr' id='par_1_22' title="bbox 2060 989 2754 1062">
     <span class='ocr_line' id='line_1_22' title="bbox 2060 989 2754 1062; baseline 0.012 -22"><span class='ocrx_word' id='word_1_168' title='bbox 2060 989 2310 1058; x_wconf 78' lang='lat' dir='ltr'><strong>scyphum</strong></span> <span class='ocrx_word' id='word_1_169' title='bbox 2338 1008 2488 1062; x_wconf 72' lang='lat' dir='ltr'><strong>aqua:</strong></span> <span class='ocrx_word' id='word_1_170' title='bbox 2518 993 2754 1048; x_wconf 74' lang='lat' dir='ltr'><strong>abstulit.</strong></span> 
     </span>
    </p>
   </div>
   <div class='ocr_carea' id='block_1_23' title="bbox 2061 1098 3576 1176">
    <p class='ocr_par' dir='ltr' id='par_1_23' title="bbox 2061 1098 3576 1176">
     <span class='ocr_line' id='line_1_23' title="bbox 2061 1098 3576 1176; baseline 0.009 -24"><span class='ocrx_word' id='word_1_171' title='bbox 2061 1098 2211 1171; x_wconf 76' lang='lat' dir='ltr'><strong>(CAP.</strong></span> <span class='ocrx_word' id='word_1_172' title='bbox 2242 1101 2416 1174; x_wconf 79' lang='lat' dir='ltr'><strong>xxvr.)</strong></span> <span class='ocrx_word' id='word_1_173' title='bbox 2447 1123 2464 1155; x_wconf 87' lang='grc'><strong><em>‹</em></strong></span> <span class='ocrx_word' id='word_1_174' title='bbox 2489 1103 2556 1159; x_wconf 86' lang='lat' dir='ltr'><strong>Et</strong></span> <span class='ocrx_word' id='word_1_175' title='bbox 2577 1112 2842 1160; x_wconf 89' lang='lat' dir='ltr'><strong>venerunt</strong></span> <span class='ocrx_word' id='word_1_176' title='bbox 2872 1106 3057 1176; x_wconf 88' lang='lat' dir='ltr'><strong>Ziphei</strong></span> <span class='ocrx_word' id='word_1_177' title='bbox 3099 1107 3165 1162; x_wconf 90' lang='lat' dir='ltr'><strong>ad</strong></span> <span class='ocrx_word' id='word_1_178' title='bbox 3210 1107 3339 1162; x_wconf 89' lang='lat' dir='ltr'><strong>Saul</strong></span> <span class='ocrx_word' id='word_1_179' title='bbox 3375 1109 3427 1163; x_wconf 92' lang='lat' dir='ltr'><strong>in</strong></span> <span class='ocrx_word' id='word_1_180' title='bbox 3471 1110 3576 1165; x_wconf 90' lang='lat' dir='ltr'><strong>Ca-</strong></span> 
     </span>
    </p>
   </div>
   <div class='ocr_carea' id='block_1_24' title="bbox 1994 1190 3575 1268">
    <p class='ocr_par' dir='ltr' id='par_1_24' title="bbox 1994 1190 3575 1268">
     <span class='ocr_line' id='line_1_24' title="bbox 1994 1190 3575 1268; baseline 0.008 -25"><span class='ocrx_word' id='word_1_181' title='bbox 1994 1209 2013 1242; x_wconf 81' lang='grc'><strong><em>‹</em></strong></span> <span class='ocrx_word' id='word_1_182' title='bbox 2042 1190 2164 1257; x_wconf 90' lang='lat' dir='ltr'><strong>baa,</strong></span> <span class='ocrx_word' id='word_1_183' title='bbox 2190 1193 2432 1249; x_wconf 91' lang='lat' dir='ltr'><strong>dicentes</strong></span> <span class='ocrx_word' id='word_1_184' title='bbox 2456 1211 2468 1248; x_wconf 88' lang='lat'><strong>:</strong></span> <span class='ocrx_word' id='word_1_185' title='bbox 2497 1195 2640 1251; x_wconf 87' lang='lat' dir='ltr'><strong>Ecce</strong></span> <span class='ocrx_word' id='word_1_186' title='bbox 2668 1197 2837 1251; x_wconf 86' lang='lat' dir='ltr'><strong>David</strong></span> <span class='ocrx_word' id='word_1_187' title='bbox 2877 1197 3224 1268; x_wconf 86' lang='lat' dir='ltr'><strong>absconditus</strong></span> <span class='ocrx_word' id='word_1_188' title='bbox 3245 1208 3328 1254; x_wconf 91' lang='lat' dir='ltr'><strong>est</strong></span> <span class='ocrx_word' id='word_1_189' title='bbox 3358 1200 3411 1253; x_wconf 92' lang='lat' dir='ltr'><strong>in</strong></span> <span class='ocrx_word' id='word_1_190' title='bbox 3440 1200 3575 1255; x_wconf 92' lang='lat' dir='ltr'><strong>colle</strong></span> 
     </span>
    </p>
   </div>
   <div class='ocr_carea' id='block_1_25' title="bbox 1993 1283 3577 1357">
    <p class='ocr_par' dir='ltr' id='par_1_25' title="bbox 1993 1283 3577 1357">
     <span class='ocr_line' id='line_1_25' title="bbox 1993 1283 3577 1357; baseline 0.006 -21"><span class='ocrx_word' id='word_1_191' title='bbox 1993 1303 2012 1336; x_wconf 71' lang='grc' dir='ltr'><strong><em>ι</em></strong></span> <span class='ocrx_word' id='word_1_192' title='bbox 2043 1283 2284 1351; x_wconf 88' lang='lat' dir='ltr'><strong>Hachila,</strong></span> <span class='ocrx_word' id='word_1_193' title='bbox 2336 1303 2456 1357; x_wconf 71' lang='lat' dir='ltr'><strong>quae</strong></span> <span class='ocrx_word' id='word_1_194' title='bbox 2504 1304 2572 1343; x_wconf 84' lang='lat' dir='ltr'><strong>ex</strong></span> <span class='ocrx_word' id='word_1_195' title='bbox 2618 1289 2844 1344; x_wconf 90' lang='lat' dir='ltr'><strong>adverso</strong></span> <span class='ocrx_word' id='word_1_196' title='bbox 2875 1289 3200 1345; x_wconf 90' lang='lat' dir='ltr'><strong>solitudinis.</strong></span> <span class='ocrx_word' id='word_1_197' title='bbox 3230 1290 3298 1345; x_wconf 90' lang='lat' dir='ltr'><strong>Et</strong></span> <span class='ocrx_word' id='word_1_198' title='bbox 3338 1291 3577 1346; x_wconf 82' lang='lat' dir='ltr'><strong>surrexit</strong></span> 
     </span>
    </p>
   </div>
   <div class='ocr_carea' id='block_1_26' title="bbox 1993 1374 3575 1450">
    <p class='ocr_par' dir='ltr' id='par_1_26' title="bbox 1993 1374 3575 1450">
     <span class='ocr_line' id='line_1_26' title="bbox 1993 1374 3575 1450; baseline 0.006 -23"><span class='ocrx_word' id='word_1_199' title='bbox 1993 1395 2011 1426; x_wconf 71' lang='grc' dir='ltr'><strong><em>ι</em></strong></span> <span class='ocrx_word' id='word_1_200' title='bbox 2044 1374 2197 1444; x_wconf 89' lang='lat' dir='ltr'><strong>Saul,</strong></span> <span class='ocrx_word' id='word_1_201' title='bbox 2223 1387 2276 1432; x_wconf 91' lang='lat' dir='ltr'><strong>et</strong></span> <span class='ocrx_word' id='word_1_202' title='bbox 2305 1378 2583 1433; x_wconf 91' lang='lat' dir='ltr'><strong>descendit</strong></span> <span class='ocrx_word' id='word_1_203' title='bbox 2610 1379 2664 1433; x_wconf 91' lang='lat' dir='ltr'><strong>in</strong></span> <span class='ocrx_word' id='word_1_204' title='bbox 2693 1381 2967 1435; x_wconf 90' lang='lat' dir='ltr'><strong>desertum</strong></span> <span class='ocrx_word' id='word_1_205' title='bbox 2996 1380 3154 1450; x_wconf 88' lang='lat' dir='ltr'><strong>Ziph,</strong></span> <span class='ocrx_word' id='word_1_206' title='bbox 3176 1400 3194 1432; x_wconf 76' lang='grc' dir='ltr'><strong>ι</strong></span> <span class='ocrx_word' id='word_1_207' title='bbox 3223 1389 3330 1436; x_wconf 89' lang='lat' dir='ltr'><strong>etc.</strong></span> <span class='ocrx_word' id='word_1_208' title='bbox 3373 1381 3575 1436; x_wconf 80' lang='lat' dir='ltr'><strong>lterum</strong></span> 
     </span>
    </p>
   </div>
   <div class='ocr_carea' id='block_1_27' title="bbox 1987 1465 3572 1539">
    <p class='ocr_par' dir='ltr' id='par_1_27' title="bbox 1987 1465 3572 1539">
     <span class='ocr_line' id='line_1_27' title="bbox 1987 1465 3572 1539; baseline 0.004 -20"><span class='ocrx_word' id='word_1_209' title='bbox 1987 1465 2116 1520; x_wconf 88' lang='lat' dir='ltr'><strong>item</strong></span> <span class='ocrx_word' id='word_1_210' title='bbox 2144 1466 2312 1522; x_wconf 88' lang='lat' dir='ltr'><strong>David</strong></span> <span class='ocrx_word' id='word_1_211' title='bbox 2339 1466 2549 1538; x_wconf 85' lang='lat' dir='ltr'><strong>fugiens</strong></span> <span class='ocrx_word' id='word_1_212' title='bbox 2588 1485 2618 1523; x_wconf 90' lang='lat' dir='ltr'><strong>a</strong></span> <span class='ocrx_word' id='word_1_213' title='bbox 2644 1466 2786 1523; x_wconf 87' lang='lat' dir='ltr'><strong>facie</strong></span> <span class='ocrx_word' id='word_1_214' title='bbox 2809 1469 2938 1524; x_wconf 90' lang='lat' dir='ltr'><strong>Saul</strong></span> <span class='ocrx_word' id='word_1_215' title='bbox 2960 1470 3013 1524; x_wconf 92' lang='lat' dir='ltr'><strong>in</strong></span> <span class='ocrx_word' id='word_1_216' title='bbox 3042 1478 3222 1525; x_wconf 89' lang='lat' dir='ltr'><strong>castra</strong></span> <span class='ocrx_word' id='word_1_217' title='bbox 3255 1470 3421 1539; x_wconf 80' lang='lat' dir='ltr'><strong>regis,</strong></span> <span class='ocrx_word' id='word_1_218' title='bbox 3448 1487 3572 1526; x_wconf 90' lang='lat' dir='ltr'><strong>cum</strong></span> 
     </span>
    </p>
   </div>
   <div class='ocr_carea' id='block_1_28' title="bbox 1987 1556 3574 1630">
    <p class='ocr_par' dir='ltr' id='par_1_28' title="bbox 1987 1556 3574 1630">
     <span class='ocr_line' id='line_1_28' title="bbox 1987 1556 3574 1630; baseline 0.003 -19"><span class='ocrx_word' id='word_1_219' title='bbox 1987 1556 2344 1612; x_wconf 85' lang='lat' dir='ltr'><strong>dormientem</strong></span> <span class='ocrx_word' id='word_1_220' title='bbox 2373 1558 2704 1626; x_wconf 78' lang='lat' dir='ltr'><strong>offendisset,</strong></span> <span class='ocrx_word' id='word_1_221' title='bbox 2742 1576 2850 1616; x_wconf 91' lang='lat' dir='ltr'><strong>non</strong></span> <span class='ocrx_word' id='word_1_222' title='bbox 2874 1561 3164 1630; x_wconf 86' lang='lat' dir='ltr'><strong>percussit,</strong></span> <span class='ocrx_word' id='word_1_223' title='bbox 3202 1578 3310 1618; x_wconf 91' lang='lat' dir='ltr'><strong>non</strong></span> <span class='ocrx_word' id='word_1_224' title='bbox 3336 1563 3574 1629; x_wconf 90' lang='lat' dir='ltr'><strong>occidit;</strong></span> 
     </span>
    </p>
   </div>
   <div class='ocr_carea' id='block_1_29' title="bbox 1987 1646 3578 1722">
    <p class='ocr_par' dir='ltr' id='par_1_29' title="bbox 1987 1646 3578 1722">
     <span class='ocr_line' id='line_1_29' title="bbox 1987 1646 3578 1722; baseline 0.005 -22"><span class='ocrx_word' id='word_1_225' title='bbox 1987 1647 2082 1700; x_wconf 90' lang='lat' dir='ltr'><strong>sed</strong></span> <span class='ocrx_word' id='word_1_226' title='bbox 2109 1646 2278 1700; x_wconf 89' lang='lat' dir='ltr'><strong>solam</strong></span> <span class='ocrx_word' id='word_1_227' title='bbox 2300 1648 2566 1715; x_wconf 85' lang='lat' dir='ltr'><strong>lanceam,</strong></span> <span class='ocrx_word' id='word_1_228' title='bbox 2593 1665 2714 1720; x_wconf 73' lang='lat' dir='ltr'><strong>qua:</strong></span> <span class='ocrx_word' id='word_1_229' title='bbox 2743 1651 2812 1706; x_wconf 90' lang='lat' dir='ltr'><strong>ad</strong></span> <span class='ocrx_word' id='word_1_230' title='bbox 2841 1659 3004 1722; x_wconf 89' lang='lat' dir='ltr'><strong>caput</strong></span> <span class='ocrx_word' id='word_1_231' title='bbox 3039 1649 3158 1720; x_wconf 86' lang='lat' dir='ltr'><strong>ejus</strong></span> <span class='ocrx_word' id='word_1_232' title='bbox 3180 1661 3317 1720; x_wconf 88' lang='lat' dir='ltr'><strong>erat,</strong></span> <span class='ocrx_word' id='word_1_233' title='bbox 3341 1661 3395 1708; x_wconf 93' lang='lat' dir='ltr'><strong>et</strong></span> <span class='ocrx_word' id='word_1_234' title='bbox 3419 1651 3578 1708; x_wconf 88' lang='lat' dir='ltr'><strong>lenti-</strong></span> 
     </span>
    </p>
   </div>
   <div class='ocr_carea' id='block_1_30' title="bbox 1983 1737 2415 1795">
    <p class='ocr_par' dir='ltr' id='par_1_30' title="bbox 1983 1737 2415 1795">
     <span class='ocr_line' id='line_1_30' title="bbox 1983 1737 2415 1795; baseline 0.002 -1"><span class='ocrx_word' id='word_1_235' title='bbox 1983 1737 2159 1794; x_wconf 78' lang='lat' dir='ltr'><strong>Culam</strong></span> <span class='ocrx_word' id='word_1_236' title='bbox 2184 1740 2415 1795; x_wconf 89' lang='lat' dir='ltr'><strong>sustulit.</strong></span> 
     </span>
    </p>
   </div>
   <div class='ocr_carea' id='block_1_31' title="bbox 2061 1830 3578 1905">
    <p class='ocr_par' dir='ltr' id='par_1_31' title="bbox 2061 1830 3578 1905">
     <span class='ocr_line' id='line_1_31' title="bbox 2061 1830 3578 1905; baseline 0.006 -22"><span class='ocrx_word' id='word_1_237' title='bbox 2061 1849 2080 1882; x_wconf 84' lang='grc'><em>‹</em></span> <span class='ocrx_word' id='word_1_238' title='bbox 2107 1830 2731 1890; x_wconf 90' lang='lat' dir='ltr'><strong>Dormientibuscunctis</strong></span> <span class='ocrx_word' id='word_1_239' title='bbox 2752 1849 3111 1905; x_wconf 87' lang='lat' dir='ltr'><strong>egressusque</strong></span> <span class='ocrx_word' id='word_1_240' title='bbox 3129 1850 3159 1890; x_wconf 90' lang='lat' dir='ltr'><strong>e</strong></span> <span class='ocrx_word' id='word_1_241' title='bbox 3172 1837 3386 1902; x_wconf 87' lang='lat' dir='ltr'><strong>castris,</strong></span> <span class='ocrx_word' id='word_1_242' title='bbox 3403 1843 3578 1892; x_wconf 88' lang='lat' dir='ltr'><strong>trans-</strong></span> 
     </span>
    </p>
   </div>
   <div class='ocr_carea' id='block_1_32' title="bbox 272 1909 3579 2001">
    <p class='ocr_par' dir='ltr' id='par_1_32' title="bbox 272 1909 3579 2001">
     <span class='ocr_line' id='line_1_32' title="bbox 272 1909 3579 2001; baseline 0.002 -25"><span class='ocrx_word' id='word_1_243' title='bbox 272 1919 442 1992; x_wconf 78' lang='lat' dir='ltr'><strong>jnxta</strong></span> <span class='ocrx_word' id='word_1_244' title='bbox 467 1920 612 1992; x_wconf 90' lang='lat' dir='ltr'><strong>quod</strong></span> <span class='ocrx_word' id='word_1_245' title='bbox 637 1920 754 1991; x_wconf 88' lang='lat' dir='ltr'><strong>ipse</strong></span> <span class='ocrx_word' id='word_1_246' title='bbox 781 1919 836 1973; x_wconf 89' lang='lat' dir='ltr'><strong>in</strong></span> <span class='ocrx_word' id='word_1_247' title='bbox 859 1917 1150 1988; x_wconf 88' lang='lat' dir='ltr'><strong>Evangelio</strong></span> <span class='ocrx_word' id='word_1_248' title='bbox 1175 1917 1274 1972; x_wconf 89' lang='lat' dir='ltr'><strong>sub</strong></span> <span class='ocrx_word' id='word_1_249' title='bbox 1303 1915 1473 1987; x_wconf 92' lang='lat' dir='ltr'><strong>ﬁgura</strong></span> <span class='ocrx_word' id='word_1_250' title='bbox 1503 1915 1688 1970; x_wconf 90' lang='lat' dir='ltr'><strong>ovium</strong></span> <span class='ocrx_word' id='word_1_251' title='bbox 1714 1915 1780 1969; x_wconf 89' lang='lat' dir='ltr'><strong>de</strong></span> <span class='ocrx_word' id='word_1_252' title='bbox 1801 1915 1880 1970; x_wconf 89' lang='lat' dir='ltr'><strong>eis</strong></span> <span class='ocrx_word' id='word_1_253' title='bbox 1908 1909 1955 1969; x_wconf 88' lang='lat' dir='ltr'><strong>B</strong></span> <span class='ocrx_word' id='word_1_254' title='bbox 1991 1940 2008 1972; x_wconf 73' lang='grc' dir='ltr'>ι</span> <span class='ocrx_word' id='word_1_255' title='bbox 2040 1919 2138 1976; x_wconf 87' lang='lat' dir='ltr'><strong>ivit</strong></span> <span class='ocrx_word' id='word_1_256' title='bbox 2167 1921 2220 1976; x_wconf 90' lang='lat' dir='ltr'><strong>in</strong></span> <span class='ocrx_word' id='word_1_257' title='bbox 2244 1925 2522 1980; x_wconf 88' lang='lat' dir='ltr'><strong>cacumine</strong></span> <span class='ocrx_word' id='word_1_258' title='bbox 2561 1927 2785 1981; x_wconf 91' lang='lat' dir='ltr'><strong>montis.</strong></span> <span class='ocrx_word' id='word_1_259' title='bbox 2811 1946 2830 1978; x_wconf 69' lang='grc' dir='ltr'><strong><em>ο</em></strong></span> <span class='ocrx_word' id='word_1_260' title='bbox 2874 1928 2982 2000; x_wconf 74' lang='lat' dir='ltr'><strong>(Ea:</strong></span> <span class='ocrx_word' id='word_1_261' title='bbox 3004 1927 3256 2001; x_wconf 80' lang='lat' dir='ltr'><strong>Isidoro.)</strong></span> <span class='ocrx_word' id='word_1_262' title='bbox 3286 1928 3425 1996; x_wconf 84' lang='lat' dir='ltr'><strong>Quid</strong></span> <span class='ocrx_word' id='word_1_263' title='bbox 3449 1941 3579 2000; x_wconf 89' lang='lat' dir='ltr'><strong>ergo</strong></span> 
     </span>
    </p>
   </div>
   <div class='ocr_carea' id='block_1_33' title="bbox 282 2007 1886 2088">
    <p class='ocr_par' dir='ltr' id='par_1_33' title="bbox 282 2007 1886 2088">
     <span class='ocr_line' id='line_1_33' title="bbox 282 2007 1886 2088; baseline -0.007 -16"><span class='ocrx_word' id='word_1_264' title='bbox 282 2016 558 2088; x_wconf 85' lang='lat' dir='ltr'><strong>loquens:</strong></span> <span class='ocrx_word' id='word_1_265' title='bbox 590 2033 609 2066; x_wconf 74' lang='grc' dir='ltr'>ι</span> <span class='ocrx_word' id='word_1_266' title='bbox 636 2014 706 2068; x_wconf 90' lang='lat' dir='ltr'><strong>Et</strong></span> <span class='ocrx_word' id='word_1_267' title='bbox 753 2019 1051 2083; x_wconf 87' lang='lat' dir='ltr'><strong>sequentur</strong></span> <span class='ocrx_word' id='word_1_268' title='bbox 1095 2025 1202 2076; x_wconf 88' lang='lat' dir='ltr'><strong>me,</strong></span> <span class='ocrx_word' id='word_1_269' title='bbox 1238 2009 1436 2080; x_wconf 86' lang='lat' dir='ltr'><strong>inquit,</strong></span> <span class='ocrx_word' id='word_1_270' title='bbox 1473 2015 1527 2062; x_wconf 90' lang='lat' dir='ltr'><strong>et</strong></span> <span class='ocrx_word' id='word_1_271' title='bbox 1572 2022 1670 2079; x_wconf 88' lang='lat' dir='ltr'><strong>ego</strong></span> <span class='ocrx_word' id='word_1_272' title='bbox 1717 2007 1886 2061; x_wconf 88' lang='lat' dir='ltr'><strong>vitam</strong></span> 
     </span>
    </p>
   </div>
   <div class='ocr_carea' id='block_1_34' title="bbox 281 2099 1887 2170">
    <p class='ocr_par' dir='ltr' id='par_1_34' title="bbox 281 2099 1887 2170">
     <span class='ocr_line' id='line_1_34' title="bbox 281 2099 1887 2170; baseline -0.006 -6"><span class='ocrx_word' id='word_1_273' title='bbox 281 2115 549 2164; x_wconf 65' lang='lat' dir='ltr'><strong>aeternam</strong></span> <span class='ocrx_word' id='word_1_274' title='bbox 583 2105 650 2161; x_wconf 89' lang='lat' dir='ltr'><strong>do</strong></span> <span class='ocrx_word' id='word_1_275' title='bbox 701 2104 802 2170; x_wconf 84' lang='lat' dir='ltr'><strong>eis,</strong></span> <span class='ocrx_word' id='word_1_276' title='bbox 856 2110 913 2158; x_wconf 90' lang='lat' dir='ltr'><strong>et</strong></span> <span class='ocrx_word' id='word_1_277' title='bbox 952 2116 1060 2157; x_wconf 91' lang='lat' dir='ltr'><strong>non</strong></span> <span class='ocrx_word' id='word_1_278' title='bbox 1095 2101 1348 2170; x_wconf 90' lang='lat' dir='ltr'><strong>peribunt</strong></span> <span class='ocrx_word' id='word_1_279' title='bbox 1377 2099 1432 2153; x_wconf 91' lang='lat' dir='ltr'><strong>in</strong></span> <span class='ocrx_word' id='word_1_280' title='bbox 1466 2108 1754 2164; x_wconf 64' lang='lat' dir='ltr'><strong>aeternum,</strong></span> <span class='ocrx_word' id='word_1_281' title='bbox 1786 2115 1887 2154; x_wconf 87' lang='lat' dir='ltr'><strong>nec</strong></span> 
     </span>
    </p>
   </div>
   <div class='ocr_carea' id='block_1_35' title="bbox 281 2189 1884 2272">
    <p class='ocr_par' dir='ltr' id='par_1_35' title="bbox 281 2189 1884 2272">
     <span class='ocr_line' id='line_1_35' title="bbox 281 2189 1884 2272; baseline -0.007 -14"><span class='ocrx_word' id='word_1_282' title='bbox 281 2201 465 2272; x_wconf 81' lang='lat' dir='ltr'><strong>capiet</strong></span> <span class='ocrx_word' id='word_1_283' title='bbox 491 2214 584 2254; x_wconf 87' lang='lat' dir='ltr'><strong>eas</strong></span> <span class='ocrx_word' id='word_1_284' title='bbox 613 2198 902 2268; x_wconf 85' lang='lat' dir='ltr'><strong>quisquam</strong></span> <span class='ocrx_word' id='word_1_285' title='bbox 921 2195 988 2250; x_wconf 90' lang='lat' dir='ltr'><strong>de</strong></span> <span class='ocrx_word' id='word_1_286' title='bbox 1009 2210 1173 2250; x_wconf 90' lang='lat' dir='ltr'><strong>manu</strong></span> <span class='ocrx_word' id='word_1_287' title='bbox 1201 2209 1342 2249; x_wconf 89' lang='lat' dir='ltr'><strong>mea.</strong></span> <span class='ocrx_word' id='word_1_288' title='bbox 1365 2213 1383 2244; x_wconf 71' lang='grc' dir='ltr'><strong><em>ι</em></strong></span> <span class='ocrx_word' id='word_1_289' title='bbox 1413 2193 1567 2248; x_wconf 89' lang='lat' dir='ltr'><strong>Sicut</strong></span> <span class='ocrx_word' id='word_1_290' title='bbox 1592 2189 1884 2247; x_wconf 88' lang='lat' dir='ltr'><strong>fasciculus</strong></span> 
     </span>
    </p>
   </div>
   <div class='ocr_carea' id='block_1_36' title="bbox 279 2283 1886 2362">
    <p class='ocr_par' dir='ltr' id='par_1_36' title="bbox 279 2283 1886 2362">
     <span class='ocr_line' id='line_1_36' title="bbox 279 2283 1886 2362; baseline -0.009 -12"><span class='ocrx_word' id='word_1_291' title='bbox 279 2307 431 2350; x_wconf 77' lang='lat' dir='ltr'><strong>unus</strong></span> <span class='ocrx_word' id='word_1_292' title='bbox 455 2289 787 2362; x_wconf 76' lang='lat' dir='ltr'><strong>quibuslibet</strong></span> <span class='ocrx_word' id='word_1_293' title='bbox 836 2287 1070 2343; x_wconf 88' lang='lat' dir='ltr'><strong>vinculis</strong></span> <span class='ocrx_word' id='word_1_294' title='bbox 1113 2285 1385 2356; x_wconf 76' lang='lat' dir='ltr'><strong>alligatur,</strong></span> <span class='ocrx_word' id='word_1_295' title='bbox 1436 2284 1509 2339; x_wconf 90' lang='lat' dir='ltr'><strong>ita</strong></span> <span class='ocrx_word' id='word_1_296' title='bbox 1549 2283 1725 2338; x_wconf 93' lang='lat' dir='ltr'><strong>omnis</strong></span> <span class='ocrx_word' id='word_1_297' title='bbox 1760 2299 1886 2339; x_wconf 90' lang='lat' dir='ltr'><strong>san-</strong></span> 
     </span>
    </p>
   </div>
   <div class='ocr_carea' id='block_1_37' title="bbox 280 2376 1884 2450">
    <p class='ocr_par' dir='ltr' id='par_1_37' title="bbox 280 2376 1884 2450">
     <span class='ocr_line' id='line_1_37' title="bbox 280 2376 1884 2450; baseline -0.007 -8"><span class='ocrx_word' id='word_1_298' title='bbox 280 2394 499 2442; x_wconf 78' lang='lat' dir='ltr'><strong>ctorum</strong></span> <span class='ocrx_word' id='word_1_299' title='bbox 530 2393 727 2449; x_wconf 66' lang='lat' dir='ltr'><strong>cattus,</strong></span> <span class='ocrx_word' id='word_1_300' title='bbox 759 2397 867 2437; x_wconf 91' lang='lat' dir='ltr'><strong>una</strong></span> <span class='ocrx_word' id='word_1_301' title='bbox 901 2381 1200 2450; x_wconf 89' lang='lat' dir='ltr'><strong>eademque</strong></span> <span class='ocrx_word' id='word_1_302' title='bbox 1232 2379 1357 2444; x_wconf 91' lang='lat' dir='ltr'><strong>ﬁde,</strong></span> <span class='ocrx_word' id='word_1_303' title='bbox 1407 2393 1502 2448; x_wconf 88' lang='lat' dir='ltr'><strong>spe</strong></span> <span class='ocrx_word' id='word_1_304' title='bbox 1534 2385 1588 2432; x_wconf 93' lang='lat' dir='ltr'><strong>et</strong></span> <span class='ocrx_word' id='word_1_305' title='bbox 1615 2376 1884 2432; x_wconf 89' lang='lat' dir='ltr'><strong>charitate</strong></span> 
     </span>
    </p>
   </div>
   <div class='ocr_carea' id='block_1_38' title="bbox 279 2456 1883 2543">
    <p class='ocr_par' dir='ltr' id='par_1_38' title="bbox 279 2456 1883 2543">
     <span class='ocr_line' id='line_1_38' title="bbox 279 2456 1883 2543; baseline -0.005 -11"><span class='ocrx_word' id='word_1_306' title='bbox 279 2477 353 2532; x_wconf 77' lang='lat' dir='ltr'><strong>ad</strong></span> <span class='ocrx_word' id='word_1_307' title='bbox 384 2476 625 2532; x_wconf 84' lang='lat' dir='ltr'><strong>invicem</strong></span> <span class='ocrx_word' id='word_1_308' title='bbox 677 2473 1086 2543; x_wconf 80' lang='lat' dir='ltr'><strong>constringitur,</strong></span> <span class='ocrx_word' id='word_1_309' title='bbox 1141 2486 1249 2527; x_wconf 92' lang='lat' dir='ltr'><strong>uno</strong></span> <span class='ocrx_word' id='word_1_310' title='bbox 1283 2469 1480 2526; x_wconf 79' lang='lat' dir='ltr'><strong>divinae</strong></span> <span class='ocrx_word' id='word_1_311' title='bbox 1528 2456 1883 2540; x_wconf 87' lang='lat' dir='ltr'><strong>protectiouis</strong></span> 
     </span>
    </p>
   </div>
   <div class='ocr_carea' id='block_1_39' title="bbox 279 2562 1883 2633">
    <p class='ocr_par' dir='ltr' id='par_1_39' title="bbox 279 2562 1883 2633">
     <span class='ocr_line' id='line_1_39' title="bbox 279 2562 1883 2633; baseline -0.007 -8"><span class='ocrx_word' id='word_1_312' title='bbox 279 2568 582 2626; x_wconf 83' lang='lat' dir='ltr'><strong>munimine</strong></span> <span class='ocrx_word' id='word_1_313' title='bbox 627 2566 1018 2622; x_wconf 87' lang='lat' dir='ltr'><strong>circumdatur.</strong></span> <span class='ocrx_word' id='word_1_314' title='bbox 1072 2562 1156 2619; x_wconf 85' lang='lat' dir='ltr'><strong>Ad</strong></span> <span class='ocrx_word' id='word_1_315' title='bbox 1212 2563 1447 2618; x_wconf 87' lang='lat' dir='ltr'><strong>litteram</strong></span> <span class='ocrx_word' id='word_1_316' title='bbox 1504 2569 1685 2616; x_wconf 90' lang='lat' dir='ltr'><strong>autem</strong></span> <span class='ocrx_word' id='word_1_317' title='bbox 1729 2569 1883 2633; x_wconf 90' lang='lat' dir='ltr'><strong>patet</strong></span> 
     </span>
    </p>
   </div>
   <div class='ocr_carea' id='block_1_40' title="bbox 279 2653 1882 2730">
    <p class='ocr_par' dir='ltr' id='par_1_40' title="bbox 279 2653 1882 2730">
     <span class='ocr_line' id='line_1_40' title="bbox 279 2653 1882 2730; baseline -0.008 -12"><span class='ocrx_word' id='word_1_318' title='bbox 279 2675 520 2718; x_wconf 72' lang='lat' dir='ltr'><strong>sensus:</strong></span> <span class='ocrx_word' id='word_1_319' title='bbox 581 2660 710 2730; x_wconf 89' lang='lat' dir='ltr'><strong>quia</strong></span> <span class='ocrx_word' id='word_1_320' title='bbox 765 2658 945 2712; x_wconf 89' lang='lat' dir='ltr'><strong>anima</strong></span> <span class='ocrx_word' id='word_1_321' title='bbox 1000 2654 1193 2721; x_wconf 90' lang='lat' dir='ltr'><strong>David,</strong></span> <span class='ocrx_word' id='word_1_322' title='bbox 1252 2654 1705 2725; x_wconf 90' lang='lat' dir='ltr'><strong>persequentibus</strong></span> <span class='ocrx_word' id='word_1_323' title='bbox 1753 2653 1882 2708; x_wconf 89' lang='lat' dir='ltr'><strong>licet</strong></span> 
     </span>
    </p>
   </div>
   <div class='ocr_carea' id='block_1_41' title="bbox 281 2745 1876 2819">
    <p class='ocr_par' dir='ltr' id='par_1_41' title="bbox 281 2745 1876 2819">
     <span class='ocr_line' id='line_1_41' title="bbox 281 2745 1876 2819; baseline -0.004 -11"><span class='ocrx_word' id='word_1_324' title='bbox 281 2751 555 2817; x_wconf 79' lang='lat' dir='ltr'><strong>hostibus,</strong></span> <span class='ocrx_word' id='word_1_325' title='bbox 585 2750 855 2806; x_wconf 85' lang='lat' dir='ltr'><strong>custodita</strong></span> <span class='ocrx_word' id='word_1_326' title='bbox 885 2763 1100 2819; x_wconf 88' lang='lat' dir='ltr'><strong>semper</strong></span> <span class='ocrx_word' id='word_1_327' title='bbox 1145 2746 1246 2801; x_wconf 88' lang='lat' dir='ltr'><strong>fuit</strong></span> <span class='ocrx_word' id='word_1_328' title='bbox 1285 2747 1339 2801; x_wconf 91' lang='lat' dir='ltr'><strong>in</strong></span> <span class='ocrx_word' id='word_1_329' title='bbox 1373 2755 1521 2802; x_wconf 90' lang='lat' dir='ltr'><strong>sorte</strong></span> <span class='ocrx_word' id='word_1_330' title='bbox 1558 2745 1876 2801; x_wconf 87' lang='lat' dir='ltr'><strong>viventium.</strong></span> 
     </span>
    </p>
   </div>
   <div class='ocr_carea' id='block_1_42' title="bbox 280 2839 1874 2912">
    <p class='ocr_par' dir='ltr' id='par_1_42' title="bbox 280 2839 1874 2912">
     <span class='ocr_line' id='line_1_42' title="bbox 280 2839 1874 2912; baseline -0.004 -11"><span class='ocrx_word' id='word_1_331' title='bbox 280 2844 457 2902; x_wconf 77' lang='lat' dir='ltr'><strong>Porro</strong></span> <span class='ocrx_word' id='word_1_332' title='bbox 498 2844 706 2899; x_wconf 89' lang='lat' dir='ltr'><strong>inimici</strong></span> <span class='ocrx_word' id='word_1_333' title='bbox 731 2841 869 2912; x_wconf 91' lang='lat' dir='ltr'><strong>ejus,</strong></span> <span class='ocrx_word' id='word_1_334' title='bbox 893 2840 1267 2897; x_wconf 88' lang='lat' dir='ltr'><strong>insistentibus</strong></span> <span class='ocrx_word' id='word_1_335' title='bbox 1295 2839 1397 2894; x_wconf 87' lang='lat' dir='ltr'><strong>sibi</strong></span> <span class='ocrx_word' id='word_1_336' title='bbox 1435 2839 1874 2906; x_wconf 88' lang='lat' dir='ltr'><strong>adversitatibus,</strong></span> 
     </span>
    </p>
   </div>
   <div class='ocr_carea' id='block_1_43' title="bbox 277 2933 1877 3008">
    <p class='ocr_par' dir='ltr' id='par_1_43' title="bbox 277 2933 1877 3008">
     <span class='ocr_line' id='line_1_43' title="bbox 277 2933 1877 3008; baseline -0.004 -13"><span class='ocrx_word' id='word_1_337' title='bbox 277 2939 423 2995; x_wconf 77' lang='lat' dir='ltr'><strong>sicut</strong></span> <span class='ocrx_word' id='word_1_338' title='bbox 470 2937 605 3008; x_wconf 87' lang='lat' dir='ltr'><strong>lapis</strong></span> <span class='ocrx_word' id='word_1_339' title='bbox 639 2935 806 2992; x_wconf 87' lang='lat' dir='ltr'><strong>funda</strong></span> <span class='ocrx_word' id='word_1_340' title='bbox 861 2936 1249 3000; x_wconf 87' lang='lat' dir='ltr'><strong>circumactus,</strong></span> <span class='ocrx_word' id='word_1_341' title='bbox 1303 2934 1382 2988; x_wconf 90' lang='lat' dir='ltr'><strong>sic</strong></span> <span class='ocrx_word' id='word_1_342' title='bbox 1435 2933 1678 2988; x_wconf 88' lang='lat' dir='ltr'><strong>instabili</strong></span> <span class='ocrx_word' id='word_1_343' title='bbox 1727 2941 1877 2988; x_wconf 90' lang='lat' dir='ltr'><strong>motu</strong></span> 
     </span>
    </p>
   </div>
   <div class='ocr_carea' id='block_1_44' title="bbox 273 3023 1876 3104">
    <p class='ocr_par' dir='ltr' id='par_1_44' title="bbox 273 3023 1876 3104">
     <span class='ocr_line' id='line_1_44' title="bbox 273 3023 1876 3104; baseline -0.004 -18"><span class='ocrx_word' id='word_1_344' title='bbox 273 3030 634 3104; x_wconf 85' lang='lat' dir='ltr'><strong>perturbandi</strong></span> <span class='ocrx_word' id='word_1_345' title='bbox 659 3039 716 3084; x_wconf 91' lang='lat' dir='ltr'><strong>et</strong></span> <span class='ocrx_word' id='word_1_346' title='bbox 747 3029 860 3085; x_wconf 88' lang='lat' dir='ltr'><strong>suis</strong></span> <span class='ocrx_word' id='word_1_347' title='bbox 885 3035 1068 3084; x_wconf 90' lang='lat' dir='ltr'><strong>essent</strong></span> <span class='ocrx_word' id='word_1_348' title='bbox 1106 3025 1410 3098; x_wconf 79' lang='lat' dir='ltr'><strong>expellendi</strong></span> <span class='ocrx_word' id='word_1_349' title='bbox 1441 3026 1508 3080; x_wconf 90' lang='lat' dir='ltr'><strong>de</strong></span> <span class='ocrx_word' id='word_1_350' title='bbox 1531 3024 1755 3091; x_wconf 88' lang='lat' dir='ltr'><strong>ﬁnibus,</strong></span> <span class='ocrx_word' id='word_1_351' title='bbox 1787 3023 1876 3080; x_wconf 90' lang='lat' dir='ltr'><strong>vel</strong></span> 
     </span>
    </p>
   </div>
   <div class='ocr_carea' id='block_1_45' title="bbox 275 3119 1262 3182">
    <p class='ocr_par' dir='ltr' id='par_1_45' title="bbox 275 3119 1262 3182">
     <span class='ocr_line' id='line_1_45' title="bbox 275 3119 1262 3182; baseline -0.008 0"><span class='ocrx_word' id='word_1_352' title='bbox 275 3125 446 3182; x_wconf 85' lang='lat' dir='ltr'><strong>etiam</strong></span> <span class='ocrx_word' id='word_1_353' title='bbox 483 3125 737 3182; x_wconf 86' lang='lat' dir='ltr'><strong>humanis</strong></span> <span class='ocrx_word' id='word_1_354' title='bbox 762 3121 928 3180; x_wconf 87' lang='lat' dir='ltr'><strong>rebus</strong></span> <span class='ocrx_word' id='word_1_355' title='bbox 958 3119 1262 3178; x_wconf 82' lang='lat' dir='ltr'><strong>auferendi.</strong></span> 
     </span>
    </p>
   </div>
   <div class='ocr_carea' id='block_1_46' title="bbox 308 3245 1950 3340">
    <p class='ocr_par' dir='ltr' id='par_1_46' title="bbox 308 3245 1950 3340">
     <span class='ocr_line' id='line_1_46' title="bbox 308 3245 1950 3340; baseline -0.009 -22"><span class='ocrx_word' id='word_1_356' title='bbox 308 3245 310 3248; x_wconf 12' lang='lat' dir='ltr'><strong>V</strong></span> <span class='ocrx_word' id='word_1_357' title='bbox 355 3284 374 3317; x_wconf 84' lang='grc'><strong>‹</strong></span> <span class='ocrx_word' id='word_1_358' title='bbox 402 3261 650 3320; x_wconf 92' lang='lat' dir='ltr'><strong>Diluculo</strong></span> <span class='ocrx_word' id='word_1_359' title='bbox 699 3268 879 3316; x_wconf 89' lang='lat' dir='ltr'><strong>autem</strong></span> <span class='ocrx_word' id='word_1_360' title='bbox 927 3275 1052 3315; x_wconf 90' lang='lat' dir='ltr'><strong>cum</strong></span> <span class='ocrx_word' id='word_1_361' title='bbox 1101 3255 1414 3329; x_wconf 86' lang='lat' dir='ltr'><strong>digessisset</strong></span> <span class='ocrx_word' id='word_1_362' title='bbox 1461 3255 1649 3310; x_wconf 87' lang='lat' dir='ltr'><strong>vinum</strong></span> <span class='ocrx_word' id='word_1_363' title='bbox 1682 3251 1875 3318; x_wconf 84' lang='lat' dir='ltr'><strong>Nabal,</strong></span> <span class='ocrx_word' id='word_1_364' title='bbox 1904 3276 1950 3340; x_wconf 65' lang='grc' dir='ltr'><strong>ρ</strong></span> 
     </span>
    </p>
   </div>
   <div class='ocr_carea' id='block_1_47' title="bbox 280 3345 1876 3426">
    <p class='ocr_par' dir='ltr' id='par_1_47' title="bbox 280 3345 1876 3426">
     <span class='ocr_line' id='line_1_47' title="bbox 280 3345 1876 3426; baseline -0.006 -16"><span class='ocrx_word' id='word_1_365' title='bbox 280 3376 301 3410; x_wconf 73' lang='grc' dir='ltr'>ι</span> <span class='ocrx_word' id='word_1_366' title='bbox 331 3357 597 3426; x_wconf 85' lang='lat' dir='ltr'><strong>indicavit</strong></span> <span class='ocrx_word' id='word_1_367' title='bbox 620 3361 675 3408; x_wconf 83' lang='lat' dir='ltr'><strong>et</strong></span> <span class='ocrx_word' id='word_1_368' title='bbox 703 3369 841 3408; x_wconf 82' lang='lat' dir='ltr'><strong>uxor</strong></span> <span class='ocrx_word' id='word_1_369' title='bbox 871 3368 968 3407; x_wconf 91' lang='lat' dir='ltr'><strong>sua</strong></span> <span class='ocrx_word' id='word_1_370' title='bbox 1013 3353 1179 3406; x_wconf 88' lang='lat' dir='ltr'><strong>verba</strong></span> <span class='ocrx_word' id='word_1_371' title='bbox 1208 3352 1345 3416; x_wconf 72' lang='lat' dir='ltr'><strong>haec,</strong></span> <span class='ocrx_word' id='word_1_372' title='bbox 1377 3368 1396 3401; x_wconf 86' lang='grc'><strong>›</strong></span> <span class='ocrx_word' id='word_1_373' title='bbox 1446 3357 1554 3404; x_wconf 90' lang='lat' dir='ltr'><strong>etc.</strong></span> <span class='ocrx_word' id='word_1_374' title='bbox 1600 3347 1707 3420; x_wconf 81' lang='lat' dir='ltr'><strong>(Ea:</strong></span> <span class='ocrx_word' id='word_1_375' title='bbox 1745 3345 1876 3401; x_wconf 85' lang='lat' dir='ltr'><strong>Gre-</strong></span> 
     </span>
    </p>
   </div>
   <div class='ocr_carea' id='block_1_48' title="bbox 273 3439 1878 3524">
    <p class='ocr_par' dir='ltr' id='par_1_48' title="bbox 273 3439 1878 3524">
     <span class='ocr_line' id='line_1_48' title="bbox 273 3439 1878 3524; baseline -0.005 -22"><span class='ocrx_word' id='word_1_376' title='bbox 273 3446 476 3524; x_wconf 82' lang='lat' dir='ltr'><strong>goria.)</strong></span> <span class='ocrx_word' id='word_1_377' title='bbox 529 3445 666 3514; x_wconf 86' lang='lat' dir='ltr'><strong>Quid</strong></span> <span class='ocrx_word' id='word_1_378' title='bbox 709 3445 867 3501; x_wconf 88' lang='lat' dir='ltr'><strong>nobis</strong></span> <span class='ocrx_word' id='word_1_379' title='bbox 911 3442 1123 3514; x_wconf 86' lang='lat' dir='ltr'><strong>Abigail</strong></span> <span class='ocrx_word' id='word_1_380' title='bbox 1153 3457 1251 3514; x_wconf 89' lang='lat' dir='ltr'><strong>per</strong></span> <span class='ocrx_word' id='word_1_381' title='bbox 1299 3439 1716 3496; x_wconf 87' lang='lat' dir='ltr'><strong>renuntiationis</strong></span> <span class='ocrx_word' id='word_1_382' title='bbox 1765 3454 1878 3495; x_wconf 69' lang='lat' dir='ltr'><strong>sua:</strong></span> 
     </span>
    </p>
   </div>
   <div class='ocr_carea' id='block_1_49' title="bbox 275 3530 1876 3612">
    <p class='ocr_par' dir='ltr' id='par_1_49' title="bbox 275 3530 1876 3612">
     <span class='ocr_line' id='line_1_49' title="bbox 275 3530 1876 3612; baseline -0.006 -16"><span class='ocrx_word' id='word_1_383' title='bbox 275 3540 736 3612; x_wconf 86' lang='lat' dir='ltr'><strong>dispensationem</strong></span> <span class='ocrx_word' id='word_1_384' title='bbox 779 3537 974 3603; x_wconf 88' lang='lat' dir='ltr'><strong>innuit,</strong></span> <span class='ocrx_word' id='word_1_385' title='bbox 1027 3535 1130 3589; x_wconf 91' lang='lat' dir='ltr'><strong>nisi</strong></span> <span class='ocrx_word' id='word_1_386' title='bbox 1161 3534 1305 3605; x_wconf 90' lang='lat' dir='ltr'><strong>quod</strong></span> <span class='ocrx_word' id='word_1_387' title='bbox 1355 3533 1646 3588; x_wconf 90' lang='lat' dir='ltr'><strong>iracundos</strong></span> <span class='ocrx_word' id='word_1_388' title='bbox 1683 3530 1876 3586; x_wconf 89' lang='lat' dir='ltr'><strong>melius</strong></span> 
     </span>
    </p>
   </div>
   <div class='ocr_carea' id='block_1_50' title="bbox 277 3623 1877 3701">
    <p class='ocr_par' dir='ltr' id='par_1_50' title="bbox 277 3623 1877 3701">
     <span class='ocr_line' id='line_1_50' title="bbox 277 3623 1877 3701; baseline -0.007 -13"><span class='ocrx_word' id='word_1_389' title='bbox 277 3631 621 3701; x_wconf 84' lang='lat' dir='ltr'><strong>corrigimus,</strong></span> <span class='ocrx_word' id='word_1_390' title='bbox 649 3631 695 3685; x_wconf 91' lang='lat' dir='ltr'><strong>si</strong></span> <span class='ocrx_word' id='word_1_391' title='bbox 722 3629 776 3683; x_wconf 92' lang='lat' dir='ltr'><strong>in</strong></span> <span class='ocrx_word' id='word_1_392' title='bbox 816 3629 932 3698; x_wconf 90' lang='lat' dir='ltr'><strong>ipsa</strong></span> <span class='ocrx_word' id='word_1_393' title='bbox 964 3627 1060 3680; x_wconf 66' lang='lat' dir='ltr'><strong>ira:</strong></span> <span class='ocrx_word' id='word_1_394' title='bbox 1088 3641 1199 3681; x_wconf 73' lang='lat' dir='ltr'><strong>sum</strong></span> <span class='ocrx_word' id='word_1_395' title='bbox 1243 3625 1609 3680; x_wconf 90' lang='lat' dir='ltr'><strong>commotione</strong></span> <span class='ocrx_word' id='word_1_396' title='bbox 1637 3623 1877 3678; x_wconf 86' lang='lat' dir='ltr'><strong>declina-</strong></span> 
     </span>
    </p>
   </div>
   <div class='ocr_carea' id='block_1_51' title="bbox 279 3716 1874 3792">
    <p class='ocr_par' dir='ltr' id='par_1_51' title="bbox 279 3716 1874 3792">
     <span class='ocr_line' id='line_1_51' title="bbox 279 3716 1874 3792; baseline -0.004 -13"><span class='ocrx_word' id='word_1_397' title='bbox 279 3727 440 3780; x_wconf 85' lang='lat' dir='ltr'><strong>mus?</strong></span> <span class='ocrx_word' id='word_1_398' title='bbox 471 3722 781 3779; x_wconf 89' lang='lat' dir='ltr'><strong>Perturbati</strong></span> <span class='ocrx_word' id='word_1_399' title='bbox 813 3721 1034 3792; x_wconf 89' lang='lat' dir='ltr'><strong>quippe,</strong></span> <span class='ocrx_word' id='word_1_400' title='bbox 1064 3719 1191 3789; x_wconf 91' lang='lat' dir='ltr'><strong>quid</strong></span> <span class='ocrx_word' id='word_1_401' title='bbox 1215 3718 1436 3773; x_wconf 87' lang='lat' dir='ltr'><strong>audiant</strong></span> <span class='ocrx_word' id='word_1_402' title='bbox 1466 3717 1734 3788; x_wconf 88' lang='lat' dir='ltr'><strong>ignorant.</strong></span> <span class='ocrx_word' id='word_1_403' title='bbox 1767 3716 1874 3772; x_wconf 90' lang='lat' dir='ltr'><strong>Sed</strong></span> 
     </span>
    </p>
   </div>
   <div class='ocr_carea' id='block_1_52' title="bbox 278 3807 1874 3892">
    <p class='ocr_par' dir='ltr' id='par_1_52' title="bbox 278 3807 1874 3892">
     <span class='ocr_line' id='line_1_52' title="bbox 278 3807 1874 3892; baseline -0.005 -20"><span class='ocrx_word' id='word_1_404' title='bbox 278 3832 400 3892; x_wconf 89' lang='lat' dir='ltr'><strong>cum</strong></span> <span class='ocrx_word' id='word_1_405' title='bbox 432 3815 498 3870; x_wconf 89' lang='lat' dir='ltr'><strong>ad</strong></span> <span class='ocrx_word' id='word_1_406' title='bbox 552 3832 610 3871; x_wconf 89' lang='lat' dir='ltr'><strong>se</strong></span> <span class='ocrx_word' id='word_1_407' title='bbox 663 3814 912 3878; x_wconf 87' lang='lat' dir='ltr'><strong>redeunt,</strong></span> <span class='ocrx_word' id='word_1_408' title='bbox 966 3819 1118 3866; x_wconf 87' lang='lat' dir='ltr'><strong>tanto</strong></span> <span class='ocrx_word' id='word_1_409' title='bbox 1165 3809 1424 3866; x_wconf 91' lang='lat' dir='ltr'><strong>libentius</strong></span> <span class='ocrx_word' id='word_1_410' title='bbox 1477 3807 1874 3864; x_wconf 77' lang='lat' dir='ltr'><strong>exhortationis</strong></span> 
     </span>
    </p>
   </div>
   <div class='ocr_carea' id='block_1_53' title="bbox 278 3898 1874 3976">
    <p class='ocr_par' dir='ltr' id='par_1_53' title="bbox 278 3898 1874 3976">
     <span class='ocr_line' id='line_1_53' title="bbox 278 3898 1874 3976; baseline -0.002 -16"><span class='ocrx_word' id='word_1_411' title='bbox 278 3908 443 3963; x_wconf 90' lang='lat' dir='ltr'><strong>verba</strong></span> <span class='ocrx_word' id='word_1_412' title='bbox 505 3905 793 3976; x_wconf 86' lang='lat' dir='ltr'><strong>recipiunt,</strong></span> <span class='ocrx_word' id='word_1_413' title='bbox 849 3910 1053 3974; x_wconf 89' lang='lat' dir='ltr'><strong>quanto</strong></span> <span class='ocrx_word' id='word_1_414' title='bbox 1107 3917 1166 3956; x_wconf 88' lang='lat' dir='ltr'><strong>se</strong></span> <span class='ocrx_word' id='word_1_415' title='bbox 1221 3898 1563 3971; x_wconf 86' lang='lat' dir='ltr'><strong>tranquillius</strong></span> <span class='ocrx_word' id='word_1_416' title='bbox 1619 3899 1874 3957; x_wconf 89' lang='lat' dir='ltr'><strong>toleratos</strong></span> 
     </span>
    </p>
   </div>
   <div class='ocr_carea' id='block_1_54' title="bbox 279 3992 1862 4054">
    <p class='ocr_par' dir='ltr' id='par_1_54' title="bbox 279 3992 1862 4054">
     <span class='ocr_line' id='line_1_54' title="bbox 279 3992 1862 4054; baseline -0.001 0"><span class='ocrx_word' id='word_1_417' title='bbox 279 3998 620 4054; x_wconf 87' lang='lat' dir='ltr'><strong>erubescunt.</strong></span> <span class='ocrx_word' id='word_1_418' title='bbox 655 3995 821 4051; x_wconf 87' lang='lat' dir='ltr'><strong>Menti</strong></span> <span class='ocrx_word' id='word_1_419' title='bbox 850 4001 1030 4048; x_wconf 89' lang='lat' dir='ltr'><strong>autem</strong></span> <span class='ocrx_word' id='word_1_420' title='bbox 1067 3992 1251 4048; x_wconf 88' lang='lat' dir='ltr'><strong>furore</strong></span> <span class='ocrx_word' id='word_1_421' title='bbox 1281 3992 1448 4047; x_wconf 62' lang='lat' dir='ltr'><strong>ebriae</strong></span> <span class='ocrx_word' id='word_1_422' title='bbox 1474 4006 1636 4047; x_wconf 89' lang='lat' dir='ltr'><strong>omne</strong></span> <span class='ocrx_word' id='word_1_423' title='bbox 1661 3999 1862 4052; x_wconf 74' lang='lat' dir='ltr'><strong>certum</strong></span> 
     </span>
    </p>
   </div>
   <div class='ocr_carea' id='block_1_55' title="bbox 261 4076 1873 4158">
    <p class='ocr_par' dir='ltr' id='par_1_55' title="bbox 261 4076 1873 4158">
     <span class='ocr_line' id='line_1_55' title="bbox 261 4076 1873 4158; baseline -0.001 -19"><span class='ocrx_word' id='word_1_424' title='bbox 261 4076 444 4158; x_wconf 34' lang='lat' dir='ltr'><strong>’(quod</strong></span> <span class='ocrx_word' id='word_1_425' title='bbox 487 4084 706 4157; x_wconf 88' lang='lat' dir='ltr'><strong>dicitur)</strong></span> <span class='ocrx_word' id='word_1_426' title='bbox 755 4098 1070 4155; x_wconf 88' lang='lat' dir='ltr'><strong>perversum</strong></span> <span class='ocrx_word' id='word_1_427' title='bbox 1123 4083 1356 4137; x_wconf 88' lang='lat' dir='ltr'><strong>videtur.</strong></span> <span class='ocrx_word' id='word_1_428' title='bbox 1415 4081 1569 4138; x_wconf 90' lang='lat' dir='ltr'><strong>Unde</strong></span> <span class='ocrx_word' id='word_1_429' title='bbox 1615 4092 1672 4136; x_wconf 92' lang='lat' dir='ltr'><strong>et</strong></span> <span class='ocrx_word' id='word_1_430' title='bbox 1721 4091 1873 4137; x_wconf 89' lang='lat' dir='ltr'><strong>certe</strong></span> 
     </span>
    </p>
   </div>
   <div class='ocr_carea' id='block_1_56' title="bbox 253 4163 1868 4256">
    <p class='ocr_par' dir='ltr' id='par_1_56' title="bbox 253 4163 1868 4256">
     <span class='ocr_line' id='line_1_56' title="bbox 253 4163 1868 4256; baseline 0 -24"><span class='ocrx_word' id='word_1_431' title='bbox 253 4163 448 4256; x_wconf 20' lang='lat' dir='ltr'><strong>[:Nabal</strong></span> <span class='ocrx_word' id='word_1_432' title='bbox 475 4177 626 4233; x_wconf 86' lang='lat' dir='ltr'><strong>ebrio</strong></span> <span class='ocrx_word' id='word_1_433' title='bbox 651 4177 864 4250; x_wconf 90' lang='lat' dir='ltr'><strong>culpam</strong></span> <span class='ocrx_word' id='word_1_434' title='bbox 887 4193 1040 4232; x_wconf 88' lang='lat' dir='ltr'><strong>suam</strong></span> <span class='ocrx_word' id='word_1_435' title='bbox 1065 4176 1276 4248; x_wconf 87' lang='lat' dir='ltr'><strong>Abigail</strong></span> <span class='ocrx_word' id='word_1_436' title='bbox 1301 4175 1646 4232; x_wconf 88' lang='lat' dir='ltr'><strong>laudabiliter</strong></span> <span class='ocrx_word' id='word_1_437' title='bbox 1665 4178 1868 4233; x_wconf 90' lang='lat' dir='ltr'><strong>tacuit:</strong></span> 
     </span>
    </p>
   </div>
   <div class='ocr_carea' id='block_1_57' title="bbox 257 4267 1871 4342">
    <p class='ocr_par' dir='ltr' id='par_1_57' title="bbox 257 4267 1871 4342">
     <span class='ocr_line' id='line_1_57' title="bbox 257 4267 1871 4342; baseline -0.001 -16"><span class='ocrx_word' id='word_1_438' title='bbox 257 4268 465 4342; x_wconf 74' lang='lat' dir='ltr'><strong>,quam,</strong></span> <span class='ocrx_word' id='word_1_439' title='bbox 490 4271 699 4342; x_wconf 89' lang='lat' dir='ltr'><strong>digesto</strong></span> <span class='ocrx_word' id='word_1_440' title='bbox 735 4270 885 4336; x_wconf 89' lang='lat' dir='ltr'><strong>vino,</strong></span> <span class='ocrx_word' id='word_1_441' title='bbox 931 4269 1275 4324; x_wconf 88' lang='lat' dir='ltr'><strong>laudabiliter</strong></span> <span class='ocrx_word' id='word_1_442' title='bbox 1300 4268 1456 4323; x_wconf 77' lang='lat' dir='ltr'><strong>dixit.</strong></span> <span class='ocrx_word' id='word_1_443' title='bbox 1489 4267 1696 4325; x_wconf 82' lang='lat' dir='ltr'><strong>Idcirco</strong></span> <span class='ocrx_word' id='word_1_444' title='bbox 1724 4271 1871 4326; x_wconf 91' lang='lat' dir='ltr'><strong>enim</strong></span> 
     </span>
    </p>
   </div>
   <div class='ocr_carea' id='block_1_58' title="bbox 287 4361 1873 4434">
    <p class='ocr_par' dir='ltr' id='par_1_58' title="bbox 287 4361 1873 4434">
     <span class='ocr_line' id='line_1_58' title="bbox 287 4361 1873 4434; baseline 0 -16"><span class='ocrx_word' id='word_1_445' title='bbox 287 4364 483 4419; x_wconf 85' lang='lat' dir='ltr'><strong>malum</strong></span> <span class='ocrx_word' id='word_1_446' title='bbox 527 4362 671 4434; x_wconf 90' lang='lat' dir='ltr'><strong>quod</strong></span> <span class='ocrx_word' id='word_1_447' title='bbox 701 4361 910 4418; x_wconf 84' lang='lat' dir='ltr'><strong>fecerat</strong></span> <span class='ocrx_word' id='word_1_448' title='bbox 952 4376 1282 4433; x_wconf 86' lang='lat' dir='ltr'><strong>cognoscere</strong></span> <span class='ocrx_word' id='word_1_449' title='bbox 1333 4368 1566 4432; x_wconf 87' lang='lat' dir='ltr'><strong>poterat,</strong></span> <span class='ocrx_word' id='word_1_450' title='bbox 1616 4362 1742 4430; x_wconf 89' lang='lat' dir='ltr'><strong>quia</strong></span> <span class='ocrx_word' id='word_1_451' title='bbox 1769 4363 1873 4418; x_wconf 89' lang='lat' dir='ltr'><strong>hoc</strong></span> 
     </span>
    </p>
   </div>
   <div class='ocr_carea' id='block_1_59' title="bbox 286 4453 846 4514">
    <p class='ocr_par' dir='ltr' id='par_1_59' title="bbox 286 4453 846 4514">
     <span class='ocr_line' id='line_1_59' title="bbox 286 4453 846 4514; baseline -0.009 -1"><span class='ocrx_word' id='word_1_452' title='bbox 286 4455 462 4514; x_wconf 83' lang='lat' dir='ltr'><strong>ebrius</strong></span> <span class='ocrx_word' id='word_1_453' title='bbox 483 4470 588 4510; x_wconf 91' lang='lat' dir='ltr'><strong>non</strong></span> <span class='ocrx_word' id='word_1_454' title='bbox 622 4453 846 4509; x_wconf 85' lang='lat' dir='ltr'><strong>audivit.</strong></span> 
     </span>
    </p>
   </div>
   <div class='ocr_carea' id='block_1_60' title="bbox 296 4585 1870 4650">
    <p class='ocr_par' dir='ltr' id='par_1_60' title="bbox 296 4585 1870 4650">
     <span class='ocr_line' id='line_1_60' title="bbox 296 4585 1870 4650; baseline -0.003 -8"><span class='ocrx_word' id='word_1_455' title='bbox 296 4621 301 4628; x_wconf 87' lang='lat'><strong><em>-</em></strong></span> <span class='ocrx_word' id='word_1_456' title='bbox 357 4610 375 4642; x_wconf 70' lang='grc' dir='ltr'><strong>ε</strong></span> <span class='ocrx_word' id='word_1_457' title='bbox 405 4589 535 4646; x_wconf 89' lang='lat' dir='ltr'><strong>Saul</strong></span> <span class='ocrx_word' id='word_1_458' title='bbox 578 4596 760 4644; x_wconf 90' lang='lat' dir='ltr'><strong>autem</strong></span> <span class='ocrx_word' id='word_1_459' title='bbox 793 4587 941 4644; x_wconf 92' lang='lat' dir='ltr'><strong>dedit</strong></span> <span class='ocrx_word' id='word_1_460' title='bbox 973 4585 1168 4642; x_wconf 88' lang='lat' dir='ltr'><strong>Micbol</strong></span> <span class='ocrx_word' id='word_1_461' title='bbox 1214 4586 1378 4640; x_wconf 89' lang='lat' dir='ltr'><strong>ﬁliam</strong></span> <span class='ocrx_word' id='word_1_462' title='bbox 1429 4600 1601 4650; x_wconf 89' lang='lat' dir='ltr'><strong>suam,</strong></span> <span class='ocrx_word' id='word_1_463' title='bbox 1646 4599 1870 4639; x_wconf 77' lang='lat' dir='ltr'><strong>uxorem</strong></span> 
     </span>
    </p>
   </div>
   <div class='ocr_carea' id='block_1_61' title="bbox 253 4674 1864 4748">
    <p class='ocr_par' dir='ltr' id='par_1_61' title="bbox 253 4674 1864 4748">
     <span class='ocr_line' id='line_1_61' title="bbox 253 4674 1864 4748; baseline -0.004 -12"><span class='ocrx_word' id='word_1_464' title='bbox 253 4691 259 4712; x_wconf 66' lang='grc'><strong><em>³</em></strong></span> <span class='ocrx_word' id='word_1_465' title='bbox 289 4702 308 4735; x_wconf 71' lang='grc' dir='ltr'><strong>ε</strong></span> <span class='ocrx_word' id='word_1_466' title='bbox 333 4678 522 4747; x_wconf 86' lang='lat' dir='ltr'><strong>David,</strong></span> <span class='ocrx_word' id='word_1_467' title='bbox 544 4677 762 4734; x_wconf 88' lang='lat' dir='ltr'><strong>Phaltbi</strong></span> <span class='ocrx_word' id='word_1_468' title='bbox 789 4676 902 4732; x_wconf 88' lang='lat' dir='ltr'><strong>ﬁlio</strong></span> <span class='ocrx_word' id='word_1_469' title='bbox 922 4675 1068 4742; x_wconf 90' lang='lat' dir='ltr'><strong>Lais,</strong></span> <span class='ocrx_word' id='word_1_470' title='bbox 1098 4677 1192 4748; x_wconf 91' lang='lat' dir='ltr'><strong>qui</strong></span> <span class='ocrx_word' id='word_1_471' title='bbox 1220 4683 1341 4730; x_wconf 89' lang='lat' dir='ltr'><strong>erat</strong></span> <span class='ocrx_word' id='word_1_472' title='bbox 1367 4675 1433 4731; x_wconf 89' lang='lat' dir='ltr'><strong>de</strong></span> <span class='ocrx_word' id='word_1_473' title='bbox 1459 4674 1674 4741; x_wconf 87' lang='lat' dir='ltr'><strong>Gallim,</strong></span> <span class='ocrx_word' id='word_1_474' title='bbox 1703 4693 1721 4726; x_wconf 74' lang='grc' dir='ltr'><strong><em>ι</em></strong></span> <span class='ocrx_word' id='word_1_475' title='bbox 1758 4684 1864 4730; x_wconf 87' lang='lat' dir='ltr'><strong>etc.</strong></span> 
     </span>
    </p>
   </div>
   <div class='ocr_carea' id='block_1_62' title="bbox 287 4768 1866 4845">
    <p class='ocr_par' dir='ltr' id='par_1_62' title="bbox 287 4768 1866 4845">
     <span class='ocr_line' id='line_1_62' title="bbox 287 4768 1866 4845; baseline -0.002 -18"><span class='ocrx_word' id='word_1_476' title='bbox 287 4773 390 4845; x_wconf 75' lang='lat' dir='ltr'><strong>(Ea:</strong></span> <span class='ocrx_word' id='word_1_477' title='bbox 421 4769 611 4842; x_wconf 84' lang='lat' dir='ltr'><strong>Beda.)</strong></span> <span class='ocrx_word' id='word_1_478' title='bbox 674 4769 740 4826; x_wconf 89' lang='lat' dir='ltr'><strong>Ut</strong></span> <span class='ocrx_word' id='word_1_479' title='bbox 794 4768 1030 4836; x_wconf 61' lang='lat' dir='ltr'><strong>Hebraei,</strong></span> <span class='ocrx_word' id='word_1_480' title='bbox 1084 4784 1192 4826; x_wconf 91' lang='lat' dir='ltr'><strong>non</strong></span> <span class='ocrx_word' id='word_1_481' title='bbox 1246 4769 1498 4840; x_wconf 89' lang='lat' dir='ltr'><strong>cognovit</strong></span> <span class='ocrx_word' id='word_1_482' title='bbox 1547 4783 1667 4823; x_wconf 89' lang='lat' dir='ltr'><strong>eam</strong></span> <span class='ocrx_word' id='word_1_483' title='bbox 1723 4768 1866 4824; x_wconf 92' lang='lat' dir='ltr'><strong>idem</strong></span> 
     </span>
    </p>
   </div>
   <div class='ocr_carea' id='block_1_63' title="bbox 286 4861 1864 4932">
    <p class='ocr_par' dir='ltr' id='par_1_63' title="bbox 286 4861 1864 4932">
     <span class='ocr_line' id='line_1_63' title="bbox 286 4861 1864 4932; baseline -0.004 -13"><span class='ocrx_word' id='word_1_484' title='bbox 286 4863 520 4927; x_wconf 82' lang='lat' dir='ltr'><strong>Phalthi,</strong></span> <span class='ocrx_word' id='word_1_485' title='bbox 578 4861 836 4932; x_wconf 87' lang='lat' dir='ltr'><strong>quoniam</strong></span> <span class='ocrx_word' id='word_1_486' title='bbox 886 4861 934 4916; x_wconf 89' lang='lat' dir='ltr'><strong>si</strong></span> <span class='ocrx_word' id='word_1_487' title='bbox 987 4861 1325 4931; x_wconf 84' lang='lat' dir='ltr'><strong>cognovisset</strong></span> <span class='ocrx_word' id='word_1_488' title='bbox 1371 4875 1492 4915; x_wconf 87' lang='lat' dir='ltr'><strong>eam</strong></span> <span class='ocrx_word' id='word_1_489' title='bbox 1519 4901 1534 4926; x_wconf 91' lang='lat'><strong>,</strong></span> <span class='ocrx_word' id='word_1_490' title='bbox 1589 4875 1864 4930; x_wconf 89' lang='lat' dir='ltr'><strong>nunquam</strong></span> 
     </span>
    </p>
   </div>
   <div class='ocr_carea' id='block_1_64' title="bbox 289 4953 1867 5024">
    <p class='ocr_par' dir='ltr' id='par_1_64' title="bbox 289 4953 1867 5024">
     <span class='ocr_line' id='line_1_64' title="bbox 289 4953 1867 5024; baseline -0.002 -13"><span class='ocrx_word' id='word_1_491' title='bbox 289 4956 449 5011; x_wconf 83' lang='lat' dir='ltr'><strong>David</strong></span> <span class='ocrx_word' id='word_1_492' title='bbox 476 4955 578 5010; x_wconf 89' lang='lat' dir='ltr'><strong>sibi</strong></span> <span class='ocrx_word' id='word_1_493' title='bbox 601 4970 722 5009; x_wconf 87' lang='lat' dir='ltr'><strong>eam</strong></span> <span class='ocrx_word' id='word_1_494' title='bbox 750 4961 938 5024; x_wconf 89' lang='lat' dir='ltr'><strong>postea</strong></span> <span class='ocrx_word' id='word_1_495' title='bbox 959 4953 1242 5018; x_wconf 88' lang='lat' dir='ltr'><strong>sociasset,</strong></span> <span class='ocrx_word' id='word_1_496' title='bbox 1270 4954 1396 5024; x_wconf 89' lang='lat' dir='ltr'><strong>quia</strong></span> <span class='ocrx_word' id='word_1_497' title='bbox 1427 4954 1482 5008; x_wconf 93' lang='lat' dir='ltr'><strong>in</strong></span> <span class='ocrx_word' id='word_1_498' title='bbox 1512 4953 1630 5023; x_wconf 89' lang='lat' dir='ltr'><strong>lege</strong></span> <span class='ocrx_word' id='word_1_499' title='bbox 1652 4954 1867 5024; x_wconf 89' lang='lat' dir='ltr'><strong>penitus</strong></span> 
     </span>
    </p>
   </div>
   <div class='ocr_carea' id='block_1_65' title="bbox 289 5045 1865 5121">
    <p class='ocr_par' dir='ltr' id='par_1_65' title="bbox 289 5045 1865 5121">
     <span class='ocr_line' id='line_1_65' title="bbox 289 5045 1865 5121; baseline -0.003 -16"><span class='ocrx_word' id='word_1_500' title='bbox 289 5048 588 5121; x_wconf 69' lang='lat' dir='ltr'><strong>huiusmodi</strong></span> <span class='ocrx_word' id='word_1_501' title='bbox 619 5047 935 5116; x_wconf 88' lang='lat' dir='ltr'><strong>prohibetur</strong></span> <span class='ocrx_word' id='word_1_502' title='bbox 956 5047 1152 5102; x_wconf 90' lang='lat' dir='ltr'><strong>coitus.</strong></span> <span class='ocrx_word' id='word_1_503' title='bbox 1182 5045 1328 5100; x_wconf 88' lang='lat' dir='ltr'><strong>Idem</strong></span> <span class='ocrx_word' id='word_1_504' title='bbox 1376 5061 1610 5115; x_wconf 87' lang='lat' dir='ltr'><strong>namque</strong></span> <span class='ocrx_word' id='word_1_505' title='bbox 1650 5045 1865 5100; x_wconf 89' lang='lat' dir='ltr'><strong>Phalthi</strong></span> 
     </span>
    </p>
   </div>
   <div class='ocr_carea' id='block_1_66' title="bbox 287 5136 1864 5206">
    <p class='ocr_par' dir='ltr' id='par_1_66' title="bbox 287 5136 1864 5206">
     <span class='ocr_line' id='line_1_66' title="bbox 287 5136 1864 5206; baseline -0.003 -9"><span class='ocrx_word' id='word_1_506' title='bbox 287 5145 346 5198; x_wconf 88' lang='lat' dir='ltr'><strong>de</strong></span> <span class='ocrx_word' id='word_1_507' title='bbox 373 5141 590 5206; x_wconf 85' lang='lat' dir='ltr'><strong>Gallim,</strong></span> <span class='ocrx_word' id='word_1_508' title='bbox 621 5142 725 5195; x_wconf 87' lang='lat' dir='ltr'><strong>hoc</strong></span> <span class='ocrx_word' id='word_1_509' title='bbox 757 5146 862 5204; x_wconf 89' lang='lat' dir='ltr'><strong>est,</strong></span> <span class='ocrx_word' id='word_1_510' title='bbox 893 5139 960 5194; x_wconf 92' lang='lat' dir='ltr'><strong>de</strong></span> <span class='ocrx_word' id='word_1_511' title='bbox 1005 5137 1353 5192; x_wconf 87' lang='lat' dir='ltr'><strong>inundatione</strong></span> <span class='ocrx_word' id='word_1_512' title='bbox 1402 5144 1538 5192; x_wconf 89' lang='lat' dir='ltr'><strong>erat.</strong></span> <span class='ocrx_word' id='word_1_513' title='bbox 1579 5136 1864 5194; x_wconf 87' lang='lat' dir='ltr'><strong>Inundatio</strong></span> 
     </span>
    </p>
   </div>
   <div class='ocr_carea' id='block_1_67' title="bbox 267 5232 1866 5305">
    <p class='ocr_par' dir='ltr' id='par_1_67' title="bbox 267 5232 1866 5305">
     <span class='ocr_line' id='line_1_67' title="bbox 267 5232 1866 5305; baseline -0.004 -11"><span class='ocrx_word' id='word_1_514' title='bbox 267 5240 395 5294; x_wconf 67' lang='lat' dir='ltr'><strong>haec</strong></span> <span class='ocrx_word' id='word_1_515' title='bbox 418 5237 501 5292; x_wconf 77' lang='lat' dir='ltr'><strong>lex</strong></span> <span class='ocrx_word' id='word_1_516' title='bbox 528 5235 864 5305; x_wconf 86' lang='lat' dir='ltr'><strong>intelligitur.</strong></span> <span class='ocrx_word' id='word_1_517' title='bbox 895 5233 1056 5305; x_wconf 87' lang='lat' dir='ltr'><strong>Legis</strong></span> <span class='ocrx_word' id='word_1_518' title='bbox 1095 5233 1238 5288; x_wconf 90' lang='lat' dir='ltr'><strong>enim</strong></span> <span class='ocrx_word' id='word_1_519' title='bbox 1269 5235 1456 5289; x_wconf 90' lang='lat' dir='ltr'><strong>doctor</strong></span> <span class='ocrx_word' id='word_1_520' title='bbox 1481 5241 1601 5289; x_wconf 90' lang='lat' dir='ltr'><strong>erat</strong></span> <span class='ocrx_word' id='word_1_521' title='bbox 1635 5236 1700 5288; x_wconf 91' lang='lat' dir='ltr'><strong>de</strong></span> <span class='ocrx_word' id='word_1_522' title='bbox 1728 5232 1866 5288; x_wconf 92' lang='lat' dir='ltr'><strong>Bau-</strong></span> 
     </span>
    </p>
   </div>
   <div class='ocr_carea' id='block_1_68' title="bbox 258 5326 1863 5398">
    <p class='ocr_par' dir='ltr' id='par_1_68' title="bbox 258 5326 1863 5398">
     <span class='ocr_line' id='line_1_68' title="bbox 258 5326 1863 5398; baseline -0.004 -11"><span class='ocrx_word' id='word_1_523' title='bbox 258 5337 260 5340; x_wconf 77' lang='grc'>’</span> <span class='ocrx_word' id='word_1_524' title='bbox 291 5333 404 5398; x_wconf 79' lang='lat' dir='ltr'><strong>rim,</strong></span> <span class='ocrx_word' id='word_1_525' title='bbox 443 5331 497 5386; x_wconf 89' lang='lat' dir='ltr'><strong>id</strong></span> <span class='ocrx_word' id='word_1_526' title='bbox 523 5342 624 5395; x_wconf 87' lang='lat' dir='ltr'><strong>est,</strong></span> <span class='ocrx_word' id='word_1_527' title='bbox 657 5329 723 5384; x_wconf 90' lang='lat' dir='ltr'><strong>de</strong></span> <span class='ocrx_word' id='word_1_528' title='bbox 747 5327 954 5384; x_wconf 86' lang='lat' dir='ltr'><strong>electis.</strong></span> <span class='ocrx_word' id='word_1_529' title='bbox 982 5327 1210 5395; x_wconf 87' lang='lat' dir='ltr'><strong>Quando</strong></span> <span class='ocrx_word' id='word_1_530' title='bbox 1230 5336 1409 5384; x_wconf 90' lang='lat' dir='ltr'><strong>autem</strong></span> <span class='ocrx_word' id='word_1_531' title='bbox 1431 5343 1462 5382; x_wconf 92' lang='lat' dir='ltr'><strong>a</strong></span> <span class='ocrx_word' id='word_1_532' title='bbox 1486 5326 1647 5382; x_wconf 91' lang='lat' dir='ltr'><strong>Saule</strong></span> <span class='ocrx_word' id='word_1_533' title='bbox 1669 5326 1863 5383; x_wconf 82' lang='lat' dir='ltr'><strong>Michol</strong></span> 
     </span>
    </p>
   </div>
   <div class='ocr_carea' id='block_1_69' title="bbox 289 5419 1866 5491">
    <p class='ocr_par' dir='ltr' id='par_1_69' title="bbox 289 5419 1866 5491">
     <span class='ocr_line' id='line_1_69' title="bbox 289 5419 1866 5491; baseline -0.005 -9"><span class='ocrx_word' id='word_1_534' title='bbox 289 5426 332 5482; x_wconf 85' lang='lat' dir='ltr'><strong>ei</strong></span> <span class='ocrx_word' id='word_1_535' title='bbox 350 5425 526 5491; x_wconf 89' lang='lat' dir='ltr'><strong>datur,</strong></span> <span class='ocrx_word' id='word_1_536' title='bbox 553 5423 786 5489; x_wconf 82' lang='lat' dir='ltr'><strong>Phalthi,</strong></span> <span class='ocrx_word' id='word_1_537' title='bbox 813 5421 980 5488; x_wconf 89' lang='lat' dir='ltr'><strong>idest,</strong></span> <span class='ocrx_word' id='word_1_538' title='bbox 995 5421 1238 5486; x_wconf 78' lang='lat' dir='ltr'><strong>evadens,</strong></span> <span class='ocrx_word' id='word_1_539' title='bbox 1263 5421 1668 5490; x_wconf 87' lang='lat' dir='ltr'><strong>interpretatur.</strong></span> <span class='ocrx_word' id='word_1_540' title='bbox 1692 5419 1866 5487; x_wconf 87' lang='lat' dir='ltr'><strong>Quan-</strong></span> 
     </span>
    </p>
   </div>
   <div class='ocr_carea' id='block_1_70' title="bbox 256 5509 1867 5578">
    <p class='ocr_par' dir='ltr' id='par_1_70' title="bbox 256 5509 1867 5578">
     <span class='ocr_line' id='line_1_70' title="bbox 256 5509 1867 5578; baseline -0.004 -3"><span class='ocrx_word' id='word_1_541' title='bbox 256 5519 258 5521; x_wconf 78' lang='grc'><em>’</em></span> <span class='ocrx_word' id='word_1_542' title='bbox 290 5519 500 5575; x_wconf 86' lang='lat' dir='ltr'><strong>dovero</strong></span> <span class='ocrx_word' id='word_1_543' title='bbox 527 5518 596 5572; x_wconf 87' lang='lat' dir='ltr'><strong>ab</strong></span> <span class='ocrx_word' id='word_1_544' title='bbox 633 5532 697 5572; x_wconf 90' lang='lat' dir='ltr'><strong>eo</strong></span> <span class='ocrx_word' id='word_1_545' title='bbox 742 5515 932 5571; x_wconf 89' lang='lat' dir='ltr'><strong>eadem</strong></span> <span class='ocrx_word' id='word_1_546' title='bbox 974 5512 1169 5570; x_wconf 85' lang='lat' dir='ltr'><strong>Michol</strong></span> <span class='ocrx_word' id='word_1_547' title='bbox 1198 5513 1464 5578; x_wconf 82' lang='lat' dir='ltr'><strong>aufertur,</strong></span> <span class='ocrx_word' id='word_1_548' title='bbox 1494 5509 1782 5577; x_wconf 82' lang='lat' dir='ltr'><strong>Phaltlu‘el,</strong></span> <span class='ocrx_word' id='word_1_549' title='bbox 1810 5512 1867 5568; x_wconf 91' lang='lat' dir='ltr'><strong>id</strong></span> 
     </span>
    </p>
   </div>
   <div class='ocr_carea' id='block_1_71' title="bbox 290 5603 1864 5678">
    <p class='ocr_par' dir='ltr' id='par_1_71' title="bbox 290 5603 1864 5678">
     <span class='ocr_line' id='line_1_71' title="bbox 290 5603 1864 5678; baseline -0.006 -10"><span class='ocrx_word' id='word_1_550' title='bbox 290 5623 386 5678; x_wconf 82' lang='lat' dir='ltr'><strong>est,</strong></span> <span class='ocrx_word' id='word_1_551' title='bbox 408 5613 629 5667; x_wconf 76' lang='lat' dir='ltr'><strong>evadeus</strong></span> <span class='ocrx_word' id='word_1_552' title='bbox 657 5627 690 5664; x_wconf 92' lang='lat' dir='ltr'><strong>a</strong></span> <span class='ocrx_word' id='word_1_553' title='bbox 713 5609 846 5676; x_wconf 86' lang='lat' dir='ltr'><strong>Deo,</strong></span> <span class='ocrx_word' id='word_1_554' title='bbox 871 5609 1274 5678; x_wconf 87' lang='lat' dir='ltr'><strong>interpretatur.</strong></span> <span class='ocrx_word' id='word_1_555' title='bbox 1320 5604 1561 5659; x_wconf 79' lang='lat' dir='ltr'><strong>Evadens</strong></span> <span class='ocrx_word' id='word_1_556' title='bbox 1582 5620 1614 5656; x_wconf 94' lang='lat' dir='ltr'><strong>a</strong></span> <span class='ocrx_word' id='word_1_557' title='bbox 1643 5603 1753 5658; x_wconf 89' lang='lat' dir='ltr'><strong>Deo</strong></span> <span class='ocrx_word' id='word_1_558' title='bbox 1780 5604 1864 5659; x_wconf 91' lang='lat' dir='ltr'><strong>di-</strong></span> 
     </span>
    </p>
   </div>
   <div class='ocr_carea' id='block_1_72' title="bbox 292 5693 1868 5773">
    <p class='ocr_par' dir='ltr' id='par_1_72' title="bbox 292 5693 1868 5773">
     <span class='ocr_line' id='line_1_72' title="bbox 292 5693 1868 5773; baseline -0.006 -14"><span class='ocrx_word' id='word_1_559' title='bbox 292 5705 443 5770; x_wconf 90' lang='lat' dir='ltr'><strong>citur,</strong></span> <span class='ocrx_word' id='word_1_560' title='bbox 471 5707 598 5773; x_wconf 91' lang='lat' dir='ltr'><strong>quia</strong></span> <span class='ocrx_word' id='word_1_561' title='bbox 622 5701 909 5758; x_wconf 87' lang='lat' dir='ltr'><strong>custodivit</strong></span> <span class='ocrx_word' id='word_1_562' title='bbox 930 5715 1076 5765; x_wconf 90' lang='lat' dir='ltr'><strong>eum,</strong></span> <span class='ocrx_word' id='word_1_563' title='bbox 1099 5713 1167 5752; x_wconf 91' lang='lat' dir='ltr'><strong>ne</strong></span> <span class='ocrx_word' id='word_1_564' title='bbox 1188 5706 1433 5767; x_wconf 84' lang='lat' dir='ltr'><strong>tangeret</strong></span> <span class='ocrx_word' id='word_1_565' title='bbox 1455 5710 1592 5758; x_wconf 90' lang='lat' dir='ltr'><strong>eam,</strong></span> <span class='ocrx_word' id='word_1_566' title='bbox 1619 5710 1686 5749; x_wconf 85' lang='lat' dir='ltr'><strong>ne</strong></span> <span class='ocrx_word' id='word_1_567' title='bbox 1714 5693 1868 5749; x_wconf 81' lang='lat' dir='ltr'><strong>ﬁeret</strong></span> 
     </span>
    </p>
   </div>
   <div class='ocr_carea' id='block_1_73' title="bbox 294 5786 1868 5867">
    <p class='ocr_par' dir='ltr' id='par_1_73' title="bbox 294 5786 1868 5867">
     <span class='ocr_line' id='line_1_73' title="bbox 294 5786 1868 5867; baseline -0.008 -15"><span class='ocrx_word' id='word_1_568' title='bbox 294 5804 656 5867; x_wconf 82' lang='lat' dir='ltr'><strong>transgressor</strong></span> <span class='ocrx_word' id='word_1_569' title='bbox 676 5794 830 5865; x_wconf 84' lang='lat' dir='ltr'><strong>legis.</strong></span> <span class='ocrx_word' id='word_1_570' title='bbox 851 5814 868 5845; x_wconf 73' lang='grc' dir='ltr'>ι</span> <span class='ocrx_word' id='word_1_571' title='bbox 898 5793 1234 5861; x_wconf 88' lang='lat' dir='ltr'><strong>Secutusque</strong></span> <span class='ocrx_word' id='word_1_572' title='bbox 1255 5799 1338 5844; x_wconf 88' lang='lat' dir='ltr'><strong>est</strong></span> <span class='ocrx_word' id='word_1_573' title='bbox 1358 5805 1477 5844; x_wconf 90' lang='lat' dir='ltr'><strong>eam</strong></span> <span class='ocrx_word' id='word_1_574' title='bbox 1501 5789 1586 5843; x_wconf 87' lang='lat' dir='ltr'><strong>vir</strong></span> <span class='ocrx_word' id='word_1_575' title='bbox 1607 5803 1737 5842; x_wconf 91' lang='lat' dir='ltr'><strong>suus</strong></span> <span class='ocrx_word' id='word_1_576' title='bbox 1758 5786 1868 5856; x_wconf 89' lang='lat' dir='ltr'><strong>plo-</strong></span> 
     </span>
    </p>
   </div>
   <div class='ocr_carea' id='block_1_74' title="bbox 294 5878 1867 5959">
    <p class='ocr_par' dir='ltr' id='par_1_74' title="bbox 294 5878 1867 5959">
     <span class='ocr_line' id='line_1_74' title="bbox 294 5878 1867 5959; baseline -0.006 -15"><span class='ocrx_word' id='word_1_577' title='bbox 294 5902 415 5944; x_wconf 88' lang='lat' dir='ltr'><strong>rans</strong></span> <span class='ocrx_word' id='word_1_578' title='bbox 437 5901 611 5959; x_wconf 87' lang='lat' dir='ltr'><strong>usque</strong></span> <span class='ocrx_word' id='word_1_579' title='bbox 646 5885 878 5942; x_wconf 84' lang='lat' dir='ltr'><strong>Banuim</strong></span> <span class='ocrx_word' id='word_1_580' title='bbox 920 5883 1006 5958; x_wconf 88' lang='lat' dir='ltr'><strong>(II</strong></span> <span class='ocrx_word' id='word_1_581' title='bbox 1037 5883 1165 5955; x_wconf 83' lang='lat' dir='ltr'><strong>Reg.</strong></span> <span class='ocrx_word' id='word_1_582' title='bbox 1197 5879 1370 5953; x_wconf 66' lang='lat' dir='ltr'><strong>xxxx).</strong></span> <span class='ocrx_word' id='word_1_583' title='bbox 1395 5900 1413 5933; x_wconf 73' lang='grc' dir='ltr'><strong><em>ι</em></strong></span> <span class='ocrx_word' id='word_1_584' title='bbox 1455 5879 1706 5935; x_wconf 84' lang='lat' dir='ltr'><strong>Plorasse</strong></span> <span class='ocrx_word' id='word_1_585' title='bbox 1735 5878 1867 5934; x_wconf 87' lang='lat' dir='ltr'><strong>dici-</strong></span> 
     </span>
    </p>
   </div>
   <div class='ocr_carea' id='block_1_75' title="bbox 1987 2014 3574 2090">
    <p class='ocr_par' dir='ltr' id='par_1_75' title="bbox 1987 2014 3574 2090">
     <span class='ocr_line' id='line_1_75' title="bbox 1987 2014 3574 2090; baseline 0.004 -21"><span class='ocrx_word' id='word_1_586' title='bbox 1987 2014 2090 2070; x_wconf 90' lang='lat' dir='ltr'><strong>hoc</strong></span> <span class='ocrx_word' id='word_1_587' title='bbox 2114 2024 2218 2082; x_wconf 90' lang='lat' dir='ltr'><strong>est,</strong></span> <span class='ocrx_word' id='word_1_588' title='bbox 2246 2018 2349 2072; x_wconf 91' lang='lat' dir='ltr'><strong>nisi</strong></span> <span class='ocrx_word' id='word_1_589' title='bbox 2382 2019 2526 2087; x_wconf 92' lang='lat' dir='ltr'><strong>quod</strong></span> <span class='ocrx_word' id='word_1_590' title='bbox 2548 2021 3016 2090; x_wconf 88' lang='lat' dir='ltr'><strong>persequebantur</strong></span> <span class='ocrx_word' id='word_1_591' title='bbox 3043 2021 3318 2077; x_wconf 90' lang='lat' dir='ltr'><strong>Christum</strong></span> <span class='ocrx_word' id='word_1_592' title='bbox 3361 2019 3574 2076; x_wconf 66' lang='lat' dir='ltr'><strong>Judaei?</strong></span> 
     </span>
    </p>
   </div>
   <div class='ocr_carea' id='block_1_76' title="bbox 1987 2104 3593 2184">
    <p class='ocr_par' dir='ltr' id='par_1_76' title="bbox 1987 2104 3593 2184">
     <span class='ocr_line' id='line_1_76' title="bbox 1987 2104 3593 2184; baseline 0.003 -24"><span class='ocrx_word' id='word_1_593' title='bbox 1987 2104 2094 2161; x_wconf 87' lang='lat' dir='ltr'><strong>Sed</strong></span> <span class='ocrx_word' id='word_1_594' title='bbox 2125 2110 2501 2178; x_wconf 88' lang='lat' dir='ltr'><strong>persequendo</strong></span> <span class='ocrx_word' id='word_1_595' title='bbox 2548 2110 2908 2176; x_wconf 89' lang='lat' dir='ltr'><strong>dormiebant,</strong></span> <span class='ocrx_word' id='word_1_596' title='bbox 2940 2113 3065 2182; x_wconf 87' lang='lat' dir='ltr'><strong>quia</strong></span> <span class='ocrx_word' id='word_1_597' title='bbox 3121 2128 3230 2167; x_wconf 90' lang='lat' dir='ltr'><strong>non</strong></span> <span class='ocrx_word' id='word_1_598' title='bbox 3281 2111 3593 2184; x_wconf 86' lang='lat' dir='ltr'><strong>vigilabant</strong></span> 
     </span>
    </p>
   </div>
   <div class='ocr_carea' id='block_1_77' title="bbox 1985 2199 3573 2258">
    <p class='ocr_par' dir='ltr' id='par_1_77' title="bbox 1985 2199 3573 2258">
     <span class='ocr_line' id='line_1_77' title="bbox 1985 2199 3573 2258; baseline 0.001 -5"><span class='ocrx_word' id='word_1_599' title='bbox 1985 2200 2168 2254; x_wconf 89' lang='lat' dir='ltr'><strong>corde.</strong></span> <span class='ocrx_word' id='word_1_600' title='bbox 2223 2199 2432 2254; x_wconf 89' lang='lat' dir='ltr'><strong>Duritia</strong></span> <span class='ocrx_word' id='word_1_601' title='bbox 2471 2201 2614 2255; x_wconf 92' lang='lat' dir='ltr'><strong>enim</strong></span> <span class='ocrx_word' id='word_1_602' title='bbox 2668 2202 2848 2257; x_wconf 91' lang='lat' dir='ltr'><strong>cordis</strong></span> <span class='ocrx_word' id='word_1_603' title='bbox 2901 2203 3228 2258; x_wconf 90' lang='lat' dir='ltr'><strong>obdormitio</strong></span> <span class='ocrx_word' id='word_1_604' title='bbox 3277 2211 3379 2258; x_wconf 90' lang='lat' dir='ltr'><strong>est.</strong></span> <span class='ocrx_word' id='word_1_605' title='bbox 3432 2202 3573 2256; x_wconf 87' lang='lat' dir='ltr'><strong>Dor-</strong></span> 
     </span>
    </p>
   </div>
   <div class='ocr_carea' id='block_1_78' title="bbox 1985 2291 3580 2364">
    <p class='ocr_par' dir='ltr' id='par_1_78' title="bbox 1985 2291 3580 2364">
     <span class='ocr_line' id='line_1_78' title="bbox 1985 2291 3580 2364; baseline 0.002 -20"><span class='ocrx_word' id='word_1_606' title='bbox 1985 2291 2161 2344; x_wconf 89' lang='lat' dir='ltr'><strong>miunt</strong></span> <span class='ocrx_word' id='word_1_607' title='bbox 2190 2291 2245 2345; x_wconf 91' lang='lat' dir='ltr'><strong>in</strong></span> <span class='ocrx_word' id='word_1_608' title='bbox 2272 2292 2382 2345; x_wconf 88' lang='lat' dir='ltr'><strong>vita</strong></span> <span class='ocrx_word' id='word_1_609' title='bbox 2427 2294 2638 2347; x_wconf 89' lang='lat' dir='ltr'><strong>veteri:</strong></span> <span class='ocrx_word' id='word_1_610' title='bbox 2695 2309 2802 2348; x_wconf 93' lang='lat' dir='ltr'><strong>non</strong></span> <span class='ocrx_word' id='word_1_611' title='bbox 2851 2294 3076 2364; x_wconf 88' lang='lat' dir='ltr'><strong>vigilant</strong></span> <span class='ocrx_word' id='word_1_612' title='bbox 3122 2295 3177 2349; x_wconf 92' lang='lat' dir='ltr'><strong>in</strong></span> <span class='ocrx_word' id='word_1_613' title='bbox 3225 2292 3385 2350; x_wconf 85' lang='lat' dir='ltr'><strong>nova.</strong></span> <span class='ocrx_word' id='word_1_614' title='bbox 3418 2293 3580 2349; x_wconf 83' lang='lat' dir='ltr'><strong>Venit</strong></span> 
     </span>
    </p>
   </div>
   <div class='ocr_carea' id='block_1_79' title="bbox 1983 2379 3577 2455">
    <p class='ocr_par' dir='ltr' id='par_1_79' title="bbox 1983 2379 3577 2455">
     <span class='ocr_line' id='line_1_79' title="bbox 1983 2379 3577 2455; baseline 0.001 -19"><span class='ocrx_word' id='word_1_615' title='bbox 1983 2379 2234 2436; x_wconf 88' lang='lat' dir='ltr'><strong>Christus</strong></span> <span class='ocrx_word' id='word_1_616' title='bbox 2265 2400 2276 2435; x_wconf 90' lang='lat'><strong>:</strong></span> <span class='ocrx_word' id='word_1_617' title='bbox 2315 2398 2423 2436; x_wconf 92' lang='lat' dir='ltr'><strong>non</strong></span> <span class='ocrx_word' id='word_1_618' title='bbox 2449 2398 2543 2438; x_wconf 89' lang='lat' dir='ltr'><strong>eos</strong></span> <span class='ocrx_word' id='word_1_619' title='bbox 2565 2385 2785 2450; x_wconf 88' lang='lat' dir='ltr'><strong>occidit,</strong></span> <span class='ocrx_word' id='word_1_620' title='bbox 2832 2386 2926 2440; x_wconf 92' lang='lat' dir='ltr'><strong>sed</strong></span> <span class='ocrx_word' id='word_1_621' title='bbox 2955 2385 3079 2439; x_wconf 87' lang='lat' dir='ltr'><strong>tulit</strong></span> <span class='ocrx_word' id='word_1_622' title='bbox 3111 2387 3179 2440; x_wconf 89' lang='lat' dir='ltr'><strong>ab</strong></span> <span class='ocrx_word' id='word_1_623' title='bbox 3207 2385 3286 2440; x_wconf 89' lang='lat' dir='ltr'><strong>eis</strong></span> <span class='ocrx_word' id='word_1_624' title='bbox 3314 2385 3577 2455; x_wconf 88' lang='lat' dir='ltr'><strong>scyphum</strong></span> 
     </span>
    </p>
   </div>
   <div class='ocr_carea' id='block_1_80' title="bbox 1982 2473 3576 2548">
    <p class='ocr_par' dir='ltr' id='par_1_80' title="bbox 1982 2473 3576 2548">
     <span class='ocr_line' id='line_1_80' title="bbox 1982 2473 3576 2548; baseline 0.004 -23"><span class='ocrx_word' id='word_1_625' title='bbox 1982 2487 2157 2542; x_wconf 71' lang='lat' dir='ltr'><strong>aquae,</strong></span> <span class='ocrx_word' id='word_1_626' title='bbox 2185 2473 2235 2527; x_wconf 93' lang='lat' dir='ltr'><strong>id</strong></span> <span class='ocrx_word' id='word_1_627' title='bbox 2257 2482 2360 2537; x_wconf 88' lang='lat' dir='ltr'><strong>est,</strong></span> <span class='ocrx_word' id='word_1_628' title='bbox 2387 2474 2616 2545; x_wconf 84' lang='lat' dir='ltr'><strong>gratiam</strong></span> <span class='ocrx_word' id='word_1_629' title='bbox 2641 2475 2774 2546; x_wconf 86' lang='lat' dir='ltr'><strong>legis</strong></span> <span class='ocrx_word' id='word_1_630' title='bbox 2798 2493 2811 2541; x_wconf 93' lang='lat'><strong>;</strong></span> <span class='ocrx_word' id='word_1_631' title='bbox 2844 2476 2967 2530; x_wconf 88' lang='lat' dir='ltr'><strong>tulit</strong></span> <span class='ocrx_word' id='word_1_632' title='bbox 2992 2484 3048 2531; x_wconf 93' lang='lat' dir='ltr'><strong>et</strong></span> <span class='ocrx_word' id='word_1_633' title='bbox 3069 2488 3344 2548; x_wconf 89' lang='lat' dir='ltr'><strong>sceptrum</strong></span> <span class='ocrx_word' id='word_1_634' title='bbox 3372 2477 3576 2547; x_wconf 88' lang='lat' dir='ltr'><strong>regale,</strong></span> 
     </span>
    </p>
   </div>
   <div class='ocr_carea' id='block_1_81' title="bbox 1981 2565 3570 2640">
    <p class='ocr_par' dir='ltr' id='par_1_81' title="bbox 1981 2565 3570 2640">
     <span class='ocr_line' id='line_1_81' title="bbox 1981 2565 3570 2640; baseline 0.003 -21"><span class='ocrx_word' id='word_1_635' title='bbox 1981 2566 2135 2636; x_wconf 90' lang='lat' dir='ltr'><strong>regni</strong></span> <span class='ocrx_word' id='word_1_636' title='bbox 2163 2565 2373 2621; x_wconf 90' lang='lat' dir='ltr'><strong>scilicet</strong></span> <span class='ocrx_word' id='word_1_637' title='bbox 2423 2575 2769 2637; x_wconf 89' lang='lat' dir='ltr'><strong>potestatem,</strong></span> <span class='ocrx_word' id='word_1_638' title='bbox 2821 2583 2983 2638; x_wconf 89' lang='lat' dir='ltr'><strong>quam</strong></span> <span class='ocrx_word' id='word_1_639' title='bbox 3032 2584 3132 2640; x_wconf 87' lang='lat' dir='ltr'><strong>pro</strong></span> <span class='ocrx_word' id='word_1_640' title='bbox 3178 2585 3373 2640; x_wconf 88' lang='lat' dir='ltr'><strong>magno</strong></span> <span class='ocrx_word' id='word_1_641' title='bbox 3402 2569 3570 2624; x_wconf 81' lang='lat' dir='ltr'><strong>habe-</strong></span> 
     </span>
    </p>
   </div>
   <div class='ocr_carea' id='block_1_82' title="bbox 1979 2654 3574 2731">
    <p class='ocr_par' dir='ltr' id='par_1_82' title="bbox 1979 2654 3574 2731">
     <span class='ocr_line' id='line_1_82' title="bbox 1979 2654 3574 2731; baseline 0.004 -21"><span class='ocrx_word' id='word_1_642' title='bbox 1979 2654 2133 2723; x_wconf 91' lang='lat' dir='ltr'><strong>bant,</strong></span> <span class='ocrx_word' id='word_1_643' title='bbox 2166 2665 2222 2712; x_wconf 92' lang='lat' dir='ltr'><strong>et</strong></span> <span class='ocrx_word' id='word_1_644' title='bbox 2249 2659 2390 2713; x_wconf 90' lang='lat' dir='ltr'><strong>unde</strong></span> <span class='ocrx_word' id='word_1_645' title='bbox 2415 2673 2475 2713; x_wconf 89' lang='lat' dir='ltr'><strong>se</strong></span> <span class='ocrx_word' id='word_1_646' title='bbox 2503 2661 2860 2730; x_wconf 87' lang='lat' dir='ltr'><strong>protegebant</strong></span> <span class='ocrx_word' id='word_1_647' title='bbox 2901 2661 3292 2731; x_wconf 87' lang='lat' dir='ltr'><strong>temporaliter,</strong></span> <span class='ocrx_word' id='word_1_648' title='bbox 3332 2670 3384 2715; x_wconf 89' lang='lat' dir='ltr'><strong>et</strong></span> <span class='ocrx_word' id='word_1_649' title='bbox 3410 2676 3574 2730; x_wconf 90' lang='lat' dir='ltr'><strong>quam</strong></span> 
     </span>
    </p>
   </div>
   <div class='ocr_carea' id='block_1_83' title="bbox 1981 2748 3574 2825">
    <p class='ocr_par' dir='ltr' id='par_1_83' title="bbox 1981 2748 3574 2825">
     <span class='ocr_line' id='line_1_83' title="bbox 1981 2748 3574 2825; baseline 0.001 -21"><span class='ocrx_word' id='word_1_650' title='bbox 1981 2749 2242 2804; x_wconf 88' lang='lat' dir='ltr'><strong>adversus</strong></span> <span class='ocrx_word' id='word_1_651' title='bbox 2295 2748 2581 2805; x_wconf 92' lang='lat' dir='ltr'><strong>Dominum</strong></span> <span class='ocrx_word' id='word_1_652' title='bbox 2645 2767 2743 2822; x_wconf 91' lang='lat' dir='ltr'><strong>per</strong></span> <span class='ocrx_word' id='word_1_653' title='bbox 2794 2752 3227 2808; x_wconf 87' lang='lat' dir='ltr'><strong>incredulitatem</strong></span> <span class='ocrx_word' id='word_1_654' title='bbox 3293 2753 3574 2825; x_wconf 89' lang='lat' dir='ltr'><strong>gerebant.</strong></span> 
     </span>
    </p>
   </div>
   <div class='ocr_carea' id='block_1_84' title="bbox 1979 2841 3577 2900">
    <p class='ocr_par' dir='ltr' id='par_1_84' title="bbox 1979 2841 3577 2900">
     <span class='ocr_line' id='line_1_84' title="bbox 1979 2841 3577 2900; baseline 0 -3"><span class='ocrx_word' id='word_1_655' title='bbox 1979 2841 2184 2898; x_wconf 90' lang='lat' dir='ltr'><strong>Deinde</strong></span> <span class='ocrx_word' id='word_1_656' title='bbox 2236 2843 2410 2898; x_wconf 90' lang='lat' dir='ltr'><strong>victor</strong></span> <span class='ocrx_word' id='word_1_657' title='bbox 2463 2843 2631 2899; x_wconf 91' lang='lat' dir='ltr'><strong>David</strong></span> <span class='ocrx_word' id='word_1_658' title='bbox 2671 2853 2856 2900; x_wconf 90' lang='lat' dir='ltr'><strong>noster</strong></span> <span class='ocrx_word' id='word_1_659' title='bbox 2908 2845 2975 2900; x_wconf 92' lang='lat' dir='ltr'><strong>de</strong></span> <span class='ocrx_word' id='word_1_660' title='bbox 3014 2845 3210 2900; x_wconf 91' lang='lat' dir='ltr'><strong>castris</strong></span> <span class='ocrx_word' id='word_1_661' title='bbox 3253 2859 3440 2900; x_wconf 91' lang='lat' dir='ltr'><strong>eorum</strong></span> <span class='ocrx_word' id='word_1_662' title='bbox 3487 2859 3577 2898; x_wconf 87' lang='lat' dir='ltr'><strong>re-</strong></span> 
     </span>
    </p>
   </div>
   <div class='ocr_carea' id='block_1_85' title="bbox 1978 2936 3572 3006">
    <p class='ocr_par' dir='ltr' id='par_1_85' title="bbox 1978 2936 3572 3006">
     <span class='ocr_line' id='line_1_85' title="bbox 1978 2936 3572 3006; baseline 0.001 -17"><span class='ocrx_word' id='word_1_663' title='bbox 1978 2949 2196 3006; x_wconf 89' lang='lat' dir='ltr'><strong>gressus</strong></span> <span class='ocrx_word' id='word_1_664' title='bbox 2220 2937 2556 2992; x_wconf 87' lang='lat' dir='ltr'><strong>transcendit</strong></span> <span class='ocrx_word' id='word_1_665' title='bbox 2586 2937 2641 2991; x_wconf 94' lang='lat' dir='ltr'><strong>in</strong></span> <span class='ocrx_word' id='word_1_666' title='bbox 2691 2937 3034 2993; x_wconf 88' lang='lat' dir='ltr'><strong>altitudinem</strong></span> <span class='ocrx_word' id='word_1_667' title='bbox 3064 2937 3264 2994; x_wconf 87' lang='lat' dir='ltr'><strong>montis</strong></span> <span class='ocrx_word' id='word_1_668' title='bbox 3296 2936 3572 2994; x_wconf 58' lang='lat' dir='ltr'><strong>caelorum.</strong></span> 
     </span>
    </p>
   </div>
   <div class='ocr_carea' id='block_1_86' title="bbox 2553 3072 3018 3130">
    <p class='ocr_par' dir='ltr' id='par_1_86' title="bbox 2553 3072 3018 3130">
     <span class='ocr_line' id='line_1_86' title="bbox 2553 3072 3018 3130; baseline -0.004 0"><span class='ocrx_word' id='word_1_669' title='bbox 2553 3072 2779 3130; x_wconf 85' lang='lat' dir='ltr'><strong>CAPUT</strong></span> <span class='ocrx_word' id='word_1_670' title='bbox 2808 3072 3018 3129; x_wconf 83' lang='lat' dir='ltr'><strong>XXVII.</strong></span> 
     </span>
    </p>
   </div>
   <div class='ocr_carea' id='block_1_87' title="bbox 2405 3163 3159 3237">
    <p class='ocr_par' dir='ltr' id='par_1_87' title="bbox 2405 3163 3159 3237">
     <span class='ocr_line' id='line_1_87' title="bbox 2405 3163 3159 3237; baseline 0.001 -18"><span class='ocrx_word' id='word_1_671' title='bbox 2405 3163 2658 3237; x_wconf 85' lang='lat' dir='ltr'><strong>Sequitur</strong></span> <span class='ocrx_word' id='word_1_672' title='bbox 2692 3166 2756 3220; x_wconf 88' lang='lat' dir='ltr'><strong>de</strong></span> <span class='ocrx_word' id='word_1_673' title='bbox 2777 3167 2934 3237; x_wconf 77' lang='lat' dir='ltr'><strong>gestis</strong></span> <span class='ocrx_word' id='word_1_674' title='bbox 2964 3166 3159 3220; x_wconf 82' lang='lat' dir='ltr'><strong>David.</strong></span> 
     </span>
    </p>
   </div>
   <div class='ocr_carea' id='block_1_88' title="bbox 2055 3274 3574 3348">
    <p class='ocr_par' dir='ltr' id='par_1_88' title="bbox 2055 3274 3574 3348">
     <span class='ocr_line' id='line_1_88' title="bbox 2055 3274 3574 3348; baseline 0.002 -18"><span class='ocrx_word' id='word_1_675' title='bbox 2055 3274 2206 3347; x_wconf 79' lang='lat' dir='ltr'><strong>(CAP.</strong></span> <span class='ocrx_word' id='word_1_676' title='bbox 2237 3275 2438 3345; x_wconf 82' lang='lat' dir='ltr'><strong>xxvu.)</strong></span> <span class='ocrx_word' id='word_1_677' title='bbox 2483 3296 2500 3327; x_wconf 77' lang='grc' dir='ltr'><strong><em>ι</em></strong></span> <span class='ocrx_word' id='word_1_678' title='bbox 2528 3277 2596 3330; x_wconf 82' lang='grc' dir='ltr'><strong>Ει</strong></span> <span class='ocrx_word' id='word_1_679' title='bbox 2618 3277 2866 3332; x_wconf 89' lang='lat' dir='ltr'><strong>ascendit</strong></span> <span class='ocrx_word' id='word_1_680' title='bbox 2890 3277 3082 3342; x_wconf 88' lang='lat' dir='ltr'><strong>David,</strong></span> <span class='ocrx_word' id='word_1_681' title='bbox 3115 3288 3171 3333; x_wconf 92' lang='lat' dir='ltr'><strong>et</strong></span> <span class='ocrx_word' id='word_1_682' title='bbox 3195 3278 3297 3332; x_wconf 91' lang='lat' dir='ltr'><strong>viri</strong></span> <span class='ocrx_word' id='word_1_683' title='bbox 3328 3277 3484 3348; x_wconf 85' lang='lat' dir='ltr'><strong>ejus;</strong></span> <span class='ocrx_word' id='word_1_684' title='bbox 3515 3285 3574 3333; x_wconf 88' lang='lat' dir='ltr'><strong>et</strong></span> 
     </span>
    </p>
   </div>
   <div class='ocr_carea' id='block_1_89' title="bbox 1989 3365 3575 3436">
    <p class='ocr_par' dir='ltr' id='par_1_89' title="bbox 1989 3365 3575 3436">
     <span class='ocr_line' id='line_1_89' title="bbox 1989 3365 3575 3436; baseline 0.002 -19"><span class='ocrx_word' id='word_1_685' title='bbox 1989 3385 2006 3417; x_wconf 79' lang='grc' dir='ltr'>ι</span> <span class='ocrx_word' id='word_1_686' title='bbox 2036 3367 2269 3436; x_wconf 86' lang='lat' dir='ltr'><strong>agebant</strong></span> <span class='ocrx_word' id='word_1_687' title='bbox 2288 3366 2499 3435; x_wconf 68' lang='lat' dir='ltr'><strong>praedas</strong></span> <span class='ocrx_word' id='word_1_688' title='bbox 2517 3367 2582 3421; x_wconf 90' lang='lat' dir='ltr'><strong>de</strong></span> <span class='ocrx_word' id='word_1_689' title='bbox 2602 3365 2844 3430; x_wconf 89' lang='lat' dir='ltr'><strong>Gessuri,</strong></span> <span class='ocrx_word' id='word_1_690' title='bbox 2869 3375 2924 3421; x_wconf 92' lang='lat' dir='ltr'><strong>et</strong></span> <span class='ocrx_word' id='word_1_691' title='bbox 2947 3368 3014 3421; x_wconf 90' lang='lat' dir='ltr'><strong>de</strong></span> <span class='ocrx_word' id='word_1_692' title='bbox 3034 3365 3219 3433; x_wconf 85' lang='lat' dir='ltr'><strong>Gerzi,</strong></span> <span class='ocrx_word' id='word_1_693' title='bbox 3245 3377 3300 3422; x_wconf 90' lang='lat' dir='ltr'><strong>et</strong></span> <span class='ocrx_word' id='word_1_694' title='bbox 3321 3368 3386 3422; x_wconf 89' lang='lat' dir='ltr'><strong>de</strong></span> <span class='ocrx_word' id='word_1_695' title='bbox 3407 3367 3575 3421; x_wconf 84' lang='lat' dir='ltr'><strong>Ama-</strong></span> 
     </span>
    </p>
   </div>
   <div class='ocr_carea' id='block_1_90' title="bbox 1987 3456 3576 3526">
    <p class='ocr_par' dir='ltr' id='par_1_90' title="bbox 1987 3456 3576 3526">
     <span class='ocr_line' id='line_1_90' title="bbox 1987 3456 3576 3526; baseline 0.003 -17"><span class='ocrx_word' id='word_1_696' title='bbox 1987 3476 2004 3509; x_wconf 84' lang='grc'><em>‹</em></span> <span class='ocrx_word' id='word_1_697' title='bbox 2031 3457 2229 3512; x_wconf 83' lang='lat' dir='ltr'><strong>lecitis.</strong></span> <span class='ocrx_word' id='word_1_698' title='bbox 2262 3457 2328 3510; x_wconf 82' lang='lat' dir='ltr'><strong>Hi</strong></span> <span class='ocrx_word' id='word_1_699' title='bbox 2367 3456 2514 3511; x_wconf 90' lang='lat' dir='ltr'><strong>enim</strong></span> <span class='ocrx_word' id='word_1_700' title='bbox 2550 3458 2671 3526; x_wconf 88' lang='lat' dir='ltr'><strong>pagi</strong></span> <span class='ocrx_word' id='word_1_701' title='bbox 2725 3457 3109 3512; x_wconf 87' lang='lat' dir='ltr'><strong>habitabantur</strong></span> <span class='ocrx_word' id='word_1_702' title='bbox 3151 3459 3204 3512; x_wconf 91' lang='lat' dir='ltr'><strong>in</strong></span> <span class='ocrx_word' id='word_1_703' title='bbox 3236 3466 3385 3513; x_wconf 89' lang='lat' dir='ltr'><strong>terra</strong></span> <span class='ocrx_word' id='word_1_704' title='bbox 3432 3458 3576 3513; x_wconf 87' lang='lat' dir='ltr'><strong>anti-</strong></span> 
     </span>
    </p>
   </div>
   <div class='ocr_carea' id='block_1_91' title="bbox 1983 3547 3578 3620">
    <p class='ocr_par' dir='ltr' id='par_1_91' title="bbox 1983 3547 3578 3620">
     <span class='ocr_line' id='line_1_91' title="bbox 1983 3547 3578 3620; baseline 0.001 -18"><span class='ocrx_word' id='word_1_705' title='bbox 1983 3570 2002 3602; x_wconf 83' lang='grc'><strong>‹</strong></span> <span class='ocrx_word' id='word_1_706' title='bbox 2031 3550 2232 3620; x_wconf 90' lang='lat' dir='ltr'><strong>quitus.</strong></span> <span class='ocrx_word' id='word_1_707' title='bbox 2268 3567 2286 3599; x_wconf 71' lang='grc' dir='ltr'><strong><em>ι</em></strong></span> <span class='ocrx_word' id='word_1_708' title='bbox 2317 3547 2382 3601; x_wconf 83' lang='lat' dir='ltr'><strong>Ili</strong></span> <span class='ocrx_word' id='word_1_709' title='bbox 2412 3548 2535 3618; x_wconf 90' lang='lat' dir='ltr'><strong>pagi</strong></span> <span class='ocrx_word' id='word_1_710' title='bbox 2566 3563 2675 3602; x_wconf 89' lang='lat' dir='ltr'><strong>non</strong></span> <span class='ocrx_word' id='word_1_711' title='bbox 2724 3557 2882 3603; x_wconf 90' lang='lat' dir='ltr'><strong>erant</strong></span> <span class='ocrx_word' id='word_1_712' title='bbox 2923 3550 3023 3604; x_wconf 90' lang='lat' dir='ltr'><strong>sub</strong></span> <span class='ocrx_word' id='word_1_713' title='bbox 3071 3556 3338 3619; x_wconf 89' lang='lat' dir='ltr'><strong>potestate</strong></span> <span class='ocrx_word' id='word_1_714' title='bbox 3383 3547 3578 3617; x_wconf 75' lang='lat' dir='ltr'><strong>Achis.</strong></span> 
     </span>
    </p>
   </div>
   <div class='ocr_carea' id='block_1_92' title="bbox 1977 3639 3570 3718">
    <p class='ocr_par' dir='ltr' id='par_1_92' title="bbox 1977 3639 3570 3718">
     <span class='ocr_line' id='line_1_92' title="bbox 1977 3639 3570 3718; baseline -0.003 -24"><span class='ocrx_word' id='word_1_715' title='bbox 1977 3641 2217 3695; x_wconf 87' lang='lat' dir='ltr'><strong>Habitati</strong></span> <span class='ocrx_word' id='word_1_716' title='bbox 2259 3642 2313 3695; x_wconf 92' lang='lat' dir='ltr'><strong>in</strong></span> <span class='ocrx_word' id='word_1_717' title='bbox 2341 3649 2486 3696; x_wconf 88' lang='lat' dir='ltr'><strong>terra</strong></span> <span class='ocrx_word' id='word_1_718' title='bbox 2519 3640 2819 3710; x_wconf 89' lang='lat' dir='ltr'><strong>antiquitus</strong></span> <span class='ocrx_word' id='word_1_719' title='bbox 2865 3641 3136 3706; x_wconf 89' lang='lat' dir='ltr'><strong>dicuntur,</strong></span> <span class='ocrx_word' id='word_1_720' title='bbox 3167 3641 3296 3710; x_wconf 91' lang='lat' dir='ltr'><strong>quia</strong></span> <span class='ocrx_word' id='word_1_721' title='bbox 3323 3639 3492 3718; x_wconf 82' lang='lat' dir='ltr'><strong>quieti</strong></span> <span class='ocrx_word' id='word_1_722' title='bbox 3516 3646 3570 3695; x_wconf 83' lang='lat' dir='ltr'><strong>et</strong></span> 
     </span>
    </p>
   </div>
   <div class='ocr_carea' id='block_1_93' title="bbox 1976 3731 3562 3804">
    <p class='ocr_par' dir='ltr' id='par_1_93' title="bbox 1976 3731 3562 3804">
     <span class='ocr_line' id='line_1_93' title="bbox 1976 3731 3562 3804; baseline -0.002 -13"><span class='ocrx_word' id='word_1_723' title='bbox 1976 3734 2153 3791; x_wconf 90' lang='lat' dir='ltr'><strong>securi</strong></span> <span class='ocrx_word' id='word_1_724' title='bbox 2185 3734 2413 3789; x_wconf 90' lang='lat' dir='ltr'><strong>habitati</strong></span> <span class='ocrx_word' id='word_1_725' title='bbox 2460 3731 2695 3792; x_wconf 89' lang='lat' dir='ltr'><strong>fuerant.</strong></span> <span class='ocrx_word' id='word_1_726' title='bbox 2742 3741 2798 3790; x_wconf 92' lang='lat' dir='ltr'><strong>et</strong></span> <span class='ocrx_word' id='word_1_727' title='bbox 2845 3733 3048 3790; x_wconf 91' lang='lat' dir='ltr'><strong>nullius</strong></span> <span class='ocrx_word' id='word_1_728' title='bbox 3096 3732 3270 3790; x_wconf 88' lang='lat' dir='ltr'><strong>hostis</strong></span> <span class='ocrx_word' id='word_1_729' title='bbox 3298 3731 3562 3804; x_wconf 61' lang='lat' dir='ltr'><strong>depraeda-</strong></span> 
     </span>
    </p>
   </div>
   <div class='ocr_carea' id='block_1_94' title="bbox 1982 3830 2445 3902">
    <p class='ocr_par' dir='ltr' id='par_1_94' title="bbox 1982 3830 2445 3902">
     <span class='ocr_line' id='line_1_94' title="bbox 1982 3830 2445 3902; baseline -0.004 -16"><span class='ocrx_word' id='word_1_730' title='bbox 1982 3832 2162 3886; x_wconf 90' lang='lat' dir='ltr'><strong>tiones</strong></span> <span class='ocrx_word' id='word_1_731' title='bbox 2181 3830 2445 3902; x_wconf 89' lang='lat' dir='ltr'><strong>perpessi.</strong></span> 
     </span>
    </p>
   </div>
   <div class='ocr_carea' id='block_1_95' title="bbox 2518 3917 3014 3977">
    <p class='ocr_par' dir='ltr' id='par_1_95' title="bbox 2518 3917 3014 3977">
     <span class='ocr_line' id='line_1_95' title="bbox 2518 3917 3014 3977; baseline -0.008 -1"><span class='ocrx_word' id='word_1_732' title='bbox 2518 3919 2748 3977; x_wconf 83' lang='lat' dir='ltr'><strong>CAPUT</strong></span> <span class='ocrx_word' id='word_1_733' title='bbox 2777 3917 3014 3976; x_wconf 80' lang='lat' dir='ltr'><strong>XXVIII.</strong></span> 
     </span>
    </p>
   </div>
   <div class='ocr_carea' id='block_1_96' title="bbox 2370 4029 3184 4090">
    <p class='ocr_par' dir='ltr' id='par_1_96' title="bbox 2370 4029 3184 4090">
     <span class='ocr_line' id='line_1_96' title="bbox 2370 4029 3184 4090; baseline -0.009 0"><span class='ocrx_word' id='word_1_734' title='bbox 2370 4034 2574 4090; x_wconf 89' lang='lat' dir='ltr'><strong>Iterum</strong></span> <span class='ocrx_word' id='word_1_735' title='bbox 2602 4034 2666 4088; x_wconf 84' lang='lat' dir='ltr'><strong>de</strong></span> <span class='ocrx_word' id='word_1_736' title='bbox 2705 4041 2871 4088; x_wconf 89' lang='lat' dir='ltr'><strong>morte</strong></span> <span class='ocrx_word' id='word_1_737' title='bbox 2899 4029 3184 4088; x_wconf 75' lang='lat' dir='ltr'><strong>Samuelis.</strong></span> 
     </span>
    </p>
   </div>
   <div class='ocr_carea' id='block_1_97' title="bbox 2047 4139 3568 4219">
    <p class='ocr_par' dir='ltr' id='par_1_97' title="bbox 2047 4139 3568 4219">
     <span class='ocr_line' id='line_1_97' title="bbox 2047 4139 3568 4219; baseline -0.005 -17"><span class='ocrx_word' id='word_1_738' title='bbox 2047 4145 2198 4219; x_wconf 79' lang='lat' dir='ltr'><strong>(CAP.</strong></span> <span class='ocrx_word' id='word_1_739' title='bbox 2224 4145 2442 4218; x_wconf 74' lang='lat' dir='ltr'><strong>xxvm.)</strong></span> <span class='ocrx_word' id='word_1_740' title='bbox 2476 4165 2494 4196; x_wconf 89' lang='grc'><strong><em>‹</em></strong></span> <span class='ocrx_word' id='word_1_741' title='bbox 2547 4144 2766 4200; x_wconf 90' lang='lat' dir='ltr'><strong>Samuel</strong></span> <span class='ocrx_word' id='word_1_742' title='bbox 2816 4153 2997 4199; x_wconf 86' lang='lat' dir='ltr'><strong>autem</strong></span> <span class='ocrx_word' id='word_1_743' title='bbox 3043 4150 3289 4198; x_wconf 91' lang='lat' dir='ltr'><strong>mortuus</strong></span> <span class='ocrx_word' id='word_1_744' title='bbox 3317 4146 3439 4207; x_wconf 87' lang='lat' dir='ltr'><strong>est;</strong></span> <span class='ocrx_word' id='word_1_745' title='bbox 3472 4139 3568 4194; x_wconf 82' lang='lat' dir='ltr'><strong>fle—</strong></span> 
     </span>
    </p>
   </div>
   <div class='ocr_carea' id='block_1_98' title="bbox 1979 4231 3565 4310">
    <p class='ocr_par' dir='ltr' id='par_1_98' title="bbox 1979 4231 3565 4310">
     <span class='ocr_line' id='line_1_98' title="bbox 1979 4231 3565 4310; baseline -0.004 -18"><span class='ocrx_word' id='word_1_746' title='bbox 1979 4258 1996 4292; x_wconf 76' lang='grc' dir='ltr'>σ</span> <span class='ocrx_word' id='word_1_747' title='bbox 2028 4240 2214 4310; x_wconf 87' lang='lat' dir='ltr'><strong>vitque</strong></span> <span class='ocrx_word' id='word_1_748' title='bbox 2263 4254 2388 4295; x_wconf 89' lang='lat' dir='ltr'><strong>eum</strong></span> <span class='ocrx_word' id='word_1_749' title='bbox 2440 4237 2617 4294; x_wconf 90' lang='lat' dir='ltr'><strong>omnis</strong></span> <span class='ocrx_word' id='word_1_750' title='bbox 2666 4237 2854 4301; x_wconf 88' lang='lat' dir='ltr'><strong>Israel,</strong></span> <span class='ocrx_word' id='word_1_751' title='bbox 2907 4244 2961 4291; x_wconf 89' lang='lat' dir='ltr'><strong>et</strong></span> <span class='ocrx_word' id='word_1_752' title='bbox 2992 4235 3321 4306; x_wconf 90' lang='lat' dir='ltr'><strong>sepelierunt</strong></span> <span class='ocrx_word' id='word_1_753' title='bbox 3357 4247 3477 4288; x_wconf 91' lang='lat' dir='ltr'><strong>eum</strong></span> <span class='ocrx_word' id='word_1_754' title='bbox 3509 4231 3565 4286; x_wconf 88' lang='lat' dir='ltr'><strong>in</strong></span> 
     </span>
    </p>
   </div>
   <div class='ocr_carea' id='block_1_99' title="bbox 1978 4323 3567 4398">
    <p class='ocr_par' dir='ltr' id='par_1_99' title="bbox 1978 4323 3567 4398">
     <span class='ocr_line' id='line_1_99' title="bbox 1978 4323 3567 4398; baseline -0.005 -14"><span class='ocrx_word' id='word_1_755' title='bbox 1978 4351 1996 4384; x_wconf 75' lang='grc' dir='ltr'>ι</span> <span class='ocrx_word' id='word_1_756' title='bbox 2024 4331 2198 4386; x_wconf 75' lang='lat' dir='ltr'><strong>Itama</strong></span> <span class='ocrx_word' id='word_1_757' title='bbox 2240 4329 2374 4384; x_wconf 90' lang='lat' dir='ltr'><strong>urbe</strong></span> <span class='ocrx_word' id='word_1_758' title='bbox 2423 4344 2540 4394; x_wconf 89' lang='lat' dir='ltr'><strong>sua,</strong></span> <span class='ocrx_word' id='word_1_759' title='bbox 2566 4349 2584 4380; x_wconf 74' lang='grc' dir='ltr'><strong><em>ι</em></strong></span> <span class='ocrx_word' id='word_1_760' title='bbox 2619 4336 2724 4383; x_wconf 90' lang='lat' dir='ltr'><strong>etc.</strong></span> <span class='ocrx_word' id='word_1_761' title='bbox 2760 4326 2934 4398; x_wconf 89' lang='lat' dir='ltr'><strong>Supra</strong></span> <span class='ocrx_word' id='word_1_762' title='bbox 2985 4340 3220 4396; x_wconf 87' lang='lat' dir='ltr'><strong>namque</strong></span> <span class='ocrx_word' id='word_1_763' title='bbox 3256 4323 3456 4379; x_wconf 91' lang='lat' dir='ltr'><strong>dicitur</strong></span> <span class='ocrx_word' id='word_1_764' title='bbox 3480 4335 3567 4377; x_wconf 89' lang='lat' dir='ltr'><strong>se-</strong></span> 
     </span>
    </p>
   </div>
   <div class='ocr_carea' id='block_1_100' title="bbox 1972 4413 3562 4494">
    <p class='ocr_par' dir='ltr' id='par_1_100' title="bbox 1972 4413 3562 4494">
     <span class='ocr_line' id='line_1_100' title="bbox 1972 4413 3562 4494; baseline -0.004 -18"><span class='ocrx_word' id='word_1_765' title='bbox 1972 4422 2156 4494; x_wconf 89' lang='lat' dir='ltr'><strong>pultus</strong></span> <span class='ocrx_word' id='word_1_766' title='bbox 2187 4422 2353 4476; x_wconf 88' lang='lat' dir='ltr'><strong>fuisse</strong></span> <span class='ocrx_word' id='word_1_767' title='bbox 2382 4420 2434 4473; x_wconf 92' lang='lat' dir='ltr'><strong>in</strong></span> <span class='ocrx_word' id='word_1_768' title='bbox 2465 4421 2624 4475; x_wconf 91' lang='lat' dir='ltr'><strong>domo</strong></span> <span class='ocrx_word' id='word_1_769' title='bbox 2656 4435 2752 4474; x_wconf 91' lang='lat' dir='ltr'><strong>sua</strong></span> <span class='ocrx_word' id='word_1_770' title='bbox 2779 4421 2833 4472; x_wconf 90' lang='lat' dir='ltr'><strong>in</strong></span> <span class='ocrx_word' id='word_1_771' title='bbox 2856 4419 3046 4473; x_wconf 82' lang='lat' dir='ltr'><strong>Rama.</strong></span> <span class='ocrx_word' id='word_1_772' title='bbox 3079 4417 3148 4470; x_wconf 85' lang='lat' dir='ltr'><strong>In</strong></span> <span class='ocrx_word' id='word_1_773' title='bbox 3175 4417 3329 4469; x_wconf 90' lang='lat' dir='ltr'><strong>domo</strong></span> <span class='ocrx_word' id='word_1_774' title='bbox 3358 4432 3474 4478; x_wconf 84' lang='lat' dir='ltr'><strong>sua,</strong></span> <span class='ocrx_word' id='word_1_775' title='bbox 3505 4413 3562 4469; x_wconf 90' lang='lat' dir='ltr'><strong>in</strong></span> 
     </span>
    </p>
   </div>
   <div class='ocr_carea' id='block_1_101' title="bbox 1974 4507 3570 4581">
    <p class='ocr_par' dir='ltr' id='par_1_101' title="bbox 1974 4507 3570 4581">
     <span class='ocr_line' id='line_1_101' title="bbox 1974 4507 3570 4581; baseline -0.004 -15"><span class='ocrx_word' id='word_1_776' title='bbox 1974 4512 2180 4568; x_wconf 81' lang='lat' dir='ltr'><strong>familia</strong></span> <span class='ocrx_word' id='word_1_777' title='bbox 2213 4511 2461 4567; x_wconf 85' lang='lat' dir='ltr'><strong>videlicet</strong></span> <span class='ocrx_word' id='word_1_778' title='bbox 2499 4519 2554 4564; x_wconf 91' lang='lat' dir='ltr'><strong>et</strong></span> <span class='ocrx_word' id='word_1_779' title='bbox 2582 4509 2903 4581; x_wconf 89' lang='lat' dir='ltr'><strong>cognatione</strong></span> <span class='ocrx_word' id='word_1_780' title='bbox 2950 4522 3068 4563; x_wconf 90' lang='lat' dir='ltr'><strong>sua.</strong></span> <span class='ocrx_word' id='word_1_781' title='bbox 3119 4507 3390 4574; x_wconf 66' lang='lat' dir='ltr'><strong>Quaaritur</strong></span> <span class='ocrx_word' id='word_1_782' title='bbox 3417 4522 3570 4560; x_wconf 87' lang='lat' dir='ltr'><strong>nam-</strong></span> 
     </span>
    </p>
   </div>
   <div class='ocr_carea' id='block_1_102' title="bbox 1893 4596 3570 4707">
    <p class='ocr_par' dir='ltr' id='par_1_102' title="bbox 1893 4596 3570 4707">
     <span class='ocr_line' id='line_1_102' title="bbox 1893 4596 3570 4707; baseline -0.005 -46"><span class='ocrx_word' id='word_1_783' title='bbox 1893 4647 1948 4707; x_wconf 68' lang='grc' dir='ltr'><strong>Β</strong></span> <span class='ocrx_word' id='word_1_784' title='bbox 1979 4620 2084 4676; x_wconf 90' lang='lat' dir='ltr'><strong>que</strong></span> <span class='ocrx_word' id='word_1_785' title='bbox 2128 4619 2252 4660; x_wconf 90' lang='lat' dir='ltr'><strong>cum</strong></span> <span class='ocrx_word' id='word_1_786' title='bbox 2299 4602 2548 4673; x_wconf 87' lang='lat' dir='ltr'><strong>superius</strong></span> <span class='ocrx_word' id='word_1_787' title='bbox 2588 4602 2706 4673; x_wconf 86' lang='lat' dir='ltr'><strong>jam</strong></span> <span class='ocrx_word' id='word_1_788' title='bbox 2751 4608 2997 4655; x_wconf 89' lang='lat' dir='ltr'><strong>mortuus</strong></span> <span class='ocrx_word' id='word_1_789' title='bbox 3051 4598 3286 4667; x_wconf 88' lang='lat' dir='ltr'><strong>legatur,</strong></span> <span class='ocrx_word' id='word_1_790' title='bbox 3335 4612 3434 4652; x_wconf 92' lang='lat' dir='ltr'><strong>cur</strong></span> <span class='ocrx_word' id='word_1_791' title='bbox 3480 4596 3570 4652; x_wconf 92' lang='lat' dir='ltr'><strong>hic</strong></span> 
     </span>
     <span class='ocr_line' id='line_1_103' title="bbox 2168 4687 3563 4707; baseline -0.005 4"><span class='ocrx_word' id='word_1_792' title='bbox 2168 4705 2174 4707; x_wconf 95' lang='lat'><strong>.</strong></span> <span class='ocrx_word' id='word_1_793' title='bbox 2404 4703 2413 4707; x_wconf 89' lang='lat'><strong>-</strong></span> <span class='ocrx_word' id='word_1_794' title='bbox 2545 4693 2648 4707; x_wconf 66' lang='grc' dir='ltr'><strong>η..</strong></span> <span class='ocrx_word' id='word_1_795' title='bbox 2722 4699 2734 4707; x_wconf 82' lang='grc'><strong>.</strong></span> <span class='ocrx_word' id='word_1_796' title='bbox 2876 4690 2926 4707; x_wconf 95' lang='grc'><strong>..</strong></span> <span class='ocrx_word' id='word_1_797' title='bbox 3013 4689 3029 4707; x_wconf 88' lang='lat'>,</span> <span class='ocrx_word' id='word_1_798' title='bbox 3070 4698 3082 4707; x_wconf 84' lang='lat'><strong>.</strong></span> <span class='ocrx_word' id='word_1_799' title='bbox 3119 4687 3563 4707; x_wconf 30' lang='lat'><strong>.._._-_.__‘.___..</strong></span> 
     </span>
    </p>
   </div>
   <div class='ocr_carea' id='block_1_103' title="bbox 1972 4687 3565 4769">
    <p class='ocr_par' dir='ltr' id='par_1_103' title="bbox 1972 4687 3565 4769">
     <span class='ocr_line' id='line_1_104' title="bbox 1972 4687 3565 4769; baseline -0.008 -15"><span class='ocrx_word' id='word_1_800' title='bbox 1972 4705 2251 4769; x_wconf 84' lang='lat' dir='ltr'><strong>repetatur</strong></span> <span class='ocrx_word' id='word_1_801' title='bbox 2277 4695 2568 4752; x_wconf 89' lang='lat' dir='ltr'><strong>mortuus?</strong></span> <span class='ocrx_word' id='word_1_802' title='bbox 2597 4693 2846 4749; x_wconf 88' lang='lat' dir='ltr'><strong>Mortuus</strong></span> <span class='ocrx_word' id='word_1_803' title='bbox 2874 4690 2964 4747; x_wconf 88' lang='lat' dir='ltr'><strong>hic</strong></span> <span class='ocrx_word' id='word_1_804' title='bbox 3009 4689 3090 4764; x_wconf 92' lang='lat' dir='ltr'><strong>(ut</strong></span> <span class='ocrx_word' id='word_1_805' title='bbox 3119 4687 3330 4745; x_wconf 70' lang='lat' dir='ltr'><strong>Hebraei</strong></span> <span class='ocrx_word' id='word_1_806' title='bbox 3356 4687 3565 4761; x_wconf 91' lang='lat' dir='ltr'><strong>volunt)</strong></span> 
     </span>
    </p>
   </div>
   <div class='ocr_carea' id='block_1_104' title="bbox 1974 4783 3564 4857">
    <p class='ocr_par' dir='ltr' id='par_1_104' title="bbox 1974 4783 3564 4857">
     <span class='ocr_line' id='line_1_105' title="bbox 1974 4783 3564 4857; baseline -0.007 -7"><span class='ocrx_word' id='word_1_807' title='bbox 1974 4793 2408 4852; x_wconf 88' lang='lat' dir='ltr'><strong>resuscitationis</strong></span> <span class='ocrx_word' id='word_1_808' title='bbox 2437 4807 2549 4847; x_wconf 76' lang='lat' dir='ltr'><strong>sua:</strong></span> <span class='ocrx_word' id='word_1_809' title='bbox 2572 4805 2736 4846; x_wconf 89' lang='lat' dir='ltr'><strong>causa</strong></span> <span class='ocrx_word' id='word_1_810' title='bbox 2767 4788 3070 4857; x_wconf 88' lang='lat' dir='ltr'><strong>repetitur;</strong></span> <span class='ocrx_word' id='word_1_811' title='bbox 3105 4793 3158 4841; x_wconf 90' lang='lat' dir='ltr'><strong>et</strong></span> <span class='ocrx_word' id='word_1_812' title='bbox 3187 4792 3247 4839; x_wconf 92' lang='lat' dir='ltr'><strong>ut</strong></span> <span class='ocrx_word' id='word_1_813' title='bbox 3283 4783 3564 4839; x_wconf 89' lang='lat' dir='ltr'><strong>damnatio</strong></span> 
     </span>
    </p>
   </div>
   <div class='ocr_carea' id='block_1_105' title="bbox 1973 4873 3564 4953">
    <p class='ocr_par' dir='ltr' id='par_1_105' title="bbox 1973 4873 3564 4953">
     <span class='ocr_line' id='line_1_106' title="bbox 1973 4873 3564 4953; baseline -0.009 -12"><span class='ocrx_word' id='word_1_814' title='bbox 1973 4884 2174 4949; x_wconf 89' lang='lat' dir='ltr'><strong>Saulis,</strong></span> <span class='ocrx_word' id='word_1_815' title='bbox 2205 4882 2299 4953; x_wconf 85' lang='lat' dir='ltr'><strong>qui</strong></span> <span class='ocrx_word' id='word_1_816' title='bbox 2336 4882 2391 4936; x_wconf 91' lang='lat' dir='ltr'><strong>in</strong></span> <span class='ocrx_word' id='word_1_817' title='bbox 2419 4881 2658 4952; x_wconf 88' lang='lat' dir='ltr'><strong>peccatis</strong></span> <span class='ocrx_word' id='word_1_818' title='bbox 2690 4886 2935 4934; x_wconf 89' lang='lat' dir='ltr'><strong>mortuus</strong></span> <span class='ocrx_word' id='word_1_819' title='bbox 2957 4884 3095 4943; x_wconf 89' lang='lat' dir='ltr'><strong>erat,</strong></span> <span class='ocrx_word' id='word_1_820' title='bbox 3132 4882 3188 4930; x_wconf 90' lang='lat' dir='ltr'><strong>et</strong></span> <span class='ocrx_word' id='word_1_821' title='bbox 3212 4873 3402 4929; x_wconf 89' lang='lat' dir='ltr'><strong>relicto</strong></span> <span class='ocrx_word' id='word_1_822' title='bbox 3427 4873 3564 4938; x_wconf 88' lang='lat' dir='ltr'><strong>Deo,</strong></span> 
     </span>
    </p>
   </div>
   <div class='ocr_carea' id='block_1_106' title="bbox 1971 4965 3567 5048">
    <p class='ocr_par' dir='ltr' id='par_1_106' title="bbox 1971 4965 3567 5048">
     <span class='ocr_line' id='line_1_107' title="bbox 1971 4965 3567 5048; baseline -0.009 -14"><span class='ocrx_word' id='word_1_823' title='bbox 1971 4984 2160 5034; x_wconf 88' lang='lat' dir='ltr'><strong>contra</strong></span> <span class='ocrx_word' id='word_1_824' title='bbox 2185 4975 2379 5048; x_wconf 90' lang='lat' dir='ltr'><strong>legem,</strong></span> <span class='ocrx_word' id='word_1_825' title='bbox 2405 4973 2705 5045; x_wconf 84' lang='lat' dir='ltr'><strong>Pythonem</strong></span> <span class='ocrx_word' id='word_1_826' title='bbox 2727 4970 3062 5035; x_wconf 87' lang='lat' dir='ltr'><strong>consulebat,</strong></span> <span class='ocrx_word' id='word_1_827' title='bbox 3081 4968 3228 5039; x_wconf 88' lang='lat' dir='ltr'><strong>justa</strong></span> <span class='ocrx_word' id='word_1_828' title='bbox 3251 4979 3371 5023; x_wconf 88' lang='lat' dir='ltr'><strong>esse</strong></span> <span class='ocrx_word' id='word_1_829' title='bbox 3393 4965 3567 5020; x_wconf 89' lang='lat' dir='ltr'><strong>mani-</strong></span> 
     </span>
    </p>
   </div>
   <div class='ocr_carea' id='block_1_107' title="bbox 1971 5071 2280 5127">
    <p class='ocr_par' dir='ltr' id='par_1_107' title="bbox 1971 5071 2280 5127">
     <span class='ocr_line' id='line_1_108' title="bbox 1971 5071 2280 5127; baseline -0.016 0"><span class='ocrx_word' id='word_1_830' title='bbox 1971 5071 2280 5127; x_wconf 84' lang='lat' dir='ltr'><strong>festarctur.</strong></span> 
     </span>
    </p>
   </div>
   <div class='ocr_carea' id='block_1_108' title="bbox 2538 5153 2981 5214">
    <p class='ocr_par' dir='ltr' id='par_1_108' title="bbox 2538 5153 2981 5214">
     <span class='ocr_line' id='line_1_109' title="bbox 2538 5153 2981 5214; baseline -0.018 0"><span class='ocrx_word' id='word_1_831' title='bbox 2538 5155 2764 5214; x_wconf 78' lang='lat' dir='ltr'><strong>CAPUT</strong></span> <span class='ocrx_word' id='word_1_832' title='bbox 2789 5153 2981 5211; x_wconf 87' lang='lat' dir='ltr'><strong>XXIX.</strong></span> 
     </span>
    </p>
   </div>
   <div class='ocr_carea' id='block_1_109' title="bbox 1970 5285 3560 5371">
    <p class='ocr_par' dir='ltr' id='par_1_109' title="bbox 1970 5285 3560 5371">
     <span class='ocr_line' id='line_1_110' title="bbox 1970 5285 3560 5371; baseline -0.01 -16"><span class='ocrx_word' id='word_1_833' title='bbox 1970 5300 2049 5355; x_wconf 90' lang='lat' dir='ltr'><strong>De</strong></span> <span class='ocrx_word' id='word_1_834' title='bbox 2082 5298 2384 5371; x_wconf 70' lang='lat' dir='ltr'><strong>pythonissa</strong></span> <span class='ocrx_word' id='word_1_835' title='bbox 2421 5296 2624 5371; x_wconf 74' lang='lat' dir='ltr'><strong>quce_ob_</strong></span> <span class='ocrx_word' id='word_1_836' title='bbox 2649 5301 2889 5371; x_wconf 70' lang='lat' dir='ltr'><strong>rogatum</strong></span> <span class='ocrx_word' id='word_1_837' title='bbox 2919 5286 3095 5371; x_wconf 62' lang='lat' dir='ltr'><strong>Saulis</strong></span> <span class='ocrx_word' id='word_1_838' title='bbox 3126 5285 3423 5371; x_wconf 66' lang='lat' dir='ltr'><strong>Samueiem</strong></span> <span class='ocrx_word' id='word_1_839' title='bbox 3442 5302 3560 5341; x_wconf 71' lang='lat' dir='ltr'><strong>aus-</strong></span> 
     </span>
    </p>
   </div>
   <div class='ocr_carea' id='block_1_110' title="bbox 2175 5357 3346 5434">
    <p class='ocr_par' dir='ltr' id='par_1_110' title="bbox 2175 5357 3346 5434">
     <span class='ocr_line' id='line_1_111' title="bbox 2175 5357 3346 5434; baseline -0.009 -12"><span class='ocrx_word' id='word_1_840' title='bbox 2175 5370 2373 5434; x_wconf 84' lang='lat' dir='ltr'><strong>citavit,</strong></span> <span class='ocrx_word' id='word_1_841' title='bbox 2403 5357 2495 5431; x_wconf 70' lang='lat' dir='ltr'><strong>qui</strong></span> <span class='ocrx_word' id='word_1_842' title='bbox 2516 5369 2563 5422; x_wconf 87' lang='lat' dir='ltr'><strong>ei</strong></span> <span class='ocrx_word' id='word_1_843' title='bbox 2590 5366 2654 5419; x_wconf 88' lang='lat' dir='ltr'><strong>de</strong></span> <span class='ocrx_word' id='word_1_844' title='bbox 2678 5357 2849 5418; x_wconf 78' lang='lat' dir='ltr'><strong>vicina</strong></span> <span class='ocrx_word' id='word_1_845' title='bbox 2874 5369 3041 5414; x_wconf 88' lang='lat' dir='ltr'><strong>morte</strong></span> <span class='ocrx_word' id='word_1_846' title='bbox 3070 5357 3346 5414; x_wconf 80' lang='lat' dir='ltr'><strong>intimavit.</strong></span> 
     </span>
    </p>
   </div>
   <div class='ocr_carea' id='block_1_111' title="bbox 2049 5493 3564 5563">
    <p class='ocr_par' dir='ltr' id='par_1_111' title="bbox 2049 5493 3564 5563">
     <span class='ocr_line' id='line_1_112' title="bbox 2049 5493 3564 5563; baseline -0.01 -6"><span class='ocrx_word' id='word_1_847' title='bbox 2049 5526 2066 5557; x_wconf 76' lang='grc' dir='ltr'>ι</span> <span class='ocrx_word' id='word_1_848' title='bbox 2094 5503 2223 5560; x_wconf 89' lang='lat' dir='ltr'><strong>Post</strong></span> <span class='ocrx_word' id='word_1_849' title='bbox 2272 5511 2503 5558; x_wconf 87' lang='lat' dir='ltr'><strong>mortem</strong></span> <span class='ocrx_word' id='word_1_850' title='bbox 2551 5505 2728 5553; x_wconf 89' lang='lat' dir='ltr'><strong>autem</strong></span> <span class='ocrx_word' id='word_1_851' title='bbox 2765 5494 3031 5551; x_wconf 88' lang='lat' dir='ltr'><strong>Samuelis</strong></span> <span class='ocrx_word' id='word_1_852' title='bbox 3074 5493 3383 5563; x_wconf 86' lang='lat' dir='ltr'><strong>congregati</strong></span> <span class='ocrx_word' id='word_1_853' title='bbox 3436 5496 3564 5544; x_wconf 87' lang='lat' dir='ltr'><strong>sunt</strong></span> 
     </span>
    </p>
   </div>
   <div class='ocr_carea' id='block_1_112' title="bbox 1977 5580 3558 5653">
    <p class='ocr_par' dir='ltr' id='par_1_112' title="bbox 1977 5580 3558 5653">
     <span class='ocr_line' id='line_1_113' title="bbox 1977 5580 3558 5653; baseline -0.011 -2"><span class='ocrx_word' id='word_1_854' title='bbox 1977 5617 1996 5651; x_wconf 83' lang='grc'><strong><em>‹</em></strong></span> <span class='ocrx_word' id='word_1_855' title='bbox 2027 5595 2354 5651; x_wconf 86' lang='lat' dir='ltr'><strong>Philisthiim</strong></span> <span class='ocrx_word' id='word_1_856' title='bbox 2404 5599 2592 5648; x_wconf 88' lang='lat' dir='ltr'><strong>contra</strong></span> <span class='ocrx_word' id='word_1_857' title='bbox 2631 5587 2819 5653; x_wconf 89' lang='lat' dir='ltr'><strong>Israel,</strong></span> <span class='ocrx_word' id='word_1_858' title='bbox 2871 5584 3249 5652; x_wconf 89' lang='lat' dir='ltr'><strong>consuluitque</strong></span> <span class='ocrx_word' id='word_1_859' title='bbox 3287 5580 3418 5636; x_wconf 87' lang='lat' dir='ltr'><strong>Saul</strong></span> <span class='ocrx_word' id='word_1_860' title='bbox 3447 5583 3558 5634; x_wconf 84' lang='lat' dir='ltr'><strong>Do-</strong></span> 
     </span>
    </p>
   </div>
   <div class='ocr_carea' id='block_1_113' title="bbox 1977 5669 3555 5752">
    <p class='ocr_par' dir='ltr' id='par_1_113' title="bbox 1977 5669 3555 5752">
     <span class='ocr_line' id='line_1_114' title="bbox 1977 5669 3555 5752; baseline -0.013 -9"><span class='ocrx_word' id='word_1_861' title='bbox 1977 5710 1995 5742; x_wconf 77' lang='grc' dir='ltr'><strong>σ</strong></span> <span class='ocrx_word' id='word_1_862' title='bbox 2023 5689 2231 5743; x_wconf 88' lang='lat' dir='ltr'><strong>miuum</strong></span> <span class='ocrx_word' id='word_1_863' title='bbox 2259 5703 2272 5752; x_wconf 93' lang='lat'><strong>;</strong></span> <span class='ocrx_word' id='word_1_864' title='bbox 2322 5693 2375 5739; x_wconf 88' lang='lat' dir='ltr'><strong>et</strong></span> <span class='ocrx_word' id='word_1_865' title='bbox 2423 5697 2528 5736; x_wconf 87' lang='lat' dir='ltr'><strong>non</strong></span> <span class='ocrx_word' id='word_1_866' title='bbox 2579 5680 2856 5750; x_wconf 89' lang='lat' dir='ltr'><strong>respondit</strong></span> <span class='ocrx_word' id='word_1_867' title='bbox 2882 5679 2952 5742; x_wconf 90' lang='lat' dir='ltr'><strong>ei,</strong></span> <span class='ocrx_word' id='word_1_868' title='bbox 2986 5691 3161 5746; x_wconf 87' lang='lat' dir='ltr'><strong>neque</strong></span> <span class='ocrx_word' id='word_1_869' title='bbox 3193 5686 3289 5742; x_wconf 87' lang='lat' dir='ltr'><strong>per</strong></span> <span class='ocrx_word' id='word_1_870' title='bbox 3323 5669 3555 5732; x_wconf 88' lang='lat' dir='ltr'><strong>somnia,</strong></span> 
     </span>
    </p>
   </div>
   <div class='ocr_carea' id='block_1_114' title="bbox 1975 5756 3555 5848">
    <p class='ocr_par' dir='ltr' id='par_1_114' title="bbox 1975 5756 3555 5848">
     <span class='ocr_line' id='line_1_115' title="bbox 1975 5756 3555 5848; baseline -0.014 -16"><span class='ocrx_word' id='word_1_871' title='bbox 1975 5801 1994 5832; x_wconf 69' lang='grc' dir='ltr'>ι</span> <span class='ocrx_word' id='word_1_872' title='bbox 2024 5794 2197 5848; x_wconf 86' lang='lat' dir='ltr'><strong>neque</strong></span> <span class='ocrx_word' id='word_1_873' title='bbox 2218 5791 2315 5847; x_wconf 88' lang='lat' dir='ltr'><strong>per</strong></span> <span class='ocrx_word' id='word_1_874' title='bbox 2342 5773 2672 5838; x_wconf 84' lang='lat' dir='ltr'><strong>sacerdotes,</strong></span> <span class='ocrx_word' id='word_1_875' title='bbox 2696 5791 2713 5822; x_wconf 87' lang='grc'><strong>›</strong></span> <span class='ocrx_word' id='word_1_876' title='bbox 2748 5779 2853 5826; x_wconf 89' lang='lat' dir='ltr'><strong>etc.</strong></span> <span class='ocrx_word' id='word_1_877' title='bbox 2889 5767 2998 5839; x_wconf 73' lang='lat' dir='ltr'><strong>(Ea:</strong></span> <span class='ocrx_word' id='word_1_878' title='bbox 3036 5765 3260 5819; x_wconf 59' lang='lat' dir='ltr'><strong>Hebraeo</strong></span> <span class='ocrx_word' id='word_1_879' title='bbox 3281 5756 3555 5832; x_wconf 83' lang='lat' dir='ltr'><strong>quodam.)</strong></span> 
     </span>
    </p>
   </div>
   <div class='ocr_carea' id='block_1_115' title="bbox 1970 5859 3555 5938">
    <p class='ocr_par' dir='ltr' id='par_1_115' title="bbox 1970 5859 3555 5938">
     <span class='ocr_line' id='line_1_116' title="bbox 1970 5859 3555 5938; baseline -0.016 -8"><span class='ocrx_word' id='word_1_880' title='bbox 1970 5873 2228 5934; x_wconf 76' lang='lat' dir='ltr'><strong>Hebraeus</strong></span> <span class='ocrx_word' id='word_1_881' title='bbox 2250 5867 2414 5925; x_wconf 85' lang='lat' dir='ltr'><strong>habet</strong></span> <span class='ocrx_word' id='word_1_882' title='bbox 2435 5885 2448 5922; x_wconf 87' lang='lat'><strong>:</strong></span> <span class='ocrx_word' id='word_1_883' title='bbox 2485 5867 2666 5938; x_wconf 82' lang='lat' dir='ltr'><strong>Neque</strong></span> <span class='ocrx_word' id='word_1_884' title='bbox 2686 5880 2776 5936; x_wconf 86' lang='lat' dir='ltr'><strong>per</strong></span> <span class='ocrx_word' id='word_1_885' title='bbox 2799 5859 3114 5925; x_wconf 71' lang='lat' dir='ltr'><strong>doctrinam,</strong></span> <span class='ocrx_word' id='word_1_886' title='bbox 3139 5869 3302 5924; x_wconf 80' lang='lat' dir='ltr'><strong>neque</strong></span> <span class='ocrx_word' id='word_1_887' title='bbox 3323 5866 3416 5922; x_wconf 82' lang='lat' dir='ltr'><strong>per</strong></span> <span class='ocrx_word' id='word_1_888' title='bbox 3433 5863 3555 5920; x_wconf 60' lang='lat' dir='ltr'><strong>pro»</strong></span> 
     </span>
    </p>
   </div>
  </div>
