4074 6470
533 359 603 417 67
1172 354 1233 410 B.
1274 354 1528 413 RABANI
1565 353 1788 413 MAURI
1825 350 2085 415 ARCHlE

2187 350 2494 410 MOGUNT.
2536 352 2820 411 OPERUM
2856 353 3038 412 PARS
3074 356 3114 411 1.
3710 359 3783 415 68

526 431 726 549 piratas.
752 472 1133 545 Respondebat
1154 470 1411 527 Dominus
1435 486 1532 541 per
1552 472 1780 536 somnia,
1807 471 1947 526 sicut
1967 470 2109 525 idem
2135 469 2187 530 A
2212 468 2591 524 vocitabantur
2636 467 2834 541 (Exod.
2886 471 3035 542 xxv).
3096 470 3335 542 Itemque
3387 474 3513 529 dum
3554 476 3795 547 quisque

522 565 730 622 Hebraei
761 571 1030 628 asserunt,
1060 578 1125 616 co
1162 563 1305 632 quod
1344 561 1639 633 jejunando
1663 571 1717 618 et
1758 563 1980 628 orando,
2011 579 2105 634 po-

523 660 744 714 scebant
768 656 1044 712 oraculum
1071 655 1175 711 sibi
1196 654 1314 710 ﬁeri
1335 654 1599 723 divinum,
1623 664 1678 712 et
1714 654 1971 710 Dominus
2000 654 2103 711 illis

519 767 617 824 per
644 751 851 806 somnia
881 749 1156 805 revelabat
1194 764 1257 805 ea
1288 764 1408 819 quin
1437 746 1617 804 futura
1642 756 1800 805 erant
1824 766 1837 778 ·
1871 747 2015 818 quod
2046 748 2102 802 in

518 843 620 899 hoc
647 840 764 897 loco
790 841 1013 897 minime
1035 838 1165 896 Sani
1194 840 1391 896 fecisse
1417 839 1632 912 legitur.
1659 834 1765 893 Per
1784 839 2099 905 doctrinm,

517 950 608 1005 per
632 932 806 1004 ephod
829 933 1055 998 scilicet,
1080 934 1223 1004 quod
1245 933 1499 989 sacerdos
1520 931 1579 988 in
1592 939 1813 1003 pectore
1833 931 2097 1002 gestabat.

517 1025 701 1098 Neque
725 1041 817 1097 por
840 1026 1141 1096 prophetas,
1169 1025 1297 1095 quia
1333 1024 1438 1081 illis
1484 1024 1888 1081 consulentibus
1916 1023 2074 1079 Domi

512 1133 617 1173 nus
649 1132 997 1191 nequaquam
1028 1119 1411 1191 respondebat.
1444 1118 1509 1174 lii
1540 1118 1820 1189 prophetae
1848 1118 2100 1175 dicuntur

513 1207 680 1265 fuisse
730 1208 979 1280 discipuli
1033 1208 1340 1266 Samuelis:
1402 1211 1598 1281 quibus
1653 1209 2099 1282 prophetantibus

504 1297 691 1368 iunxit
736 1316 796 1357 se
844 1300 973 1358 Saul
1036 1311 1093 1359 et
1139 1304 1505 1375 prophetavit.
1554 1303 1917 1375 Quiesivitque
1968 1302 2098 1360 Saul

508 1390 908 1462 pythonissam,
936 1407 1058 1463 qua:
1088 1394 1378 1450 suscitaret
1410 1393 1486 1451 illi
1515 1392 1840 1451 Samuelem.
1872 1392 2096 1451 Statim-

509 1496 617 1557 que
640 1482 957 1551 suscitatus,
981 1483 1062 1539 ait
1091 1486 1163 1542 ad
1186 1498 1347 1541 eum:

588 1593 611 1629 ι
639 1575 819 1644 Quare
843 1577 1160 1648 inquietasti
1182 1593 1291 1645 me,
1316 1586 1377 1634 ut
1405 1577 1734 1635 suscitarer?
1757 1597 1777 1630 ι
1798 1586 1904 1635 etc.
1938 1576 2096 1646 Quaa-

510 1668 666 1737 ritur,
705 1671 1001 1725 secundum
1023 1672 1324 1737 historiam,
1355 1680 1535 1726 utrum
1562 1672 1880 1743 pythonissa
1919 1672 2099 1742 ipsum

507 1759 829 1829 prophetam
855 1760 927 1816 de
957 1759 1172 1817 inferno
1192 1761 1527 1828 evocaverit,
1553 1776 1620 1816 an
1666 1760 1827 1815 aliam
1855 1760 2094 1831 aliquam

2206 558 2353 615 videt
2374 561 2667 627 somnium,
2699 575 2802 616 non
2830 560 2981 627 dicit,
3015 559 3135 615 Vidi
3164 562 3451 633 imaginem
3476 562 3789 634 Augustini,

2210 650 2325 718 sed,
2355 651 2479 707 Vidi
2506 652 2889 722 Augustinum,
2927 666 3050 706 cum
3077 666 3143 708 eo
3182 660 3425 723 tempore
3446 668 3555 723 quo
3583 656 3797 726 aliquid

2200 739 2306 797 tale
2330 740 2523 811 aliquis
2548 742 2703 807 vidit,
2752 742 3024 813 ignoraret
3054 742 3159 797 hoc
3203 742 3557 814 Augustinus.
3603 745 3797 817 lisque

2202 832 2336 888 adeo
2369 831 2716 889 manifestum
2742 841 2826 888 est
2856 848 2962 889 non
2994 835 3143 904 ipsos
3168 834 3438 901 homines,
3469 837 3569 893 sed
3600 838 3796 909 inagi-

2201 937 2299 979 nes
2319 937 2509 980 eorum
2533 924 2727 979 videri.
2769 923 2836 979 Et
2873 923 3089 981 Pharao
3120 925 3300 997 spicas
3324 939 3387 981 se
3417 926 3557 983 ω
3582 928 3797 986 vidisse

2200 1016 2255 1070 in
2281 1016 2485 1072 somnis
2511 1023 2567 1071 et
2592 1015 2777 1084 boves,
2827 1032 2938 1073 non
2981 1018 3255 1089 spicarum
3280 1026 3376 1075 aut
3399 1020 3564 1077 bol-
3593 1021 3799 1094 iungi:

2199 1123 2299 1165 nes
2326 1105 2475 1181 (Gen.
2503 1109 2637 1181 xm).
2684 1108 2747 1167 Si
2784 1111 2955 1182 igitur
2989 1121 3210 1169 constat
3242 1112 3451 1184 liquido
3477 1114 3801 1171 m

2197 1216 2382 1258 earum
2406 1215 2587 1257 rerum
2610 1204 3111 1276 quammimagines
3130 1212 3273 1272 sunt,
3287 1205 3502 1261 easdem
3524 1205 3801 1277 imagines

2199 1294 2479 1364 appellari,
2494 1310 2600 1351 non
2627 1297 2823 1353 mirum
2846 1298 3087 1368 estquod
3099 1297 3379 1369 Scriptura
3401 1299 3536 1355 dicit
3561 1299 3793 1356 Samuev

2199 1384 2303 1441 lem
2332 1387 2525 1454 visum,
2574 1389 2786 1444 etiamsi
2828 1388 2967 1446 forte
3019 1391 3195 1462 imago
3225 1388 3495 1447 Samuelis
3539 1391 3795 1462 apparuit

2196 1491 2296 1547 per
2333 1477 2457 1533 ﬁcta
2488 1478 2922 1535 machinamenta
2951 1478 3068 1550 ejus
3109 1480 3201 1551 qui
3247 1478 3601 1552 transﬁgurat
3642 1496 3703 1537 se
3726 1481 3787 1537 in

2197 1566 2444 1638 angelum
2466 1568 2623 1635 lucis,
2655 1580 2709 1625 et
2739 1571 3019 1627 ministros
3059 1586 3186 1627 suos
3211 1572 3477 1628 subornat
3498 1570 3649 1627 velut
3676 1572 3786 1626 mi-

2196 1650 2395 1713 nistros
2420 1658 2647 1728 justitiae
2678 1659 2732 1734 (Ι
2751 1658 2874 1715 Cor.
2903 1662 3003 1734 χι).
3034 1658 3153 1717 Jam
3176 1675 3309 1718 vero
3334 1661 3381 1717 si
3410 1661 3562 1729 iilud,
3587 1664 3785 1733 inquit,

2196 1758 2395 1816 movet,
2433 1752 2703 1820 quomodo
2744 1767 2776 1805 a
2805 1752 3044 1824 maligno
3081 1752 3273 1823 spiritu
3319 1752 3468 1808 Sauli
3494 1764 3623 1820 vera
3648 1767 3790 1824 pra!-

507 1846 889 1919 imaginariam
916 1848 1225 1906 illusionem
1260 1850 1473 1907 fallacia
1516 1852 1817 1909 daemonum
1847 1850 2093 1906 factam?
2120 1832 2171 1893 Β
2197 1840 2341 1896 dicta
2390 1841 2523 1909 sint.
2563 1851 2743 1914 potest
2770 1852 2826 1899 et
2872 1844 3005 1901 illud
3043 1845 3216 1901 videri
3263 1846 3483 1913 mirum.
3514 1848 3793 1917 quomodo

505 1937 587 1994 De
611 1940 716 1997 bac
740 1942 1041 2012 quaestione
1083 1944 1254 2000 beatae
1300 1942 1579 2000 memoria:
1606 1942 1939 2015 Augustinus
1976 1941 2092 2013 epi-

504 2046 703 2103 scopus
743 2033 1099 2106 Simpliciano
1144 2035 1531 2093 Mediolanensi
1569 2036 1822 2107 episeopo
1851 2035 1925 2089 ita
1956 2032 2092 2090 scri-

500 2120 651 2190 psit:
676 2140 695 2174 ι
727 2120 989 2194 Inquiris,
1012 2125 1252 2196 inquam,
1306 2134 1490 2182 utrum
1540 2124 1777 2198 potuerit
1821 2123 2090 2197 malignus

500 2212 726 2283 spiritus
749 2215 992 2273 excitare
1031 2217 1267 2275 animam
1312 2218 1470 2290 iusti,
1514 2225 1571 2277 et
1614 2228 1870 2289 tanquam
1899 2217 1965 2272 de
1994 2216 2090 2272 ab-

505 2302 633 2359 ditis
662 2314 1005 2365 mortuorum
1051 2309 1323 2383 repagulis
1361 2324 1610 2377 evocare,
1642 2318 1703 2366 ut
1739 2308 2097 2366 videreturet

498 2390 815 2464 loqueretur
844 2410 967 2457 cum
1019 2396 1170 2455 Saul.
1219 2400 1411 2456 Nonne
1459 2400 1631 2472 magis
1674 2401 1979 2456 mirandum
2019 2400 2089 2455 sit

508 2485 638 2556 quia
662 2485 893 2546 Satanas
935 2491 1110 2563 ipsum
1137 2493 1425 2550 Dominum
1463 2493 1777 2566 assumpsit,
1806 2501 1865 2549 et
1888 2493 2089 2550 consti-

499 2577 603 2633 tuit
634 2594 796 2650 super
822 2582 1043 2655 pinnam
1074 2584 1294 2657 templi?
1320 2585 1534 2658 (Matth.
1559 2586 1636 2658 v.)
1674 2585 1923 2653 Quolibet
1943 2587 2086 2641 enim

497 2669 661 2727 mdo
681 2669 899 2739 fecerit,
921 2673 1011 2729 ille
1037 2674 1203 2731 etiam
1224 2676 1417 2731 modus
1460 2692 1568 2747 quo
1615 2674 1854 2731 Saulueli
1879 2675 2084 2731 factum

499 2768 589 2816 est
614 2759 782 2818 itaut
831 2763 1056 2820 Samuel
1104 2765 1453 2833 excitaretur,
1506 2766 1756 2822 similiter
1784 2766 1953 2833 latet;
1982 2766 2089 2822 nisi

493 2851 637 2910 forte
663 2854 786 2929 quis
804 2854 1008 2913 dixerit
1042 2855 1345 2915 faciliorem
1369 2858 1583 2914 diabolo
1622 2857 1789 2913 fuisse
1814 2857 2085 2914 licentiam

496 2946 565 3002 ad
596 2947 888 3003 Dominum
915 2950 1096 3005 vivum
1124 2951 1266 3005 unde
1296 2950 1463 3006 voluit
1490 2950 1896 3017 assumendum,
1922 2958 1978 3006 et
1995 2950 2085 3005 ubi

495 3039 667 3097 voluit
711 3043 1167 3110 constituendum,
1218 3058 1387 3114 quam
1411 3042 1483 3098 ad
1526 3042 1793 3100 Samuelis
1846 3041 2085 3099 defuncti

492 3131 743 3202 spiritum
772 3146 804 3188 e
826 3133 941 3189 suis
977 3133 1196 3189 sedibus
1224 3134 1593 3190 excitandam.
1619 3132 1774 3200 Quod
1811 3133 1857 3189 si
1880 3132 2009 3188 illud
2029 3133 2084 3189 in

491 3222 794 3295 Evangelia:
830 3239 934 3280 nos
973 3223 1105 3281 ideo
1137 3239 1253 3283 non
1291 3224 1599 3289 contra-bet,
1649 3225 1781 3295 quia
1822 3224 2084 3281 Dominus

492 3314 669 3370 vellit
711 3323 874 3385 atque
917 3316 1171 3387 permisit
1193 3316 1341 3372 mula
1772 3332 1884 3375 suae
1926 3324 2085 3387 pote-

489 3409 648 3465 sutis
673 3418 729 3465 et
757 3409 1060 3466 divinitatis
1105 3410 1163 3467 id
1202 3409 1349 3476 sui.
1394 3410 1536 3466 sicut
1564 3410 1635 3467 ab
1680 3410 1814 3481 ipsis
1862 3407 2089 3476 ludatis,

492 3513 809 3570 quanquam
829 3500 1103 3570 pervasis
1126 3508 1291 3571 atque
1308 3499 1624 3567 immundis,
1645 3508 1701 3555 et
1720 3500 1864 3556 facta
1885 3499 2087 3556 diaboli

489 3589 835 3655 facientium,
862 3597 921 3647 et
944 3591 1123 3647 teneri
1147 3602 1227 3656 se,
1257 3598 1316 3647 et
1336 3591 1556 3657 vinciri,
1591 3600 1648 3647 et
1672 3590 1844 3656 illudi,
1869 3598 1926 3649 et
1960 3607 2089 3647 cru-

488 3678 665 3750 οΰρν
682 3687 851 3750 atth
875 3680 1109 3738 hterEei
1135 3696 1331 3752 passus
1369 3689 1456 3739 est
1484 3700 1497 3735 :
1542 3696 1651 3737 non
1677 3690 1761 3737 est
1787 3682 2087 3738 absurdum

488 3770 712 3826 credere
761 3786 829 3827 ex
873 3770 1051 3841 aliqua
1108 3770 1511 3842 dispensatione
1557 3772 1854 3828 voluntatis
1881 3773 2084 3830 divinas

486 3859 813 3928 permissum
863 3860 1053 3928 fuisse,
1110 3871 1177 3919 II
1203 3876 1311 3921 Ion
1361 3861 1583 3928 invitus,
1615 3877 1718 3917 nec
1766 3862 2082 3919 dominante

487 3949 698 4021 magica
730 3951 995 4020 potentia,
1036 3952 1135 4008 sed
1158 3952 1344 4009 volens
1371 3960 1535 4024 atque
1578 3952 1963 4024 obtemperans
1987 3970 2082 4012 oc-

490 4039 649 4096 cultae
676 4040 1069 4112 dispensationi
1111 4042 1226 4109 Dei,
1258 4058 1379 4114 qua:
1422 4041 1799 4114 pythonissam
1848 4045 1997 4101 illam
2023 4056 2081 4103 et

484 4128 710 4187 Saulem
753 4130 974 4201 latebat,
1023 4133 1245 4204 spiritus
1286 4133 1563 4206 prophetae
1603 4136 1785 4191 sancti
1809 4150 1867 4192 se
1895 4146 2080 4194 osten-

484 4219 642 4279 deret
665 4223 975 4295 aspectibus
1003 4225 1171 4296 regis,
1198 4224 1379 4280 divina
1402 4238 1527 4280 eum
1554 4226 1825 4282 sententia
1860 4241 2083 4297 percus-

484 4330 670 4373 surus.
720 4315 1039 4390 Quanquam
1065 4319 1123 4374 in
1166 4316 1270 4375 hoc
1312 4317 1456 4374 iacto
1501 4327 1681 4391 potest
1720 4322 1913 4377 adesse
1941 4320 2084 4378 alius

488 4404 703 4463 facilior
727 4408 1052 4477 intellectus,
1087 4416 1148 4465 ut
1188 4424 1296 4466 non
1341 4424 1471 4467 vere
1511 4412 1765 4483 spiritum
1810 4412 2085 4472 Samuelis

484 4499 778 4557 excitatum
811 4515 843 4555 a
870 4501 1060 4573 requie
1085 4516 1183 4558 sua
1209 4502 1517 4571 credamus,
1550 4503 1645 4561 sed
1670 4502 1889 4575 aliquod
1906 4507 2077 4577 phan-

489 4597 688 4656 tnsma,
715 4598 770 4645 et
806 4589 1182 4665 imaginariam
1211 4591 1514 4648 illusionem
1553 4594 1751 4650 diaboli
1795 4596 2071 4653 machina-

485 4681 725 4739 tionibus
763 4678 983 4750 factam,
1010 4696 1173 4754 quam
1211 4690 1499 4755 propterea
1530 4682 1808 4755 Scriptura
1852 4688 2078 4745 nomine

489 4771 755 4829 Samuelis
776 4772 1028 4845 appellat,
1050 4775 1178 4845 quia
1199 4772 1374 4831 solent
1396 4776 1659 4847 imagines
1676 4792 1867 4833 earum
1886 4794 2077 4836 rerum

488 4864 799 4922 nominibus
830 4864 1110 4937 appellari,
1156 4880 1387 4936 quarum
1430 4866 1693 4939 imagines
1731 4878 1879 4925 sunt.
1919 4868 2078 4927 Sient

484 4957 665 5011 omnia
690 4972 810 5028 quae
835 4956 1129 5028 pinguntur
1155 4966 1317 5027 atque
1341 4957 1640 5029 tinguntur,
1671 4974 1859 5015 earmu
1886 4977 2075 5018 rerum

485 5062 714 5118 quarum
740 5048 1004 5119 imagines
1030 5056 1175 5112 sunt,
1201 5050 1507 5105 nominibus
1534 5050 1908 5122 appellantur:
1932 5054 2075 5110 sicut

486 5143 723 5202 hominis
766 5144 976 5215 pictura
1023 5159 1147 5200 cum
1196 5145 1454 5217 pingitur,
1504 5148 1783 5218 proprium
1820 5150 2071 5221 quodque

485 5235 2069 5306 mmm,etdicitur:llle6icem

485 5337 589 5395 est,
622 5328 711 5385 ille
738 5326 1026 5396 Salustius,
1057 5330 1423 5399 illeAzchilles,
1452 5333 1561 5388 iste
1582 5332 1809 5401 ﬂector,
1851 5336 1955 5389 hoc
1974 5334 2071 5390 llu-

490 5438 619 5481 ,ιι
649 5422 879 5491 Simois.
899 5424 991 5481 illa
1019 5424 1361 5493 Meum
1382 5426 1526 5485 aliud
1565 5428 1700 5485 nihil
1742 5430 1870 5497 sint,
1905 5446 2068 5503 quam

487 5517 655 5589 picta
686 5515 967 5589 inachus.
1020 5518 1477 5578 Undecberubim
1516 5536 1640 5578 cum
1669 5521 1778 5578 sint
1821 5521 2072 5580 cmlestes

489 5610 740 5677 virtutes,
775 5608 907 5666 facti
931 5619 1059 5668 tune
1086 5626 1155 5667 ex
1190 5613 1430 5682 metallo,
1463 5630 1573 5684 quo
1612 5615 1901 5686 imperavit
1926 5614 2070 5674 Deus

486 5715 652 5771 stipe:
699 5716 881 5759 arcam
934 5706 1263 5773 testamenti,
1317 5722 1529 5779 magnai
1577 5707 1655 5763 rei
1705 5707 2071 5778 signiﬁcanda:

460 5783 464 5791 ’
487 5792 975 5863 ﬁrmitudine
991 5797 1455 5869 quamcberubim
1476 5798 1562 5853 illa
1584 5814 1798 5870 quoque
1814 5799 2070 5872 ﬁgmenta

2099 4546 2156 4608 D

2192 1933 2467 1989 dalmones
2515 1944 2852 2007 agnoverunt
2901 1935 3196 2006 Christum,
3247 1952 3409 2010 quem
3459 1938 3631 1996 Judaei
3672 1955 3791 1996 non

2190 2029 2553 2103 agnoscebant
2590 2028 2740 2103 (Luc.
2772 2046 2904 2098 vni;
2935 2030 3052 2087 Act.
3097 2031 3233 2106 nx).
3290 2031 3427 2095 Cum
3474 2032 3620 2089 enim
3671 2033 3795 2089 vult

2189 2120 2335 2177 Deus
2354 2122 2517 2178 etiam
2544 2138 2641 2195 per
2676 2122 2891 2181 inﬁmos
2931 2126 3154 2197 spiritus
3188 2126 3427 2197 aliquem
3462 2142 3592 2183 vera
3619 2142 3789 2199 agno.

2191 2230 2363 2283 scere,
2395 2216 2714 2290 temporalia
2765 2217 3029 2274 duntaxat
3080 2218 3149 2276 ad
3192 2220 3352 2301 istam
3398 2221 3787 2277 mortalitatem

2188 2305 2537 2376 pertinentia,
2560 2307 2719 2364 facile
2748 2318 2854 2376 est,
2884 2320 2939 2366 et
2972 2326 3082 2367 non
3114 2313 3492 2384 incongruum,
3519 2320 3583 2367 ut
3610 2313 3787 2367 omni-

2188 2403 2381 2467 potens
2405 2406 2461 2453 et
2498 2396 2679 2467 justus
2706 2400 2779 2456 ad
2798 2415 2986 2456 eorum
3017 2414 3256 2473 pinnam,
3283 2402 3478 2473 quibus
3508 2400 3611 2458 ista
3643 2416 3793 2473 prte-

2190 2484 2463 2556 dicuntur,
2514 2496 2576 2542 ut
2623 2488 2821 2543 malum
2855 2492 2997 2560 quod
3046 2490 3126 2546 eis
3174 2492 3437 2559 imminet,
3488 2500 3785 2560 antequam

2187 2578 2372 2633 veniat
2423 2583 2811 2649 praanosccndo
2861 2582 3180 2652 patiantur,
3247 2583 3463 2639 occulto
3518 2591 3785 2655 apparatu

2188 2670 2571 2741 mysteriorum
2592 2687 2813 2727 suorum
2834 2674 2999 2729 etiam
3032 2673 3312 2745 spiritibus
3337 2675 3538 2731 talibus
3579 2674 3789 2745 aliquid

2186 2760 2538 2819 divinationis
2564 2764 2863 2837 impertiat,
2917 2776 2979 2822 ut
3006 2769 3148 2837 quod
3183 2768 3411 2824 audiunt
3438 2767 3508 2824 ab
3550 2768 3782 2840 angelis,

2186 2855 2555 2923 praenuntient
2612 2857 2943 2913 hominibus.
3003 2856 3240 2914 Tantum
3302 2867 3487 2916 autem
3533 2860 3779 2925 audiunt,

2186 2953 2452 3014 quantum
2504 2946 2748 3001 omnium
2799 2948 3059 3004 Dominus
3109 2958 3273 3020 atque
3329 2950 3640 3019 moderator
3692 2950 3793 3004 vel

2181 3032 2337 3102 jubet
2360 3035 2444 3090 vel
2473 3036 2619 3091 sinit.
2653 3037 2807 3093 Unde
2835 3038 2998 3093 etiam
3040 3041 3265 3111 spiritus
3307 3040 3569 3112 pythonis
3592 3040 3647 3095 in
3675 3040 3786 3095 Ae-

2188 3127 2334 3182 tibus
2363 3128 2731 3198 apostolorum
2760 3138 3052 3187 attestatur
3073 3129 3239 3187 Paulo
3264 3131 3524 3203 apostolo,
3550 3140 3605 3188 et
3624 3144 3787 3186 ovan-

2186 3220 2379 3292 gelista
2405 3232 2782 3280 esseeenatur
2833 3224 2973 3297 (Act.
3021 3226 3156 3298 xw).
3197 3226 3427 3284 Miscent
3470 3234 3655 3283 tamen
3686 3227 3777 3283 isti

2186 3310 2453 3379 fallacias,
2482 3321 2540 3370 et
2580 3316 2724 3385 quod
2762 3330 2952 3372 verum
3000 3332 3163 3374 nosse
3196 3328 3508 3389 potuerunt,
3545 3334 3652 3374 non
3684 3319 3780 3375 do—

2186 3406 2341 3462 cendi
2371 3406 2547 3477 magis
2593 3422 2757 3478 quam
2801 3409 3102 3479 decipiendi
3150 3410 3259 3466 line
3304 3412 3686 3481 praenuntiant.
3711 3410 3781 3467 Et

2184 3493 2326 3550 forte
2349 3496 2455 3551 hoe
2481 3504 2587 3563 est,
2624 3498 2749 3567 quia
2775 3513 2901 3554 cum
2934 3499 3024 3553 illa
3049 3501 3228 3573 imago
3266 3500 3785 3559 Samuelis-Saulelu

2184 3585 2446 3655 praedicat
2487 3586 2833 3654 moriturum,
2880 3589 3018 3645 dixit
3059 3592 3223 3646 etiam
3263 3607 3448 3648 secum
3492 3590 3773 3648 futurum:

2184 3677 2329 3747 quod
2378 3677 2567 3749 utique
2612 3676 2812 3735 falsum
2864 3689 2967 3737 est.
3017 3681 3211 3754 Magno
3257 3683 3456 3756 quippe
3492 3683 3779 3739 intervallo

2184 3770 2424 3838 separari
2452 3770 2626 3826 bonos
2664 3787 2696 3825 a
2733 3770 2891 3828 malis
2929 3782 3056 3844 post
3099 3783 3331 3830 mortem
3375 3775 3433 3830 in
3481 3775 3776 3847 Evangelio

2182 3860 2434 3931 legimus,
2464 3877 2589 3918 cum
2610 3862 2755 3919 inter
2780 3866 3076 3937 superbum
3100 3866 3249 3923 illum
3274 3868 3516 3935 divitem,
3544 3868 3635 3938 qui
3659 3870 3777 3941 jam

2184 3956 2333 4027 apud
2367 3955 2575 4015 inferos
2611 3967 2889 4016 tormenta
2932 3969 3233 4033 pateretur,
3287 3972 3344 4019 et
3387 3962 3536 4018 illum
3581 3963 3674 4034 qui
3706 3965 3777 4020 ad

2183 4047 2305 4119 ejus
2322 4046 2545 4117 ianuam
2571 4048 2859 4108 ulcerosus
2877 4051 3116 4122 iacebat,
3132 4054 3253 4126 jam
3272 4054 3328 4111 in
3354 4054 3540 4126 requie
3573 4055 3779 4110 consti-

2183 4150 2385 4210 tutum,
2399 4158 2655 4216 magnum
2676 4145 2849 4204 chaos
2866 4146 3217 4216 interiectum
3229 4162 3352 4205 esse
3369 4156 3598 4205 testatur
3618 4146 3773 4220 (Luc.

2182 4234 2318 4307 ιη).
2346 4235 2457 4293 Aut
2476 4237 2527 4293 si
2551 4247 2849 4310 propterea
2871 4238 3096 4299 Samuel
3122 4241 3174 4297 ei
3204 4241 3356 4306 dixit,
3405 4240 3613 4298 Mecum
3638 4241 3781 4308 eris,

2180 4335 2241 4383 ut
2265 4341 2373 4383 non
2397 4328 2468 4383 ad
2490 4330 2855 4399 aequalitatem
2877 4330 3154 4389 felicitatis
3193 4333 3289 4389 sed
3311 4333 3380 4389 ad
3422 4346 3614 4405 parem
3639 4348 3774 4389 con-

2182 4416 2443 4474 ditionem
2459 4421 2651 4475 mortis
2670 4421 2963 4490 referatur,
2986 4424 3131 4494 quod
3149 4432 3381 4495 uterque
3403 4424 3566 4479 homo
3587 4422 3773 4489 fuerit,

2180 4516 2236 4563 et
2256 4517 2487 4582 uterque
2526 4512 2666 4567 mori
2709 4514 2965 4584 potuerit,
3005 4512 3227 4584 jamque
3265 4522 3512 4569 mortuus
3543 4522 3769 4570 mortem

2182 4600 2305 4656 vivo
2331 4603 2726 4673 praenuntiabat
2750 4622 2764 4672 ;
2795 4606 3090 4662 secundum
3113 4615 3403 4679 utrumque
3431 4606 3596 4680 igitur
3614 4605 3773 4661 intel-

2177 4692 2398 4760 lectum,
2428 4695 2629 4752 habere
2671 4697 2875 4752 exitum
2907 4698 3046 4755 hanc
3084 4699 3393 4764 lectionem,
3426 4699 3518 4771 qui
3563 4713 3677 4753 non
3698 4698 3774 4753 sit

2179 4793 2368 4841 contra
2393 4785 2553 4843 iidem
2579 4787 2926 4845 manifestum
2950 4798 3072 4845 est:
3115 4790 3224 4846 nisi
3262 4790 3402 4845 forte
3428 4788 3775 4861 profundiori

2177 4880 2530 4950 inquisitione
2577 4880 2886 4937 inveniatur
2930 4883 3001 4937 ad
3049 4882 3333 4954 liquidum,
3374 4881 3460 4937 vel
3497 4895 3656 4952 posse
3683 4880 3768 4934 vel

2178 4986 2286 5026 non
2309 4985 2468 5043 posse
2516 4971 2774 5039 animam,
2829 4986 2953 5027 cum
2999 4987 3063 5028 ex
3120 4974 3223 5028 hac
3266 4974 3377 5027 vita
3430 4970 3763 5044 migraverit,

2178 5063 2404 5135 magicis
2447 5062 2781 5119 carminibus
2824 5064 3065 5131 evocari,
3114 5073 3171 5119 et
3209 5064 3456 5119 vivorum
3505 5077 3768 5133 apparere

2178 5155 2505 5225 aspectibus,
2530 5154 2697 5209 etiam
2723 5156 2971 5225 corporis
2997 5156 3324 5212 lineamenta
3355 5163 3674 5227 gestantem,
3706 5161 3767 5208 ut

2177 5264 2285 5304 non
2322 5246 2497 5304 solum
2524 5248 2697 5303 videri
2720 5249 2917 5316 valeat,
2944 5246 3039 5305 sed
3058 5259 3120 5306 et
3139 5250 3377 5323 agnosci.
3404 5248 3536 5304 Etsi
3564 5255 3761 5317 potest,

2175 5350 2355 5397 utrum
2379 5341 2541 5396 etiam
2566 5342 2746 5396 anima
2761 5340 2914 5411 justi,
2931 5359 3045 5399 non
3058 5345 3272 5414 quidem
3294 5351 3520 5415 cogatur
3538 5340 3763 5412 magicis

2177 5433 2375 5500 sacris,
2404 5436 2500 5490 sed
2546 5433 2799 5504 dignetur
2826 5436 3037 5501 ostendi
3066 5436 3452 5491 occultior-ibus
3487 5433 3763 5507 mysteriis

2179 5523 2311 5598 [Al.,
2344 5524 2613 5598 imperiis]
2641 5540 2867 5583 summae
2908 5527 3013 5599 legi
3054 5529 3450 5598 obtemperans,
3480 5526 3611 5582 utsi
3639 5525 3761 5580 ﬁeri

2177 5632 2285 5674 non
2336 5630 2498 5688 posse
2535 5617 2813 5688 claruerit,
2861 5635 2968 5677 non
3008 5628 3235 5691 uterque
3275 5633 3471 5675 sensus
3511 5619 3569 5675 in
3598 5618 3759 5689 huius

2178 5709 2472 5781 Scriptura:
2501 5712 2829 5768 tractatione
2876 5712 3211 5779 admittatur,
3266 5711 3363 5768 sed
3406 5709 3498 5766 illo
3535 5709 3758 5766 excluso

2174 5799 2559 5873 imaginatione
2585 5802 2889 5861 similitudo
2902 5801 3170 5858 Samuelis
3192 5800 3467 5859 diabolica
3485 5799 3756 5865 ritum
