4074 6474
540 417 607 474 71
1047 369 1055 376 .
1206 416 1268 472 B.
1307 415 1561 472 RABANI
1597 414 1818 472 MAURI
1853 413 2169 471 ARCHIEP.
2208 413 2515 472 MOGUNT.
2557 415 2840 473 OPERUM
2876 414 3054 471 PARS
3088 415 3127 470 l.
3715 419 3791 477 72

1805 681 1912 761 ΙΝ
1975 678 2358 757 LIBRUM
2434 680 2538 758 Il.

1045 923 1270 981 CAPUT
1306 923 1594 982 PRIMUM.

539 1063 693 1132 Quod
722 1062 892 1118 David
919 1063 1162 1117 nuntium
1191 1061 1398 1132 sceleris
1429 1062 1767 1117 Amalecitem
1794 1061 1957 1132 Jussit
1996 1071 2116 1116 ante

605 1151 662 1188 se
695 1133 895 1203 percuti
938 1149 1032 1202 pro
1057 1142 1222 1186 morte
1248 1131 1450 1203 Saulis.
1497 1133 1574 1186 De
1605 1133 1750 1187 luctu
1796 1131 1966 1187 David
2012 1148 2113 1203 quo

605 1202 879 1273 plangebat
924 1203 1222 1273 interfectos
1274 1202 1408 1257 Saul
1459 1214 1504 1257 et
1539 1203 1832 1269 Jonathan,
1880 1213 1926 1257 et
1974 1202 2114 1273 quod

603 1272 844 1345 praecepit
871 1273 1032 1343 ﬁliios
1061 1272 1096 1327 J
1103 1273 1207 1327 uda
1237 1273 1414 1328 doceri
1447 1290 1649 1327 arcum.

612 1429 762 1502 (Car.
801 1428 866 1501 ι.)
912 1447 930 1480 ι
965 1428 1189 1484 Factum
1215 1438 1299 1483 εει
1327 1437 1529 1493 autem,
1560 1437 1842 1498 postquam
1873 1435 2117 1482 mortuus

547 1541 565 1574 ‹
611 1530 694 1577 εει
719 1521 869 1587 Saul,
904 1529 965 1576 ut
987 1521 1157 1575 David
1187 1528 1551 1575 reverteretur
1576 1535 1606 1573 a
1633 1518 1779 1574 czede
1803 1517 2041 1582 Amalec,
2065 1525 2120 1572 et

544 1630 562 1663 ι
611 1619 859 1666 maneret
891 1612 946 1666 in
978 1609 1190 1681 Siceleg
1220 1610 1335 1664 dies
1367 1610 1521 1666 duos.
1550 1609 1609 1664 In
1639 1611 1724 1664 die
1754 1616 1933 1664 autem
1958 1609 2114 1663 tertia

545 1723 566 1758 ε
613 1705 866 1775 apparuit
915 1704 1079 1760 homo
1127 1703 1349 1758 veniens
1403 1703 1469 1758 de
1522 1702 1716 1757 castris
1763 1700 1922 1766 Saul,
1965 1710 2118 1756 veste

545 1815 563 1848 ι
609 1797 908 1862 conscissa,
937 1804 994 1851 et
1018 1794 1240 1867 pulvere
1283 1809 1538 1865 aspersus
1567 1799 1758 1863 caput;
1795 1801 1852 1847 et
1880 1799 1942 1846 ut
1969 1790 2119 1847 venit

546 1906 565 1939 ι
612 1889 680 1942 ad
707 1887 895 1953 David,
924 1885 1119 1942 cecidit
1154 1900 1316 1956 super
1343 1884 1537 1940 faciem
1566 1899 1739 1948 suam,
1767 1890 1822 1938 et
1851 1883 2115 1938 adoravit.

486 1989 488 1992 '
544 1995 564 2030 ι
609 1977 864 2047 Dixitque
891 1976 960 2030 ad
989 1991 1113 2031 eum
1146 1974 1318 2030 David
1348 1993 1360 2027 :
1412 1973 1566 2030 Unde
1591 1973 1782 2027 venis?
1809 1971 1908 2038 Qui
1937 1972 2022 2027 fait
2051 1972 2120 2027 ad

545 2087 565 2120 ε
607 2083 730 2124 eum
757 2085 770 2122 :
801 2067 878 2125 De
901 2066 1096 2122 castris
1125 2065 1287 2120 lsrael
1315 2063 1446 2134 fugi.
1479 2063 1628 2117 Dixit
1659 2063 1728 2117 ad
1757 2077 1880 2116 eum
1906 2061 2115 2116 David:

545 2177 565 2211 ι
611 2158 763 2226 Quod
791 2164 875 2212 est
901 2158 1146 2220 verbum,
1179 2154 1324 2226 quod
1352 2154 1552 2208 factum
1595 2153 1715 2208 est?
1742 2152 1919 2207 indica
1961 2151 2116 2207 mihi.

549 2265 569 2299 ι
614 2247 716 2314 Qui
750 2247 866 2300 ait:
901 2245 1061 2317 Fugit
1085 2245 1316 2315 populus
1364 2244 1430 2299 de
1476 2243 1686 2314 praelio,
1719 2250 1775 2296 et
1813 2241 1969 2297 multi
1995 2257 2118 2297 cor-

549 2363 571 2397 i
616 2353 834 2399 mentes
868 2345 935 2399 de
971 2343 1170 2412 populo
1219 2341 1418 2396 mortui
1455 2346 1598 2394 sunt.
1653 2336 1762 2392 Sed
1793 2345 1848 2392 et
1895 2336 2026 2391 Saul
2064 2344 2121 2392 et

548 2453 568 2487 ‹
612 2433 880 2489 Jonathan
929 2433 1071 2488 ﬁlius
1115 2431 1232 2500 ejus
1263 2432 1602 2495 interierunt,
1645 2439 1750 2484 etc.
1801 2447 1821 2480 ι
1859 2428 1968 2499 (Ea:
2006 2426 2119 2480 He-

543 2526 682 2579 braeo
705 2523 979 2596 quodam.)
1008 2523 1300 2595 ,l-lominem
1328 2522 1492 2576 istum
1531 2519 1880 2575 Amalecitem
1909 2516 2119 2573 Hebraei

543 2617 713 2672 ﬁlium
763 2616 908 2686 Doeg
935 2614 1103 2670 fuisse
1127 2615 1333 2670 dicunt.
1367 2612 1692 2667 Amalecites
1722 2610 1867 2666 enim
1899 2617 1954 2664 et
1997 2609 2122 2663 ldu-

546 2723 714 2764 mzeus
740 2722 908 2761 unum
936 2715 1042 2773 est,
1073 2707 1200 2777 quia
1231 2706 1372 2760 ﬁlius
1396 2703 1790 2776 primogenitus
1815 2701 1977 2766 Esau,
2007 2699 2120 2754 Eli-

546 2799 633 2854 faz
669 2800 818 2870 fuit‘
835 2808 890 2855 et
922 2800 1083 2870 hujus
1111 2799 1252 2854 ﬁlius
1276 2797 1513 2852 Amalec.
1547 2796 1802 2851 Diadema
1848 2803 2028 2848 autem
2068 2799 2124 2846 et

545 2891 812 2947 armillam
841 2906 961 2961 qua:
1000 2889 1170 2945 David
1201 2889 1408 2955 detulit,
1438 2904 1467 2942 a
1493 2895 1645 2958 patre
1673 2887 1819 2956 Doeg
1847 2899 2121 2941 commen-

553 2982 680 3037 data
717 2983 821 3038 sibi
845 2981 1013 3036 fuisse
1060 2980 1270 3036 Hebraei
1308 2979 1610 3051 perhibent.
1645 2978 1784 3045 Quid
1830 2986 1912 3032 est
1943 2984 2123 3030 autem

548 3070 693 3144 quod
740 3073 828 3130 ille
878 3073 1226 3139 Amalecites,
1278 3073 1370 3141 qui
1419 3087 1477 3128 se
1525 3071 1680 3126 ﬁnxit
1719 3085 1903 3126 coram
1953 3067 2125 3122 David

551 3163 681 3218 Saul
709 3179 888 3235 regem
915 3163 1273 3227 interfecisse,
1299 3163 1366 3217 ab
1392 3177 1458 3217 eo
1474 3161 1635 3231 justas
1653 3160 1874 3216 ultionis
1908 3172 2125 3229 ptenam

546 3269 579 3309 a
603 3270 836 3326 superno
860 3254 1042 3325 judice
1073 3255 1333 3325 recipiet?
1356 3253 1510 3322 juxta
1536 3253 1667 3308 illud
1695 3251 1839 3322 quod
1863 3251 2126 3320 scriptum

545 3354 670 3401 est:
718 3364 736 3396 ι
776 3344 963 3401 Omnis
999 3347 1165 3412 enim,
1222 3347 1314 3415 qui
1365 3345 1501 3401 fodit
1548 3345 1780 3411 foveam,
1824 3343 2024 3398 incidet
2069 3341 2126 3396 in

552 3455 573 3489 ι
593 3453 713 3493 eam
729 3437 898 3509 (Eccl.
921 3437 1078 3508 xvu.)
1100 3459 1118 3490 ι
1141 3439 1207 3492 Et
1231 3453 1244 3490 :
1265 3457 1282 3488 ‹
1305 3438 1405 3504 Qui
1427 3437 1795 3508 percusserint
1814 3434 1989 3505 gladio
2003 3448 2128 3503 per-

547 3529 962 3608 ibuntjMatt/c.
1011 3530 1125 3601 xx).
1185 3529 1254 3584 Et
1280 3530 1410 3584 item
1455 3547 1467 3582 :
1512 3547 1530 3579 ‹
1565 3527 1638 3584 Os
1663 3527 1808 3598 quod
1845 3525 2124 3589 mentitur,

547 3621 749 3676 occidit
769 3621 1025 3686 animam,
1058 3619 1348 3675 mulctatus
1377 3619 1604 3688 accepit,
1638 3618 1742 3672 nisi
1773 3617 1914 3686 quod
1949 3614 2126 3670 omnis

548 3711 641 3781 qui
666 3710 914 3781 proximo
933 3726 1031 3765 suo
1053 3710 1397 3765 machinatur
1419 3709 1642 3774 malum,
1664 3706 1746 3760 vel
1768 3706 1834 3761 de
1857 3706 1973 3776 ejus
1996 3718 2127 3776 gau-

550 3803 642 3858 det
667 3803 908 3866 interitu,
935 3803 1094 3874 justa:
1118 3801 1494 3857 retributionis
1515 3813 1732 3870 poenam
1757 3795 1906 3868 (Sap.
1948 3796 2007 3867 l).
2048 3815 2067 3848 ι

627 3912 647 3946 ι
692 3896 1117 3966 Apprehendens
1168 3904 1348 3952 autem
1406 3893 1576 3948 David
1645 3890 1970 3946 vestimenta
2030 3903 2128 3944 sua

557 4004 578 4037 ι
623 3987 803 4054 scidit,
824 4003 1122 4058 omnesque
1140 3987 1245 4042 viri
1283 3986 1376 4056 qui
1403 3992 1561 4040 erant
1579 3997 1700 4038 cum
1723 3995 1808 4036 eo.
1825 3980 1892 4034 Et
1911 3979 2131 4050 planxe-

558 4098 578 4132 ι
622 4090 752 4136 runt
775 4089 829 4136 et
855 4081 1120 4137 ﬂeverunt
1148 4090 1204 4136 et
1233 4078 1617 4149 jejunaverunt
1641 4088 1814 4143 usque
1843 4072 1914 4127 ad
1939 4085 2130 4141 vespe-

557 4189 577 4223 ι
621 4185 736 4226 ram
760 4186 924 4243 super
939 4171 1091 4236 Saul,
1123 4185 1285 4240 super
1309 4168 1578 4224 Jonathan
1601 4165 1770 4220 ﬁlium
1795 4161 1941 4231 ejus;
1972 4169 2028 4216 et
2041 4176 2132 4216 su-

559 4279 579 4314 (
621 4277 718 4332 per
731 4261 986 4334 populum
1014 4262 1244 4325 Domini,
1270 4269 1325 4315 et
1351 4273 1512 4329 super
1527 4258 1746 4312 domum
1765 4253 1950 4318 lsrael,
1973 4272 1992 4305 ι
2021 4261 2127 4307 etc.

623 4356 732 4428 (Ex
745 4356 971 4427 eodem.)
990 4355 1252 4425 Populum
1272 4353 1484 4409 Domini
1508 4350 1818 4406 sacerdotes
1832 4355 1888 4402 et
1911 4347 2132 4401 domum

553 4447 742 4513 lsrael,
772 4447 1094 4518 generaliter
1121 4460 1336 4501 omnem
1364 4443 1620 4515 populum
1649 4439 1816 4498 lsrael
1835 4439 1987 4494 dicit.

629 4555 648 4589 ι
693 4537 909 4592 Planxit
967 4546 1147 4592 autem
1204 4536 1371 4595 David
1418 4535 1693 4604 planctum
1759 4527 2134 4602 hujuscemodi

559 4645 579 4678 σ
623 4642 788 4697 super
838 4627 987 4695 Saul,
1029 4638 1084 4684 et
1124 4641 1287 4698 super
1333 4625 1602 4682 Jonathan
1658 4623 1830 4678 ﬁlium
1874 4621 2022 4692 ejus,
2080 4629 2137 4675 et

560 4736 579 4770 ι
622 4719 881 4789 praecepit
932 4728 991 4775 ut
1042 4720 1302 4776 docerent
1352 4718 1492 4773 ﬁlios
1535 4715 1672 4773 Juda
1723 4730 1910 4770 arcum
1937 4755 1952 4781 ,
1995 4714 2138 4770 sicut

559 4828 578 4862 ι
625 4811 886 4881 scriptum
919 4820 1006 4868 est
1033 4811 1088 4866 in
1118 4811 1256 4866 libro
1283 4809 1581 4876 Justorum,
1614 4829 1633 4861 ›
1676 4817 1782 4863 etc.
1823 4807 1976 4876 Quod
2001 4806 2136 4862 scri-

553 4913 707 4976 ptum
753 4913 839 4959 est
884 4903 952 4959 de
985 4903 1177 4967 David,
1229 4903 1447 4974 quando
1488 4901 1776 4972 plangebat
1820 4899 2136 4954 interfectos

555 4993 689 5049 Saul
722 5003 774 5049 et
809 4993 1098 5062 Jonathan,
1131 4994 1256 5064 quia
1285 4994 1605 5065 praeceperit
1629 5001 1689 5048 ut
1713 4993 1973 5048 docerent
1996 4991 2136 5046 ﬁlios

2141 924 2196 984 Α
2219 921 2379 976 modo
2402 937 2510 992 quo
2526 921 2617 978 ille
2637 921 2890 992 perierat,
2908 917 3165 994 perirent.
3189 924 3344 992 Quod
3359 939 3490 982 vero
3511 928 3787 998 sequitur:

2224 1030 2242 1063 ι
2287 1011 2441 1066 Sicut
2495 1014 2754 1092 scriptum
2816 1022 2900 1069 est
2951 1014 3006 1068 in
3063 1015 3201 1070 libro
3251 1014 3563 1084 Justorum,
3601 1039 3620 1071 ι
3681 1027 3770 1074 etc

2216 1103 2394 1173 Ipsum
2421 1104 2616 1159 librum
2644 1107 2803 1162 hodie
2829 1123 3101 1177 nunquam
3132 1124 3306 1179 neque
3336 1111 3479 1180 apud
3506 1111 3654 1180 ipsos
3691 1111 3774 1167 He

2217 1193 2392 1250 brzeos
2436 1195 2666 1251 inveniri
2712 1213 2872 1268 posse
2901 1209 3255 1273 asseverant»,
3296 1201 3437 1256 sicut
3465 1218 3566 1258 nec
3595 1202 3792 1257 librum

2219 1284 2486 1340 Bellorum
2514 1287 2750 1354 Domini,
2784 1289 2936 1360 cujus
2978 1291 3033 1344 in
3064 1291 3200 1346 libro
3240 1291 3600 1348 Numerorum
3640 1310 3778 1351 men-

2221 1373 2296 1428 tio
2323 1383 2408 1430 est
2454 1375 2644 1447 (Num.
2676 1378 2811 1451 xxi),
2844 1395 3018 1450 neque
3047 1381 3287 1436 carmina
3334 1381 3663 1449 Salomonis,
3695 1401 3785 1441 ne-

2220 1478 2324 1534 que
2365 1465 2755 1536 disputationes
2791 1469 2909 1539 ejus
2952 1472 3376 1541 sapientissimas
3415 1474 3483 1529 de
3521 1474 3793 1545 lignorum

2219 1562 2436 1622 natura,
2474 1557 2872 1628 herbarumque
2921 1561 3188 1627 omnium,
3251 1563 3490 1634 itemque
3519 1564 3789 1635 jumento-

2220 1661 2364 1712 rum,
2394 1646 2691 1714 volucrum,
2737 1649 3028 1719 reptilium,
3065 1659 3119 1706 et
3145 1651 3394 1722 piscium.
3429 1653 3522 1710 Vel
3559 1655 3705 1724 quod
3732 1655 3790 1710 in

2220 1737 2359 1794 libro
2393 1737 2694 1794 Verborum
2743 1739 2963 1796 Dierum
3013 1743 3212 1798 dicitur
3254 1762 3268 1799 :
3329 1763 3348 1796 ‹
3391 1745 3619 1816 Reliqua
3666 1761 3799 1802 vero

2227 1846 2246 1880 ι
2287 1844 2456 1900 opera
2486 1829 2792 1886 Salomonis
2818 1831 3063 1902 priorum
3091 1841 3148 1888 et
3173 1835 3613 1900 novissimorum,
3663 1835 3800 1891 scri-

2227 1937 2246 1971 t
2291 1927 2385 1990 pta
2415 1929 2537 1975 sunt
2567 1921 2622 1975 in
2649 1922 2829 1977 verbis
2858 1922 3071 1978 Nathan
3115 1925 3410 1994 prophetae,
3457 1934 3514 1980 et
3553 1927 3609 1981 in
3647 1925 3804 1982 libris

2229 2030 2249 2064 ‹
2293 2011 2446 2066 Abite
2471 2011 2733 2079 Silonitis,
2773 2014 2829 2069 in
2863 2015 3072 2070 visione
3097 2031 3312 2086 quoque
3339 2017 3493 2072 Addo
3523 2018 3796 2084 videntis,

2227 2120 2247 2152 ι
2293 2109 2478 2158 contra
2513 2101 2799 2158 Jeroboam
2843 2103 3013 2159 ﬁlium
3041 2104 3214 2160 Nabat
3243 2105 3330 2177 (ΙΙ
3366 2106 3498 2162 Par.
3538 2108 3648 2178 Ix);
3685 2129 3706 2161 ι
3739 2117 3799 2163 ει

2221 2195 2390 2250 multa
2425 2196 2731 2267 hujusmodi
2760 2195 3054 2264 volumina,
3094 2213 3214 2268 quae
3249 2196 3533 2269 Scriptura
3577 2199 3802 2269 quidem

2145 2309 2193 2369 Β
2221 2287 2388 2343 fuisse
2431 2289 2624 2358 probat
2667 2288 2888 2358 scripta,
2919 2289 3012 2342 sed
3049 2289 3212 2343 hodie
3253 2298 3467 2344 constat
3508 2304 3615 2343 non
3657 2303 3800 2343 esse.

2221 2380 2445 2435 Vastata
2481 2395 2714 2449 namque
2753 2396 2784 2434 a
2821 2379 3088 2436 Chaldaeis
3131 2379 3340 2446 Iudaea,
3381 2388 3437 2435 et
3467 2380 3805 2436 bibliotheca

2223 2471 2519 2540 antiquitus
2550 2480 2874 2542 congregata
2905 2473 3048 2526 inter
3071 2472 3203 2526 alias
3230 2472 3522 2543 provincia:
3550 2487 3680 2541 opes
3702 2473 3804 2527 hoc

2222 2563 2329 2619 stili
2354 2575 2438 2618 est
2465 2565 2585 2634 igne
2625 2573 2976 2634 consumpta;
3015 2581 3078 2619 ex
3106 2579 3210 2634 qua
3237 2564 3415 2634 pauci,
3443 2565 3537 2634 qui
3574 2581 3718 2619 nunc
3747 2565 3804 2618 in

2223 2661 2409 2708 sancta
2439 2652 2721 2723 Scriptura
2750 2653 3097 2708 continentur
3121 2652 3625 2722 libri,postmodum
3650 2653 3807 2708 Ezra:

2222 2743 2494 2815 pontiﬁcis
2527 2744 2801 2814 prophetae
2838 2752 2962 2799 sunt
2991 2745 3258 2798 industria
3295 2745 3606 2800 restaurati.
3649 2744 3808 2800 Unde

2225 2833 2487 2902 scriptum
2514 2841 2598 2886 est
2625 2833 2691 2888 de
2720 2848 2785 2887 eo
2818 2851 2830 2886 :
2878 2851 2896 2884 ι
2932 2833 3188 2887 Ascendit
3213 2835 3382 2889 Ezras
3411 2835 3476 2890 de
3505 2834 3805 2905 Babylone,

2225 2935 2281 2981 et
2304 2927 2416 2996 ipse
2439 2925 2616 2980 scriba
2652 2925 2808 2980 velox
2836 2926 2888 2980 in
2912 2925 3026 2996 lege
3049 2925 3219 2998 Moysi
3251 2925 3302 2997 (1
3323 2927 3485 2982 Esdr.
3512 2926 3604 2999 1).:
3635 2926 3806 2981 Velox

2225 3015 2494 3079 videlicet,
2526 3015 2651 3084 quia
2676 3017 3038 3085 promptiores
3060 3015 3367 3072 litterarum
3399 3017 3618 3089 ﬁguras,
3642 3033 3808 3087 quam

2227 3112 2452 3159 eatenus
2499 3103 2712 3158 Hebraei
2756 3105 3046 3170 habebant,
3096 3107 3318 3176 reperit.
3367 3107 3435 3162 Et
3477 3108 3532 3162 in
3576 3106 3809 3178 epistola

2232 3194 2376 3265 regis
2424 3195 2714 3250 Persarum
2767 3195 2842 3249 ita
2888 3197 3148 3265 scriptum
3198 3206 3284 3252 est
3334 3215 3347 3252 :
3401 3216 3419 3250 ‹
3453 3198 3809 3269 Artaperses,

2230 3299 2326 3340 rex
2365 3301 2585 3356 regum,
2627 3285 2781 3340 Ezrae
2837 3287 3102 3341 sacerdoti
3163 3288 3353 3343 scribae
3409 3287 3543 3359 legis
3596 3288 3810 3344 Domini

2229 3375 2353 3430 coeli
2384 3375 2699 3431 doctissimo
2729 3375 2958 3430 salutem
2997 3375 3207 3448 (fbid.).
3251 3397 3269 3429 ι
3318 3376 3459 3432 Sunt
3502 3386 3686 3434 tamen
3718 3379 3810 3450 qui

2231 3467 2420 3521 dicunt
2448 3468 2594 3522 hunc
2622 3467 2821 3522 librum
2852 3468 3132 3523 Justorum
3156 3469 3384 3540 intelligi
3413 3470 3611 3526 debere
3633 3471 3812 3541 ipsum

2228 3557 2426 3613 librum
2457 3559 2686 3629 Regum,
2719 3560 2810 3615 ubi
2841 3560 3188 3616 continentur
3214 3561 3490 3631 prophetae
3516 3561 3669 3632 justi,
3715 3562 3797 3618 Sa-

2153 3684 2200 3746 Ο
2234 3651 2379 3706 muel
2407 3651 2678 3716 videlicet,
2697 3651 2820 3746 Gad
2841 3661 2895 3708 et
2917 3651 3150 3708 Nathan.
3169 3653 3228 3708 In
3254 3669 3486 3724 quorum
3515 3654 3656 3710 libro
3679 3655 3803 3710 scri-

2229 3750 2381 3813 ptum
2414 3752 2496 3796 est
2524 3743 2759 3813 qualiter
2789 3742 2939 3809 Saul,
2969 3745 3226 3800 recedens
3269 3761 3301 3800 a
3341 3745 3534 3801 timore
3564 3746 3812 3816 Domini‘,

2229 3850 2330 3905 per
2356 3834 2780 3890 inobedientiam
2810 3850 2966 3891 suam
2994 3836 3172 3907 periit.

2307 3965 2325 3997 ‹
2360 3947 2551 4018 Inclyti
2592 3948 2692 4014 tui,
2731 3947 2916 4014 lsrael,
2945 3963 3109 4017 super
3136 3955 3350 4004 montes
3392 3956 3514 4004 tuos
3540 3947 3817 4005 interfecti

2232 4046 2378 4103 sunt,
2418 4058 2436 4090 ι
2475 4047 2580 4094 etc.
2615 4037 2722 4109 (Ex
2750 4036 3016 4109 Hebrwo).
3057 4037 3118 4091 1n
3149 4035 3376 4093 Hebraeo
3397 4038 3626 4092 habetur
3660 4055 3817 4108 super

2233 4127 2439 4183 excelsa
2467 4139 2576 4182 tua.
2620 4128 2687 4182 Et
2731 4136 2816 4184 est
2852 4144 3043 4183 sensus
3072 4145 3085 4181 :
3128 4127 3172 4184 Ο
3209 4129 3362 4195 Saul,
3397 4129 3616 4199 gloriosi
3647 4127 3818 4184 lsrael

2233 4233 2396 4288 super
2428 4218 2641 4273 excelsa
2669 4225 2761 4272 tua
2786 4217 3056 4273 interfecti
3083 4226 3229 4285 sunt,
3252 4219 3376 4289 quia
3404 4219 3460 4272 in
3481 4227 3704 4288 peccata
3726 4217 3813 4271 in-

2233 4310 2556 4366 obedientiae
2591 4319 2696 4364 tua:
2740 4325 2849 4364 una
2891 4318 3067 4364 tecum
3109 4311 3406 4380 perierunt.
3438 4309 3816 4367 Inobedientia

2233 4417 2470 4472 namque
2498 4411 2588 4457 tua
2619 4417 2717 4472 pro
2746 4402 2926 4468 idolis,
2957 4403 3010 4456 id
3034 4411 3137 4468 est,
3171 4403 3402 4458 excelsis
3431 4410 3680 4472 reputata
3713 4415 3814 4469 est,

2234 4495 2376 4550 sicut
2415 4503 2498 4550 est
2525 4494 2657 4550 illud
2682 4494 2737 4548 in
2763 4493 2900 4550 libro
2928 4493 3234 4548 Samuelis:
3271 4513 3290 4544 α
3339 4493 3530 4548 Melior
3550 4504 3634 4551 est
3671 4496 3820 4551 enim

2235 4587 2565 4652 obedientia,
2628 4602 2790 4656 quam
2851 4587 3116 4652 victimae;
3173 4593 3228 4642 et
3278 4586 3587 4642 auscultare
3643 4588 3821 4659 magis

2237 4697 2399 4752 quam
2469 4680 2666 4736 offerre
2722 4681 2936 4751 adipem
3014 4681 3246 4736 arietum
3295 4699 3308 4734 :
3351 4682 3608 4751 quoniam
3663 4681 3822 4751 quasi

2237 4780 2521 4842 peccatum
2561 4770 2824 4826 ariolandi
2856 4779 2939 4826 est
2982 4785 3307 4842 repugnare,
3351 4780 3406 4827 et
3441 4771 3597 4841 quasi
3642 4770 3821 4826 scelus

2237 4865 2559 4921 idololatrize
2597 4864 2740 4919 nolle
2781 4863 3125 4933 acquiescere
3153 4863 3204 4935 (Ι
3238 4863 3363 4935 Reg.
3396 4863 3507 4935 xv).
3543 4882 3562 4914 ι

2317 4998 2334 5030 ι
2374 4976 2654 5045 Quomodo
2684 4975 2998 5030 ceciderunt
3034 4974 3238 5030 fortes?
3279 4973 3457 5030 Nolite
3497 4974 3823 5029 annuntiare

552 5087 691 5143 Juda
727 5102 933 5151 arcum,
975 5043 1099 5142 idet;
1129 5043 1376 5150 iecit};
1423 5043 1548 5156 quia
1584 5083 1928 5140 Philisthteos
1971 5043 2214 5155 sagit-D
2251 5089 2269 5123 ε
2316 5070 2372 5125 in
2401 5069 2562 5135 Gelh,
2590 5081 2764 5138 neque
2789 5065 3120 5121 θηηυηιίθιῖε
3149 5066 3202 5156 in
3229 5065 3480 5156 compitis
3503 5064 3821 5156 AscaloniS.

555 5179 709 5234 tariis
743 5179 1018 5235 abundare
1055 5179 1166 5250 jam
1207 5185 1452 5243 noverat,
1479 5177 1622 5231 unde
1655 5187 1710 5231 et
1743 5174 1872 5231 Saul
1903 5176 2138 5231 maxime

557 5281 748 5328 norum
778 5272 975 5328 ictibus
1002 5274 1262 5342 perierat,
1309 5271 1556 5330 eamdem
1586 5271 1824 5328 bellandi
1862 5281 2036 5327 artem
2079 5281 2135 5327 et

557 5368 640 5422 sui
669 5366 870 5421 milites
900 5367 967 5421 ad
995 5365 1350 5422 revincendos
1389 5379 1482 5420 eos
1509 5363 1798 5420 discerent.
1831 5364 2005 5418 Aliter
2029 5363 2136 5436 (Ea:

560 5459 848 5532 Hebraeo):
897 5459 1166 5529 Przecepit
1217 5458 1388 5513 David
1433 5467 1494 5513 ut
1540 5457 1802 5514 docerent
1837 5456 1975 5510 ﬁlios
1999 5456 2135 5510 Juda

559 5567 770 5617 arcum,
800 5552 904 5607 hoc
924 5559 1024 5616 est,
1048 5559 1106 5605 ut
1133 5565 1288 5622 reges
1313 5550 1449 5606 Juda
1463 5551 1721 5606 docerent
1741 5549 2135 5616 fortitudinem,

560 5644 772 5699 scilicet
814 5653 874 5697 ut
901 5642 1069 5698 fortes
1094 5651 1150 5698 et
1176 5643 1371 5698 intenti
1397 5651 1581 5698 essent
1621 5644 1674 5697 in
1704 5643 1897 5697 timore
1924 5641 2137 5696 Domini

561 5745 616 5792 et
644 5738 695 5790 in
718 5737 1002 5805 praeceptis
1047 5737 1162 5804 Dei,
1191 5753 1259 5794 ne
1284 5754 1381 5808 per
1417 5738 1838 5792 inobedientiam
1867 5753 1898 5791 a
1929 5738 2139 5792 fortitu-

566 5829 693 5884 dine
719 5835 775 5882 et
801 5825 993 5884 timore
1037 5826 1250 5886 Domini
1279 5827 1420 5886 sicut
1456 5827 1583 5884 Saul
1615 5828 1947 5895 recederent,
1977 5841 2031 5886 et
2071 5847 2137 5888 eo

2250 5179 2268 5211 ι
2315 5175 2384 5215 ne
2414 5157 2553 5213 forte
2596 5158 2843 5212 laetentur
2875 5156 2996 5211 ﬁlite
3045 5154 3394 5222 Philisthiim,
3435 5169 3505 5210 ne
3551 5155 3826 5211 exsultent

2251 5272 2269 5304 ι
2316 5252 2439 5306 ﬁlia:
2469 5252 3001 5318 incircumcisorum,
3040 5271 3058 5302 ι
3099 5259 3205 5306 etc.
3243 5249 3643 5319 Obstupescens
3693 5263 3824 5317 pro-

2243 5345 2405 5414 pheta
2463 5342 2631 5413 gemit
2685 5341 3026 5395 subitaneum
3073 5355 3262 5395 casum
3301 5339 3604 5409 principum
3643 5335 3826 5406 populi

2243 5437 2347 5502 sui,
2378 5445 2432 5490 et
2460 5434 2711 5504 prohibet
2735 5449 2803 5488 ne
2842 5433 2980 5489 ullus
3013 5433 3222 5489 lattetur
3264 5433 3317 5486 in
3345 5431 3439 5485 tali
3467 5445 3616 5496 casu,
3648 5442 3827 5497 neque

2247 5528 2390 5582 fama
2423 5529 2527 5582 hoc
2583 5524 2820 5596 divulget
2867 5524 2920 5579 in
2971 5524 3220 5579 civitates
3266 5522 3628 5577 inimicorum.
3681 5517 3824 5574 Geth

2245 5621 2392 5676 enim
2423 5625 2480 5675 et
2518 5616 2750 5672 Ascalon
2786 5617 3034 5671 civitates
3061 5622 3189 5670 sunt
3215 5613 3642 5682 Al10phylorum.

2323 5753 2340 5784 ι
2384 5732 2592 5786 Montes
2621 5730 2842 5795 Gelboe,
2881 5743 2981 5783 nec
3009 5742 3119 5794 ros,
3152 5741 3252 5782 nec
3280 5724 3458 5796 pluvia
3491 5723 3712 5778 veniant
3733 5737 3823 5777 su-

2247 5849 2266 5881 i
2309 5845 2404 5900 per
2444 5841 2558 5892 vos,
2600 5840 2771 5895 neque
2814 5823 2923 5879 siut
2971 5821 3085 5892 agri
3132 5818 3520 5891 primitiarum;
3575 5816 3701 5887 quia
3750 5815 3824 5871 ibi
