4074 6470
321 409 392 466 ‘3
1132 407 1484 467 COMMENT.
1525 405 1592 461 ΙΝ
1631 402 1876 459 LIBROS
1911 404 1974 458 IV
2017 403 2275 460 REGUM.
2316 435 2387 444 —-
2421 404 2488 458 IN
2525 404 2652 459 LIB.
2696 406 2758 458 11.
3489 407 3560 465 74

323 539 344 574 ι
392 517 634 588 abjectus
654 527 740 575 est
764 520 982 590 clypeus
1010 518 1162 584 Saul,
1207 519 1359 590 quasi
1391 533 1495 573 non
1526 525 1669 571 esset
1696 524 1890 571 unctus
1916 520 1966 578 Α

323 631 344 665 ι
387 612 526 679 oleo,
573 631 593 664 ι
641 621 746 665 etc.
791 611 1015 680 Propter
1068 627 1253 666 casum
1295 609 1513 664 fortium
1573 617 1628 662 et
1680 609 1889 662 ruinam

315 702 498 776 populi
529 702 633 767 sui,
672 701 826 776 quasi
879 701 1163 770 indignans
1204 699 1443 770 loquitur
1479 701 1542 753 ad
1584 699 1760 769 ipsum
1810 697 1888 750 lo-

314 810 440 850 cqu
480 791 895 858 iuterfectionis,
932 792 1251 846 abominans
1302 791 1506 846 factum
1544 791 1686 860 quod
1731 791 1784 844 in
1827 806 1892 846 eo

317 884 494 940 fuerat
523 891 764 954 gestum;
800 890 979 937 tamen
1014 898 1119 938 non
1147 883 1265 938 sine
1289 883 1476 953 grandi
1506 883 1762 954 mysterio
1787 883 1893 938 sic-

317 984 380 1031 ut
404 975 565 1047 paulo
593 983 715 1046 post
739 975 1041 1030 ostenditur

395 1083 415 1116 c
460 1064 669 1136 Sagitta
694 1063 962 1120 Jonathan
997 1080 1271 1135 nunquam
1301 1065 1462 1120 rediit
1487 1074 1806 1128 retrorsum,
1840 1073 1895 1118 et

322 1175 341 1208 ο
387 1156 599 1228 gladius
627 1155 755 1210 Saul
803 1172 911 1211 non
940 1165 1023 1211 est
1070 1171 1322 1211 reversus
1345 1156 1544 1222 inanis,
1577 1176 1595 1209 ι
1631 1166 1734 1210 etc.
1782 1155 1895 1210 Hoc

315 1249 432 1303 vult
478 1249 754 1304 insinuare
804 1249 947 1319 quod
999 1248 1263 1305 Jonathas
1293 1259 1348 1304 et
1393 1249 1521 1304 Saul
1567 1249 1896 1320 temporibus

315 1341 430 1396 suis
455 1340 852 1395 bellicosissimi
878 1348 934 1395 et
963 1340 1244 1395 fortissimi
1277 1339 1496 1395 fuerunt
1524 1340 1577 1395 in
1603 1340 1822 1410 prteliis.

394 1472 413 1503 ι
461 1451 591 1508 Saul
636 1461 692 1508 et
736 1450 1008 1508 Jonathan
1047 1453 1310 1507 amabiles
1342 1461 1398 1507 et
1446 1454 1628 1509 decori
1693 1454 1744 1507 in
1785 1452 1896 1507 vita

321 1563 341 1595 ι
387 1560 504 1610 sua,
541 1545 596 1599 in
653 1554 830 1600 morte
875 1561 1090 1616 quoque
1138 1560 1244 1599 non
1295 1554 1422 1600 sunt
1463 1545 1640 1600 divisi.
1689 1544 1898 1614 Aquilis

322 1655 340 1688 ι
386 1636 705 1701 velociores,
739 1636 986 1692 leonibus
1018 1635 1294 1698 fortiores,
1337 1644 1440 1690 etc.
1492 1655 1510 1687 ι
1555 1634 1766 1689 Laudat
1807 1635 1900 1689 de-

315 1744 496 1786 corem
523 1727 730 1795 formae,
772 1727 956 1783 laudat
989 1737 1043 1782 et
1082 1728 1441 1783 constantiam
1482 1727 1672 1793 animi,
1705 1726 1899 1797 adjun-

315 1837 470 1892 gens,
503 1836 602 1891 per
640 1819 952 1892 hyperbolis
991 1828 1228 1890 tropum,
1255 1819 1661 1875 similitudinem
1704 1819 1898 1888 aquilae

315 1919 478 1982 atque
508 1911 698 1965 leonis.

392 2023 412 2056 ι
457 2003 608 2058 Filia:
638 2003 820 2070 Israel,
850 2019 1012 2075 super
1041 2003 1172 2059 Saul
1202 2003 1344 2068 flete,
1375 2003 1467 2073 qui
1490 2002 1760 2058 vestiebat
1801 2015 1898 2056 vos

320 2115 341 2150 ι
387 2097 608 2152 coccino
630 2096 684 2150 in
716 2096 945 2162 deliciis,
970 2096 1063 2167 qui
1087 2095 1363 2166 prtebcbat
1388 2101 1708 2148 ornamenta
1736 2107 1898 2147 aurea

322 2207 342 2242 ι
389 2188 557 2245 cultui
597 2196 805 2254 vestro,
858 2208 876 2241 ι
918 2196 1023 2242 etc.
1057 2185 1165 2259 (Ea;
1195 2185 1467 2257 Hebraeo.)
1509 2183 1901 2242 Vestiehateas

314 2280 562 2346 coccino,
594 2288 650 2335 et
674 2279 951 2349 praebebat
973 2285 1292 2333 ornamenta
1319 2291 1483 2330 aurea
1514 2275 1684 2330 cultui
1713 2291 1900 2330 earum

316 2373 384 2429 de
409 2373 604 2442 prmdis
639 2372 875 2427 hostium
907 2386 1041 2440 quas
1069 2370 1284 2440 agebat.
1322 2388 1339 2420 ι
1373 2369 1653 2436 Quomodo
1685 2369 1901 2423 cecide-

313 2473 446 2520 runt
473 2463 643 2519 fortes
667 2463 722 2519 in
749 2463 973 2535 praelio:
1012 2483 1030 2516 ι
1066 2463 1384 2518 subauditur
1429 2463 1486 2514 in
1510 2469 1722 2532 peccato
1768 2469 1900 2514 tuo:

322 2573 340 2605 ι
384 2555 658 2610 Jonathan
685 2555 742 2610 in
774 2554 1006 2610 excelsis
1030 2555 1137 2609 tuis
1161 2554 1374 2609 occisus
1400 2561 1503 2607 est.
1541 2572 1560 2605 ι
1593 2551 1650 2607 1η
1677 2551 1902 2606 Hebraeo

315 2660 424 2699 non
451 2645 676 2698 habetur
700 2654 793 2698 est.
820 2644 916 2699 Est
939 2646 1081 2697 enim
1105 2659 1327 2698 sensus:
1355 2643 1399 2698 Ο
1429 2642 1580 2708 Saul,
1609 2640 1900 2707 Jonathan,

314 2736 372 2791 in
404 2735 636 2791 excelsis
667 2736 793 2802 tuis,
824 2735 878 2791 id
906 2745 1009 2801 est,
1041 2736 1094 2790 in
1124 2744 1348 2806 peccato
1373 2735 1752 2790 inobedientia:
1772 2745 1901 2800 tute,

315 2831 559 2894 occisus;
591 2827 931 2895 subauditur,
964 2838 1060 2882 est.
1087 2827 1227 2883 Ecce
1261 2844 1359 2882 rex
1390 2836 1446 2881 et
1483 2829 1748 2898 propheta
1799 2827 1905 2880 Da-

313 2919 426 2984 vid,
457 2920 550 2988 qui
575 2918 1002 2974 retribueutibus
1025 2918 1168 2974 mala
1194 2934 1302 2973 non
1323 2919 1580 2985 reddidit,
1624 2934 1746 2972 cum
1775 2917 1905 2973 Saul

315 3017 372 3064 et
398 3008 660 3064 Jonathas
687 3009 827 3065 bello
861 3010 1275 3076 occumbereut,
1308 3010 1365 3064 in
1391 3009 1776 3064 lamentatione
1806 3023 1902 3064 sua

315 3101 517 3157 Gelboe
546 3102 822 3158 montibus
858 3101 1155 3168 maledicit,
1193 3102 1424 3156 dicens:

2621 519 2844 574 CAPUT
2887 519 2948 574 II.

1996 635 2148 708 Quod
2171 635 2442 708 _David_in_
2459 653 2626 708 regem
2664 648 2851 690 unctus
2880 654 3035 708 super
3059 641 3269 693 domum
3294 639 3332 693 J
3336 643 3460 706 uda,
3484 641 3560 695 υἱ-

2063 707 2134 759 ris
2156 705 2313 781 Iabes
2344 704 2547 781 Qalttad
2577 723 2671 781 per
2692 709 2898 781 nuntios
2922 704 3119 781 gratias
3151 709 3402 781 referebat
3423 704 3558 781 ,pro

2063 775 2326 898 seltultura
2358 775 2492 830 Saul
2523 787 2568 829 et
2595 776 2825 844 ﬁliorum
2850 775 2984 848 ejus.
3025 779 3100 831 De
3124 797 3182 833 eo
3204 775 3342 849 quod
3366 775 3558 845 Abuer,

2063 847 2098 898 ﬁ
2127 847 2204 898 ius
2234 846 2364 898 Ner.
2396 845 2661 898 Isboseth.
2693 846 2858 898 filium
2896 847 3045 898 Saul.
3091 866 3257 898 reaem
3298 852 3558 898 constituit

2061 845 2204 914 ﬁlius
2234 846 2364 918 Ner,
2396 845 2661 918 Isbosetlt,
2691 845 3045 915 ﬁlium'Saul,
3091 845 3257 918 regent
3298 852 3561 904 constituit

2061 933 2220 990 super
2247 915 2436 990 Israel,
2467 915 2638 990 Dauid
2680 928 2924 990 regnante
2953 919 3007 971 in
3035 915 3253 990 (Hebrron
3293 938 3448 990 super
3472 938 3559 974 so-

2063 986 2170 1060 l_ar_n
2222 987 2412 1060 tribum
2462 986 2628 1060 Iuda.
2679 986 2757 1060 pe
2804 1005 2862 1041 eo
2903 988 3071 1060 quod_
3097 989 3270 1060 Abuer
3316 986 3386 1060 et_
3416 991 3562 1060 pueri

2065 1055 2299 1111 Isboseth
2343 1066 2532 1128 contra
2576 1056 2710 1128 Joab
2741 1069 2787 1111 et
2814 1055 3001 1128 pueros
3036 1058 3205 1111 David
3252 1061 3306 1112 in
3347 1055 3564 1114 Gabaon

2065 1136 2410 1193 certauerunt,
2431 1137 2478 1181 et
2499 1127 2563 1181 de
2588 1127 2944 1197 interfectioue
2963 1128 3138 1194 Asael,
3155 1129 3340 1198 fratris
3369 1130 3562 1183 Abner.

2067 1241 2216 1314 (CAP.
2259 1243 2345 1314 ιι.)
2390 1261 2408 1294 ‹
2443 1242 2700 1298 Ascendit
2735 1259 2865 1314 ergo
2898 1244 3089 1312 David,
3122 1253 3176 1300 et
3203 1246 3320 1300 dua:
3371 1263 3568 1302 uxores

1999 1351 2019 1384 ι
2062 1331 2200 1401 ejus,
2236 1333 2501 1388 Achinom
2526 1332 2851 1400 Jezraelitis,
2884 1343 2938 1391 ct
2983 1335 3191 1406 Abigail
3220 1353 3356 1392 uxor
3400 1337 3568 1390 Nulml

2002 1441 2021 1474 ι
2066 1423 2318 1480 Carmeli.
2360 1425 2466 1480 Sed
2505 1435 2559 1479 et
2599 1426 2746 1481 viros
2787 1427 2878 1495 qui
2921 1435 3077 1482 erant
3121 1443 3242 1482 cum
3284 1444 3370 1493 eo,
3415 1428 3568 1482 duxit

2003 1535 2022 1566 ι
2069 1517 2240 1571 David
2267 1516 2508 1588 singulos
2533 1531 2655 1571 cum
2702 1518 2861 1573 domo
2902 1534 3032 1583 sua,
3073 1527 3127 1574 et
3162 1527 3477 1573 manserunt
3517 1519 3569 1574 in

2003 1624 2020 1656 ι
2065 1606 2278 1676 oppidis
2307 1605 2543 1662 Iiebron.
2574 1625 2592 1658 ι
2622 1607 2895 1663 Ascensus
2916 1609 3017 1663 istc
3036 1608 3206 1666 David
3219 1625 3342 1664 cum
3367 1611 3573 1665 duabus

1997 1698 2259 1753 uxoribus
2309 1698 2422 1753 suis
2473 1699 2525 1752 in
2577 1698 2790 1753 Iiebron
2843 1700 3110 1770 signiﬁcat
3157 1702 3574 1757 convocatioues

2000 1791 2228 1846 duarum
2269 1791 2506 1862 plebium
2538 1791 2592 1846 in
2619 1792 2917 1848 Ecclesiam
2962 1795 3302 1850 catholicam.
3355 1795 3570 1850 IIchron

1925 1883 1973 1943 B
2000 1883 2146 1938 enim
2180 1882 2567 1952 interpretatur
2609 1885 2931 1955 conjugium.
2967 1886 3034 1941 Et
3064 1886 3202 1941 bene
3233 1887 3346 1942 sola
3388 1897 3571 1942 sancta

2001 1973 2240 2030 Ecclesia
2289 1975 2596 2046 conjugium
2646 1977 3004 2031 nominatur:
3043 1978 3157 2033 sola
3209 1986 3264 2033 et
3307 1979 3446 2033 bona
3492 1986 3577 2033 est

2001 2081 2198 2137 Sponsa
2233 2066 2484 2121 videlicet
2527 2066 2768 2123 etelestis
2796 2068 2958 2137 regis,
2987 2068 3053 2124 de
3082 2084 3187 2139 qua
3234 2070 3290 2125 in
3335 2069 3577 2124 Canticis

2002 2157 2338 2212 canticorum
2381 2156 2581 2212 dicitur
2625 2175 2636 2210 :
2698 2176 2716 2208 ‹
2752 2157 3043 2229 Sexaginta
3085 2169 3212 2214 sunt
3258 2161 3476 2230 reginae,
3523 2170 3578 2215 et

2003 2249 2275 2320 octoginta
2305 2249 2648 2316 concubinae,
2695 2257 2751 2304 et
2778 2250 3299 2306 adolescentularum
3345 2266 3575 2321 quarum

2004 2355 2113 2395 non
2143 2348 2226 2394 est
2273 2354 2551 2394 numerus.
2607 2339 2728 2395 Una
2767 2348 2853 2395 est
2893 2341 3138 2396 columba
3189 2356 3310 2396 mea
3338 2340 3578 2411 perfecta

2004 2447 2123 2488 mea
2177 2447 2337 2488 :una
2394 2440 2478 2487 est
2531 2432 2690 2486 matri
2736 2447 2881 2500 suae,
2941 2433 3111 2488 electa
3161 2433 3414 2503 genitrici
3467 2448 3580 2490 suae

2005 2522 2182 2596 (Cant.
2219 2523 2318 2594 γι).
2361 2541 2380 2574 ι
2428 2521 2558 2576 Illuc
2591 2521 2746 2576 duxit
2791 2522 2960 2578 David
3003 2524 3243 2594 singulos
3280 2524 3427 2578 viros
3456 2538 3578 2578 cum

2006 2614 2165 2669 domo
2195 2629 2290 2668 sua
2323 2631 2336 2666 :
2370 2613 2495 2682 quia
2535 2614 2905 2684 unusquisque
2946 2613 3185 2670 fidelium
3233 2615 3287 2670 in
3319 2615 3464 2669 illam
3495 2630 3582 2669 so-

2006 2707 2258 2762 cietatem
2287 2721 2386 2776 per
2423 2706 2859 2776 praedicationem
2904 2705 3180 2776 Evangelii
3229 2717 3577 2762 convocatur.

2013 2817 2031 2850 ι
2076 2797 2185 2852 Nec
2214 2807 2296 2852 est
2327 2798 2399 2852 ibi
2448 2797 2723 2852 distinctio
2751 2795 2919 2852 Judaei
2946 2806 3000 2852 et
3028 2796 3221 2862 Graeci,
3252 2797 3478 2853 Barbari
3525 2806 3582 2854 et

2007 2889 2244 2960 Scythae,
2299 2889 2440 2943 servi
2469 2897 2523 2943 et
2562 2888 2718 2944 liberi
2761 2907 2775 2942 :
2812 2888 2906 2944 sed
2945 2889 3125 2943 omnia
3154 2897 3210 2945 et
3239 2889 3295 2945 in
3329 2890 3580 2945 omnibus

2006 2981 2254 3038 Christus
2283 2980 2460 3052 (Rom.
2493 2998 2561 3048 x;
2595 2978 2772 3035 Galat.
2800 2981 2905 3052 ιιι).
2945 3001 2964 3034 ›

2084 3113 2103 3144 ε
2141 3093 2526 3164 Veneruntque
2550 3082 2654 3148 viri
2681 3092 2838 3160 Juda,
2883 3103 2937 3148 et
2965 3102 3240 3149 unxerunt
3266 3093 3340 3149 ibi
3385 3094 3577 3162 David,

395 3211 413 3241 ι
453 3191 660 3247 Montes
705 3189 929 3258 Gelboe,
959 3206 1059 3246 nec
1083 3205 1194 3258 ros,
1226 3206 1327 3246 nec
1346 3191 1527 3262 pluvia
1550 3190 1791 3254 veniant,
1815 3204 1906 3245 ne-
1940 3254 1974 3262 _
2007 3195 2067 3242 ut
2086 3199 2336 3258 regnaret
2367 3203 2531 3258 super
2562 3188 2776 3242 domum
2807 3187 2965 3242 Juda.
3003 3207 3024 3240 ι
3055 3187 3273 3257 Ungunt
3301 3187 3406 3242 viri
3439 3185 3579 3242 Juda

321 3302 340 3336 ι
389 3299 494 3354 que
529 3284 639 3338 sint
682 3283 796 3353 agri
846 3254 1232 3353 primitiarum,
1265 3254 1392 3352 quia
1432 3283 1505 3336 ibi
1547 3282 1788 3352 abjectus
1821 3289 1906 3337 est
1931 3254 1976 3316 (ἶ
2007 3254 2177 3334 David
2198 3280 2251 3333 in
2282 3254 2485 3348 regem,
2521 3285 2581 3330 ut
2603 3285 2791 3348 regnet
2814 3291 2978 3347 super
3003 3254 3218 3332 domum
3248 3275 3420 3343 Juda;
3453 3277 3579 3346 quia

320 3392 340 3424 ι
391 3374 610 3444 clypeus
645 3370 796 3437 Saul,
827 3371 982 3440 quasi
1011 3385 1118 3425 non
1144 3380 1290 3425 esset
1317 3379 1514 3425 unctus
1544 3371 1685 3435 oleo,
1731 3389 1749 3421 ›
1788 3378 1895 3424 etc.

393 3481 533 3548 Quid
583 3494 712 3552 ergo
761 3487 976 3535 montes
1025 3479 1248 3544 Gelboe,
1283 3478 1411 3534 Saul
1458 3480 1742 3545 moriente,
1773 3478 1906 3533 deli—

315 3579 577 3643 querunt,
612 3579 881 3640 quatenus
912 3570 966 3623 in
996 3571 1076 3624 eis
1103 3585 1206 3624 nec
1235 3585 1348 3636 ros,
1386 3583 1487 3624 nec
1516 3570 1696 3640 pluvia
1741 3570 1903 3624 cade-

318 3671 424 3728 ret,
457 3669 513 3717 et
559 3663 629 3716 ab
682 3660 828 3716 omni
876 3674 971 3715 eos
1017 3660 1310 3714 viriditatis
1339 3661 1580 3730 germine
1624 3660 1906 3715 sententiae

322 3771 505 3812 sermo
530 3753 796 3810 siccaret?
817 3753 912 3808 sed
930 3753 1055 3821 quia
1079 3751 1284 3806 Gelboe
1309 3753 1703 3822 interpretatur
1723 3751 1907 3805 decur-

323 3866 439 3915 sus,
465 3863 563 3918 per
601 3845 731 3901 Saul
764 3853 945 3900 autem
986 3852 1208 3898 unctum
1234 3853 1291 3899 et
1317 3852 1592 3899 mortuum
1632 3859 1781 3898 mors
1807 3857 1905 3899 no-

325 3939 426 3995 stri
456 3937 769 3992 mediatoris
795 3935 1142 4011 exprimitur,
1180 3949 1289 3989 non
1337 3935 1611 3989 immerito
1638 3949 1737 4004 per
1776 3933 1904 3990 Cel-

321 4031 424 4085 boe
454 4039 667 4084 montes
698 4028 928 4099 superba
957 4026 1265 4082 Judaaorum
1298 4027 1461 4081 corda
1510 4027 1901 4097 designantur:

323 4137 444 4192 quae
471 4123 597 4177 dum
637 4121 694 4175 in
745 4119 906 4189 hujus
956 4119 1143 4174 mundi
1201 4118 1485 4173 desideriis
1536 4117 1798 4185 deﬂuunt,
1849 4119 1905 4174 in

320 4213 544 4278 Christi,
574 4211 628 4267 id
661 4219 746 4268 est
778 4209 954 4278 uncti,
989 4225 1047 4265 se
1081 4219 1256 4266 morte
1283 4210 1640 4264 miscuerunt.
1669 4209 1738 4264 Et
1778 4208 1905 4279 quia

321 4304 379 4358 in
405 4305 485 4358 eis
508 4310 703 4358 unctus
731 4315 830 4356 rex
858 4300 1211 4370 corporaliter
1237 4299 1490 4365 moritur,
1524 4299 1628 4369 ipsi
1651 4299 1719 4353 ab
1757 4298 1905 4354 omni

322 4400 510 4471 gratia:
558 4413 681 4455 rore
725 4399 1021 4453 siccantur.
1055 4397 1131 4451 De
1178 4396 1374 4466 quibus
1402 4404 1459 4449 et
1485 4397 1623 4450 bene
1663 4394 1903 4449 dicitur:

329 4513 348 4546 ε
387 4493 459 4550 Ut
487 4495 602 4565 agri
629 4492 996 4564 primitiarum
1027 4505 1148 4545 esse
1191 4505 1298 4544 non
1332 4497 1554 4559 possent
1597 4487 1731 4558 (Isa.
1763 4486 1840 4560 x).
1877 4506 1898 4541 ι

2007 3369 2255 3441 superbis
2276 3385 2338 3423 ac
2353 3368 2816 3439 contemptoribus
2829 3368 3205 3436 spernentibus
3217 3367 3444 3438 gratiam
3461 3367 3577 3432 Dei,

2007 3462 2164 3517 electi
2187 3461 2385 3530 quique
2413 3460 2554 3515 bona
2585 3459 2730 3514 fama
2771 3473 2940 3514 sacra:
2967 3457 3364 3529 praedicationis
3391 3465 3446 3512 et
3473 3457 3582 3511 vir-

2007 3561 2181 3608 tutum
2212 3553 2390 3607 studio
2433 3552 2538 3607 rite
2568 3551 2894 3608 confitentur
2920 3549 3197 3606 Christum
3241 3563 3358 3604 esse
3397 3563 3579 3620 regem

2007 3645 2063 3702 in
2091 3646 2342 3700 universo
2367 3644 2563 3715 populo
2600 3659 2719 3713 suo,
2757 3659 2822 3699 ac
2853 3644 3028 3714 ipsum
3063 3656 3203 3707 esse,
3242 3641 3326 3696 cui
3356 3659 3376 3692 ι
3403 3640 3582 3696 omnis

2006 3746 2248 3810 potestas
2282 3752 2312 3791 a
2352 3737 2515 3791 Patre
2557 3737 2682 3791 data
2727 3743 2812 3790 est
2849 3734 2904 3789 in
2942 3733 3082 3790 caelo
3113 3742 3169 3789 et
3211 3733 3268 3789 in
3311 3739 3487 3798 terra,
3523 3738 3584 3786 ut

2007 3833 2063 3887 in
2116 3831 2335 3885 nomine
2379 3826 2507 3886 Jesu
2544 3843 2705 3883 omne
2752 3843 2892 3898 genu
2940 3825 3209 3893 ﬂectatur,
3253 3825 3580 3890 caelestium,

2006 3924 2348 3979 terrestrium
2383 3930 2440 3976 et
2475 3920 2811 3976 infernorum
2848 3918 3070 3990 (Philip.
3108 3918 3190 3990 ιι).
3235 3937 3255 3972 ι

2085 4034 2103 4067 ι
2139 4015 2206 4070 Ει
2247 4014 2554 4070 nuntiatum
2603 4020 2688 4068 est
2729 4011 2898 4067 David
2947 4010 3090 4080 quod
3126 4008 3229 4062 viri
3270 4005 3434 4063 Iabes
3474 4006 3586 4062 Ga-

2015 4126 2034 4159 ι
2079 4107 2201 4162 laad
2229 4106 2548 4176 sepelissent
2577 4103 2724 4166 Saul,
2782 4123 2802 4156 ι
2840 4111 2946 4156 etc.
2989 4101 3102 4156 Hoc
3136 4098 3347 4170 plenius
3377 4099 3431 4154 in
3481 4098 3586 4154 Pa-

2007 4199 2380 4269 ralipomenon
2415 4196 2576 4261 libro,
2621 4194 2892 4266 quomodo
2920 4200 3127 4264 gestum
3159 4191 3248 4258 sit,
3289 4197 3580 4245 narratur:

2014 4307 2033 4340 ι
2078 4288 2213 4344 Cum
2245 4288 2542 4352 audissent,
2580 4285 2775 4355 inquit,
2817 4285 2918 4339 viri
2948 4283 3111 4339 Jabes
3151 4282 3352 4338 Galaad
3377 4281 3582 4347 omnia,

2008 4380 2219 4437 scilicet
2261 4395 2381 4448 qua:
2415 4378 2741 4433 Philisthiim
2789 4375 3038 4432 fecerunt
3069 4389 3231 4445 super
3259 4373 3412 4439 Saul,
3453 4389 3585 4428 con-

2002 4469 2300 4541 junxerunt
2331 4467 2528 4539 singuli
2556 4468 2801 4521 virorum
2839 4465 3082 4529 fortium,
3117 4473 3173 4518 et
3204 4463 3448 4518 tulerunt
3487 4477 3582 4519 ca-

322 4555 582 4654 Superba:
629 4555 830 4653 quippe
859 4580 1210 4636 Hebraeorum
1243 4555 1453 4634 mentes
1485 4555 1744 4648 primitivi
1791 4555 1902 4632 fru-

2010 4564 2208 4619 davera
2267 4560 2396 4616 Saul
2445 4569 2500 4616 et
2555 4559 2788 4614 ﬁliorum
2854 4556 2971 4626 ejus
2999 4597 3014 4622 ,
3065 4555 3470 4625 attuleruntque
3517 4570 3580 4610 ea

322 4683 444 4730 ctus
477 4687 584 4727 non
622 4670 862 4737 fuerunt,
901 4670 991 4739 qui
1036 4669 1091 4722 in
1134 4666 1513 4738 Redemptoris
1554 4667 1790 4723 adventu
1833 4681 1903 4722 ex

320 4771 479 4836 parte
497 4763 734 4818 maxima
762 4761 816 4816 in
841 4759 1067 4832 perfidia
1080 4765 1440 4822 remanentes,
1466 4756 1761 4828 primordia
1779 4757 1903 4812 fidei

323 4856 479 4927 sequi
507 4855 816 4911 noluerunt.
848 4851 1046 4907 Sancta
1073 4865 1307 4921 namque
1339 4849 1583 4905 Ecclesia
1627 4851 1681 4903 in
1711 4850 1903 4920 primi-

325 4948 417 5002 tiis
433 4946 547 5002 suis
568 4944 911 5000 multitudine
933 4942 1171 5013 gentium
1195 4941 1504 5006 fecundata,
1531 4941 1620 4995 vix
1641 4941 1693 4994 in
1717 4942 1902 4997 mundi

323 5039 432 5096 fine
479 5037 718 5104 Iudaeos,
765 5051 902 5107 quos
939 5035 1232 5100 invenerit,
1267 5034 1522 5103 suscipit;
1556 5041 1610 5086 et
1659 5040 1901 5087 extrema

323 5130 604 5203 colligens,
651 5144 745 5185 eos
775 5127 929 5198 quasi
956 5126 1214 5196 reliquias
1239 5124 1452 5195 frugum
1483 5123 1654 5195 ponit.
1679 5123 1756 5178 De
1777 5126 1902 5194 qui-

323 5224 427 5280 bus
452 5222 707 5277 nimirum
737 5217 980 5287 reliquiis
1025 5215 1194 5271 Isaias
1220 5215 1352 5270 dicit
1387 5232 1400 5268 :
1447 5233 1466 5266 (
1509 5212 1566 5268 Si
1596 5212 1761 5268 fuerit
1801 5231 1903 5270 nu-

326 5331 511 5372 merus
555 5313 788 5368 filiorum
833 5309 998 5364 Israel
1030 5309 1182 5378 quasi
1221 5321 1384 5362 arena
1427 5307 1617 5372 maris,
1658 5307 1901 5377 reliquiae

241 5403 243 5405 ’
329 5407 492 5460 salva:
513 5402 662 5459 fient.
686 5421 705 5455 ›
726 5401 958 5456 Possunt
973 5407 1148 5453 tamen
1164 5398 1365 5453 idcirco
1378 5396 1578 5453 Gelboe
1604 5405 1814 5452 montes
1833 5412 1901 5452 ex

328 5514 426 5554 ore
451 5497 727 5569 prophetae
762 5493 1033 5558 maledici,
1061 5499 1121 5546 ut
1156 5491 1283 5545 dum
1315 5489 1524 5544 fructus
1553 5496 1905 5544 exarescente

328 5600 478 5645 terra
499 5603 606 5641 non
627 5587 817 5648 oritur,
832 5597 1179 5654 possessores
1206 5590 1364 5636 terrae
1389 5581 1690 5635 sterilitatis
1705 5579 1904 5634 damno

331 5682 614 5745 feriantur,
636 5685 904 5747 quatenus
929 5675 1033 5745 ipsi
1050 5673 1445 5728 maledictionis
1471 5670 1796 5727 sententiam
1820 5685 1905 5724 ac-

275 5791 278 5794 ‘
331 5775 598 5845 ciperent,
645 5771 770 5841 quia
802 5769 939 5838 apud
981 5783 1042 5821 se
1088 5772 1317 5820 mortem
1349 5765 1491 5836 regis
1532 5782 1552 5816 ι
1588 5763 1901 5832 suscipere,

334 5865 620 5936 iniquitate
644 5878 744 5920 sua
771 5863 1040 5931 exigente,
1069 5857 1418 5914 meruissent.
1455 5877 1474 5910 ι

693 5957 965 6018 ΡΔτιιοι..
1009 5951 1175 6014 CIX.

2005 4658 2061 4714 in
2091 4655 2283 4723 Jahes,
2321 4665 2377 4710 et
2422 4654 2750 4724 sepelierunt
2796 4664 2918 4705 ossa
2948 4663 3136 4702 eorum
3187 4647 3375 4702 subter
3423 4661 3582 4716 quer-

2003 4767 2126 4807 cum
2153 4767 2276 4822 qute
2302 4758 2422 4804 erat
2449 4749 2504 4802 in
2531 4746 2711 4810 Jahes,
2739 4751 2793 4800 et
2816 4742 3198 4812 jejunaverunt
3227 4746 3433 4810 septem
3468 4739 3580 4794 die-

2001 4846 2124 4900 bus.
2157 4843 2402 4898 Mortuus
2426 4848 2511 4895 est
2535 4854 2664 4909 ergo
2679 4835 2807 4890 Saul
2834 4842 3056 4905 propter
3087 4831 3404 4902 iniquitates
3419 4843 3576 4892 suas;

2002 4949 2068 4990 eo
2096 4935 2239 5003 quod
2289 4931 2679 5003 praevaricatus
2728 4929 2799 4983 sit
2825 4926 3141 4982 mandatum
3190 4919 3405 4976 Domini
3437 4919 3579 4986 quod

2004 5030 2356 5094 praeceperat,
2387 5028 2444 5074 et
2470 5034 2578 5074 non
2624 5016 2943 5072 custodierit
2985 5011 3135 5068 illud.
3169 5007 3277 5065 Sed
3305 5007 3470 5063 etiam
3499 5007 3580 5061 in-

2008 5129 2170 5186 super
2221 5111 2592 5184 pythonissam
2648 5106 2996 5169 consuluerit,
3047 5117 3148 5158 nec
3183 5098 3476 5170 speraverit
3524 5097 3578 5153 in

2009 5207 2254 5270 Domino,
2287 5213 2510 5274 propter
2534 5202 2676 5271 quod
2703 5208 2757 5253 et
2784 5194 3056 5253 interfecit
3081 5208 3228 5259 eum,
3255 5199 3310 5247 et
3340 5197 3580 5245 transtu-

2007 5300 2070 5354 lit
2094 5313 2317 5366 regnum
2347 5294 2462 5364 ejus
2485 5294 2550 5349 ad
2576 5291 2745 5346 David
2764 5289 2932 5342 filium
2959 5285 3064 5341 Isai
3089 5283 3143 5358 (I
3171 5283 3302 5338 Par.
3327 5281 3407 5354 χ).
3439 5279 3578 5347 Quid

2009 5400 2091 5449 est
2122 5389 2264 5461 quod
2293 5389 2424 5442 viris
2454 5384 2619 5438 Iabes
2653 5380 2861 5438 Calaad
2886 5377 3053 5432 David
3085 5376 3288 5446 gratias
3317 5372 3484 5428 refert
3512 5386 3578 5426 eo

2007 5485 2149 5556 quod
2222 5480 2551 5550 sepelierunt
2620 5489 2742 5528 ossa
2806 5471 2936 5526 Saul
2992 5479 3046 5524 et
3107 5467 3339 5522 filiorum
3410 5462 3578 5556 ejus,

2006 5554 2111 5632 nisi
2138 5574 2281 5644 quod
2306 5566 2652 5637 Redemptori
2680 5573 2866 5620 nostro
2887 5561 3114 5616 multum
3139 5558 3336 5629 placet,
3361 5554 3579 5624 quando

2009 5669 2130 5737 quis
2151 5680 2315 5736 prava
2337 5675 2500 5730 opera
2532 5657 2818 5721 malorum,
2844 5654 2937 5725 qui
2964 5653 3019 5706 in
3041 5648 3280 5721 peccatis
3293 5645 3406 5701 suis
3430 5659 3581 5737 mor-

2009 5735 2084 5814 tui
2114 5764 2264 5821 sunt,
2294 5751 2549 5808 oblivioni
2581 5747 2884 5805 damnando
2916 5743 3099 5806 tradit,
3146 5755 3244 5794 nec
3273 5755 3334 5792 ca
3363 5735 3579 5790 actione

2008 5853 2276 5913 imitatur,
2293 5861 2413 5917 quae
2434 5845 2535 5901 scit
2564 5843 2790 5900 Domino
2814 5836 3176 5906 displicuisse,
3202 5831 3298 5886 sed
3320 5844 3382 5881 ea
3406 5824 3578 5896 magis

3068 5924 3105 5981 3
