4074 6464
308 434 378 495 77
1110 430 1465 495 COMMENT.
1507 430 1577 493 IN
1614 428 1860 493 LIBROS
1893 425 1976 490 ιγ’
2002 428 2265 494 REGUM.
2304 469 2376 479 —
2410 430 2480 493 IN
2510 426 2637 494 LIB.
2673 432 2736 494 ῙῙ.
3491 434 3562 495 '78

309 550 464 606 furor
495 548 561 603 in‘
584 563 823 622 praeceps
849 542 1035 605 ducit?
1051 538 1155 617 Qui
1175 548 1228 603 in
1251 550 1437 605 eodem
1460 547 1660 604 furoris
1688 549 1888 620 impetu
1917 552 1965 614 Α
1993 542 2107 602 sola
2145 546 2274 620 Egla
2322 564 2460 604 uxor
2487 546 2695 606 dicatur
2730 542 2937 606 David?
2985 542 3115 621 Egla
3137 546 3281 604 enim
3311 552 3429 619 ipsa
3476 552 3564 601 cst

308 651 462 699 tanto
484 644 699 699 cautius
724 643 1023 700 declinandi
1046 653 1193 711 sunt,
1213 654 1418 716 quanto
1447 646 1636 703 insane
1667 647 1887 718 rapiun-

308 742 417 790 tur.
466 734 617 790 Unde
658 744 714 790 et
739 734 947 803 Abner,
984 730 1075 808 qui
1107 746 1357 793 sermone
1394 746 1584 793 nostro
1602 739 1771 811 patris
1798 737 1885 794 lu~

307 842 466 881 cerna
493 826 714 895 dicitur,
747 820 905 901 fugit,
934 829 1059 900 quia
1106 820 1391 887 doctorum
1420 830 1624 904 lingua,
1647 840 1770 905 quae
1799 850 1891 892 su-

306 934 500 989 perum
549 917 644 975 Dei
685 914 866 975 Iumen
893 918 1129 994 iudicat,
1155 938 1276 979 cum
1319 924 1409 995 pie
1437 926 1663 999 abrupta
1691 925 1891 987 furoris

307 1014 549 1062 mentem
592 1002 890 1082 cuiuspiam
931 1004 1064 1068 ferri
1098 1004 1385 1085 conspicit,
1433 1030 1664 1087 cumque
1699 1025 1889 1077 contra

308 1097 635 1155 irascentem
694 1098 994 1158 dissimulat
1054 1100 1342 1160 verberum
1394 1103 1578 1175 jacula
1636 1107 1885 1178 reddere,

310 1192 469 1264 quasi
498 1205 918 1270 persequentem
946 1206 1054 1255 non’
1082 1192 1201 1255 vult
1240 1192 1423 1257 ferire.
1467 1192 1574 1258 Sed
1613 1218 1737 1259 cum
1778 1203 1886 1260 ira-

308 1280 475 1343 cundi
502 1288 649 1344 nulla
693 1290 1124 1348 consideratione
1153 1307 1211 1348 se
1235 1290 1504 1366 mitigant,
1536 1295 1690 1365 quasi
1727 1290 1889 1351 AsaeI

305 1376 561 1451 persequi
595 1388 651 1436 et
678 1381 919 1439 insanire
961 1398 1069 1440 non
1097 1392 1340 1452 cessant,
1361 1400 1583 1444 necesse
1621 1395 1705 1444 est
1736 1396 1798 1445 ut
1831 1388 1888 1447 hi

309 1471 401 1549 qui
427 1466 665 1530 furentes
694 1476 992 1545 reprimere
1027 1486 1319 1546 conantur,
1354 1495 1701 1551 nequaquam
1749 1496 1809 1538 se
1832 1482 1886 1537 in

306 1561 495 1620 furore
514 1558 742 1637 erigant,
757 1568 849 1623 sed
863 1568 1121 1639 quidquid
1144 1577 1228 1626 est
1258 1570 1685 1641 tranquillitatis,
1706 1582 1885 1628 osten-

307 1647 471 1723 dant;
507 1657 752 1728 quzedam
780 1673 917 1715 vero
942 1652 1212 1717 subtiliter
1236 1662 1541 1732 proferant,
1588 1663 1643 1718 in
1690 1664 1886 1734 quibus

304 1760 374 1802 ex
402 1746 620 1819 obliquo
645 1744 876 1806 furentis
902 1752 1144 1808 animum
1166 1761 1415 1825 purgent.
1445 1753 1600 1809 Unde
1621 1762 1676 1809 et
1702 1754 1886 1810 Abner

306 1854 431 1896 cum
480 1848 668 1897 contra
696 1853 1111 1915 persequentem
1156 1844 1420 1912 substitit,
1447 1862 1552 1902 non
1585 1862 1707 1903 eum
1738 1856 1883 1903 recta

1990 628 2204 694 Michol.
2262 634 2390 707 Quae
2449 640 2568 697 ideo
2614 652 2752 696 uxor
2786 638 2902 713 ejus
2945 642 3035 697 hic
3062 638 3175 697 sola
3219 648 3463 705 vocatur,
3497 652 3563 695 eo

1987 733 2131 803 quod
2160 732 2213 787 in
2243 733 2603 790 adolescentia
2653 736 2888 807 primum
2919 736 3089 807 ipsam
3135 735 3358 791 sortitus
3401 731 3568 788 fuerit

1988 823 2046 879 in
2093 839 2337 891 uxorem,
2378 828 2498 895 quae
2552 820 2715 881 etiam
2764 833 2922 897 partu
2971 826 3289 882 decubuisse
3340 822 3562 880 dicitur.

1989 910 2146 981 Unde
2167 919 2302 976 etin
2331 918 2683 991 sequentibus
2729 918 2992 993 scriptum
3036 928 3121 977 est
3152 941 3165 976 :
3199 942 3218 975 ‹
3261 921 3433 995 Igitur
3466 918 3566 976 IIl-

1988 1002 2113 1068 ch01
2140 1006 2263 1069 ﬁliae
2292 1004 2421 1068 Saul
2469 1028 2575 1069 non
2602 1022 2687 1070 est
2715 1022 2873 1070 natus
2903 1010 3069 1083 ﬁlius,
3107 1030 3276 1087 usque
3304 1015 3373 1072 ad
3418 1016 3565 1073 diem

1987 1101 2183 1159 mortis
2223 1119 2353 1172 suae,
2389 1105 2515 1177 quia
2546 1105 2599 1159 in
2644 1104 2762 1176 ipso
2790 1115 2949 1177 partu
2976 1105 3249 1163 occubuit.
3293 1127 3311 1159 ι
3338 1107 3407 1163 Et
3434 1107 3565 1179 quid

1988 1204 2084 1247 sex
2128 1186 2228 1247 ﬁlii
2256 1191 2347 1264 qui
2382 1192 2431 1247 ei
2479 1193 2589 1248 nati
2619 1202 2743 1249 sunt
2770 1192 2825 1248 in
2873 1188 3112 1262 Hebrun,
3143 1190 3249 1251 nisi
3277 1193 3568 1267 perfectio-

1988 1296 2112 1337 nem
2136 1290 2446 1339 sanctorum
2469 1283 2523 1338 in
2546 1280 2670 1350 ﬁde,
2693 1298 2941 1340 sermone
2965 1290 3020 1339 et
3042 1294 3207 1356 Opere
3236 1280 3563 1355 signiﬁcant,

1988 1388 2108 1447 quae
2128 1376 2193 1433 ab
2211 1368 2452 1432 Ecclesia
2476 1380 2649 1432 matre
2674 1392 2873 1449 sponso
2897 1388 3013 1445 suo,
3032 1370 3300 1432 Saivatori
3313 1372 3569 1433 videlicet

1982 1475 2195 1537 nostro,
2224 1470 2463 1541 quotidie
2493 1480 2799 1543 generatur.
2831 1470 2911 1525 Ex
2965 1470 3214 1544 coniugio
3243 1480 3371 1543 ergo
3407 1470 3570 1544 spiri-

1988 1561 2117 1618 tuali
2151 1577 2249 1633 per
2279 1559 2512 1633 Spiritus
2558 1562 2731 1618 sancti
2770 1562 2996 1634 gratiam
3028 1562 3081 1617 in
3112 1562 3371 1619 aeternam
3398 1564 3567 1619 vitam

1988 1652 2231 1725 quotidie
2270 1646 2364 1708 ﬁlii
2400 1653 2535 1710 lucis
2572 1650 2842 1709 oriuntur.

2064 1766 2083 1798 ι
2130 1745 2448 1803 Sermonem
2496 1763 2710 1819 quoque
2755 1750 2935 1805 intulit
2981 1746 3163 1807 Abner
3215 1752 3282 1808 ad
3325 1750 3569 1808 seniores

1994 1855 2013 1890 ι
2053 1834 2252 1904 Israel,
2306 1840 2491 1896 dicens
2542 1832 2728 1897 :Tam
2785 1842 2903 1897 heri
2957 1860 3120 1914 quam
3178 1842 3569 1927 nudiustertius

304 1922 403 1987 sed
444 1947 633 1990 aversa
663 1934 818 1992 hasta
859 1930 1231 1993 transforavit.
1277 1936 1361 1992 Ex
1388 1952 1646 1993 mucrone
1684 1940 1883 2010 quippe
1910 1934 1959 1995 B
1992 1947 2011 1980 ί
2056 1929 2379 1999 (tumemus
2430 1931 2624 2000 DaVida
2665 1943 2724 1989 υί
2771 1944 3026 2007 regnaret
3060 1952 3222 2007 super
3254 1953 3370 1994 VOS-
3412 1936 3571 1994 Νυηο

302 2029 589 2092 percutere
633 2032 716 2079 est
744 2024 947 2097 impetu
985 2034 1188 2096 apertae
1221 2026 1613 2096 increpationis
1638 2027 1879 2083 obviare.

300 2104 506 2167 Aversa
532 2129 661 2169 vero
684 2104 835 2171 hasta
860 2126 1278 2187 persequentem
1300 2114 1482 2185 ferire,
1512 2127 1597 2174 est
1616 2116 1887 2177 furentem

301 2198 591 2273 tranquille
619 2220 686 2261 ex
709 2206 1031 2277 quibusdam
1063 2218 1308 2280 tangere,
1335 2216 1391 2264 et
1417 2208 1573 2280 quasi
1610 2210 1885 2281 parcendo

301 2296 580 2365 superare.
601 2290 961 2355 Asaelautem
987 2294 1237 2369 protinus
1267 2298 1558 2368 occumbit,
1581 2300 1707 2370 quia
1736 2314 1884 2356 com-

301 2382 462 2440 motae
510 2396 722 2444 mentes
752 2388 880 2443 dum
903 2398 960 2445 et
998 2390 1151 2461 parci
1178 2391 1282 2447 sibi
1328 2391 1585 2459 sentiunt,
1616 2400 1672 2447 et
1704 2400 1885 2448 tamen

302 2491 686 2548 responsorum
744 2481 955 2536 ratione
1006 2480 1059 2538 in
1089 2481 1295 2538 intimis
1348 2483 1449 2539 sub
1498 2483 1885 2553 tranquillitate

303 2570 615 2638 tanguntur,
658 2560 726 2626 ab
749 2586 814 2626 eo
838 2570 985 2645 quod
1022 2582 1080 2629 Se
1112 2584 1419 2642 erexerant,
1457 2578 1640 2635 statim
1661 2578 1881 2633 cadunt.

301 2656 405 2726 Qui
430 2674 562 2730 ergo
584 2676 614 2716 a
652 2656 880 2719 fervoris
904 2664 988 2720 sui
1014 2665 1228 2736 impetu
1261 2669 1359 2723 sub
1396 2668 1633 2724 leuitatis
1660 2684 1883 2741 percus-

303 2751 457 2810 sione
484 2754 752 2823 resiliunt,
783 2758 940 2828 quasi
962 2758 1079 2814 sine
1098 2755 1245 2815 ferro
1272 2761 1598 2817 moriuntur.

904 2864 1138 2926 CAPUT
1190 2870 1274 2926 Ill.

302 2951 484 3028 Longa
501 2960 829 3034 concertatio
856 2961 1242 3034 inter_domum
1268 2956 1439 3019 David
1464 2974 1513 3019 et
1541 2965 1701 3034 Saul,
1721 2969 1883 3034 sedet

374 3028 959 3104 nominaAseu/iiiorum
985 3030 1177 3104 David,
1208 3035 1296 3104 qui
1327 3037 1438 3090 nati
1464 3047 1587 3091 sunt
1616 3038 1661 3091 ei
1680 3028 1746 3093 Via
1774 3030 1883 3093 He-

376 3092 920 3177 Qron..Q_uod'_Abu_er
947 3092 1257 3177 eghor‘ta'tu's
1280 3115 1354 3159 est
1381 3105 1633 3177 populum
1679 3092 1759 3177 ut,
1803 3092 1884 3164 re-

372 3163 494 3247 licto
524 3163 758 3247 Ιεῡοξειζι
787 3170 925 3247 .ﬁlio
974 3170 1127 3247 Sinti,
1170 3192 1224 3229 se
1256 3163 1564 3247 transierat
1588 3178 1657 3231 ad

371 3242 523 3313 quem
550 3232 686 3313 oab
709 3232 830 3294 dolo
856 3232 1146 3313 interfecit,
1168 3252 1216 3313 et
1249 3245 1310 3298 ob
1345 3232 1442 3299 Izdc
1468 3265 1501 3303 a
1525 3246 1695 3302 David
1717 3232 1879 3304 male:

371 3308 616 3363 dictionis
643 3312 900 3364 sententia
928 3308 1019 3382 per
1045 3308 1370 3383 préplzetiam
1398 3319 1705 3388 percutitur.

377 3390 526 3470 (Car.
556 3392 663 3470 in.)
698 3417 716 3450 ι
749 3390 916 3455 Facta
936 3412 1021 3457 est
1039 3419 1169 3476 ergo
1194 3405 1348 3477 longa
1377 3410 1712 3465 concertatio
1736 3410 1883 3466 inter

303 3492 325 3539 ί
354 3482 574 3542 domum
608 3480 735 3543 Saul
755 3494 809 3545 et
839 3491 980 3547 inter
1024 3493 1241 3549 domum
1273 3492 1465 3553 David.
1520 3498 1686 3556 David
1722 3501 1882 3571 proﬁ-

303 3598 323 3631 ι
359 3578 509 3635 ciens
546 3584 601 3636 et
641 3598 855 3654 semper
880 3582 1056 3656 seipso
1089 3582 1380 3649 robustior.
1436 3590 1638 3649 Domus
1700 3603 1880 3649 autem

304 3674 325 3722 ἱ
375 3660 504 3726 Saul
549 3664 869 3730 decrescens
908 3674 1171 3746 quotidie.
1205 3697 1223 3730 ι
1268 3672 1469 3737 Domus
1507 3699 1638 3756 ergo
1686 3674 1877 3753 David,

300 3768 421 3833 quae
467 3771 551 3820 est
595 3760 697 3819 alia
726 3782 888 3837 quam
924 3767 1116 3824 civitas
1150 3768 1268 3839 Dei,
1303 3765 1603 3829 Jerusalem
1631 3766 1882 3833 videlicet

300 3852 560 3922 cmlestis,
604 3872 724 3928 quae
760 3859 958 3930 partim
1000 3861 1176 3916 adhuc
1209 3864 1588 3935 peregrinatur
1611 3867 1667 3922 in
1696 3869 1876 3938 terris,

299 3945 500 4015 parum
540 3943 653 4014 jam
702 3962 825 4003 cum
850 3948 1078 4005 Domino
1126 3961 1318 4023 regnat
1349 3952 1403 4009 in
1434 3956 1622 4013 caelis?
1654 3958 1721 4014 Et
1759 3978 1879 4033 qua:

299 4032 385 4122 est
424 4036 609 4094 iomus
635 4028 783 4105 Saul,
826 4036 1043 4111 snperbi
1069 4050 1122 4097 et
1142 4043 1291 4114 impii
1316 4044 1479 4116 regis,
1507 4048 1611 4104 nisi
1641 4028 1879 4122 Babylon

301 4114 393 4183 iIIa
427 4126 759 4189 confusionis
797 4133 976 4205 plena,
1026 4152 1146 4207 qua:
1193 4114 1401 4193 seducit
1435 4150 1489 4195 et
1517 4114 1775 4199 fornicari
1802 4144 1879 4199 fa-

299 4218 380 4275 cit
400 4235 590 4277 omnes
618 4228 808 4293 gentes
830 4226 883 4279 in
908 4224 1288 4296 prostitutione
1306 4230 1442 4284 Sua?
1473 4230 1656 4305 (Apoc.
1689 4250 1800 4290 xvii
1830 4243 1880 4290 et

299 4310 479 4383 xviii).
522 4311 703 4385 Longa
732 4331 861 4387 ergo
889 4319 1217 4374 concertatio
1244 4321 1385 4376 inter
1413 4323 1632 4381 domum
1667 4324 1798 4382 Saul
1826 4336 1881 4385 et

301 4401 519 4459 domum
559 4403 729 4461 David
753 4416 857 4474 est,
898 4410 1026 4478 quia
1055 4415 1401 4487 persequitur
1430 4416 1517 4471 illa
1544 4434 1665 4489 quae
1692 4435 1882 4478 secun-

300 4496 429 4553 dum
460 4513 679 4554 carnem
718 4507 823 4567 est,
870 4516 933 4557 ea
972 4519 1091 4574 quae
1135 4509 1430 4564 secundum
1474 4512 1723 4582 spiritum
1751 4511 1879 4587 (Ga-

300 4582 393 4642 lat.
428 4588 526 4661 ιν).
558 4584 664 4646 Sed
689 4586 880 4647 domus
903 4592 1072 4649 David
1093 4610 1157 4651 eo
1176 4598 1346 4669 magis
1370 4599 1615 4671 profectu
1641 4582 1878 4660 ﬁliorum

298 4692 524 4735 suorum
554 4680 826 4753 gaudebit,
875 4699 981 4755 quo
1011 4684 1203 4742 domus
1234 4688 1364 4744 Saul
1408 4695 1878 4762 persecutionibus

298 4782 488 4830 contra
520 4790 644 4832 eum
671 4769 843 4832 mit.
881 4776 973 4832 Illa
1016 4787 1199 4836 autem
1246 4784 1486 4853 quotidie
1515 4780 1773 4844 deﬁciens
1819 4788 1876 4845 in

298 4868 585 4938 iniquitate
612 4884 711 4926 sua
756 4869 1015 4939 tabescet,
1064 4880 1119 4927 et
1154 4875 1222 4930 ad
1250 4883 1551 4933 extremum
1580 4880 1876 4936 secundum

297 4960 494 5016 merita
526 4976 629 5017 sua
675 4961 834 5017 simul
877 4978 1003 5019 cum
1048 4964 1224 5037 capite
1276 4981 1375 5022 suo
1433 4967 1488 5023 in
1548 4964 1875 5040 profundum

298 5052 479 5127 abyssi
504 5061 797 5128 mergetur.

376 5162 394 5195 ι
430 5142 662 5215 Natique
692 5153 819 5201 sunt
846 5145 941 5202 ﬁlii
967 5147 1137 5205 David
1161 5150 1216 5205 in
1247 5150 1463 5208 Hebron
1499 5172 1512 5209 :
1542 5153 1751 5228 fuitque
1772 5160 1882 5230 pri-

305 5248 324 5280 ‹
361 5231 666 5304 mogenitus
691 5231 808 5303 ejus
831 5233 1061 5290 Ammon
1091 5238 1155 5291 de
1183 5238 1478 5296 Achinoam
1510 5239 1875 5313 Jezraelitide,

304 5336 327 5373 α
360 5328 416 5376 et
434 5330 557 5392 post
583 5338 704 5377 eum
728 5322 963 5380 Cheleab
989 5326 1055 5381 de
1084 5327 1318 5399 Abigail,
1354 5347 1525 5388 uxore
1552 5328 1723 5391 Nabal
1747 5336 1878 5393 Car-

307 5428 328 5463 ι
364 5402 508 5466 meli.
560 5406 730 5470 Porro
770 5416 963 5472 tertius
997 5417 1253 5485 Absalon,
1296 5420 1437 5478 ﬁlius
1485 5423 1707 5484 Maacha
1754 5428 1879 5485 ﬁlia:

307 5519 328 5554 ι
360 5498 566 5559 Telmai
596 5507 739 5578 regis
759 5505 979 5564 Gessur.
1002 5510 1238 5578 Quartus
1260 5521 1441 5569 autem
1470 5514 1709 5574 Adonias
1733 5518 1876 5576 ﬁlius

307 5607 328 5643 ι
366 5586 620 5666 Haggith,
656 5605 711 5651 et
738 5599 957 5668 quintus
984 5598 1240 5672 Sapbatia
1267 5603 1407 5661 ﬁlius
1433 5607 1633 5664 Abital.
1680 5609 1876 5668 Sextus

307 5702 328 5775 ι
364 5690 579 5775 qucque
592 5684 711 5743 Jetb
721 5706 866 5745 raam
884 5692 950 5749 de
962 5688 1092 5765 Egla
1107 5711 1276 5751 uxore
1291 5697 1475 5766 David,
1489 5721 1507 5753 ›
1528 5709 1635 5758 etc.
1653 5704 1761 5775 (Ea:
1775 5705 1877 5760 He-

303 5769 489 5853 Imeo.)
520 5799 539 5832 ι
566 5774 853 5852 Quaeritur,
876 5801 999 5841 cum
1023 5787 1140 5842 aliae
1168 5804 1364 5847 uxores
1390 5782 1559 5850 David
1593 5769 1752 5866 supra
1781 5814 1877 5854 no-

304 5870 431 5923 tatae
481 5868 611 5940 Sint,
645 5880 699 5927 et
744 5889 850 5929 non
885 5868 1133 5933 dicantur
1167 5895 1363 5936 uxores
1406 5881 1597 5952 David,
1644 5902 1740 5943 cur
1786 5890 1875 5947 hic

1992 2039 2011 2072 ι
2057 2030 2187 2093 ergo
2211 2018 2395 2091 facite,
2424 2026 2678 2095 quoniam
2708 2015 2968 2082 Dominus
3001 2026 3214 2083 locutus
3250 2038 3333 2085 est
3368 2031 3436 2085 ad
3463 2026 3569 2085 Da-

1992 2128 2011 2161 ι
2056 2110 2167 2178 vid,
2218 2111 2405 2169 dicens
2438 2134 2450 2168 :
2481 2110 2539 2171 In
2588 2132 2753 2171 manu
2782 2116 2924 2172 servi
2974 2108 3082 2175 mei
3113 2114 3305 2187 David,
3347 2119 3570 2177 salvabo

1993 2221 2012 2255 ι
2055 2206 2313 2277 populum
2361 2224 2541 2264 meum
2572 2207 2735 2265 Israel
2784 2206 2853 2266 de
2901 2227 3065 2267 manu
3121 2210 3473 2284 Pliilistbiim,
3516 2223 3569 2271 et

1995 2310 2014 2344 ι
2060 2296 2303 2350 omnium
2359 2297 2702 2354 inimicorum
2755 2298 2890 2367 ejus,
2928 2321 2946 2353 ι
2979 2310 3083 2358 etc.
3126 2300 3265 2371 Quid
3318 2314 3404 2361 est
3439 2321 3570 2378 ergo

1987 2386 2130 2456 quod
2156 2387 2340 2443 Abner
2372 2390 2627 2462 populum
2677 2391 2990 2448 universum
3030 2388 3195 2450 Israel
3229 2397 3566 2465 exhortatur,

1986 2484 2065 2545 u‘t,
2095 2478 2286 2535 relicto
2323 2476 2565 2537 Isboseth
2605 2474 2715 2538 ﬁlio
2748 2482 2896 2551 Saul,
2929 2487 2996 2541 ad
3023 2482 3193 2543 David
3223 2499 3473 2560 prompto
3504 2508 3569 2547 ac

1990 2566 2191 2625 devoto
2221 2571 2403 2626 animo
2447 2575 2751 2643 conveniat,
2786 2576 2889 2632 nisi
2920 2579 3065 2649 quod
3092 2574 3343 2638 doctores
3369 2585 3566 2656 sancti,

1987 2658 2078 2728 qui
2109 2658 2277 2730 patris
2333 2660 2548 2719 lucerna
2581 2666 2775 2721 merito
2821 2664 3093 2737 dicuntur,
3133 2669 3336 2729 lumine
3363 2673 3488 2731 ﬁdei
3514 2684 3572 2732 et

1985 2750 2227 2807 scientiae
2250 2751 2572 2824 plenissimi,
2597 2757 2651 2812 in
2674 2760 2940 2817 universis
2962 2764 3213 2834 gentibus
3236 2781 3433 2824 nomen
3463 2769 3569 2823 Do-

1983 2842 2117 2898 mini
2156 2846 2453 2914 przedicant
2500 2856 2556 2903 et
2608 2850 2989 2919 exhortantur,
3047 2865 3333 2926 quatenus,
3386 2870 3567 2930 spreta

1985 2931 2254 2990 idolorum
2294 2936 2525 3004 cultura,
2569 2950 2625 2995 et
2652 2940 2837 3017 relicto
2865 2959 3051 3001 errore
3083 2944 3416 3007 confusionis
3443 2968 3567 3007 cum

1986 3034 2211 3081 auctore
2262 3043 2361 3083 suo
2402 3026 2636 3097 diabolo,
2688 3033 2752 3088 ad
2788 3034 2959 3091 David
3003 3048 3270 3108 nostrum,
3317 3043 3568 3113 quivere

1984 3116 2306 3191 manufortis
2358 3130 2413 3178 et
2464 3122 2829 3181 desiderabilis
2886 3138 2990 3195 est,
3037 3132 3129 3202 qui
3176 3153 3194 3184 ι
3228 3134 3571 3194 desideratus

1985 3213 2196 3267 cunctis
2224 3216 2474 3285 gentibus
2502 3216 2653 3288 (Agg.
2710 3218 2792 3292 ιι),
2824 3240 2842 3271 ι
2878 3237 2998 3276 esse
3024 3238 3054 3276 a
3080 3225 3340 3295 propheta
3367 3227 3570 3283 descri-

1908 3290 1963 3360 C
1984 3302 2164 3369 bitur,
2197 3305 2314 3360 sine
2343 3322 2490 3361 mora
2522 3290 2779 3364 festinent
2805 3311 3013 3379 venire,
3044 3321 3099 3369 et
3128 3316 3226 3369 sub
3255 3314 3369 3385 ejus
3402 3319 3569 3388 impe-

1983 3392 2068 3448 rio
2116 3402 2387 3465 perpetuo
2417 3399 2669 3455 studeant
2709 3405 3070 3473 permanere?
3126 3405 3260 3462 Nam
3303 3417 3359 3464 et
3404 3409 3563 3479 Joab,

1982 3498 2142 3555 quem
2177 3485 2361 3542 Abner
2390 3489 2512 3544 dolo
2549 3490 2773 3562 loquens
2802 3504 2856 3549 et
2882 3496 3188 3565 percutiens
3223 3500 3279 3555 in
3324 3500 3564 3573 inguine,

1982 3574 2279 3645 interfecit,
2324 3597 2428 3637 non
2459 3581 2621 3638 alium
2665 3601 2824 3655 quam
2856 3587 3066 3643 hostem
3093 3592 3375 3664 antiquum
3397 3595 3567 3666 signi-

1984 3666 2130 3734 ﬁcat,
2177 3671 2267 3740 qui
2312 3668 2452 3728 ﬁctis
2483 3677 2823 3734 suasionibus
2852 3682 3094 3750 quotidie
3126 3684 3311 3741 ﬁdeles
3343 3686 3570 3743 subver-

1982 3766 2100 3815 tere
2130 3760 2348 3833 satagit,
2391 3773 2446 3819 et
2472 3781 2569 3839 per
2598 3766 2834 3825 libidinis
2861 3772 3037 3828 noxiae
3083 3775 3458 3847 contagionem
3487 3778 3570 3834 in-

1984 3850 2231 3906 terﬁcere
2276 3852 2516 3909 molitur.
2575 3855 2710 3914 Joab
2761 3860 2905 3916 enim
2963 3862 3235 3934 inimicus,
3289 3868 3373 3923 vel
3428 3870 3568 3925 idem

1980 3950 2131 4010 pater
2163 3942 2575 4017 interpretatur.
2628 3946 2881 4006 Omnium
2911 3949 3055 4010 enim
3102 3957 3409 4028 iniquorum
3446 3961 3565 4017 dia-

1980 4032 2137 4089 bolus
2160 4046 2340 4125 caput.
2398 4036 2550 4095 Unde
2596 4051 2650 4096 et
2691 4042 2942 4100 Salvator
2974 4044 3170 4104 talibus
3198 4050 3251 4104 iu
3276 4052 3567 4125 Evangelio

1982 4120 2160 4179 dicit:
2202 4145 2220 4178 ι
2256 4122 2363 4183 Vos
2415 4144 2479 4183 ex
2522 4142 2675 4201 patre
2728 4135 2943 4190 diabolo
2991 4139 3144 4205 estis,
3196 4149 3251 4195 et
3297 4120 3566 4200 desideria

1980 4217 2152 4286 patris
2184 4220 2352 4276 vestri
2382 4220 2542 4279 vultis
2568 4222 2747 4282 Facere
2773 4225 2956 4300 (Joan.
2988 4230 3127 4305 vm).
3162 4254 3179 4285 ι
3198 4234 3281 4290 Ab
3311 4235 3415 4292 bac
3433 4253 3564 4310 ergo

1980 4311 2332 4378 percussione
2363 4310 2531 4370 David
2560 4327 2749 4373 noster
2789 4320 3043 4379 immunis
3073 4335 3173 4391 est,
3202 4330 3330 4398 quia
3365 4350 3383 4381 ι
3420 4332 3565 4389 Deus

1980 4401 2254 4457 neminem
2282 4413 2453 4460 tentat
2485 4404 2625 4478 (Jac.
2660 4408 2722 4482 ι).
2762 4411 2879 4482 Ipse
2905 4425 3085 4470 autem
3128 4419 3423 4476 intentator
3450 4439 3566 4478 ma-

1980 4491 2159 4548 l‘orum
2185 4501 2287 4560 est,
2328 4497 2420 4566 qui
2463 4498 2579 4553 vult
2611 4515 2799 4557 omnes
2829 4503 3077 4560 homines
3107 4508 3284 4565 salvos
3316 4526 3461 4580 esse,
3510 4525 3567 4570 et

1983 4584 2053 4640 ad
2075 4588 2409 4660 agnitionem
2455 4593 2704 4651 veritatis
2750 4598 3034 4666 pervenire
3065 4590 3117 4673 (Ῑ
3154 4600 3289 4657 Tim.
3316 4604 3401 4677 ιι).
3460 4606 3568 4664 Per

1985 4680 2246 4738 invidiam
2280 4686 2424 4742 enim
2476 4687 2675 4745 diaboli
2704 4706 2852 4748 mors
2890 4693 3136 4751 introivit
3167 4696 3224 4752 in
3262 4706 3434 4757 totum
3483 4718 3571 4759 or-

1984 4772 2109 4828 bem
2133 4784 2402 4833 terrarum
2426 4778 2582 4853 (Sap.
2611 4783 2695 4853 n).
2727 4802 2748 4836 ι
2781 4783 3069 4842 Imitantur
3088 4797 3273 4845 autem
3298 4806 3448 4860 eum,
3474 4795 3568 4866 qui

1985 4874 2113 4921 sunt
2140 4882 2208 4921 ex
2257 4879 2413 4938 parte
2441 4868 2576 4943 ejus.
2611 4864 2798 4931 Potest
2834 4890 3032 4933 nomen
3053 4885 3109 4935 et
3142 4894 3375 4950 persona
3426 4864 3563 4942 Joab

1983 4972 2093 5013 non
2133 4957 2575 5019 inconvenienter
2621 4966 2689 5021 ad
2732 4969 2991 5038 populum
3042 4968 3327 5030 Judaicum
3367 4990 3465 5049 per
3491 4978 3564 5035 si-

1983 5051 2384 5125 gniﬁcationem
2412 5054 2713 5126 transferri,
2746 5060 2840 5130 qui
2889 5062 3095 5119 inimici
3123 5078 3337 5137 semper
3367 5070 3568 5139 praedi-

1983 5152 2226 5200 catorum
2271 5138 2550 5219 Evangelii
2576 5152 2920 5220 exstiterunt,
2950 5164 3006 5210 et
3022 5155 3186 5213 ﬁdem
3213 5138 3416 5219 Christi
3447 5164 3566 5222 ubi-

1981 5252 2195 5323 cunque
2220 5248 2514 5309 potuerunt
2532 5246 3024 5316 persequebantur.
3051 5248 3130 5307 De
3149 5253 3345 5323 quibus
3365 5256 3567 5318 Paulus

1984 5318 2562 5389 Thessalonicensibus
2593 5334 2843 5392 scribens
2864 5335 2942 5393 ait
2973 5354 2987 5391 :
3030 5358 3049 5391 ‹
3086 5318 3199 5398 Vos
3217 5345 3361 5402 enim
3383 5347 3563 5405 imitu-

1983 5416 2131 5477 tores
2158 5421 2289 5479 facti
2321 5425 2454 5482 estis
2482 5425 2684 5483 fratres
2724 5427 3093 5489 Ecclesiarum
3124 5434 3243 5505 Dei,
3285 5454 3405 5511 quae
3435 5450 3564 5498 sunt

1987 5510 2041 5571 in
2071 5515 2278 5586 Iudaea,
2316 5520 2369 5575 in
2400 5519 2619 5577 Christo
2655 5521 2805 5578 Jesu.
2837 5524 2976 5594 Quia
3000 5529 3191 5586 eadem
3428 5536 3564 5592 estis

1986 5618 2042 5665 et
2064 5625 2161 5666 vos
2198 5626 2230 5666 a
2266 5613 2658 5683 contribulibus
2681 5619 2878 5674 vestris
2904 5620 3044 5676 sicut
3072 5630 3130 5676 et
3155 5621 3257 5693 ipsi
3281 5638 3315 5678 a
3339 5622 3558 5693 Judaeis,

1984 5703 2073 5772 qui
2096 5710 2151 5758 et
2177 5702 2476 5785 Dominum.
2493 5708 2810 5765 occiderunt
2834 5708 3044 5781 Iesum,
3074 5721 3147 5769 etv
3158 5716 3471 5787 prophetas,
3506 5724 3562 5773 et

1984 5812 2084 5851 nos
2106 5799 2377 5867 persecuti
2408 5809 2554 5868 sunt,
2595 5809 2648 5858 et
2685 5803 2796 5862 Deo
2824 5820 2933 5862 Ion
2956 5806 3191 5878 placent,
3229 5816 3286 5863 et
3308 5808 3559 5867 omnibus

1982 5890 2290 5946 hominibus
2345 5892 2722 5962 adversantur,
2763 5897 3115 5967 prohibentes
3162 5914 3262 5957 nos
3305 5902 3555 5973 gentibus
