4074 6486
364 407 426 462 81
1177 397 1525 457 COMMENT.
1566 394 1633 456 IN
1671 393 1916 457 LIBROS
1948 391 2017 454 IV
2050 397 2313 459 REGUM.
2352 431 2424 444 -—
2458 399 2528 456 IN
2563 401 2692 457 LIB.
2732 400 2796 457 II.
3547 399 3622 458 03

365 519 562 576 Dicunt
582 517 726 572 enim
746 515 868 587 quia
896 516 1065 571 David
1088 529 1184 570 sex
1204 513 1482 570 mensibus
1501 509 1751 568 Absalon'
1769 512 1938 567 ﬁlium
1963 522 2017 583 Α
2041 511 2260 584 Mystice
2295 522 2472 569 autem
2522 513 2688 569 David
2712 512 3018 568 Jebusaeum
3063 510 3423 570 habitatorem
3458 521 3623 572 terra

365 624 521 664 suum
548 606 744 678 fugerit
775 625 789 661 :
828 607 1021 662 merito
1048 606 1270 662 eosdem
1298 620 1393 662 sex
1421 619 1637 660 menses
1664 621 1695 659 a
1725 619 1937 660 summa

365 699 516 771 regni
542 698 684 753 illius
713 713 831 753 esse
872 699 1143 754 exclusos.
1174 697 1372 752 Dicunt
1411 698 1577 753 etiam
1617 697 1774 752 aliter
1795 697 1940 767 quod

363 804 459 845 sex
497 789 772 844 mensibus
800 788 856 843 in
885 788 1102 846 Hebron
1139 790 1312 845 David
1344 789 1580 860 quadam
1623 789 1941 844 inﬁrmitate

364 880 608 952 corporis
634 879 978 946 laboraverit,
1028 889 1084 936 et
1111 881 1318 936 idcirco
1344 881 1564 936 eosdem
1601 896 1697 936 sex
1723 893 1941 937 menses

363 987 471 1027 non
501 971 780 1042 supputari
805 972 858 1025 in
879 987 1045 1042 regno
1075 973 1210 1043 ejus.
1234 970 1317 1027 Ex
1347 987 1412 1027 eo
1442 989 1677 1042 namque
1700 982 1942 1043 tempore

364 1064 515 1119 illum
553 1077 805 1134 regnasse
839 1063 1025 1118 dicunt
1078 1064 1133 1118 in
1157 1063 1405 1130 Hebron,
1458 1079 1524 1119 ex
1555 1080 1682 1133 quo,
1714 1065 1942 1120 devictis

361 1155 696 1222 Amalccitis,
730 1157 797 1211 de
832 1155 1020 1226 spoliis
1050 1171 1240 1212 eorum
1276 1157 1428 1212 misit
1472 1159 1610 1212 dona
1635 1158 1943 1214 senioribus

361 1245 520 1312 Juda,
569 1247 654 1302 bis
699 1247 794 1317 qui
820 1256 978 1302 erant
1005 1248 1061 1303 in
1105 1248 1338 1314 Hebron,
1373 1257 1429 1303 et
1467 1249 1666 1320 bisqui
1693 1258 1856 1305 erant
1883 1249 1942 1304 in

361 1339 570 1406 Bethel,
621 1349 679 1396 et
717 1341 940 1411 reliquis
977 1343 1068 1412 qui
1101 1352 1257 1398 erant
1287 1344 1338 1397 in
1367 1344 1456 1399 his
1486 1343 1620 1399 locis
1647 1344 1702 1398 in
1743 1343 1941 1413 quibus

362 1441 728 1486 commoratus
752 1431 929 1487 fuerat
958 1431 1127 1487 David
1157 1435 1272 1504 ipse
1312 1442 1368 1488 et
1391 1433 1496 1489 viri
1545 1432 1681 1502 ejus.
1714 1433 1943 1505 Mystice

362 1529 543 1575 autem
573 1523 715 1590 quod
742 1521 913 1578 David
941 1523 1165 1594 triginta
1198 1539 1465 1579 annorum
1493 1539 1724 1596 regnare
1750 1527 1938 1597 coepit,

360 1610 743 1682 prteﬁgurabat
768 1613 912 1682 quod
934 1612 1192 1669 Dominus
1217 1623 1400 1670 noster
1425 1615 1645 1686 triginta
1675 1631 1942 1671 annorum

360 1703 510 1759 venit
543 1705 609 1758 ad
639 1703 986 1773 baptismum,
1018 1713 1074 1761 et
1099 1706 1389 1777 incipiebat
1410 1707 1761 1777 Evangelium
1788 1708 1941 1778 regni

361 1798 679 1867 praedicare,
710 1797 865 1865 cujus
905 1813 1156 1870 regnum,
1189 1814 1416 1869 regnum
1442 1798 1852 1867 sempiternum,
1884 1807 1942 1854 et

2039 604 2105 660 de
2157 603 2455 661 Jerusalem
2500 605 2725 677 ejiciens
2755 604 3028 675 signiﬁcat
3077 605 3496 676 Redemptorem
3520 621 3621 666 lto-

2038 707 2211 754 strum
2261 699 2564 755 contrarias
2628 706 2923 769 potestates
2975 698 3042 754 de
3085 698 3340 754 cordibus
3377 696 3620 754 ﬁdelium

2038 791 2324 863 expellere,
2374 791 2454 846 sic
2476 789 2679 845 ibidem
2703 803 2857 844 suam
2887 791 3224 846 mansionem
3261 789 3617 847 constituere.

2039 882 2317 940 Jebusaaus
2349 881 2492 938 enim
2527 883 2916 952 interpretatur
2967 879 3238 948 calcatus;
3294 879 3620 948 Jerusalem,

2040 976 2166 1031 uisio
2203 975 2348 1047 paci:
2377 989 2397 1028 :
2422 990 2530 1029 non
2558 975 2732 1030 solum
2777 973 2923 1029 enim
2976 973 3239 1030 Dominus
3293 983 3482 1031 noster
3524 988 3624 1045 per

2040 1066 2356 1139 mysterium
2402 1065 2580 1121 crucis
2607 1080 2825 1120 omnem
2851 1065 3216 1134 principatum
3264 1065 3462 1121 diaboli
3531 1065 3624 1120 de-

2041 1157 2300 1211 struendo
2347 1156 2565 1211 sibimet
2607 1163 2866 1225 tropaeum
2913 1154 3097 1226 gloria).
3141 1155 3464 1225 acquisivit,
3510 1154 3622 1210 imo

2040 1246 2288 1303 ﬁdelibus
2343 1248 2454 1303 suis
2507 1262 2669 1317 super
2714 1260 2928 1302 omnem
2972 1246 3226 1300 virtutem
3283 1245 3484 1301 diaboli
3526 1261 3623 1315 po-

2043 1345 2289 1392 testatem
2319 1337 2524 1392 tribuit.
2563 1337 2712 1393 Unde
2755 1337 2810 1390 in
2841 1335 3137 1407 Evangelio
3190 1333 3473 1406 discipulis
3509 1334 3623 1390 suis

2041 1428 2117 1480 ait
2143 1446 2154 1480 :
2181 1447 2198 1478 (
2217 1427 2357 1482 Ecce
2378 1427 2499 1482 dedi
2523 1427 2677 1482 vobis
2700 1434 3026 1496 potestatem
3048 1425 3294 1481 calcandi
3323 1439 3488 1494 super
3515 1439 3628 1480 ser-

2041 1527 2250 1589 pentes,
2267 1527 2323 1573 et
2343 1518 2856 1588 super_scorpiones,
2879 1524 2936 1572 et
2947 1532 3108 1586 super
3125 1531 3342 1571 omnem
3370 1517 3627 1570 virtutem

2042 1612 2247 1666 inimici
2281 1610 2434 1683 (Luc.
2461 1611 2542 1683 χ).
2577 1631 2594 1662 ι
2623 1610 2769 1666 Bene
2788 1626 2918 1682 ergo
2938 1612 3138 1665 dictum
3164 1619 3247 1665 est
3265 1609 3410 1680 quod
3431 1608 3624 1674 David,

2042 1700 2227 1771 ejectis
2252 1702 2410 1757 caecis
2434 1709 2490 1756 et
2507 1701 2735 1767 claudis,
2759 1702 2851 1771 qui
2878 1701 3138 1756 odiebant
3161 1702 3399 1756 animam
3429 1699 3624 1767 David,

2042 1793 2248 1862 ceperit
2281 1808 2465 1848 arcem
2488 1792 2641 1857 Sion,
2670 1807 2931 1862 suamque
2951 1792 3229 1847 civitatem
3254 1807 3376 1846 eam
3401 1806 3630 1846 vocave-

359 1897 603 1960 potestas
647 1887 763 1956 ejus
816 1888 971 1944 alteri
1019 1905 1128 1943 non
1187 1889 1421 1944 dabitur.
1471 1888 1944 1959 Quadragenarius
1971 1894 2019 1954 B
2047 1886 2140 1952 rit,
2167 1885 2293 1955 quia
2324 1901 2449 1940 eum
2477 1884 2726 1940 Salvator
2748 1892 2933 1940 noster
2966 1884 3230 1955 malignos
3252 1884 3477 1953 spiritus
3501 1897 3628 1939 cum

360 1981 504 2036 enim
527 1994 809 2046 numerus,
831 1976 924 2051 qui
950 1995 1019 2035 ex
1043 1990 1234 2051 quater
1259 1981 1413 2035 denis
1441 1988 1676 2046 constat,
1698 1981 1933 2051 plenitu-

360 2071 541 2126 dinem
570 2079 874 2140 temporum
905 2079 960 2126 et
989 2086 1170 2126 rerum
1203 2070 1598 2141 perfectionem
1641 2070 1931 2142 signiﬁcat.

435 2182 454 2213 ι
501 2162 568 2216 Et
601 2162 734 2216 abiit
762 2177 854 2216 rex
882 2170 939 2217 et
963 2177 1153 2217 omnes
1188 2163 1289 2216 viri
1313 2163 1406 2233 qui
1432 2172 1592 2218 erant
1633 2179 1755 2218 cum
1779 2177 1845 2218 eo
1882 2163 1939 2219 in

365 2272 384 2304 ι
429 2251 728 2307 Jerusalem
762 2252 829 2307 ad
867 2250 1170 2308 Jebusaeum
1219 2252 1579 2308 habitatorem
1621 2261 1798 2308 terrae.
1843 2253 1938 2308 Di-

367 2364 385 2397 ι
430 2352 685 2414 clumque
714 2351 798 2399 est
839 2345 908 2399 ad
934 2345 1105 2400 David
1157 2345 1226 2399 ab
1261 2345 1342 2401 eis
1380 2363 1393 2399 :
1445 2344 1565 2400 Non
1617 2345 1940 2417 ingredieris

367 2454 385 2486 ι
431 2435 538 2490 huc
575 2436 677 2489 nisi
725 2435 1013 2490 abstuleris
1059 2451 1228 2491 caecos
1263 2444 1318 2490 et
1360 2436 1602 2500 claudos,
1647 2437 1936 2492 dicentes:

367 2544 386 2576 ‹
431 2524 547 2580 Non
603 2525 910 2595 egredietur
940 2525 1107 2581 David
1151 2529 1278 2582 huc.
1345 2526 1500 2598 Cepit
1543 2537 1722 2582 autem
1771 2527 1941 2582 David

368 2635 387 2668 ‹
430 2633 615 2673 arcem
640 2618 792 2673 Sion.
832 2618 957 2675 Haec
981 2628 1065 2674 est
1093 2628 1271 2674 autem
1301 2620 1490 2677 civitas
1516 2621 1704 2676 David.
1735 2621 1942 2692 Propo-

369 2726 388 2760 ‹
434 2715 615 2762 suerat
639 2708 784 2762 enim
799 2708 968 2763 David
988 2709 1044 2762 in
1069 2709 1154 2764 die
1175 2709 1263 2763 illa
1284 2711 1591 2780 praemium,
1613 2709 1703 2779 qui
1719 2725 1940 2780 percus-

369 2817 388 2850 ι
434 2799 596 2853 sisset
639 2797 966 2866 Jebusamm,
1014 2809 1070 2855 et
1119 2801 1383 2871 tetigisset
1411 2801 1684 2856 domatum
1731 2801 1942 2857 ﬁstulas

370 2907 389 2940 ‹
430 2896 483 2944 et
495 2890 807 2945 abstulisset
824 2892 1042 2946 claudos
1064 2901 1118 2947 et
1144 2909 1315 2948 caecos
1329 2895 1484 2948 odien
1494 2905 1572 2949 tes
1589 2895 1823 2949 animam
1841 2895 1945 2950 Da-

371 2999 389 3032 ι
434 2981 542 3036 vid.
578 2981 782 3038 Idcirco
807 2983 1006 3038 dicitur
1033 2985 1086 3038 in
1128 2986 1414 3054 proverbio
1444 3004 1456 3039 :
1489 2986 1675 3041 Caecus
1711 2998 1767 3042 et
1795 2986 1946 3041 elau-

372 3090 391 3123 ι
435 3072 536 3128 dus
567 3089 673 3129 non
703 3074 983 3128 intrabunt
1013 3075 1067 3129 in
1114 3076 1391 3144 templum.
1440 3075 1716 3131 Habitavit
1761 3087 1944 3132 autem

372 3180 391 3213 ‹
434 3162 601 3218 David
637 3164 690 3218 in
742 3180 884 3230 arce,
932 3175 987 3220 et
1010 3168 1222 3222 vocavit
1262 3183 1383 3222 eam
1431 3169 1706 3224 civitatem
1748 3170 1938 3225 David.

2042 1977 2198 2032 turba
2226 1977 2478 2033 vitiorum
2507 1977 2575 2032 de
2609 1977 2788 2032 anima
2835 1976 3078 2047 qualibet
3097 1976 3386 2046 expulerit,
3412 1974 3631 2045 sibique

2041 2080 2161 2120 eam
2183 2081 2282 2136 per
2315 2066 2762 2121 illuminationem
2789 2065 3464 2136 sapientiaz'usurpaverit,
3509 2080 3628 2123 me-

2043 2157 2150 2210 rito
2195 2173 2296 2211 ara;
2348 2155 2496 2223 Sion,
2553 2158 2606 2212 id
2651 2165 2756 2224 est,
2799 2158 3189 2228 speculationis,
3245 2165 3301 2211 et
3332 2157 3458 2210 visio
3481 2157 3628 2226 pacis

2042 2250 2314 2319 ipsa-tunc
2355 2251 2656 2316 vocabitur,
2708 2257 2872 2319 atque
2917 2251 2983 2305 de
3037 2265 3099 2304 ca
3148 2258 3275 2304 tunc
3328 2255 3478 2304 recte
3530 2261 3632 2318 per

2042 2342 2384 2398 Psalmistam
2409 2345 2620 2398 dicetur
2644 2360 2658 2398 :
2685 2361 2704 2395 ι
2727 2342 2897 2399 Notus
2913 2344 2965 2397 in
2984 2342 3170 2397 Judzea
3198 2343 3360 2404 Deus,
3381 2342 3435 2396 in
3457 2338 3630 2398 Israel

2043 2449 2297 2505 magnum
2323 2450 2518 2490 nomen
2541 2433 2675 2502 ejus,
2698 2443 2754 2492 et
2775 2435 2952 2490 factus
2965 2443 3050 2489 est
3077 2435 3129 2489 in
3153 2450 3289 2504 pace
3312 2432 3465 2490 locus
3484 2433 3629 2504 ejus,

2043 2533 2099 2582 et
2141 2527 2403 2582 habitatio
2449 2527 2567 2598 ejus
2604 2529 2663 2582 in
2699 2525 2852 2581 Sion.
2875 2527 2952 2582 Ibi
2998 2526 3264 2598 confregit
3301 2541 3507 2583 cornua
3530 2541 3624 2582 ar-

2046 2634 2228 2685 cuum,
2261 2627 2495 2684 scutum,
2525 2618 2762 2690 gladium
2799 2627 2856 2674 et
2883 2619 3104 2674 bellum.
3147 2637 3166 2673 ι

2121 2730 2140 2763 ‹
2185 2710 2449 2781 Cognovit
2475 2709 2647 2765 David
2676 2710 2928 2781 quoniam
2974 2709 3349 2766 conﬁrmasset
3371 2726 3496 2767 eum
3522 2710 3630 2766 Do-

2051 2822 2070 2854 «
2118 2802 2298 2857 minus
2329 2817 2510 2872 regem
2541 2816 2704 2872 super
2729 2801 2916 2866 Israel,
2957 2810 3013 2856 et
3048 2802 3304 2872 quoniam
3333 2802 3633 2860 exaltasset

2053 2912 2070 2944 ι
2117 2907 2341 2963 regnum
2365 2891 2483 2961 ejus
2505 2909 2668 2964 super
2687 2894 2944 2965 p0pulum
2991 2911 3148 2950 suum
3175 2894 3365 2950 Israel.
3405 2894 3636 2966 Accepit

2053 3003 2071 3036 ς
2114 2999 2244 3055 ergo
2291 2985 2464 3040 adhuc
2510 2984 2840 3040 concubinas
2869 2995 2924 3040 et
2977 2999 3174 3042 uxores
3202 2986 3269 3042 de
3303 2985 3633 3052 Jerusalem,

2053 3093 2071 3126 ι
2117 3085 2405 3146 postquam
2426 3085 2651 3131 venerat
2676 3078 2741 3132 de
2769 3077 3008 3144 Hebron,
3061 3079 3282 3148 natique
3307 3086 3435 3133 sunt
3461 3077 3634 3133 David

2055 3187 2073 3219 ε
2119 3176 2174 3222 et
2198 3167 2288 3222 alii
2318 3168 2414 3222 ﬁlii
2438 3177 2492 3224 et
2512 3167 2656 3235 ﬁlite,
2701 3189 2720 3221 ι
2755 3179 2860 3225 etc.
2895 3169 3005 3226 Sed
3024 3169 3255 3226 fortasse
3282 3171 3405 3240 quis
3440 3170 3629 3226 dicat:

374 3273 392 3304 ι
438 3254 505 3309 Et
526 3255 811 3310 aediﬁcavit
839 3271 936 3325 per
957 3271 1147 3327 gyrum
1174 3274 1205 3312 a
1229 3257 1385 3314 Mello
1415 3268 1470 3314 et
1499 3260 1848 3316 intrinsecus.
1879 3261 1948 3317 Et
1975 3264 2020 3326 C
2054 3255 2110 3311 Si
2138 3257 2306 3312 David
2335 3259 2625 3330 imaginem
2645 3259 2846 3316 Christi
2867 3262 3107 3334 gerebat,
3134 3263 3404 3332 quomodo
3431 3261 3634 3318 multas

376 3365 394 3396 ι
440 3347 844 3415 ingrediebatur
862 3350 1150 3419 proliciens
1169 3359 1331 3421 atque
1358 3367 1732 3419 suecrescens,
1761 3363 1817 3409 et
1842 3354 1948 3410 Do-

377 3454 396 3484 ‹
441 3435 620 3488 minus
660 3436 799 3491 Deus
831 3439 1167 3493 exercituum
1197 3449 1460 3496 eratcum
1491 3459 1554 3498 eo
1574 3485 1588 3508 ,
1629 3463 1648 3495 ι
1678 3450 1784 3500 etc.
1819 3445 1944 3501 Haec

369 3525 637 3596 Josephus
663 3528 751 3584 ille
779 3540 966 3584 narrat
990 3549 1002 3583 :
1040 3551 1057 3582 ι
1092 3531 1400 3602 Exsurgens
1427 3533 1596 3589 David
1622 3551 1744 3590 eum
1773 3539 1950 3593 omni-

365 3615 470 3672 bus
503 3620 649 3673 venit
677 3620 730 3674 in
759 3619 1148 3692 Jerosorymam
1181 3622 1446 3682 Jubusaeis
1469 3627 1839 3685 habitantibus
1864 3630 1946 3685 ci-

371 3710 617 3778 vitatem,
665 3713 756 3782 qui
817 3722 972 3768 erant
1010 3730 1076 3770 ex
1123 3731 1320 3787 genere
1372 3718 1824 3789 Chananaorum,
1894 3730 1948 3779 et

371 3805 746 3863 claudentibus
767 3809 817 3863 ei
839 3818 1043 3880 portas,
1076 3819 1132 3867 et
1156 3827 1330 3868 caecos
1365 3823 1610 3883 aspectu,
1641 3824 1697 3870 et
1727 3814 1948 3872 claudos

372 3911 666 3967 omnesque
692 3898 936 3969 leprosos
955 3903 1023 3957 ad
1051 3902 1387 3960 derisionem.
1397 3906 1541 3975 regis
1566 3907 1949 3963 constituenti-

371 3988 472 4044 bus
501 4005 662 4059 super
701 4007 937 4058 murum,
977 4001 1032 4049 et
1069 3995 1372 4050 dicentibus
1401 4013 1414 4049 :
1446 3996 1570 4066 quia
1594 3997 1949 4067 prohiberent

372 4095 497 4137 eum
536 4083 665 4138 (ξεοί
706 4084 913 4154 ingredi
965 4085 1261 4140 civitatem.
1315 4086 1444 4154 Quae
1491 4096 1671 4143 tamen
1718 4089 1951 4160 agebant

373 4171 727 4244 despicientes
781 4191 905 4232 eum
973 4179 1220 4247 proxima
1274 4180 1576 4236 munitione
1643 4197 1946 4237 murorum.

373 4265 547 4323 Iratus
596 4284 692 4324 rex
744 4268 1136 4342 Jerosulymam
1176 4271 1425 4327 obsidere
1473 4272 1658 4343 coepit,
1697 4281 1752 4328 et
1782 4273 1950 4329 multo

376 4359 553 4414 studio
581 4369 637 4414 et
660 4360 846 4416 labore
867 4362 1070 4425 conari,
1101 4369 1162 4416 ut
1185 4376 1304 4416 eam
1329 4371 1569 4432 caperet,
1602 4372 1870 4432 quatenus
1891 4363 1947 4416 in

377 4449 493 4518 ipso
520 4452 855 4522 principatus
903 4453 1056 4508 initio
1107 4469 1260 4508 suam
1307 4451 1682 4510 fortitudinem
1725 4455 1950 4509 demon-

376 4550 595 4598 straret.
638 4542 1024 4600 Interminatus
1051 4545 1235 4615 itaque
1262 4553 1317 4601 et
1346 4546 1478 4616 ipsis
1499 4556 1554 4602 et
1591 4546 1732 4613 aliis,
1765 4547 1811 4602 si
1855 4547 1948 4616 qui

2053 3365 2251 3405 uxores
2297 3357 2353 3405 et
2400 3353 2734 3408 concubinas
2775 3355 3030 3409 habuisse
3049 3355 3328 3421 scribitur,
3359 3370 3483 3410 cum
3531 3355 3636 3428 has

2051 3454 2147 3494 rex
2191 3440 2442 3496 Christus
2479 3451 2532 3497 et
2561 3444 2842 3500 horrescat
2883 3453 2940 3501 et
2971 3446 3226 3501 damnet?
3267 3445 3635 3516 Respondeo:

2049 3530 2166 3586 Hoc
2217 3547 2317 3603 per
2367 3533 2597 3605 figuram
2636 3535 2816 3592 ﬁebat.
2861 3537 3042 3594 Multa:
3065 3540 3214 3595 enim
3243 3554 3441 3594 uxores
3465 3540 3638 3595 David

2049 3623 2342 3680 multarum
2380 3627 2620 3697 gentium
2661 3637 2716 3684 et
2764 3630 3045 3686 nationum
3091 3631 3381 3704 imaginem
3426 3631 3636 3687 indica-

2049 3715 2202 3781 bant,
2251 3731 2372 3786 quae
2399 3732 2498 3788 per
2542 3717 2702 3774 ﬁdem
2755 3718 2958 3776 Christi
2992 3721 3270 3778 consortio
3313 3720 3633 3794 junguntur.

2049 3808 2376 3866 Concubina:
2410 3827 2541 3867 vero
2571 3811 2689 3881 ejus
2720 3811 3026 3884 signiﬁcant
3047 3813 3430 3869 haereticorum
3456 3811 3632 3868 eccle-

2050 3901 2178 3967 sias,
2207 3917 2328 3972 quae
2357 3903 2457 3958 sub
2483 3902 2686 3960 Christi
2716 3905 2952 3961 nominis
2977 3906 3134 3961 titulo
3162 3921 3222 3962 se
3266 3920 3487 3960 manere
3516 3904 3632 3976 glo-

2048 3993 2294 4060 riantur;
2331 3996 2427 4051 sed
2477 3997 2605 4066 quia
2654 4006 2874 4068 propter
2910 3998 3150 4055 carnalia
3177 3997 3330 4052 lucra
3355 3996 3630 4052 Christum

2051 4095 2354 4154 sectantur,
2404 4105 2512 4144 non
2537 4088 2812 4162 coniuges,
2846 4091 2943 4147 sed
2970 4091 3288 4147 concubina:
3335 4099 3622 4146 vocantur.
3679 4097 3682 4100 ’

2051 4181 2297 4252 Denique
2327 4199 2471 4238 nunc
2505 4198 2660 4255 reges
2712 4183 2758 4238 si
2786 4183 2971 4253 plures
3012 4185 3248 4239 habeant
3297 4197 3498 4238 uxores
3544 4181 3631 4236 vel

2051 4269 2405 4335 concubinas,
2461 4269 2669 4325 crimen
2717 4278 2820 4335 est,
2882 4270 3010 4340 quia
3031 4268 3145 4339 jam
3189 4271 3524 4324 transierunt
3560 4268 3628 4323 Il-

2053 4374 2222 4429 gurae,
2247 4375 2346 4429 pro
2395 4359 2593 4429 quibus
2615 4375 2847 4415 uxorum
2890 4360 2978 4414 vel
3003 4359 3430 4415 concubinarum
3471 4359 3632 4414 venia

2054 4451 2470 4508 concedebatur.
2489 4451 2560 4504 At
2577 4467 2721 4507 nunc
2744 4452 2872 4508 auia
2890 4452 3077 4521 ﬁgurae
3102 4451 3457 4514 transierunt,
3478 4451 3636 4506 venia

2054 4541 2198 4599 nulla
2227 4543 2406 4598 datur.

376 4631 514 4687 forte
561 4633 825 4688 haberent
875 4635 1135 4690 adversus
1168 4651 1292 4690 eum
1331 4637 1618 4693 resistendi
1670 4647 1947 4707 conatum,
1975 4618 2030 4679 D
2132 4653 2151 4687 ε
2195 4622 2497 4688 Audierant
2535 4646 2668 4688 vero
2718 4631 3087 4699 Philistbiim.
3147 4631 3294 4702 quod
3349 4631 3635 4687 tinxisse!!!

378 4722 690 4780 inferiorem
733 4725 1009 4780 civitatem
1050 4741 1244 4795 magna
1290 4727 1494 4783 virtute
1520 4727 1680 4798 cepit.
1708 4727 1952 4797 Cumque

377 4817 551 4871 adhuc
579 4833 761 4872 arcem
805 4819 1051 4874 obtinere
1072 4835 1177 4874 non
1209 4828 1411 4889 posset,
1445 4821 1609 4891 coepit
1640 4821 1873 4876 honores
1896 4829 1954 4877 et

378 4923 602 4962 munera
646 4910 1008 4978 promittendo
1037 4924 1135 4964 rex
1180 4926 1384 4981 pronus
1412 4913 1482 4966 ad
1514 4927 1650 4982 opus
1695 4912 1951 4968 bellicum

380 4998 578 5053 milites
603 5013 917 5068 provocare,
948 5010 1008 5056 ut
1032 5001 1339 5071 quicunque
1372 5017 1469 5072 per
1491 5000 1761 5070 subjectos
1788 5003 1952 5060 colles

383 5087 435 5140 in
463 5103 644 5144 arcem
694 5091 1100 5156 conscenderet,
1133 5107 1362 5161 eamque
1405 5101 1641 5162 caperet,
1677 5094 1953 5165 principa-

383 5187 496 5233 tum
528 5181 731 5236 militize
768 5183 934 5239 totius
952 5183 1134 5254 populi
1173 5184 1494 5253 possideret.
1524 5185 1744 5242 Cunctis
1770 5186 1952 5259 itaque

380 5273 744 5328 conscendere
788 5272 1188 5339 festinantibus,
1217 5282 1274 5329 et
1297 5274 1441 5330 nullo
1470 5275 1655 5331 labore
1699 5292 1798 5347 pro
1833 5293 1954 5332 mu-

383 5362 531 5416 neris
549 5362 802 5432 promissi
827 5362 1183 5420 retributione
1207 5364 1566 5433 tardantibus,
1590 5365 1798 5422 Sarvite
1812 5366 1953 5424 ﬁlius

382 5455 520 5512 Joab
542 5457 802 5526 pmvenit
839 5457 1144 5522 universos,
1173 5465 1228 5511 et
1256 5458 1552 5515 ascendens
1581 5459 1638 5513 in
1669 5461 1953 5517 cacumine

387 5546 638 5601 clamavit
687 5545 755 5600 ad
796 5561 997 5617 regem,
1042 5546 1264 5617 exigens
1310 5547 1516 5603 militiae
1563 5548 1950 5619 principatum.

388 5636 638 5705 Expulsis
683 5637 863 5706 itaque
913 5653 1008 5692 rex
1065 5637 1130 5691 de
1160 5651 1369 5691 summa
1419 5653 1542 5691 arce
1577 5636 1858 5704 Jebusmis,
1899 5647 1955 5694 et

389 5729 724 5783 resedilieans
760 5729 1052 5795 civitatem,
1100 5744 1220 5783 eam
1254 5727 1644 5800 Jerosolymam
1680 5747 1956 5802 nuncupa-

390 5821 490 5887 vit,
529 5827 585 5876 et
609 5819 754 5876 omni
780 5828 1020 5892 tempore
1063 5819 1122 5877 in
1159 5835 1225 5877 ea
1252 5820 1337 5878 sui
1365 5821 1629 5879 habitavit
1660 5824 1889 5897 imperii.
1926 5843 1946 5878 ι

2063 4747 2082 4780 c
2127 4725 2294 4782 David
2324 4725 2379 4780 in
2411 4738 2594 4797 regem
2619 4739 2781 4794 super
2807 4723 2975 4779 Israel
3000 4763 3016 4789 ,
3044 4730 3102 4780 et
3123 4723 3484 4780 ascenderunt
3508 4723 3633 4778 uni-

2063 4836 2082 4870 ‹
2125 4817 2306 4883 versi,
2351 4824 2412 4871 ut
2457 4821 2762 4886 quaererent
2796 4814 2987 4869 David.
3027 4813 3181 4882 Quod
3225 4828 3349 4868 cum
3392 4813 3633 4868 audisset

2062 4925 2082 4961 ι
2124 4906 2315 4972 David,
2353 4906 2598 4961 ascendit
2638 4904 2693 4958 in
2728 4904 3058 4975 praesidium.
3100 4901 3425 4957 Philistbiim
3451 4909 3633 4956 autem

2063 5018 2083 5053 ‹
2126 4997 2404 5054 venientes
2429 4995 2607 5052 diﬁ‘usi
2635 5003 2762 5051 sunt
2783 4996 2839 5050 in
2862 4995 3000 5050 valle
3026 4993 3308 5064 Raphaim.
3341 4993 3410 5048 Et
3432 5007 3632 5048 consu-

2065 5107 2084 5140 ι
2133 5088 2233 5142 luit
2284 5085 2454 5142 David
2493 5085 2802 5150 Dominum,
2847 5086 3031 5141 dicens
3075 5103 3087 5137 :
3123 5082 3182 5138 Si
3230 5085 3518 5140 ascendam
3565 5086 3632 5141 ad

2065 5202 2084 5235 ι
2128 5181 2476 5246 Philistbiim,
2501 5187 2556 5234 et
2583 5179 2630 5234 si
2654 5178 2809 5233 dabis
2833 5192 2928 5232 eos
2957 5177 3010 5230 in
3036 5191 3200 5230 manu
3226 5175 3382 5231 mea?
3407 5175 3475 5229 Et
3499 5176 3634 5230 dixit

2064 5295 2083 5329 ‹
2126 5273 2385 5330 Dominus
2429 5273 2496 5328 ad
2532 5271 2700 5326 David
2731 5289 2744 5324 :
2781 5269 3058 5334 Aseende,
3085 5270 3209 5340 quia
3249 5270 3466 5326 tradens
3493 5269 3634 5326 dabo

2064 5383 2084 5418 ι
2127 5363 2451 5418 Philistbiim
2505 5361 2560 5417 in
2609 5375 2771 5414 manu
2821 5367 2932 5414 tua.
2985 5360 3143 5416 Venit
3187 5375 3318 5433 ergo
3357 5361 3527 5417 David
3578 5361 3635 5416 in

2065 5474 2086 5510 ‹
2130 5455 2258 5510 Baal
2288 5453 2600 5518 Pharasim,
2627 5459 2684 5506 et
2705 5452 2970 5522 percussit
2993 5467 3088 5508 eos
3111 5452 3205 5508 ibi.
3244 5452 3312 5508 Et
3337 5453 3509 5509 dixit:
3544 5452 3635 5507 Ii-

2058 5566 2077 5600 ι
2119 5547 2248 5602 visit
2267 5546 2526 5601 Dominus
2556 5544 2808 5600 inimicos
2834 5560 2982 5600 meos
3009 5559 3195 5600 coram
3225 5559 3336 5612 me,
3377 5545 3517 5601 sicut
3549 5543 3633 5598 di-

2058 5660 2078 5694 t
2117 5641 2372 5695 viduntur
2399 5651 2569 5706 aquae.
2601 5636 2893 5706 Propterea
2921 5645 3172 5692 vocatum
3199 5645 3282 5691 est
3306 5651 3504 5691 nomen
3528 5633 3630 5689 loci

2059 5751 2078 5785 ι
2119 5730 2260 5786 illius
2288 5728 2415 5783 Baal
2445 5727 2744 5783 Pharasim.
2779 5727 2848 5782 Et
2891 5726 3228 5796 reliquerunt
3256 5726 3332 5780 ibi
3357 5722 3626 5796 sculptilis

2059 5841 2080 5878 ‹
2122 5835 2240 5888 sua,
2267 5833 2388 5890 qua:
2416 5817 2536 5875 tulit
2566 5818 2750 5903 David
2763 5825 2824 5877 et
2845 5818 2949 5876 viri
2975 5814 3112 5888 ejus.
3153 5835 3174 5870 ι
3217 5813 3327 5886 (Ex
3358 5811 3629 5890 Hebr-ao.)
