4074 6468
535 428 602 485 87
834 465 839 470 -
1170 427 1228 480 Β.
1275 425 1525 480 RABANI
1563 424 1779 481 MAURI
1817 423 2133 478 AllClIlEP.
2177 423 2482 480 MOGUNT.
2521 424 2802 481 OPERUM
2843 424 3021 479 PARS
3059 425 3099 479 I.
3709 427 3781 483 88

537 539 684 594 tione
718 539 916 610 agitur,
951 537 1224 593 inclinatio
1249 537 1363 606 ipsa
1401 536 1732 593 fortitudinis
1758 551 1916 592 casus
1945 543 2100 606 puta-
2128 541 2182 600 Α
2212 554 2232 588 ι
2275 537 2430 607 quasi
2456 539 2501 593 si
2531 540 2762 594 nudetur
2789 556 2928 595 unus
2959 541 3026 595 de
3047 540 3251 595 scurris
3289 555 3301 594 :
3341 559 3358 591 ι
3393 543 3638 610 protinus
3679 559 3782 598 au-

535 639 623 685 tur
652 629 930 698 imperitis.

606 720 755 776 Unde
783 728 838 773 et
869 718 1110 774 nonnulli
1139 718 1340 774 subditi
1379 727 1568 774 contra
1604 718 1742 774 hanc
1769 733 1986 772 manum
2023 731 2108 770 re-

529 811 900 882 prehensionis
938 813 1178 878 mittunt,
1223 813 1318 867 sed
1363 829 1394 866 a
1431 813 1540 866 vita
1572 811 1815 880 protinus
1849 810 1963 880 ipsa
2007 825 2105 865 sua

531 903 835 958 temeritate
867 902 1140 958 deﬁciunt.
1189 903 1404 958 Levites
1431 917 1593 974 ergo,
1630 901 1784 973 quasi
1810 899 2102 969 adjuvans,

531 1009 755 1048 manum
806 994 1052 1059 tetendit,
1107 994 1202 1049 sed
1244 993 1562 1062 delinquens
1615 993 1781 1046 vitam
1823 991 2100 1061 perdidit:

525 1086 653 1155 quia
703 1087 830 1141 dum
873 1085 1075 1140 inﬁrmi
1102 1085 1300 1156 quique
1341 1085 1558 1140 fortium
1596 1083 1737 1138 facta
1785 1082 2098 1151 corripiunt,

525 1175 624 1244 ipsi
654 1192 684 1230 a
709 1177 1002 1230 viventium
1033 1184 1178 1230 sorte
1201 1176 1578 1245 reprobantur.
1610 1171 1910 1241 Aliquando
1936 1171 2102 1226 etiam

523 1267 697 1321 sancti
727 1267 827 1321 viri
854 1267 1098 1336 quaedam
1118 1266 1354 1320 minimis
1379 1262 1874 1319 condescendentes
1895 1262 2100 1327 dicunt,

521 1361 765 1429 quaedam
823 1376 951 1416 vero
1014 1376 1220 1415 summa
1277 1359 1740 1428 contemplantes,
1796 1357 2098 1427 proferunt.

523 1454 765 1522 Dumque
799 1453 908 1505 vim
936 1452 1018 1506 vel
1047 1453 1536 1517 condescensionis,
1562 1451 1646 1506 vel
1668 1449 1966 1504 altitudinis
2007 1464 2102 1503 ne-

519 1541 728 1607 sciunt,
780 1542 1056 1596 audaciter
1085 1543 1200 1597 haec
1234 1543 1384 1596 stulti
1415 1542 1836 1612 reprehendunt.
1873 1541 1937 1594 Et
1973 1540 2099 1609 quid

519 1633 828 1701 estjustum
874 1633 938 1688 de
982 1648 1079 1687 sua
1130 1633 1587 1688 condescensione
1625 1631 1763 1686 velle
1803 1632 2098 1702 corrigere,

500 1724 619 1781 .nisi
653 1724 963 1778 inclinatam
987 1741 1166 1779 arcam
1197 1728 1428 1795 superba
1457 1723 1892 1793 reprehensionis
1935 1739 2097 1776 manu

519 1817 787 1872 relevare?
815 1817 952 1885 Quid
981 1827 1063 1872 est
1083 1817 1290 1886 justum
1319 1817 1386 1871 de
1416 1817 1691 1888 incognita
1722 1816 1992 1871 locutione
2018 1829 2096 1869 re-

2211 628 2384 684 divit:
2435 649 2454 681 i
2488 629 2690 685 Ludam
2720 639 2846 686 ante
2883 631 3168 686 Dominum
3191 672 3206 696 ,
3254 632 3347 700 qui
3381 631 3541 703 elegit
3570 648 3655 688 me
3686 650 3785 704 po-

2213 737 2232 770 ‹
2280 718 2405 783 tius,
2435 734 2597 789 quam
2629 728 2838 790 patrem
2867 728 3040 776 tuum.
3075 740 3094 772 ι
3123 720 3203 776 Ac
3230 721 3389 791 paulo
3418 731 3579 792 post:
3626 743 3644 774 ι
3676 723 3785 778 Lu-

2213 829 2233 862 ‹
2277 811 2398 864 dam
2429 821 2484 866 et
2511 812 2666 867 vilior
2705 813 2829 867 ﬁam
2865 813 3148 883 plusquam
3192 811 3366 868 factus
3395 828 3535 876 sum,
3580 829 3785 884 eroque

2211 922 2230 954 ‹
2277 904 2494 959 humilis
2534 905 2588 960 in
2623 907 2797 961 oculis
2821 907 2973 960 meis.
3015 926 3032 957 ι
3071 906 3149 961 Ac
3183 907 3225 960 si
3257 915 3442 976 aperte
3476 906 3660 961 dicat:
3691 907 3774 961 Vi-

2205 993 2408 1050 lescere
2436 1011 2619 1051 coram
2660 998 2967 1052 hominibus
3012 1009 3227 1068 appeto,
3259 999 3384 1066 quia
3405 1013 3624 1053 servare
3648 999 3784 1053 mihi

2203 1098 2384 1138 coram
2430 1085 2656 1140 Domino
2699 1087 2988 1158 ingenuum
3022 1104 3120 1158 per
3164 1088 3527 1143 humilitatem
3573 1104 3782 1158 quaero.

2205 1176 2342 1231 Sunt
2366 1193 2492 1232 vero
2520 1179 2760 1233 nonnulli
2788 1221 2802 1244 ,
2848 1181 2938 1249 qui
2978 1182 3042 1235 de
3071 1181 3374 1252 semetipsis
3401 1181 3623 1236 humilia
3661 1197 3788 1236 sen-

2204 1265 2362 1331 tiunt,
2387 1268 2478 1336 qui
2521 1269 2574 1322 in
2608 1269 2902 1324 honoribus
2924 1272 3081 1340 positi
3119 1271 3252 1326 nihil
3278 1287 3336 1327 se
3362 1287 3502 1336 esse,
3529 1273 3631 1326 nisi
3661 1271 3788 1342 pul-

2203 1371 2384 1410 verem
2432 1357 2774 1429 favillamque
2827 1363 3202 1432 perpendunt,
3240 1363 3334 1418 sed
3371 1371 3550 1418 tamen
3592 1367 3782 1418 coram

2201 1447 2507 1504 hominibus
2535 1451 2666 1506 viles
2710 1467 2971 1521 apparere
3006 1453 3310 1523 refugiunt,
3352 1463 3405 1508 et
3444 1465 3632 1509 contra
3673 1456 3780 1510 hoc

2201 1537 2341 1606 quod
2375 1539 2440 1593 de
2480 1555 2539 1594 se
2569 1541 2796 1596 interius
2827 1543 3092 1613 c0gitant,
3132 1545 3285 1612 quasi
3321 1545 3493 1616 rigida
3535 1547 3785 1601 exterius

2199 1637 2483 1685 venustate
2523 1631 2829 1700 palliantur.
2871 1634 2937 1687 Et
2972 1642 3098 1688 sunt
3129 1635 3366 1689 nonnulli
3403 1636 3494 1705 qui
3528 1637 3660 1691 viles
3703 1637 3785 1690 vi-

2200 1722 2316 1776 deri
2341 1723 2408 1777 ab
2433 1724 2741 1780 hominibus
2770 1734 3048 1796 appetunt,
3079 1735 3242 1796 atque
3267 1744 3427 1782 omne
3463 1729 3605 1796 quod
3632 1737 3780 1794 sunt,

2202 1812 2438 1881 dejectos
2476 1830 2533 1871 se
2559 1817 2862 1871 exhibendo
2885 1827 3258 1883 contemnunt,
3294 1821 3389 1874 sed
3421 1828 3599 1876 tamen
3639 1822 3783 1890 apud

516 1911 873 1981 prehendere,
925 1912 1027 1966 nisi
1077 1921 1252 1966 motus
1283 1910 1398 1978 ejus
1445 1909 1816 1964 fortitudinem
1837 1950 1850 1974 ,
1893 1907 2096 1963 erroris
2129 1911 2170 1969 B
2199 1924 2257 1963 se
2281 1910 2569 1975 introrsus,
2600 1912 2753 1980 quasi
2787 1927 2853 1966 ex
2884 1913 3001 1982 ipso
3023 1915 3218 1968 merito
3245 1922 3477 1968 ostensa:
3507 1915 3778 1978 utilitatis,

517 2001 724 2070 lapsum
753 2003 977 2071 putare?
1005 2002 1110 2057 Sed
1139 2003 1316 2072 perdit
1353 2002 1520 2056 vitam
1547 2002 1640 2072 qui
1670 2017 1853 2056 arcam
1892 2001 1987 2056 Dei
2017 2008 2098 2054 tu-

515 2093 657 2148 mide
683 2093 954 2158 sublevat;
976 2095 1103 2163 quia
1129 2109 1469 2162 nequaquam
1494 2093 1615 2162 quis
1640 2101 1954 2147 sanctorum
1979 2107 2098 2146 cor-

514 2187 689 2257 rigere
743 2199 889 2243 recta
936 2197 1325 2258 praesumeret,
1371 2187 1475 2242 nisi
1512 2188 1579 2243 de
1613 2203 1672 2242 se
1698 2187 1847 2257 prius
1875 2185 2098 2241 meliora

512 2278 787 2332 sensisset.
828 2277 978 2333 Unde
1019 2286 1072 2334 et
1103 2279 1316 2332 Levites
1359 2279 1499 2332 idem
1531 2284 1676 2332 recte
1703 2276 1814 2331 Oza
1851 2276 2048 2331 dicitur
2080 2293 2093 2329 :

511 2368 653 2437 quod
685 2367 928 2423 videlicet
962 2369 1202 2422 robustus
1252 2367 1464 2421 Domini
1510 2368 1916 2436 interpretatur.
1959 2364 2096 2431 Quia

512 2472 932 2534 pnesumptores
977 2463 1203 2533 quique,
1243 2463 1347 2516 nisi
1387 2461 1579 2516 audaci
1625 2468 1807 2514 mente
1847 2459 2098 2514 robustos

510 2569 568 2608 se
596 2554 650 2607 in
676 2553 903 2608 Domino
929 2552 1236 2615 crederent,
1269 2566 1613 2622 nequaquam
1641 2549 1924 2606 meliorum
1952 2547 2095 2604 facta

511 2643 594 2698 vel
616 2645 779 2709 dicta,
805 2644 950 2698 velut
973 2643 1208 2708 inﬁrma,
1230 2641 1560 2712 judicarent.

588 2753 606 2785 ι
642 2734 888 2807 [agressa
905 2733 1099 2790 Michol
1123 2734 1227 2788 ﬁlia
1249 2733 1380 2790 Saul
1399 2735 1452 2788 in
1475 2749 1763 2789 occursum
1783 2732 1972 2798 David,
1996 2732 2090 2786 ait:

519 2846 536 2878 ι
582 2828 754 2895 Quam
779 2829 1041 2899 gloriosus
1066 2827 1164 2882 fuit
1182 2827 1340 2882 hodie
1360 2842 1453 2880 rex
1475 2824 1657 2887 Israel,
1689 2823 2096 2894 discooperiens

515 2940 534 2972 ι
580 2937 640 2975 se
667 2929 793 2976 ante
827 2921 1050 2976 ancillas
1095 2935 1376 2975 servorum
1417 2934 1677 2983 suorum,
1734 2935 1752 2969 ι
1796 2925 1900 2973 etc.
1942 2915 2094 2982 Quod

511 3011 678 3065 David
707 3011 832 3065 dum
863 3027 1045 3065 arcam
1074 3011 1284 3064 Domini
1317 3007 1620 3064 Jerusalem
1650 3007 1898 3062 saltando
1938 3007 2096 3060 redu-

492 3108 679 3166 .ceret,
707 3117 739 3155 a
770 3101 988 3166 Michol,
1014 3101 1123 3154 ﬁlia
1147 3100 1296 3165 Saul,
1337 3114 1507 3154 uxore
1543 3114 1639 3154 sua
1670 3098 1864 3152 irrisus
1889 3105 1993 3162 est,
2019 3096 2096 3150 in-

511 3193 648 3247 tueri
674 3192 804 3248 libet
831 3202 1033 3263 quanta
1067 3194 1332 3248 virtutum
1371 3208 1595 3247 munera
1632 3191 1802 3246 David
1826 3190 1939 3259 ipse
1967 3206 2092 3260 per—

2201 1999 2588 2067 intumescunt,
2629 2011 2685 2057 et
2732 2013 2882 2058 tanto
2930 2006 3098 2074 magis
3146 2005 3200 2058 in
3251 2005 3413 2060 corde
3453 2006 3576 2059 elati
3630 2015 3779 2073 sunt,

2199 2101 2399 2163 quanto
2437 2095 2666 2164 amplius
2698 2095 2750 2149 in
2791 2096 2969 2165 specie
3015 2095 3305 2151 elationem
3336 2105 3606 2167 premunt.
3648 2097 3781 2164 Quae

2197 2192 2427 2253 utraque
2453 2184 2611 2240 unius
2643 2184 2893 2240 elationis
2925 2185 3090 2248 bella,
3128 2201 3322 2256 magna
3349 2186 3517 2240 David
3541 2187 3779 2242 circum-

2198 2277 2474 2346 spectione
2499 2278 2883 2346 deprehendit,
2914 2278 3052 2332 mira
3077 2278 3279 2333 virtute
3312 2279 3608 2347 superavit.
3641 2279 3779 2345 Quia

2197 2367 2341 2420 enim
2372 2367 2438 2420 de
2467 2368 2758 2437 semetipso
2791 2368 2935 2422 intus
2965 2368 3186 2422 humilia
3223 2369 3479 2435 sentiens,
3517 2371 3779 2424 honorem

2196 2458 2436 2512 exterius
2469 2474 2576 2513 non
2607 2459 2820 2529 quzerit,
2853 2459 3091 2513 insinuat
3137 2459 3327 2514 dicens
3354 2479 3367 2513 :
3421 2478 3438 2510 ι
3490 2459 3694 2513 Ludam
3723 2469 3780 2514 et

2195 2549 2356 2604 vilior
2386 2549 2531 2604 ﬁam.
2574 2569 2592 2600 ι
2646 2550 2714 2604 Ει
2734 2551 2858 2620 quia
2887 2564 2984 2618 per
3014 2551 3154 2617 hoc‘,
3185 2551 3327 2621 quod
3351 2550 3509 2604 vilem
3542 2565 3601 2605 se
3629 2560 3780 2605 exte-

2196 2644 2310 2697 rius
2338 2643 2588 2712 praebuit,
2622 2659 2963 2713 nequaquam
2989 2644 3215 2699 interius
3236 2643 3564 2706 intumescit,
3590 2641 3779 2711 adjun-

2196 2734 2274 2805 git
2307 2745 2324 2789 :
2355 2753 2372 2785 ι
2411 2734 2625 2804 Eroque
2653 2735 2869 2789 humilis
2902 2735 2955 2787 in
2987 2733 3156 2789 oculis
3177 2733 3332 2789 meis.
3373 2753 3391 2784 ›
3414 2735 3493 2788 Ac
3520 2733 3565 2788 si
3593 2743 3781 2804 aperte

2196 2827 2341 2881 dicat
2363 2845 2375 2880 :
2407 2826 2630 2894 Qualem
2655 2842 2742 2882 me
2760 2827 2998 2884 exterius
3018 2825 3317 2896 despiciens
3336 2826 3586 2890 exhibeo,
3616 2825 3779 2881 talem

2196 2935 2284 2974 me
2318 2919 2546 2974 interius
2575 2920 2814 2974 attendo.
2852 2918 2990 2985 Quid
3020 2933 3148 2986 ergo
3169 2917 3342 2972 acturi
3367 2925 3492 2970 sunt
3515 2931 3652 2985 quos
3683 2917 3780 2970 do-

2197 3011 2370 3066 ctrina
2398 3010 2593 3077 elevat,
2638 3012 2684 3066 si
2727 3011 2893 3066 David
2933 3027 3001 3066 ex
3029 3026 3191 3065 carne
3215 3025 3311 3064 sua
3350 3019 3637 3064 venturum
3668 3009 3777 3064 Re-

2197 3100 2531 3171 demptorem
2583 3110 2866 3166 moverat,
2911 3100 3137 3171 ejusque
3176 3101 3369 3172 gaudia
3409 3100 3779 3170 prophetando

2197 3193 2512 3247 nuntiabat?
2549 3200 2606 3248 et
2657 3201 2838 3248 tamen
2886 3192 2939 3246 in
2987 3190 3277 3260 semetipso
3307 3191 3574 3245 cervicem
3599 3188 3778 3244 cordis

507 3292 748 3353 ceperat,
773 3291 934 3354 atque
961 3284 1016 3338 in
1043 3283 1126 3339 his
1149 3284 1398 3338 omnibus
1423 3299 1584 3353 quam
1616 3282 1810 3337 fortem
1833 3296 1891 3336 se
1918 3280 2092 3334 humi-
2121 3267 2164 3330 C
2196 3280 2373 3334 valida
2405 3281 2770 3351 despectionis
2795 3281 2942 3336 calce
2969 3280 3304 3351 deprimebat
3328 3280 3514 3335 dicens
3538 3297 3550 3332 :
3589 3299 3606 3330 ε
3643 3279 3777 3332 Ero-

509 3370 663 3425 litate
691 3373 961 3427 servabat.
993 3371 1164 3439 Quem
1193 3372 1337 3427 enim
1361 3389 1468 3428 non
1501 3372 1815 3437 extolleret,
1849 3386 1944 3426 ora
1986 3371 2094 3426 leo—

513 3477 639 3515 num
666 3460 940 3533 frangere,
979 3477 1228 3517 ursorum
1255 3463 1477 3517 brachia
1500 3462 1783 3533 dissipare,
1824 3461 2093 3531 despectis

509 3551 754 3621 pluribus
781 3552 1036 3609 fratribus
1059 3553 1201 3624 eligi,
1241 3552 1530 3622 reprobato
1563 3568 1686 3622 rege
1717 3551 1784 3606 ad
1819 3551 1972 3622 regni
1995 3567 2093 3622 gn-

511 3642 801 3698 bernacula
844 3644 993 3715 ungi,
1032 3645 1327 3700 timendum
1382 3644 1611 3708 cunctis,
1642 3658 1750 3696 uno
1787 3640 1966 3710 lapide
1987 3641 2094 3696 Go-

512 3734 644 3789 liath
675 3744 950 3802 sternere,
981 3752 1013 3791 a
1043 3752 1168 3808 rege
1201 3736 1474 3808 proposita
1512 3734 1766 3790 extinctis
1797 3731 2092 3804 Allophylis

511 3842 800 3883 numerosa
845 3829 1107 3900 praaputia
1151 3837 1466 3900 reportare,
1506 3828 1832 3898 promissum
1873 3825 2092 3880 tandem

509 3935 735 3991 regnum
755 3922 1052 3992 percipere,
1081 3930 1442 3992 cunctumque
1462 3919 1813 3975 Israeliticum
1837 3916 2093 3986 populum

507 4012 626 4067 sine
657 4011 763 4067 ulla
803 4013 1226 4068 contradictione
1265 4011 1571 4082 possidere?
1622 4011 1690 4065 Et
1739 4019 1917 4064 tamen
1968 4022 2090 4062 cum

513 4119 695 4159 arcam
722 4104 818 4159 Dei
848 4102 1149 4160 Jerusalem
1184 4111 1436 4168 revocat,
1483 4101 1634 4172 quasi
1678 4100 1876 4155 oblitus
1903 4096 2093 4167 praela-

509 4202 624 4248 tum
655 4210 712 4250 se
745 4196 1028 4262 omnibus,
1063 4193 1346 4264 adjunctus
1373 4193 1582 4264 populis
1608 4199 1735 4245 ante
1768 4205 1949 4244 arcam
1981 4187 2090 4242 sal-

510 4294 610 4342 tat.
659 4286 726 4340 Et
751 4286 873 4356 quia
918 4302 1103 4341 coram
1143 4301 1268 4340 arca
1299 4284 1527 4347 saltare,
1566 4291 1623 4336 ut
1659 4282 1916 4345 creditur,
1943 4278 2089 4348 vulgi

508 4393 629 4434 mos
654 4377 848 4444 fuerat,
895 4394 990 4434 rex
1031 4392 1088 4433 se
1132 4378 1186 4432 in
1215 4378 1396 4433 divino
1423 4376 1682 4445 obsequio
1708 4390 1805 4444 per
1831 4373 2086 4428 saltatum

509 4478 673 4526 rotat.
711 4469 849 4524 Ecce
877 4483 1038 4538 quem
1068 4468 1326 4523 Dominus
1348 4467 1557 4522 cunctis
1585 4465 1926 4535 singulariter
1953 4477 2090 4531 prae-

512 4562 655 4626 tulit,
682 4576 740 4616 se
766 4576 980 4631 quoque
1006 4562 1105 4616 sub
1126 4561 1374 4626 Domino,
1406 4569 1456 4614 et
1479 4559 1807 4627 cquuando
1830 4555 2086 4618 minimis,

510 4665 566 4712 ct
589 4656 796 4724 abjecte
820 4657 1123 4712 exhibendo
1157 4658 1473 4712 contemnit.
1511 4656 1629 4710 Non
1660 4663 1901 4726 potestas
1935 4653 2088 4724 regni

511 4749 578 4800 ad
624 4748 939 4802 memoriam
993 4748 1288 4814 reducitur,
1341 4763 1445 4802 non
1499 4747 1860 4817 subjectorum
1917 4747 2088 4801 oculis

507 4842 750 4897 saltando
779 4841 1040 4896 vilescere
1084 4841 1292 4906 metuit,
1342 4856 1448 4895 non
1489 4856 1548 4894 se
1576 4841 1780 4894 honore
1805 4838 2086 4909 prmlatum

509 4933 717 4988 caeteris
744 4941 870 4989 ante
892 4932 1010 5001 ejus
1040 4947 1244 4998 arcam,
1269 4931 1363 5002 qui
1390 4930 1648 4986 honorem
1671 4929 1914 4994 dederat,
1941 4945 2088 4984 reco-

509 5024 739 5092 gnoscit.
767 5022 962 5079 Coram
997 5023 1106 5078 Deo
1130 5023 1242 5094 egit
1266 5021 1461 5076 debilia
1486 5021 1571 5076 vel
1606 5029 1870 5086 extrema,
1909 5029 1968 5074 ut
1996 5020 2084 5075 illa

508 5130 577 5169 cx
599 5114 901 5169 humilitate
928 5114 1203 5179 solidaret,
1227 5129 1348 5182 quae
1368 5128 1548 5168 coram
1575 5112 1882 5167 hominibus
1906 5128 2086 5182 gesse-

511 5214 594 5259 rat
637 5204 816 5259 fortia.
867 5204 1005 5270 Quid
1058 5205 1123 5259 dc
1161 5201 1276 5270 ejus
1321 5202 1475 5258 factis
1526 5202 1592 5256 ab
1641 5202 1762 5256 aliis
1796 5201 2083 5266 sentiatur,

509 5295 718 5366 ignoro.
760 5295 872 5366 Ego
911 5294 1080 5348 David
1109 5293 1395 5349 saltantem
1422 5293 1541 5363 plus
1575 5302 1763 5363 stupeo
1799 5307 1958 5362 quam
1989 5308 2087 5362 pu-

509 5394 784 5456 gnantem.
836 5385 1130 5457 Pugnando
1167 5385 1366 5456 quippe
1407 5385 1618 5440 hostem
1665 5383 1934 5446 subdidit,
1978 5381 2086 5436 sal-

438 5515 442 5522 .
509 5477 671 5532 tando
691 5485 869 5532 autem
899 5494 1080 5534 coram
1109 5478 1335 5532 Domino
1362 5478 1710 5546 semetipsum
1732 5475 1883 5529 vicit.
1913 5473 2085 5541 Quem

427 5607 440 5620 ..
510 5569 706 5625 Michol
733 5570 842 5625 filia
870 5571 997 5626 Saul
1029 5573 1204 5626 adhuc
1238 5587 1307 5626 ex
1343 5580 1550 5624 tumore
1581 5569 1713 5639 regii
1746 5567 1971 5637 generisf
2000 5566 2082 5620 in-

511 5678 664 5727 sana,
692 5679 813 5717 cum
853 5664 1211 5718 humilitatem
1253 5663 1555 5732 despiceret
1595 5662 1777 5715 dicens
1812 5677 1823 5712 :
1865 5678 1882 5710 ι
1914 5659 2084 5726 Quam

424 5789 436 5796 ι.
517 5773 535 5804 ι
583 5753 848 5824 gloriosus
887 5756 985 5808 fuit
1031 5755 1188 5810 hodie
1235 5768 1329 5808 rex
1373 5752 1533 5805 Israel
1583 5751 1980 5821 disc00pericns
2027 5765 2085 5805 se

520 5863 538 5894 ‹
584 5853 708 5900 ante
742 5846 962 5903 ancillas
999 5860 1277 5901 servorum
1324 5858 1566 5907 suorum,
1609 5852 1664 5896 et
1704 5839 1936 5896 nudatus
1977 5849 2082 5908 est,

2199 3389 2303 3444 que
2329 3373 2548 3428 humilis
2581 3372 2636 3427 in
2665 3371 2835 3428 oculis
2862 3373 3016 3426 meis.
3064 3391 3083 3422 ι

2793 3509 3018 3565 CAPUT
3058 3507 3166 3563 VII.

2199 3603 2352 3668 Quod
2378 3603 2548 3658 David
2568 3603 2674 3656 Deo
2701 3603 2912 3656 domum
2945 3599 3208 3667 cediﬁcare
3229 3597 3423 3662 volens,
3458 3615 3490 3652 a
3525 3598 3774 3668 prapheta

2269 3674 2485 3728 Nat/tan
2535 3673 2748 3728 Domini
2795 3687 3029 3725 sermone
3058 3669 3346 3738 prohibitus
3399 3677 3497 3732 est,
3531 3684 3590 3720 eo
3634 3668 3774 3738 quod

2268 3743 2410 3812 ﬁlius
2446 3745 2560 3814 ejus
2587 3744 2682 3797 hoc
2725 3737 3073 3812 completurus
3120 3748 3271 3804 esset,
3315 3738 3411 3792 Dei
3447 3737 3776 3805 providentia

2265 3815 2590 3884 disponente.

2266 3924 2416 3998 (Car.
2446 3924 2568 3995 vn.)
2614 3943 2632 3975 ι
2675 3923 2900 3978 Factum
2944 3930 3028 3977 est
3053 3930 3230 3976 autem
3251 3935 3373 3977 cum
3395 3919 3624 3975 sedisset
3665 3933 3763 3974 rex

2200 4037 2221 4069 ‹
2266 4017 2320 4071 in
2352 4016 2510 4071 domo
2539 4031 2657 4081 sua,
2684 4025 2738 4069 et
2768 4014 3027 4068 Dominus
3057 4013 3292 4068 dedisset
3316 4012 3365 4066 ei
3405 4011 3645 4080 requiem
3666 4027 3775 4066 un-

2200 4125 2220 4159 ι
2265 4107 2425 4177 dique
2451 4107 2517 4160 ab
2557 4105 2829 4160 universis
2856 4104 3088 4160 inimicis
3115 4103 3250 4168 suis,
3282 4101 3418 4156 dixit
3461 4101 3528 4154 ad
3555 4099 3771 4156 Nathan

2199 4216 2217 4248 ι
2263 4198 2579 4267 prophetam
2615 4212 2629 4250 :
2671 4195 2902 4250 Videsne
2931 4195 3074 4264 quod
3101 4209 3202 4265 ego
3241 4194 3483 4248 habitem
3514 4193 3569 4247 in
3609 4193 3773 4248 domo

2199 4306 2217 4339 ι
2264 4288 2502 4351 cedrina,
2535 4298 2589 4342 et
2631 4302 2756 4341 arca
2787 4287 2878 4341 Dei
2914 4285 3088 4356 posita
3120 4284 3190 4339 sit
3218 4283 3271 4337 in
3312 4283 3486 4337 medio
3512 4281 3773 4354 pellium?

2197 4401 2215 4433 ι
2263 4383 2513 4452 Dixitque
2567 4380 2775 4435 Nathan
2827 4381 2894 4434 ad
2945 4392 3127 4448 regem
3163 4375 3372 4431 :Omne
3401 4375 3543 4446 quod
3590 4383 3675 4429 est
3715 4375 3770 4428 in

2197 4492 2216 4525 ‹
2261 4473 2424 4529 corde
2449 4480 2561 4538 tuo,
2585 4473 2745 4536 vade,
2771 4471 2872 4535 fac,
2890 4469 3016 4540 quia
3031 4468 3291 4522 Dominus
3322 4475 3501 4520 tecum
3529 4474 3632 4520 est.
3666 4465 3773 4520 Fa-

2201 4583 2218 4616 (
2264 4574 2411 4619 ctum
2441 4571 2524 4618 est
2570 4571 2749 4618 autem
2790 4563 2843 4617 in
2870 4568 3028 4616 nocte
3059 4558 3169 4623 illa,
3200 4573 3326 4613 ecce
3352 4571 3530 4612 sermo
3553 4555 3770 4611 Domini

2199 4675 2217 4706 ι
2262 4657 2330 4710 ad
2357 4655 2591 4719 Nathan,
2628 4654 2811 4708 dicens
2850 4669 2863 4706 :
2898 4650 3047 4706 Vade
3093 4657 3148 4705 et
3189 4649 3409 4717 loquere
3447 4645 3515 4700 ad
3552 4661 3769 4702 servum

2197 4765 2214 4798 ‹
2261 4763 2440 4801 meum
2489 4745 2678 4799 David.
2723 4743 2850 4798 Haec
2899 4741 3030 4797 dicit
3076 4740 3335 4795 Dominus
3371 4757 3383 4792 :
3414 4738 3668 4808 Nunquid
3712 4745 3770 4792 tu

2197 4856 2214 4888 ι
2261 4835 2550 4892 ωιίἱῐίειιιιίε
2595 4833 2727 4888 mihi
2770 4833 2987 4888 domum
3023 4831 3091 4885 ad
3138 4829 3534 4884 habitandum?
3585 4827 3770 4896 Neque

2196 4945 2214 4977 ‹
2259 4927 2404 4982 enim
2431 4925 2665 4980 habitavi
2685 4925 2739 4978 in
2767 4924 2925 4978 domo
2939 4938 3006 4977 ex
3028 4922 3115 4976 die
3138 4936 3242 4990 qua
3264 4921 3425 4975 eduxi
3451 4919 3589 4975 ﬁlios
3601 4917 3770 4973 Israel

2196 5037 2214 5070 ι
2259 5020 2324 5073 de
2354 5027 2496 5071 terra
2522 5015 2765 5087 Egypti,
2791 5030 2960 5084 usque
2991 5014 3044 5068 in
3071 5013 3212 5068 diem
3245 5014 3406 5077 hanc,
3447 5011 3544 5066 sed
3571 5010 3768 5066 ambu-

2195 5129 2213 5162 ι
2261 5110 2436 5164 labam
2484 5111 2536 5164 in
2565 5106 2913 5162 tabernaculo
2960 5115 3016 5161 et
3061 5106 3116 5159 in
3155 5104 3385 5160 tentorio
3431 5117 3529 5172 per
3573 5109 3770 5155 cuncta

2193 5218 2211 5250 ‹
2258 5201 2396 5264 loca,
2443 5216 2562 5270 quae
2613 5197 2835 5252 transivi
2883 5212 3005 5252 cum
3057 5196 3308 5250 omnibus
3359 5192 3483 5247 ﬁliis
3525 5189 3711 5254 Israel,
3744 5209 3764 5241 ι

2187 5303 2293 5349 etc.
2343 5291 2494 5360 Quod
2550 5290 2823 5360 Propheta
2876 5290 3237 5360 interrogatus
3292 5302 3323 5341 a
3380 5300 3506 5356 rege
3547 5297 3771 5351 respon-

2189 5385 2264 5440 dit
2296 5398 2310 5436 :
2346 5402 2364 5434 ‹
2398 5383 2588 5447 Omne,
2619 5381 2760 5450 quod
2782 5387 2865 5435 est
2894 5381 2950 5436 in
2975 5380 3139 5437 corde
3165 5389 3277 5444 tuo,
3307 5379 3462 5440 vade,
3497 5373 3614 5440 fac;
3664 5393 3683 5426 ι
3713 5380 3773 5428 et

2191 5485 2375 5546 postea
2404 5491 2436 5529 a
2480 5475 2706 5528 Domino
2745 5474 3052 5528 admonitus
3084 5471 3272 5526 eadem
3322 5467 3600 5538 prohibuit
3648 5478 3770 5533 quae

2193 5573 2316 5618 ante
2354 5563 2642 5627 concessit,
2690 5569 2841 5631 patet
2880 5559 3148 5633 profecto,
3178 5559 3322 5629 quod
3344 5554 3639 5628 prophetia:
3659 5551 3772 5622 spi-

2193 5655 2718 5724 ritusprOphetarnm
2741 5661 2950 5707 mentes
2971 5667 3077 5705 non
3106 5663 3323 5718 semper
3344 5647 3590 5709 irradiat,
3613 5643 3765 5714 quia,

2192 5748 2330 5801 sicut
2360 5749 2423 5802 de
2454 5745 2657 5814 Spiritu
2682 5754 2868 5799 sancto
2889 5743 3148 5811 scriptum
3179 5751 3261 5795 est
3286 5757 3299 5792 :
3334 5758 3353 5790 ι
3381 5739 3472 5792 ubi
3497 5735 3632 5798 vult,
3656 5731 3768 5802 spi-

2194 5848 2276 5895 rat
2312 5838 2492 5910 (Joan.
2526 5838 2628 5910 ιιι).
2667 5857 2684 5889 ι
2730 5837 2866 5892 Iliuc
2898 5842 2986 5889 est
3007 5833 3152 5888 enim
3199 5832 3343 5904 quod
3373 5830 3598 5884 Elisaens
3635 5838 3761 5880 cunt
