4074 6524
288 414 370 472 89
1140 416 1491 475 COMMENT.
1529 419 1597 474 IN
1636 417 1880 475 LIBROS
1914 418 1984 476 IV
2019 417 2279 476 REGUM.
2318 451 2390 460 —
2426 418 2494 476 IN
2532 420 2659 477 LIB.
2701 419 2765 478 Il.
3505 420 3577 482 90

291 529 610 586 mulierem
648 530 864 588 ﬁentem
886 545 1130 590 cerneret
1167 551 1494 606 causamque
1519 536 1799 600 nescisset,
1829 535 1896 590 ad
1923 548 1974 605 Α
2002 535 2270 607 alﬁigendi
2297 546 2351 591 et
2376 537 2736 607 Opprimendi,
2761 538 2900 593 sicut
2921 545 3162 607 tempore
3190 535 3438 594 Iudicum
3462 537 3580 596 fue-

292 623 702 691 prohibentem
736 625 871 680 hanc
925 641 1146 695 puerum
1203 627 1375 681 dixit:
1415 648 1433 680 ‹
1488 627 1708 681 Dimitte
1751 642 1893 690 cam,

293 713 442 782 quia
479 715 663 769 anima
693 713 808 783 ejus
839 716 894 770 in
923 718 1278 773 amaritudine
1299 729 1402 783 est,
1433 729 1487 773 et
1524 718 1780 772 Dominus
1811 733 1898 772 ce-

295 802 450 860 lavit
483 823 515 861 a
559 823 667 873 me,
711 815 765 863 et
805 824 910 863 non
952 809 1206 865 iudicavit
1236 811 1362 865 mihi
1405 810 1511 882 (IV
1563 811 1690 878 Reg.
1737 811 1832 882 ιν).
1873 829 1891 862 ι

295 896 475 964 Quod
505 904 846 969 omnipotens
876 902 1017 958 Deus
1050 919 1116 958 ex
1147 920 1340 974 magna
1378 905 1593 974 pietatis
1621 905 1902 972 dispensa-

297 995 466 1046 tione
525 994 946 1065 disponit:quia
1006 998 1134 1052 dum
1167 999 1461 1068 prophetico
1510 999 1755 1068 spiritum
1798 997 1894 1051 ali-

295 1084 541 1151 quando
569 1085 682 1150 dat,
739 1093 793 1140 et
833 1087 1118 1156 aliquando
1143 1088 1430 1153 subtrahit,
1461 1089 1898 1159 prephetantium

295 1185 538 1231 mentes
563 1185 617 1231 et
641 1177 814 1233 elevat
850 1180 904 1234 in
927 1181 1261 1247 celsitudine,
1293 1192 1348 1237 et
1380 1182 1614 1237 custodit
1640 1181 1693 1236 in
1720 1181 1900 1235 humi-

295 1265 494 1332 litate,
551 1276 609 1323 ut
635 1277 690 1324 et
729 1271 1054 1342 accipientes
1103 1273 1374 1344 spiritum,
1431 1273 1707 1327 inveniant
1756 1273 1900 1342 quod

293 1355 370 1411 de
401 1357 531 1412 Deo
555 1359 684 1425 sint,
717 1370 772 1416 et
818 1379 1030 1418 rursum
1059 1363 1361 1434 prophetiae
1399 1366 1648 1434 spiritum
1665 1382 1771 1420 non
1801 1367 1900 1420 ha-

292 1447 515 1503 bentes
557 1461 883 1521 cognoscant
928 1454 1054 1523 quid
1096 1455 1202 1509 siut
1258 1455 1323 1509 de
1369 1455 1692 1525 semetipsis.
1747 1456 1901 1522 Quod

292 1548 502 1595 autem
543 1541 710 1596 David
754 1545 1058 1614 prohibitus
1082 1554 1166 1602 est
1214 1547 1432 1601 domum
1464 1546 1563 1602 Dei
1604 1528 1894 1613 mdiﬁcare,

289 1633 432 1700 quia
464 1633 558 1686 vir
586 1634 904 1704 sanguinum
935 1643 1097 1700 esset,
1142 1635 1386 1690 innuitur
1438 1636 1715 1692 moraliter
1758 1637 1902 1706 quod

293 1724 552 1779 mundus
583 1725 636 1779 in
687 1742 745 1781 se
786 1742 907 1782 esse
942 1743 973 1782 a
1001 1728 1144 1783 vitiis
1173 1729 1353 1795 debet,
1395 1730 1489 1799 qui
1519 1738 1672 1784 curat
1725 1730 1899 1785 aliena

290 1817 612 1885 corrigere.
649 1817 719 1872 Ut
750 1826 963 1874 terrena
995 1835 1102 1874 non
1127 1821 1348 1891 cogitet,
1369 1831 1429 1875 ut
1457 1821 1738 1876 desideriis
1774 1820 1896 1874 inli-

2003 637 2122 684 rant
2149 631 2390 698 oppressi
2411 637 2467 684 et
2491 630 2692 684 alllicti.

2077 740 2096 772 ι
2143 722 2243 788 Qui
2275 721 2321 775 si
2362 721 2545 791 inique
2582 721 2787 791 aliquid
2816 721 3063 791 gesserit,
3101 737 3323 792 arguam
3351 737 3476 777 eum
3517 721 3576 779 in

2007 831 2025 864 ι
2073 813 2220 884 virga
2250 813 2510 877 virorum,
2541 820 2591 867 et
2618 812 2672 865 in
2695 812 2866 883 plagis
2890 811 3120 866 ﬁliorum
3147 813 3446 879 hominum,
3471 834 3489 866 ι
3520 821 3579 870 et

2002 913 2216 959 caetera.
2271 904 2489 972 Virgam
2541 903 2782 958 virorum
2831 902 3066 972 gladium
3132 910 3292 958 vocat
3337 905 3579 961 inimico-

2003 1014 2142 1051 rum.
2181 996 2356 1067 Plagte
2383 1013 2514 1051 vero
2542 996 2771 1049 ﬁliorum
2804 996 3080 1050 hominum
3109 1005 3233 1051 sunt
3285 997 3582 1052 incommo—

2002 1088 2196 1145 ditates
2225 1103 2518 1158 corporum
2549 1089 2935 1151 humanorum,
2985 1088 3182 1157 quibus
3219 1103 3318 1156 pro
3343 1088 3582 1158 peccatis

2003 1182 2116 1236 suis
2145 1198 2173 1234 a
2207 1183 2433 1236 Domino
2460 1182 2653 1235 merito
2677 1181 2923 1236 homines
2948 1180 3309 1252 ﬁagellantur.
3335 1182 3459 1237 IIch
3495 1197 3580 1238 se-

2002 1273 2235 1327 cundum
2267 1273 2549 1327 historiam
2577 1274 2740 1339 dicta,
2787 1275 2860 1329 ita
2895 1275 3085 1329 sentiri
3137 1283 3379 1344 possunt.
3414 1275 3584 1330 Caete-

2002 1380 2123 1418 rum
2173 1365 2300 1434 quid
2355 1365 2653 1420 secundum
2705 1365 3016 1437 allegoriam
3071 1367 3367 1431 insinuent,
3422 1367 3584 1421 altius

2002 1458 2450 1530 perscrutandum
2495 1466 2596 1514 est.
2654 1458 2763 1529 (Ex
2804 1459 3144 1531 Augustino.)
3170 1458 3304 1514 Cum
3329 1459 3584 1530 ergoregi

2004 1549 2170 1604 David
2216 1549 2381 1602 multa
2401 1564 2660 1618 prospera
2687 1551 3082 1619 provenissent,
3111 1550 3372 1621 cogitavit
3403 1551 3581 1604 facere

2004 1643 2230 1696 Domino
2260 1641 2478 1696 domum
2507 1659 2519 1694 :
2552 1641 2809 1710 templum
2842 1642 2973 1697 illud
3006 1642 3218 1697 scilicet
3241 1641 3584 1696 excellentis-

2003 1734 2139 1788 sime
2193 1733 2550 1798 diﬁ‘amatum,
2601 1734 2742 1803 quod
2782 1750 2813 1788 a
2841 1749 2965 1805 rege
2996 1733 3288 1789 Salomone
3315 1733 3427 1787 ﬁlio
3465 1731 3582 1802 ejus

2004 1834 2192 1896 postea
2226 1824 2547 1879 fabricatum
2577 1832 2680 1880 est.
2729 1825 2842 1881 Hoc
2868 1840 2933 1880 eo
2973 1825 3244 1896 cogitante
3274 1824 3475 1880 factum
3503 1831 3588 1879 est

291 1907 406 1963 mis
430 1924 554 1963 non
583 1910 917 1976 succumbat,
976 1918 1241 1980 quatenus
1266 1913 1320 1965 in
1358 1920 1506 1966 tanto
1533 1911 1895 1981 perspicacius
1925 1912 1972 1971 B
1999 1917 2223 1970 verbum
2251 1915 2464 1969 Domini
2487 1915 2552 1968 ad
2578 1914 2790 1969 Nathan
2827 1917 3168 1986 praphetam,
3205 1916 3348 1986 quod
3376 1914 3586 1986 perfer-

290 2001 424 2055 aliis
457 2002 722 2073 fugienda
749 2004 949 2070 videat,
988 2013 1192 2074 quanto
1214 2006 1330 2060 haec
1353 2007 1467 2074 ipse
1496 2021 1591 2076 per
1612 2007 1895 2061 scientiam

291 2100 350 2147 et
387 2093 573 2147 vitam
601 2095 782 2149 verius
808 2095 1059 2151 declinat.
1093 2096 1441 2167 Nequaquam
1469 2114 1602 2167 pure
1632 2098 1899 2152 maculam

291 2185 351 2239 in
387 2187 651 2241 membro
701 2189 1006 2243 considerat
1032 2190 1238 2256 oculus,
1270 2205 1431 2260 quem
1462 2191 1636 2261 pulvis
1683 2201 1894 2262 gravat.

288 2277 365 2332 Et
409 2277 761 2349 superjectas
809 2281 997 2337 sordes
1059 2290 1272 2352 tergere
1311 2298 1417 2337 non
1463 2283 1643 2338 valent
1683 2300 1899 2351 manus,

289 2383 420 2437 qua:
474 2369 658 2424 lutum
690 2379 892 2427 tenent.
927 2371 1114 2438 Quoad
1143 2374 1380 2443 antiquae
1412 2375 1780 2430 translationis
1814 2390 1903 2429 se-

287 2459 465 2526 riem,
497 2460 642 2517 bene
662 2464 729 2516 ad
753 2463 920 2518 David
946 2481 1072 2537 erga
1105 2467 1375 2522 exteriora
1395 2468 1538 2523 bella
1562 2469 1901 2524 laborantem

290 2566 396 2620 per
434 2552 901 2624 signiﬁcationem
955 2557 1134 2612 divina
1181 2575 1284 2614 vox
1337 2559 1515 2614 innuit
1552 2577 1676 2615 cum
1707 2561 1839 2616 dicit
1880 2578 1896 2616 :

296 2662 316 2694 ι
367 2643 500 2698 Non
538 2656 594 2698 tu
641 2646 936 2701 mdiﬁcabis
966 2649 1095 2704 mihi
1147 2650 1442 2720 templum:
1476 2652 1604 2722 quia
1633 2652 1720 2706 vir
1775 2668 1900 2707 san-

291 2734 540 2804 guinum
567 2751 646 2790 es.
696 2756 715 2788 »
751 2737 845 2791 Dei
881 2739 1139 2808 templum
1183 2741 1432 2804 aediﬁcat,
1489 2741 1582 2811 qui
1624 2742 1901 2810 corrigen-

291 2822 383 2878 dis
409 2823 687 2880 institutis
711 2827 1080 2895 proximorum
1106 2830 1376 2886 mentibus
1402 2839 1578 2885 vacat.
1614 2830 1899 2900 Templum

297 2911 399 2966 Dei
429 2914 638 2984 quippe
659 2931 758 2972 nos
795 2933 1004 2985 sumus,
1036 2921 1161 2990 quia
1192 2921 1260 2975 ad
1287 2936 1471 2976 veram
1495 2923 1662 2976 vitam
1690 2939 1758 2978 ex
1783 2923 1900 2994 ejus

297 3005 708 3063 inhabitatione
730 3012 1114 3079 construimur,
1149 3013 1313 3069 Paulo
1344 3023 1637 3070 attestante
1667 3016 1852 3085 quiait
1881 3035 1894 3071 :

303 3117 324 3150 ι
374 3101 670 3171 Templum
699 3103 790 3158 Dei
817 3113 1064 3160 sanctum
1096 3114 1196 3173 est,
1231 3109 1374 3176 quod
1403 3109 1535 3164 estis
1566 3126 1662 3166 vos
1686 3109 1738 3182 (I
1772 3109 1894 3166 Cor.

295 3193 410 3266 In).
459 3216 479 3247 ι
529 3195 635 3250 Sed
685 3197 768 3250 vir
813 3198 1138 3268 sanguinum
1185 3201 1442 3270 templum
1477 3202 1574 3256 Dei
1622 3203 1898 3258 aedificare

2002 2011 2088 2058 ret
2141 2004 2207 2058 ad
2241 2017 2440 2072 regem.
2485 2004 2585 2059 Ubi
2632 2020 2752 2058 cum
2813 2005 3040 2060 dixisset
3085 2007 3247 2072 Deus,
3304 2006 3446 2075 quod
3479 2019 3588 2060 non

2001 2095 2068 2148 ab
2136 2095 2252 2163 ipso
2303 2094 2469 2148 David
2530 2094 2633 2149 sibi
2690 2094 3050 2150 mdiﬁearetur
3119 2096 3347 2161 domus,
3411 2108 3588 2164 neque

1997 2199 2097 2254 per
2145 2193 2355 2238 tantum
2399 2194 2610 2255 tempus
2657 2185 3029 2240 remandasset
3072 2187 3323 2256 cuiquam
3379 2186 3433 2240 in
3479 2201 3586 2256 po-

2000 2280 2127 2350 pulo
2178 2295 2275 2334 suo
2337 2287 2395 2332 ut
2441 2280 2543 2334 sibi
2597 2278 2800 2334 faceret
2825 2279 3044 2334 domum
3085 2279 3407 2334 cedrinam:

2078 2389 2096 2421 (
2143 2369 2211 2423 Ει
2242 2385 2403 2434 nunc,
2439 2370 2634 2438 inquit,
2666 2371 2782 2425 haec
2817 2371 2963 2425 dices
2998 2385 3154 2425 servo
3203 2385 3324 2424 meo
3369 2369 3539 2425 David
3568 2387 3584 2425 :

2007 2480 2024 2512 ι
2070 2459 2197 2515 Haec
2248 2460 2380 2515 dicit
2428 2460 2688 2515 Dominus
2753 2460 3095 2529 omnipotens
3131 2478 3143 2512 :
3174 2458 3376 2529 Accepi
3423 2467 3474 2514 te
3521 2460 3589 2514 de

2007 2570 2025 2603 ‹
2070 2552 2198 2606 ovili
2256 2553 2459 2618 ovium,
2521 2560 2580 2606 ut
2633 2567 2780 2606 esses
2812 2553 2866 2607 in
2901 2552 3095 2607 ducem
3133 2566 3296 2621 super
3331 2551 3588 2622 populum

2006 2664 2025 2696 ι
2067 2659 2247 2699 meum
2307 2643 2507 2709 Israel;
2564 2650 2622 2698 et
2667 2659 2817 2698 eram
2855 2651 3033 2699 tecum
3077 2643 3132 2698 in
3163 2643 3416 2698 omnibus
3462 2642 3586 2712 qui-

2008 2755 2026 2787 c
2070 2737 2171 2791 bus
2197 2736 2619 2807 ingrediebaris;
2651 2743 2706 2791 et
2729 2735 3091 2791 exterminavi
3121 2751 3311 2791 omnes
3339 2734 3590 2791 inimicos

2009 2845 2026 2878 ‹
2074 2835 2193 2881 tuos
2232 2842 2264 2881 a
2293 2826 2429 2881 facie
2457 2835 2566 2891 tua,
2599 2835 2654 2880 ct
2679 2826 2782 2880 feci
2813 2835 2864 2882 te
2897 2827 3237 2881 nominatum
3284 2825 3584 2880 secundum

2009 2937 2027 2969 ε
2071 2932 2268 2972 nomen
2331 2931 2648 2985 magnorum
2704 2917 2796 2986 qui
2846 2925 2974 2971 sunt
3025 2932 3188 2988 super
3243 2923 3470 2970 terram.
3520 2914 3590 2969 Et
3627 2934 3642 2949 -

2009 3029 2028 3062 ‹
2073 3026 2268 3080 ponam
2293 3011 2470 3066 locum
2492 3011 2688 3080 populo
2711 3025 2832 3065 meo
2851 3009 3038 3075 Israel,
3069 3009 3393 3080 et~plantabo
3416 3007 3588 3074 illum,

2009 3122 2028 3156 ‹
2072 3111 2127 3158 et
2150 3103 2476 3158 inhabitahit
2503 3118 2778 3168 seorsum;
2816 3110 2872 3156 et
2891 3117 3000 3156 non
3026 3101 3290 3157 sollicitus
3316 3099 3422 3154 erit
3441 3099 3587 3154 ultra

2010 3215 2028 3246 ‹
2070 3202 2125 3249 et
2162 3211 2268 3250 non
2323 3204 2557 3265 apponet
2605 3194 2748 3248 ﬁlius
2785 3192 3089 3262 iniquitatis
3141 3190 3429 3245 humiliare
3458 3201 3586 3243 eum

293 3285 653 3354 prohibetur,
683 3287 808 3355 quia
833 3287 925 3356 qui
949 3289 1125 3342 adhuc
1148 3290 1357 3346 actibus
1389 3291 1701 3347 carnalibus
1747 3293 1899 3348 incu-
1926 3282 1970 3344 C
2008 3307 2026 3340 ι
2072 3289 2210 3343 sicut
2239 3288 2307 3342 ab
2338 3289 2491 3342 initio
2521 3303 2552 3340 a
2582 3287 2789 3350 diebus,
2853 3284 3050 3354 quibus
3090 3281 3348 3339 constitui
3375 3279 3588 3349 judices

292 3373 421 3439 bat,
452 3388 676 3427 necesse
698 3383 783 3428 est
811 3375 1178 3431 utinstituere
1223 3378 1577 3447 spiritualiter
1620 3381 1899 3450 proximo-

296 3475 432 3516 rum
466 3470 678 3516 mentes
716 3464 1019 3519 erubescat.

257 3631 262 3633 _
382 3569 405 3603 ι
461 3551 568 3605 Per
593 3562 805 3616 cuncta,
844 3554 1170 3625 inquitloca,
1193 3573 1312 3627 qua:
1335 3559 1560 3615 transivi
1577 3575 1701 3616 cum
1723 3560 1898 3616 omni-

304 3661 326 3695 ι
362 3645 474 3699 bus
493 3643 615 3700 ﬁliis
635 3644 816 3700 Israel.
842 3667 859 3699 ι
881 3646 1004 3704 Haec
1017 3649 1156 3714 loca,
1173 3666 1270 3720 per
1293 3667 1414 3721 qua:
1431 3654 1765 3707 setransisse
1791 3653 1897 3708 Do-

303 3735 497 3790 minus
519 3736 667 3802 dicit,
701 3738 1044 3810 intelligenda
1073 3749 1198 3797 sunt
1219 3741 1367 3815 Sylo,
1391 3742 1615 3815 Galgalo
1639 3753 1695 3800 et
1720 3744 1892 3812 Nobe,

301 3837 357 3884 et
398 3837 602 3885 caetera
630 3832 769 3899 loca,
819 3834 911 3888 ubi
961 3835 1366 3892 tabernaculum
1416 3845 1472 3892 et
1525 3855 1651 3895 arca
1678 3841 1893 3895 Domini

265 3948 269 3950 -
302 3921 575 3977 collocata
599 3932 741 3978 sunt.

381 4031 400 4064 ι
449 4013 704 4084 Nunquid
762 4014 989 4086 loquens
1016 4015 1227 4073 locutus
1257 4024 1378 4075 sum
1431 4019 1592 4076 alicui
1626 4019 1796 4092 judici
1829 4023 1896 4078 de

251 4157 254 4160 .
306 4123 328 4159 ι
372 4107 629 4164 tribubus
674 4107 858 4171 Israel,
897 4110 982 4166 cui
1021 4114 1248 4183 praecepi
1276 4122 1335 4169 ut
1354 4126 1603 4185 pasceret
1637 4118 1894 4190 populum

306 4214 330 4251 ε
374 4214 564 4253 meum
597 4198 785 4268 Israel,
822 4201 1008 4257 dicens
1037 4219 1050 4257 :
1081 4203 1257 4269 Quare
1303 4221 1410 4261 non
1438 4207 1719 4263 zediﬁcasti
1761 4209 1896 4265 mihi

309 4306 331 4342 ι
373 4288 601 4345 domum
636 4290 948 4345 cedrinam?
996 4311 1015 4346 ›
1059 4292 1265 4348 Idcirco
1296 4309 1326 4349 a
1361 4296 1766 4366 nullojudicum
1791 4297 1894 4353 sibi

302 4377 570 4438 aediﬁcari
617 4383 834 4438 domum
869 4384 1143 4439 cedrinam
1163 4387 1347 4457 jussit,
1376 4383 1505 4456 quia
1534 4389 1602 4442 ab
1643 4389 1896 4444 omnibus

305 4483 498 4529 contra
530 4476 711 4530 hostes
737 4484 1034 4547 pugnatum
1064 4476 1185 4542 fuit,
1204 4487 1258 4533 et
1283 4494 1473 4534 omnes
1491 4479 1754 4535 ell‘usores
1783 4479 1896 4534 fue-

249 4566 252 4568 ’
304 4575 432 4623 runt
451 4569 802 4639 sanguinum.
826 4568 996 4624 Filius
1016 4577 1194 4625 tamen
1214 4579 1336 4626 tuus
1362 4573 1448 4626 cui
1477 4588 1583 4627 non
1607 4572 1890 4627 instabunt

2007 3400 2026 3432 ι
2072 3396 2235 3450 super
2248 3379 2503 3450 pepulum
2517 3393 2694 3432 meum
2706 3375 2871 3431 Israel
2887 3393 2901 3442 ;
2927 3384 2980 3430 et
2995 3375 3236 3444 requiem
3254 3373 3395 3428 dabo
3411 3372 3506 3428 tibi
3519 3371 3590 3426 ab

2005 3488 2024 3522 ‹
2067 3472 2319 3527 omnibus
2348 3471 2581 3525 inimicis
2631 3469 2756 3532 tuis,
2792 3476 2847 3523 et
2868 3466 3137 3522 nuntiabit
3165 3465 3264 3520 tibi
3296 3463 3584 3530 Dominus,

2005 3579 2024 3612 ς
2065 3559 2324 3629 quoniam
2354 3559 2573 3613 domum
2597 3557 2890 3612 aediﬁcabis
2919 3556 3042 3625 ipsi.
3088 3554 3157 3609 Et
3196 3554 3322 3618 erit,
3347 3568 3471 3608 cum
3496 3566 3584 3608 ro-

2004 3671 2022 3704 (
2067 3652 2197 3722 pleti
2252 3651 2452 3706 fuerint
2493 3650 2610 3704 dies
2661 3649 2757 3714 tui,
2807 3657 2863 3702 et
2897 3647 3134 3701 dormies
3175 3661 3298 3701 cum
3342 3644 3590 3715 patribus

2005 3764 2022 3798 ‹
2069 3745 2192 3808 tuis,
2227 3745 2504 3800 suscitabo
2545 3758 2726 3798 semen
2768 3749 2918 3796 tuum
2954 3747 3078 3810 post
3128 3747 3202 3804 te,
3254 3738 3349 3808 qui
3387 3737 3492 3792 erit
3519 3736 3587 3792 de

2003 3854 2021 3888 ‹
2065 3843 2254 3890 ventre
2288 3844 2398 3898 tuo,
2431 3842 2487 3888 et
2524 3831 2837 3903 praeparabo
2871 3846 3096 3902 regnum
3140 3827 3276 3899 ejus.
3308 3827 3407 3882 Hic
3457 3826 3589 3882 aedi-

2003 3949 2022 3982 ‹
2071 3929 2254 3984 ﬁeabit
2281 3929 2501 3984 domum
2541 3926 2746 3981 nomini
2779 3940 2922 3990 meo,
2956 3933 3012 3978 et
3049 3922 3281 3993 dirigam
3327 3921 3584 3975 thronum

2003 4039 2022 4074 ι
2069 4020 2212 4075 illius
2260 4035 2429 4090 usque
2459 4019 2515 4074 in
2543 4027 2828 4073 aeternum.
2886 4014 2998 4085 Ego
3034 4028 3130 4068 ero
3159 4012 3234 4066 illi
3265 4011 3319 4064 in
3349 4016 3584 4080 patrem,

2003 4131 2022 4163 ‹
2067 4120 2122 4167 et
2149 4111 2237 4166 ille
2265 4112 2372 4166 erit
2396 4109 2529 4164 mihi
2567 4110 2619 4162 in
2645 4109 2835 4163 ﬁlium.
2884 4106 2953 4160 Et
2982 4122 3105 4161 cum
3139 4104 3352 4158 venerit
3383 4101 3582 4172 iniqui-

2003 4219 2022 4253 ‹
2068 4208 2150 4254 tas
2175 4198 2308 4267 ejus,
2345 4199 2666 4268 redarguam
2697 4197 2846 4251 illum
2873 4196 2930 4250 in
2970 4195 3122 4265 virga
3144 4194 3406 4256 virorum,
3439 4199 3494 4247 et
3527 4191 3582 4246 in

2002 4311 2020 4344 ‹
2065 4293 2239 4362 plagis
2287 4291 2518 4346 ﬁliorum
2567 4291 2868 4344 hominum.
2922 4287 3346 4344 Misericordiam
3395 4293 3582 4341 autem

2003 4406 2021 4439 ι
2066 4404 2242 4442 meam
2282 4404 2390 4443 non
2413 4387 2676 4441 amovebo
2712 4387 2779 4439 ab
2806 4399 2891 4450 eo,
2949 4385 3094 4439 sicut
3131 4381 3274 4437 movi
3302 4396 3332 4435 a
3361 4381 3586 4451 quibus-

2003 4498 2021 4532 ‹
2064 4479 2209 4542 dam,
2259 4493 2395 4547 quos
2450 4477 2627 4530 amovi
2656 4492 2686 4528 a
2716 4476 2856 4530 facie
2886 4489 3026 4528 mea.
3059 4474 3126 4527 Et
3156 4471 3329 4528 ﬁdelis
3352 4471 3458 4525 erit
3489 4471 3584 4525 do-

2003 4589 2022 4621 ι
2067 4586 2190 4625 mus
2235 4568 2371 4638 ejus,
2418 4576 2472 4624 et
2491 4583 2715 4640 regnum
2763 4565 2880 4634 ejus
2915 4580 3087 4634 usque
3116 4564 3170 4618 in
3200 4571 3465 4618 aeternum
3493 4575 3586 4616 co-

306 4653 442 4714 bellti
463 4660 706 4714 hostium
723 4668 778 4714 et
793 4661 883 4728 qui
910 4677 1016 4715 non
1038 4663 1141 4716 erit
1163 4663 1246 4716 vir
1266 4663 1607 4734 sanguinum,
1631 4664 1744 4734 ipse
1764 4664 1893 4718 :edi-
1918 4633 1972 4692 D
2003 4688 2021 4720 ‹
2070 4683 2184 4722 ram
2230 4674 2432 4722 mezet
2479 4667 2708 4720 thronus
2749 4663 2868 4734 ejus
2915 4663 3020 4719 erit
3058 4670 3272 4719 erectus
3319 4661 3375 4716 in
3417 4669 3582 4716 :eter-

306 4747 493 4806 ﬁcahit
529 4751 660 4806 mihi
693 4752 932 4807 domum.

381 4861 400 4894 ε
448 4844 523 4900 Et
549 4859 690 4898 nunc
716 4846 831 4900 haec
849 4846 995 4900 dices
1024 4861 1180 4901 servo
1226 4862 1346 4903 meo
1375 4847 1546 4902 David
1576 4848 1738 4904 :Hmc
1764 4849 1894 4904 dicit

313 4951 333 4985 ι
376 4935 642 4993 Dominus
680 4939 1053 4994 exercituum:
1083 4941 1194 5010 Ego
1224 4941 1321 4994 tuli
1365 4949 1416 4995 te
1438 4943 1505 4996 de
1551 4943 1768 5011 pascuis
1804 4957 1889 4998 se-

317 5042 338 5077 c
379 5039 635 5097 quentem
666 5045 874 5102 greges.
907 5051 925 5083 ι
955 5032 1022 5086 Ει
1054 5040 1176 5101 post
1202 5048 1371 5102 pauca
1413 5047 1426 5086 :
1461 5052 1480 5083 ί
1527 5033 1762 5104 Fecique
1792 5035 1889 5090 tibi

319 5132 338 5166 ‹
381 5133 577 5174 nomen
606 5119 810 5191 grande
830 5120 985 5188 juxta
1016 5138 1211 5176 nomen
1241 5137 1577 5195 magnorum,
1624 5129 1716 5194 qui
1763 5135 1890 5181 sunt

320 5221 341 5257 ε
383 5207 437 5262 in
475 5220 641 5266 terra.
679 5232 696 5264 ι
744 5229 763 5263 ‹
799 5211 946 5278 Feci,
990 5213 1184 5283 inquit,
1247 5214 1344 5268 tibi
1392 5216 1650 5272 Dominus
1692 5234 1889 5274 nomen

316 5303 534 5368 grande,
568 5324 586 5356 ι
622 5305 675 5358 id
706 5313 808 5369 cst,
844 5306 984 5360 sicut
1013 5305 1116 5362 feci
1164 5307 1459 5375 Abraham,
1498 5311 1670 5378 Isaac,
1717 5321 1772 5367 et
1799 5312 1889 5367 Ja-

319 5391 431 5455 cob,
461 5403 515 5449 et
535 5394 726 5466 Moysi,
755 5406 810 5451 et
833 5397 995 5452 Josuc
1022 5414 1250 5468 quorum
1279 5401 1496 5455 nomina
1522 5401 1884 5458 famosissima

321 5489 442 5534 sunt
464 5482 519 5537 in
541 5492 706 5539 terra.

393 5590 410 5621 ι
457 5574 519 5628 Et
539 5592 736 5646 ponam
758 5578 932 5634 locum
953 5582 1147 5650 popqu
1184 5599 1302 5639 meo
1324 5583 1510 5649 Israel,
1543 5591 1598 5638 et
1627 5583 1884 5655 plantaho

329 5676 346 5707 ε
389 5677 528 5729 cum,
576 5676 630 5722 et
667 5668 930 5724 habitabit
980 5672 1078 5726 sub
1119 5687 1202 5726 eo.
1239 5693 1256 5724 ι
1294 5673 1407 5728 lloc
1432 5674 1483 5726 in
1522 5675 1638 5727 loco
1677 5683 1887 5742 tempus

325 5750 618 5814 Salomonis
647 5775 823 5815 sermo
871 5761 1127 5817 describit
1176 5763 1407 5828 divinus,
1449 5779 1556 5834 quo
1585 5766 1678 5818 ﬁlii
1713 5764 1884 5819 Israel

323 5857 500 5913 pacem
526 5863 706 5907 essent
736 5853 971 5910 habituri
1006 5869 1104 5924 per
1129 5854 1434 5921 circuitum,
1481 5867 1536 5911 et
1560 5872 1666 5911 non
1705 5865 1888 5913 essent

2003 4775 2021 4809 ι
2065 4771 2216 4810 num.
2285 4775 2303 4807 ι
2351 4755 2504 4809 Hanc
2556 4762 2666 4808 tam
2712 4753 2971 4823 grandem
3021 4752 3438 4822 promissionem
3487 4750 3582 4820 qui

1994 4857 2148 4918 putat
2187 4847 2240 4900 in
2301 4846 2587 4901 Salomone
2619 4843 2786 4898 fuisse
2827 4842 3173 4912 completam,
3218 4841 3447 4896 multum
3502 4854 3584 4895 er-

1994 4948 2095 4994 rat.
2121 4939 2368 4993 Attendit
2400 4938 2544 4992 enim
2575 4937 2716 5006 quod
2751 4937 2954 4991 dictum
2987 4942 3071 4990 est
3103 4954 3114 4988 :
3154 4954 3171 4984 ε
3210 4931 3309 4987 Hic
3334 4931 3571 4987 :ediﬁca-

1993 5031 2073 5086 bit
2113 5031 2247 5086 mihi
2301 5031 2517 5085 domum
2569 5048 2582 5083 :
2642 5049 2660 5080 ι
2716 5029 2973 5099 quoniam
3033 5025 3287 5081 Salomon
3319 5024 3577 5094 templum

1991 5125 2123 5178 illud
2175 5123 2351 5178 nobile
2401 5121 2630 5187 struxit;
2683 5129 2738 5175 et
2782 5136 2890 5174 non
2934 5116 3161 5173 attendit
3201 5115 3343 5186 quod
3395 5115 3573 5170 dicit:

1997 5236 2015 5268 ι
2059 5215 2261 5270 Fidelis
2308 5216 2412 5270 erit
2446 5215 2636 5269 domus
2666 5213 2782 5282 ejus
2825 5221 2879 5266 et
2904 5225 3129 5280 regnum
3169 5208 3286 5278 ejus
3317 5224 3488 5279 usque
3516 5208 3571 5262 in

1991 5316 2252 5362 aeternum
2307 5321 2487 5360 coram
2534 5320 2640 5360 me.
2696 5323 2714 5354 ι
2763 5302 3023 5356 Attendat
3069 5315 3198 5370 ergo
3243 5307 3298 5354 et
3343 5297 3572 5369 aspiciat

1993 5398 2300 5453 Salomonis
2348 5397 2566 5452 domum
2608 5395 2822 5462 plenam
2889 5391 3204 5447 mulieribus
3250 5389 3564 5460 alienigenis

1989 5490 2290 5544 colentibus
2339 5489 2469 5543 deos
2496 5487 2682 5550 falsos,
2732 5493 2786 5540 et
2827 5485 3000 5556 ipsum
3053 5485 3121 5539 ab
3147 5484 3228 5538 eis
3251 5497 3432 5553 regem
3466 5479 3570 5534 ali-

1989 5580 2205 5650 quando
2228 5581 2524 5649 sapientem
2549 5578 2603 5631 in
2630 5577 2875 5633 eamdem
2903 5575 3261 5631 idololatriam
3285 5573 3566 5628 seductum

1990 5680 2152 5740 atque
2178 5670 2446 5739 dejectum
2469 5675 2523 5723 et
2546 5683 2651 5722 non
2688 5669 2883 5723 audeat
2919 5667 3232 5721 existimare
3260 5663 3450 5727 Deum,
3486 5658 3570 5716 vel

1989 5762 2092 5818 hoc
2139 5761 2452 5832 promisisse
2499 5761 2848 5821 mendaciter,
2904 5759 2988 5813 vel
3039 5757 3201 5812 talem
3257 5751 3564 5808 Salomonis

1987 5856 2209 5913 domum
2251 5871 2377 5910 eum
2423 5855 2662 5910 futuram
2708 5870 2814 5908 non
2848 5853 3087 5923 potuisse
3130 5848 3402 5920 praescire.
3449 5842 3567 5901 Non
