4074 6526
463 354 525 412 9l
1087 350 1149 406 Β.
1190 347 1446 419 RABANI
1485 347 1705 406 MAURI
1742 346 2061 413 ARCHIEP.
2106 344 2417 411 MOGUNT.
2455 344 2740 403 OPERUM
2780 344 2958 401 PARS
2992 345 3033 400 ι.
3644 347 3719 407 92

457 467 587 527 hinc
639 467 898 523 debemus
951 464 1181 536 amplius
1229 464 1523 535 ambigere,
1572 480 1693 520 cum
1722 465 1775 518 in
1817 463 2035 519 Christo
2066 474 2118 535 Α
2143 473 2406 516 aeternum
2437 461 2699 531 speranda
2724 475 2826 525 εει,
2873 462 3055 531 inqua
3106 466 3414 529 certissuma
3440 476 3537 537 spe
3584 461 3727 519 diei-

457 560 687 620 Domiuo
726 556 933 626 nostro,
974 580 992 611 ‹
1029 559 1119 630 qui
1144 557 1322 615 factus
1361 569 1444 615 est
1494 575 1562 615 ex
1612 559 1817 614 semine
1868 557 2038 612 David

459 655 755 713 secundum
785 668 1004 708 carnem
1056 650 1228 722 (Rom.
1260 651 1321 726 ι),
1375 673 1391 703 ι
1435 650 1548 723 jam
1595 651 1891 705 viderimus
1938 651 2038 707 ista

460 745 741 816 Compleri,
765 760 831 799 ne
857 756 995 798 vane
1021 752 1183 813 atque
1230 742 1468 797 inaniter
1495 742 1585 797 hic
1605 742 1769 796 alium
1801 742 2037 812 aliquem

460 838 802 908 requiramus
842 835 984 889 sicut
1026 835 1221 889 inanes
1250 832 1439 889 Judaei.
1470 833 1607 888 Nam
1638 842 1695 888 et
1732 834 1834 905 ipsi
1873 849 2043 904 usque

462 929 597 981 adeo
638 926 833 991 lilium,
888 941 1048 996 quem
1069 925 1192 980 loco
1220 925 1323 980 isto
1356 925 1470 997 regi
1509 926 1677 981 David
1711 927 2041 996 promissum

458 1016 657 1088 legant,
693 1017 1000 1087 intelligunt
1028 1033 1134 1071 non
1163 1017 1328 1072 fuisse
1353 1016 1722 1084 Salomonem,
1764 1026 1823 1072 ut
1851 1032 1916 1072 eo
1946 1017 2039 1089 qui

457 1111 758 1181 promissus
783 1116 868 1163 est
907 1117 1057 1162 tanta
1094 1107 1208 1177 jam
1254 1107 1693 1163 manifestatione
1746 1108 2041 1177 declarato,

460 1203 637 1258 adhuc
686 1201 917 1257 mirabili
951 1201 1196 1257 erecitate
1239 1201 1404 1255 alium
1453 1216 1675 1271 sperare
1725 1217 1783 1256 se
1835 1202 2040 1255 dicant.

459 1293 627 1349 Facta
663 1302 745 1349 est
784 1294 1003 1365 quidem
1027 1292 1284 1360 nonnulla
1328 1294 1505 1365 imago
1548 1293 1627 1349 rei
1657 1293 1852 1347 futurae
1879 1293 2044 1347 etiam

458 1388 518 1456 in
540 1386 851 1461 Salomone,
897 1388 952 1442 in
982 1401 1049 1441 eo
1077 1387 1221 1457 quod
1253 1386 1509 1459 templum
1558 1386 1841 1441 mdiﬁeavit
1870 1395 1925 1439 et
1946 1400 2043 1454 pa-

462 1496 580 1538 cem
607 1479 795 1536 habuit
827 1478 1124 1534 secundum
1160 1492 1356 1532 nomen
1389 1493 1566 1531 suum.
1605 1476 1861 1532 Salomon
1884 1477 2046 1546 quip-

460 1590 528 1647 pe
557 1574 807 1646 paciﬁcus
837 1580 920 1628 est
955 1572 1167 1628 Latine.
1202 1571 1269 1626 Et
1297 1571 1352 1625 in
1376 1572 1600 1625 exordio
1631 1570 1781 1639 regni
1832 1570 1915 1624 sui
1945 1569 2047 1623 mi-

462 1669 707 1725 rabiliter
733 1665 1018 1721 laudabilis
1047 1665 1166 1720 fuit.
1220 1664 1328 1721 Sed
1357 1665 1544 1718 eadem
1569 1678 1664 1717 sua
1696 1677 1927 1732 persona
1953 1676 2048 1731 per

460 1763 709 1818 umbram
746 1758 928 1813 futura
957 1757 1379 1835 prtenuntiabat,
1420 1757 1583 1811 etiam
1609 1755 1725 1825 ipse
1770 1753 2048 1810 Christum

2142 559 2250 614 tur,
2289 570 2305 601 ‹
2337 549 2481 616 Fiat,
2513 549 2625 613 ﬁat,
2662 572 2680 601 ι
2721 551 2860 605 sicut
2887 551 2939 604 in
2964 548 3169 619 psalmo
3202 549 3535 621 octogesimo
3562 559 3721 613 octa-

2142 659 2209 698 vo
2240 644 2501 714 scriptum
2546 645 2599 699 in
2626 644 2731 699 ﬁne
2759 653 2842 699 est
2891 664 2902 697 :
2939 664 2955 695 ε
2998 643 3346 712 Benedictus,
3379 645 3575 723 inquit,
3613 647 3722 702 Do-

2144 734 2320 789 minus
2346 735 2399 788 in
2441 744 2720 790 aeternum.
2750 734 2891 799 Fiat,
2939 732 3051 789 ﬁat.
3094 756 3110 787 ›
3143 734 3291 791 illius
3316 737 3462 791 enim
3489 752 3605 808 spei
3636 745 3727 795 est

2145 823 2503 889 conﬁrmatio,
2536 825 2686 878 verbi
2726 825 2886 895 hujus
2915 825 3150 880 iteratio.
3201 826 3317 882 Hoc
3365 842 3497 899 ergo
3526 828 3732 889 intelli-

2145 929 2278 986 gens
2312 916 2479 969 David
2506 916 2583 970 ait
2609 916 2663 970 in
2687 915 2925 971 secundo
2956 916 3162 988 Regum
3192 916 3331 973 libro
3362 937 3374 972 :
3415 938 3433 970 ι
3469 918 3538 974 Ει
3574 920 3732 981 locu-

2149 1018 2233 1064 tus
2256 1025 2314 1064 es
2338 1026 2433 1079 pro
2457 1010 2615 1064 domo
2644 1010 2785 1064 servi
2818 1011 2895 1064 tui
2920 1011 2976 1065 in
2999 1011 3375 1083 longinquum.
3416 1032 3433 1064 ›
3474 1012 3599 1069 Ideo
3630 1030 3732 1069 au—

2146 1110 2257 1154 tem
2287 1108 2409 1169 post
2452 1099 2728 1171 paululum
2771 1100 2887 1156 ait:
2920 1120 2938 1153 ‹
2974 1100 3127 1157 Nunc
3160 1102 3360 1170 incipe,
3405 1109 3460 1157 et
3500 1103 3733 1160 benedic

2148 1192 2366 1247 domum
2417 1193 2559 1255 servi
2605 1194 2679 1247 tui
2718 1208 2886 1263 usque
2921 1194 2977 1248 in
3032 1202 3316 1259 arternum,
3369 1204 3476 1251 etc.
3535 1217 3553 1248 ι
3593 1197 3734 1269 Quia

2148 1291 2276 1339 tunc
2326 1284 2607 1355 geniturus
2651 1294 2769 1340 erat
2801 1285 2991 1352 ﬁlium,
3038 1301 3104 1341 ex
3150 1302 3258 1356 quo
3287 1289 3573 1363 progenies
3608 1288 3738 1358 ejus

2150 1376 2438 1430 duceretur
2464 1376 2528 1431 ad
2555 1375 2851 1443 Christum,
2887 1392 2983 1447 per
3009 1393 3170 1449 quem
3197 1376 3379 1433 futura
3399 1388 3518 1434 erat
3538 1380 3739 1447 domus

2149 1465 2268 1535 ejus
2313 1476 2535 1530 mtcrna,
2586 1469 2883 1541 eademque
2930 1471 3122 1526 domus
3163 1470 3279 1526 Dei.
3327 1471 3529 1535 Domus
3585 1474 3736 1527 enim

2147 1558 2317 1613 David
2348 1568 2568 1629 propter
2603 1576 2771 1632 genus
2798 1563 3008 1628 David;
3049 1563 3240 1618 domus
3290 1572 3470 1619 autem
3513 1565 3608 1621 Dei
3642 1581 3740 1621 ea-

2150 1649 2270 1703 dem
2300 1650 2417 1719 ipsa
2455 1658 2675 1722 propter
2717 1653 2974 1723 templum
3014 1653 3131 1721 Dei,
3170 1654 3237 1710 dc
3281 1655 3595 1715 hominibus
3655 1654 3740 1711 fa-

2152 1749 2323 1806 ctum,
2370 1757 2479 1796 non
2537 1743 2603 1798 de
2642 1743 2928 1813 lapidibus,
2965 1747 3057 1802 ubi
3094 1746 3304 1802 habitet
3374 1749 3431 1807 in
3468 1758 3738 1805 aeternum

454 1851 748 1909 Dominum
764 1866 869 1905 non
888 1849 1197 1905 exhibebat.
1216 1849 1369 1904 Unde
1382 1847 1627 1920 quaedam
1643 1848 1706 1902 de
1724 1846 1813 1903 illo
1828 1848 1900 1900 ita
1914 1846 2048 1900 scri-
2074 1846 2122 1908 B
2150 1838 2379 1909 Populus
2400 1854 2521 1893 cum
2542 1840 2674 1906 D00.
2703 1849 2756 1894 et
2782 1841 2835 1894 in
2851 1840 2961 1895 Deo
2982 1857 3100 1908 SUO,
3124 1849 3179 1897 et
3201 1842 3346 1897 Deus
3368 1858 3489 1897 cum
3512 1843 3735 1919 popula,

458 1953 554 2031 pta
580 1950 725 2011 sunt,
756 1941 912 2013 quasi
944 1942 1011 1997 de
1025 1942 1139 2013 ipso
1158 1941 1259 1997 ista
1288 1940 1546 2012 praedicta
1575 1939 1704 2007 sint,
1743 1955 1867 1993 cum
1897 1937 2047 1992 Scri-

456 2040 621 2116 ptura
647 2043 834 2090 sancta
864 2034 1029 2089 etiam
1053 2033 1118 2088 de
1148 2034 1310 2089 rebus
1334 2033 1500 2105 gestis
1538 2032 1890 2102 prophetans,
1920 2045 2049 2100 quo-

462 2126 751 2183 dauunodo
787 2127 838 2180 in
871 2140 934 2181 eo
972 2125 1200 2197 ﬁguram
1243 2126 1479 2179 delineat
1526 2124 1851 2180 futurorum.
1911 2122 2049 2177 Nam

461 2226 661 2289 praeter
708 2218 877 2275 libros
903 2218 1095 2273 divinae
1135 2216 1397 2282 historia},
1444 2217 1534 2272 ubi
1571 2207 1829 2288 regnasse
1853 2231 2047 2271 narra—

462 2319 572 2385 tur,
630 2311 872 2384 psalmus
913 2311 1077 2366 etiam
1127 2311 1580 2382 sepluagesimus,
1641 2310 1850 2380 primus
1884 2306 2049 2361 titulo

464 2402 702 2458 nominis
735 2402 852 2473 ejus
898 2402 1193 2475 inscriptus
1231 2410 1335 2468 est,
1382 2402 1435 2456 in
1466 2416 1575 2473 quo
1611 2410 1721 2455 tam
1772 2399 1942 2454 multa
1970 2398 2051 2454 di-

464 2500 661 2551 cuntur
696 2508 816 2563 quae
842 2493 1064 2547 omnino
1095 2492 1146 2550 ei
1205 2492 1497 2548 convenire
1527 2508 1634 2546 non
1665 2499 1916 2562 possunt,
1940 2490 2051 2544 Do-

464 2584 616 2641 mino
656 2593 839 2641 autem
862 2582 1080 2640 Christo
1129 2583 1409 2659 aptissima
1434 2582 1830 2655 perspicuitate
1854 2593 2052 2635 conve-

466 2676 624 2733 niunt
656 2677 1050 2733 :utevidenter
1081 2686 1342 2757 appareat
1366 2677 1507 2749 quod
1532 2675 1586 2730 in
1625 2676 1716 2731 illo
1745 2674 2054 2758 qualiscun-

464 2782 571 2842 que
600 2767 919 2823 adumbrata
944 2768 1017 2824 sit
1054 2786 1067 2823 :
1110 2769 1166 2823 in
1192 2769 1297 2835 isto
1325 2775 1505 2825 autem
1534 2767 1647 2839 ipsa
1681 2775 1880 2822 veritas
1910 2781 2051 2838 prm-

458 2868 695 2925 sentata.
728 2858 927 2917 Notum
972 2869 1059 2916 est
1109 2863 1254 2917 enim
1285 2862 1481 2932 quibus
1521 2860 1769 2916 terminis
1827 2874 2054 2931 regnum

464 2948 778 3007 conclusum
800 2949 977 3009 fuerat
1003 2949 1347 3017 Salomonis;
1375 2959 1428 3006 et
1448 2961 1626 3005 tamen
1658 2950 1711 3003 in
1750 2964 1815 3005 eo
1836 2948 2056 3029 psalmo

458 3042 663 3119 legitur
723 3058 784 3103 ut
816 3046 919 3107 alia
970 3057 1218 3117 taceam:
1256 3068 1274 3100 ‹
1307 3046 1682 3102 Dominabitur
1716 3062 1753 3100 a
1801 3046 1937 3101 mari
1964 3061 2056 3099 us-

467 3155 574 3219 que
602 3139 668 3195 ad
694 3156 868 3207 mare,
900 3148 961 3198 et
989 3157 1020 3196 a
1044 3140 1265 3207 ﬂumine
1291 3156 1459 3213 usque
1496 3141 1565 3195 ad
1594 3139 1858 3203 terminos
1907 3138 2056 3199 orbis

2152 1941 2205 1987 et
2236 1933 2288 1986 in
2315 1933 2509 2004 populo
2533 1949 2630 1989 suo
2664 1953 2674 1986 :
2716 1934 2788 1988 ita
2818 1943 2877 1988 ut
2920 1934 3063 1990 Deus
3090 1936 3161 1990 sit
3206 1935 3439 2013 impleas
3480 1936 3737 2007 populum

2152 2039 2310 2079 suum
2366 2033 2421 2079 et
2458 2025 2688 2096 populus
2728 2025 2918 2096 plenus
2956 2027 3067 2082 Deo
3101 2043 3220 2095 suo,
3285 2046 3303 2078 ‹
3352 2027 3419 2081 Ει
3456 2028 3597 2083 Deus
3631 2027 3743 2082 erit

2151 2120 2331 2173 omnia
2356 2119 2408 2173 in
2459 2121 2710 2176 omnibus
2740 2120 2826 2194 (ΙῙ
2855 2120 2977 2176 Cor.
3010 2122 3125 2195 xv).
3160 2144 3177 2175 ι
3210 2123 3327 2194 Ipse
3358 2123 3411 2177 in
3436 2138 3571 2199 pace
3587 2138 3741 2195 prae-

2151 2210 2341 2275 mium,
2385 2210 2476 2281 qui
2518 2211 2689 2266 virtus
2711 2212 2763 2265 in
2804 2212 2965 2268 bello.
3000 2212 3123 2269 ldeo
3142 2210 3276 2268 'cum
3301 2215 3594 2269 secundum
3643 2213 3739 2271 Se-

2146 2303 2429 2373 ptuaginta
2476 2303 2531 2358 in
2582 2305 2762 2359 verbis
2806 2305 3021 2361 Nathan
3063 2306 3267 2373 dictum
3298 2307 3407 2365 sit:
3440 2327 3457 2357 ί
3488 2306 3557 2369 Et
3603 2323 3746 2362 nun-

2152 2393 2307 2447 tiabit
2362 2394 2456 2448 tibi
2501 2394 2781 2464 Dominus,
2844 2399 3103 2469 quoniam
3160 2399 3378 2454 domum
3437 2397 3738 2454 tediﬁcabis

2145 2485 2255 2557 ipsi
2287 2506 2299 2540 :
2334 2508 2351 2539 ι
2384 2501 2568 2560 postea
2599 2493 2800 2549 dictum
2828 2502 2912 2549 est
2934 2494 3117 2550 verbis
3157 2494 3327 2550 David
3369 2514 3381 2548 :
3419 2513 3439 2546 ι
3473 2493 3747 2562 Quoniam

2150 2588 2213 2634 tu
2257 2580 2515 2639 Dominus
2538 2586 2879 2656 omnipotens
2904 2587 3045 2643 Deus
3066 2587 3257 2653 Israel,
3284 2586 3534 2647 revelasti
3557 2594 3746 2645 autem

2156 2686 2312 2728 servo
2362 2682 2475 2741 tuo,
2532 2677 2720 2733 dicens
2749 2697 2761 2732 :
2787 2678 3020 2737 Domum
3064 2679 3344 2737 aedificabo
3384 2678 3501 2733 tibi.
3538 2698 3556 2730 ι
3590 2677 3748 2735 Hauc

2154 2764 2299 2825 enim
2328 2765 2547 2821 domum
2574 2776 2629 2823 et
2680 2785 2780 2825 nos
2809 2770 3203 2835 :ediﬁcabimus
3246 2770 3385 2835 bene
3410 2769 3661 2835 vitienGO.
3686 2774 3751 2827 et

2150 2850 2288 2920 Deo,
2321 2862 2380 2909 ut
2410 2855 2548 2915 bene
2581 2856 2851 2925 vivamus,
2902 2859 3252 2931 opitulando;
3286 2858 3414 2935 quia
3449 2877 3468 2910 ‹
3508 2857 3611 2921 nisi
3641 2857 3753 2917 Do-

2156 2944 2336 3000 minus
2363 2945 2715 3002 aediﬁcaverit
2743 2950 2983 3017 domum,
3018 2950 3070 3004 in
3113 2965 3313 3004 vanum
3343 2949 3595 3005 laborant
3619 2948 3753 3005 tedi-

2156 3036 2386 3094 ‘ﬁeantes
2416 3055 2537 3095 eam
2563 3039 2739 3113 (Psal.
2771 3042 2976 3115 cxxvn).
3038 3064 3055 3095 ι
3086 3043 3253 3115 Cujus
3287 3042 3480 3099 domus
3514 3058 3637 3107 cum
3658 3057 3754 3101 ve-

2160 3131 2301 3185 nerit
2329 3132 2516 3187 ultima
2542 3134 2831 3201 dedicatio,
2860 3143 2989 3189 tunc
3011 3134 3105 3189 ﬁet
3154 3134 3306 3204 illud,
3355 3133 3501 3205 quod
3529 3133 3619 3189 hic
3648 3147 3753 3213 per

472 3209 632 3291 terrae
664 3248 677 3285 :
717 3250 736 3283 ι
771 3231 914 3303 quod
934 3232 991 3293 in
1006 3232 1226 3291 Christo
1250 3209 1492 3297 videmus
1516 3230 1747 3305 impleri.
1767 3230 1813 3285 A
1836 3230 2057 3285 ﬂumine
2083 3209 2128 3273 C
2160 3220 2372 3277 Nathan
2397 3223 2609 3280 locutus
2625 3226 2891 3291 estDeus,
2927 3226 3112 3282 dicens
3138 3244 3151 3280 :

467 3319 668 3401 quippe
694 3320 1005 3387 dominandi
1037 3324 1269 3394 sumpsit
1295 3323 1608 3391 exordium,
1636 3324 1725 3391 ubi
1752 3323 2058 3395 baptizatus

472 3424 505 3464 a
531 3408 760 3478 Joanne,
790 3412 982 3471 eodem
1016 3424 1365 3481 monstrante,
1398 3416 1563 3488 coepit
1585 3416 1802 3489 agnosci
1832 3432 1865 3470 a
1891 3416 2058 3471 disci-

461 3498 635 3579 pulis,
666 3503 759 3575 qui
788 3519 898 3559 non
937 3503 1122 3571 solum
1142 3507 1483 3581 magistrum,
1514 3524 1704 3567 verum
1749 3507 1917 3564 etiam
1943 3507 2052 3564 Do-

459 3593 679 3661 minum
733 3596 1160 3669 appellaverunt.
1190 3600 1300 3663 Nec
1349 3602 1419 3657 ob
1455 3602 1602 3656 aliud
1640 3601 1857 3663 vivente
1882 3601 2061 3659 adhuc

461 3698 625 3762 patre
655 3705 755 3747 suo
773 3690 966 3759 David,
1000 3708 1229 3765 regnare
1257 3692 1512 3759 Salomon
1538 3694 1705 3764 coepit
1736 3694 1901 3766 (quod
1925 3694 2059 3751 nulli

470 3797 661 3857 regqu
695 3784 909 3849 illorum
943 3784 1216 3859 contigit),
1260 3786 1365 3843 nisi
1398 3796 1457 3843 ιιι
1489 3786 1617 3843 buie
1669 3800 1883 3859 quoque
1927 3785 2060 3841 satis

469 3875 704 3949 eluceat,
741 3892 847 3935 non
877 3893 998 3935 esse
1038 3879 1216 3948 ipsum
1257 3894 1417 3949 quem
1458 3878 1745 3951 prophetia
1778 3878 1885 3932 ista
1914 3892 2061 3949 prae-

471 3965 668 4039 Sisnat,
718 3982 838 4047 qua:
858 3969 931 4025 ad
955 3966 1072 4049 ejus
1090 3978 1308 4041 patrem
1356 3969 1616 4043 loquitur,
1650 3969 1839 4037 dicens
1872 3989 1884 4022 :
1923 3990 1949 4029 ι
1986 3970 2055 4038 Et

470 4059 598 4127 erit,
637 4076 759 4123 cum
812 4060 1003 4131 repleti
1046 4060 1257 4129 fuerint
1296 4062 1410 4119 dies
1459 4063 1537 4118 tui
1580 4070 1636 4121 et
1662 4062 1900 4121 dormies
1929 4078 2055 4131 cum

466 4150 718 4231 patribus
762 4151 885 4217 tuis,
926 4160 980 4215 et
1004 4152 1283 4221 suscitabo
1312 4167 1500 4209 semen
1543 4161 1693 4217 tuum
1714 4162 1836 4222 post
1860 4161 1935 4219 te,
1962 4152 2059 4224 qui

471 4242 580 4309 erit
622 4242 687 4298 de
719 4250 909 4311 ventre
946 4251 1070 4313 tuo,
1100 4252 1163 4305 .et
1196 4246 1516 4316 praeparabo
1556 4260 1781 4317 regnum
1828 4244 1994 4303 illius.
2028 4264 2052 4305 ,ι

476 4333 755 4413 Quomodo
790 4351 918 4415 ergo
940 4343 1162 4407 propter
1189 4336 1245 4393 id
1272 4336 1414 4407 quod
1443 4338 1713 4407 sequitur,
1750 4357 1768 4401 ς
1804 4336 1905 4395 Hic
1936 4337 2061 4393 aedi-

466 4426 659 4501 lieabit
705 4428 837 4493 mihi
858 4428 1109 4496 domum,
1142 4447 1160 4480 )
1196 4428 1299 4487 iste
1320 4428 1579 4486 Salomon
1630 4430 1909 4501 putabitur
1928 4446 2059 4501 pro-

464 4519 744 4595 Ριιεῑθιιλδρ
785 4529 839 4577 ει
880 4536 988 4583 non
1015 4521 1199 4595 potius
1240 4532 1467 4595 pmpter
1497 4524 1550 4581 id
1581 4524 1722 4594 quod
1748 4524 2007 4599 praecedit
2041 4541 2053 4577 :

478 4630 496 4663 ι
539 4610 673 4667 Cum
699 4612 887 4680 nepleti
914 4612 1116 4679 fuerint
1152 4613 1268 4681 dies
1296 4615 1397 4681 tui,
1433 4622 1489 4670 et
1531 4615 1767 4685 dormies
1814 4630 1940 4669 eum
1960 4629 2059 4685 pa-

470 4700 647 4759 tribus
670 4701 797 4767 tuis,
821 4703 1095 4761 suscitabo
1116 4719 1300 4763 semen
1318 4712 1471 4763 tuum
1492 4714 1615 4775 post
1633 4713 1720 4759 te:
1751 4723 1769 4756 ι
1797 4704 1933 4760 alius
1949 4719 2058 4777 pa-

476 4790 664 4857 ciﬁcus
691 4791 1014 4865 intelligitur
1033 4809 1153 4859 esse
1170 4796 1497 4868 promissus,
1512 4795 1611 4867 qui
1643 4810 1749 4851 non
1778 4804 1926 4863 ante,
1956 4796 2061 4852 sic-

476 4888 537 4935 ut
578 4882 705 4951 iste,
763 4883 856 4940 sed
902 4893 1028 4955 post
1078 4896 1310 4953 mortem
1358 4886 1525 4942 David
1558 4886 1951 4959 praenuntiatus
1980 4894 2063 4944 est

476 4972 851 5033 suseitandus?
888 4973 1197 5043 Quamlibet
1219 4976 1365 5032 enim
1388 4976 1550 5049 longo
1575 4977 1897 5049 interposito
1927 4986 2061 5033 tem-

472 5078 608 5136 pore
637 5064 885 5133 Christus
910 5064 1069 5125 .lesus
1099 5068 1333 5137 veniret,
1362 5070 1549 5141 procul
1569 5070 1730 5127 dubio
1762 5080 1885 5140 post
1910 5087 2058 5128 mor—

476 5164 587 5221 tem
619 5158 759 5230 regis
788 5160 978 5231 David,
1014 5162 1103 5219 cui
1130 5162 1219 5229 sic
1246 5171 1333 5221 est
1367 5164 1693 5235 promissus,
1721 5179 1846 5219 eum
1870 5166 2059 5225 venire

474 5249 765 5320 Oportebat
790 5252 881 5321 qui
904 5253 1201 5321 .aadiﬁcaret
1260 5255 1479 5311 domum
1500 5256 1635 5325 Deo,
1666 5272 1775 5327 non
1798 5259 1863 5327 de
1895 5258 2056 5329 lignis

474 5349 533 5396 et
569 5338 857 5412 lapidibus,
899 5344 995 5409 sed
1025 5346 1092 5403 de
1115 5346 1449 5417 hominibus,
1480 5348 1696 5421 qualem
1743 5349 1894 5419 illum
1924 5350 2058 5406 tedi-

479 5429 646 5503 βεδε-ε
674 5433 987 5504 gaudemus.
1048 5435 1183 5492 Huic
1204 5439 1355 5497 ,enim
1386 5438 1569 5495 domui
1596 5440 1728 5505 dicit
1748 5439 2055 5517 Apostolus,

479 5522 587 5593 hoc
640 5533 744 5591 cst,
796 5525 1044 5595 ﬁdelibus
1094 5526 1343 5589 Christi:
1380 5551 1397 5582 ‹
1432 5532 1715 5613 Templum
1755 5535 1901 5590 enim
1960 5535 2057 5599 Dei

475 5623 725 5681 sanctum
750 5624 855 5685 est,
897 5620 1039 5690 quod
1065 5621 1199 5677 estis
1224 5637 1319 5679 vos
1351 5620 1403 5695 (Ι
1456 5622 1579 5681 Cor.
1604 5624 1721 5693 JH).
1754 5644 1780 5687 ,ι
1830 5624 2058 5690 Benedi-

479 5710 589 5781 ctio
613 5712 826 5771 Domini
852 5713 1048 5784 quippe
1072 5714 1128 5770 in
1159 5716 1365 5775 semine
1389 5717 1580 5781 David,
1612 5734 1721 5773 non
1754 5718 1819 5775 ad
1845 5718 2064 5788 aliquod

482 5807 717 5883 tesnpus.
757 5803 934 5881 qualis
982 5805 1173 5867 diebus
1208 5807 1515 5873 Salomonis
1557 5810 1829 5881 apparuit,
1878 5813 1978 5879 sed
2009 5814 2061 5869 in

2239 3334 2257 3365 ί
2304 3314 2369 3369 Ει
2395 3331 2592 3387 ponam
2625 3316 2802 3371 locum
2843 3320 3040 3391 populo
3074 3333 3195 3377 meo
3224 3316 3414 3389 Israel,
3452 3324 3509 3373 et
3538 3316 3755 3389 planta—

2166 3426 2185 3459 ι
2225 3407 2296 3462 bo
2312 3407 2482 3475 illum,
2514 3418 2569 3464 et
2600 3408 2925 3465 inhabitahit
2958 3427 3237 3479 seorsum;
3267 3420 3323 3477 et
3353 3427 3461 3468 non
3485 3410 3753 3469 sollicitus

2166 3516 2185 3555 ι
2230 3499 2333 3553 erit
2360 3499 2607 3569 ultra,et
2645 3518 2750 3565 non
2782 3511 3014 3574 apponet
3058 3503 3203 3567 ﬁlius
3234 3503 3541 3576 iniquitatis
3566 3502 3752 3569 humi-

2166 3612 2186 3645 ‹
2222 3592 2362 3651 liare
2394 3610 2538 3663 eum,
2566 3594 2705 3651 sicut
2736 3596 2804 3650 ab
2824 3597 2980 3655 initio
3003 3614 3032 3653 a
3062 3597 3252 3663 diebus
3275 3596 3752 3669 quibusmnstitui

2168 3706 2186 3739 ι
2218 3686 2435 3756 judices
2484 3705 2647 3760 super
2674 3689 2929 3763 pepulum
2952 3708 3140 3755 meum
3192 3691 3378 3753 lamel.
3440 3711 3459 3747 ι
3492 3690 3606 3749 Hoc
3626 3697 3750 3747 tam

2155 3794 2416 3850 magnum
2448 3779 2645 3839 bonum
2686 3781 2932 3863 quisquis
2970 3783 3026 3843 in
3051 3785 3159 3852 hoc
3189 3783 3386 3847 saeculo
3438 3791 3495 3841 et
3538 3783 3599 3845 in
3643 3782 3751 3851 hac

2162 3878 2307 3925 terra
2329 3880 2534 3942 sperat,
2576 3871 2894 3944 insipienter
2921 3875 3077 3946 sapit.
3106 3873 3245 3931 Ante
3286 3875 3557 3949 quispiam
3580 3883 3748 3949 puta-

2152 3963 2239 4039 lhit
2275 3963 2331 4033 in
2362 3980 2501 4045 pace
2532 3964 2839 4031 Salomonis
2870 3967 2929 4035 id
2974 3983 3094 4029 esse
3140 3967 3501 4047 completum.
3548 3966 3752 4029 Pacem

2162 4054 2360 4137 quippe
2400 4055 2551 4109 illam
2597 4054 2878 4133 Scriptura
2912 4058 2966 4125 in
3021 4058 3212 4114 umbra
3253 4057 3419 4121 futuri
3454 4058 3751 4131 excellenti

2154 4148 2542 4231 pmdieatione
2572 4149 2932 4204 commendat.
2968 4148 3067 4213 Cui
3110 4151 3416 4227 suspicioni
3460 4152 3753 4229 vigilanter

2161 4252 2449 4305 occursum
2502 4244 2608 4307 est,
2664 4255 2787 4294 cum
2818 4247 3178 4319 posteaquam
3216 4240 3421 4305 dictum
3468 4250 3589 4301 cst:
3629 4262 3647 4297 ι
3687 4242 3753 4313 Et

2153 4347 2269 4401 non
2292 4341 2525 4413 apponet
2548 4331 2692 4399 ﬁlius
2720 4333 3023 4405 iniquitatis
3038 4333 3333 4399 humiliare
3359 4349 3529 4403 eum;
3562 4354 3587 4395 )
3613 4349 3753 4405 .epn—

2163 4426 2315 4491 tinuo
2364 4425 2707 4503 subiunctum
2753 4435 2836 4483 est
2866 4444 2879 4480 :
2912 4446 2936 4489 ,ι
2993 4424 3147 4483 Sicut
3190 4426 3258 4485 ab
3296 4426 3460 4487 initio
3488 4440 3519 4483 a
3550 4426 3755 4495 diebus

2162 4516 2359 4587 quibus
2408 4517 2662 4572 constitui
2706 4518 2916 4588 judices
2963 4533 3126 4589 super
3161 4518 3421 4595 populum
3454 4533 3645 4591 meum
3673 4518 3755 4593 ,ιθ-

2162 4609 2294 4667 rael.
2334 4630 2352 4661 ›
2386 4607 2603 4666 Judiccs
2634 4624 2869 4683 namque
2909 4612 3061 4682 prius
3095 4628 3257 4683 quam
3296 4626 3453 4691 rcges
3506 4611 3587 4683 ibi
3630 4627 3756 4685 esse

2163 4710 2464 4771 cmperunt,
2506 4716 2666 4772 super
2696 4702 2846 4757 illum
2887 4703 3146 4773 populum
3190 4704 3408 4767 fuerant
3434 4704 3750 4779 ,θεμείλιιῲ

2158 4810 2227 4863 ex
2252 4810 2358 4865 quo
2392 4803 2596 4859 terram
2634 4795 3017 4865 promissionis
3058 4797 3288 4869 accepit.
3315 4796 3605 4867 Etutique
3641 4796 3754 4867 hu-

2162 4886 2405 4941 miliabat
2444 4902 2567 4942 eum
2608 4886 2750 4943 ﬁlius
2775 4887 3102 4959 iniquitatis,
3129 4889 3235 4947 hoc
3262 4898 3366 4957 est,
3400 4889 3576 4959 hostis
3606 4889 3753 4955 alie:

2160 4978 2359 5053 nigena
2388 4995 2485 5051 per
2506 4978 2789 5049 intervalla
2818 4989 3139 5053 temporum,
3163 4980 3357 5051 quibus
3371 4979 3634 5053 leguntur
3648 4994 3753 5061 pa-

2161 5087 2253 5131 ces
2300 5071 2601 5131 alternasse
2627 5087 2752 5141 cum
2773 5072 2955 5141 bellis,
2977 5080 3032 5127 et
3059 5073 3413 5145 inveniuntur
3430 5072 3546 5143 illic
3580 5071 3746 5149 pacis

2160 5171 2403 5235 tempora
2431 5163 2732 5239 prolixiora
2765 5179 2930 5245 quam
2968 5162 3225 5227 Salomon
3260 5163 3472 5233 habuit,
3489 5164 3593 5239 ,ριιί
3614 5180 3753 5235 qua—

2161 5255 2407 5328 draginta
2460 5258 2709 5330 regnavit
2737 5272 2929 5325 annos.
2990 5257 3129 5321 Nam
3179 5259 3280 5316 sub
3316 5274 3389 5317 .eo
3416 5257 3626 5329 judice,
3644 5257 3749 5331 sui

2161 5357 2246 5424 est
2303 5348 2599 5423 appellatus
2628 5348 2801 5415 Ahod,
2836 5350 3111 5427 octoginta
3161 5351 3289 5411 anni
3324 5350 3485 5427 pacis
3531 5349 3753 5411 fuerunt

2166 5438 2317 5512 (Jud.
2362 5440 2467 5511 ιιι).
2499 5439 2656 5495 Absit
2696 5455 2826 5511 ergo
2858 5449 2916 5494 ut
2946 5424 3252 5497 Salomonis
3285 5424 3531 5514 tempora
3566 5441 3749 5501 initae

2162 5531 2525 5609 promissione
2551 5532 2813 5602 promissa
2849 5546 2971 5588 esse
2996 5534 3290 5593 credantur
3313 5550 3328 5590 :
3350 5532 3523 5601 multo
3558 5533 3748 5591 minus

2164 5626 2351 5695 itaque
2375 5624 2662 5694 cujuslibet
2690 5626 2832 5697 regis
2867 5626 3108 5682 alterius.
3146 5625 3265 5682 Non
3294 5627 3436 5683 enim
3460 5626 3748 5697 quisquam

2165 5734 2355 5775 eorum
2402 5719 2455 5773 in
2507 5726 2675 5784 tanta,
2732 5728 2936 5790 quanta
2986 5718 3094 5787 ille,
3148 5732 3285 5790 pace
3317 5717 3605 5795 regnavit;
3646 5730 3750 5773 nec

2164 5826 2405 5885 unquam
2452 5810 2673 5871 omnino
2696 5825 2832 5884 gens
2868 5810 2957 5869 illa
2977 5811 3062 5873 ita
3082 5825 3310 5886 negtium
3339 5812 3534 5886 tenuit,
3565 5818 3625 5871 ut
3645 5810 3750 5871 sol-
