4074 6478
567 371 637 434 95
1200 376 1260 431 Β.
1302 368 1556 430 RABANI
1593 370 1811 428 MAURI
1849 362 2164 426 ARCHIEP.
2206 365 2512 426 MOGUNT.
2553 361 2837 426 OPERUM
2873 365 3052 424 PARS
3089 367 3129 422 Ι.
3727 369 3800 428 96

562 499 764 556 tutum,
797 487 1071 560 sanguinis
1115 501 1230 554 ejus
1256 484 1504 555 poculum
1535 483 1802 538 desiderat
1827 482 2122 552 percipere.
2155 485 2206 546 Α
2230 480 2420 535 cersiri
2442 479 2623 548 jussit,
2674 496 2797 536 cum
2833 480 3232 552 praedestinatio
3252 490 3307 536 et
3335 485 3673 551 praescientia
3700 485 3800 542 Dei

564 580 701 647 Quid
730 589 907 634 autem
937 575 1203 648 signiﬁcat
1232 575 1373 645 quod
1395 575 1562 628 David
1589 589 1716 628 vasa
1749 589 1912 627 aurea
1953 581 2009 628 et
2033 587 2125 626 ar-

561 679 752 742 gentea
797 678 957 739 atque
1015 683 1156 723 aerea
1184 682 1302 736 quae
1328 666 1526 720 tulerat
1566 666 1630 720 de
1682 665 1950 719 universis
1995 679 2126 733 gen-

559 762 704 817 tibus
771 757 1124 815 sanctiﬁcavit
1181 757 1406 811 Domino
1436 796 1450 821 ,
1531 755 1636 810 nisi
1691 755 1834 824 quod
1881 753 2127 808 Christus

559 866 748 906 omnes
799 864 935 920 quos
989 849 1054 904 de
1112 847 1379 902 universis
1433 845 1682 914 gentibus
1736 851 2002 899 convocat
2058 843 2128 898 ad

559 943 717 997 ﬁdem
755 957 927 1005 suam,
959 939 1095 994 alios
1123 937 1242 993 auri
1293 937 1428 1000 loco,
1459 937 1564 990 hoc
1589 943 1693 1001 est,
1749 949 1913 990 sensu
1968 933 2126 1004 spiri-

559 1035 689 1088 tuali
717 1032 1025 1102 praeclaros,
1058 1031 1194 1085 alios
1243 1029 1470 1100 argenti,
1504 1028 1609 1082 hoc
1667 1037 1772 1092 est,
1804 1027 2124 1098 eloquentiae

559 1124 736 1179 nitore
761 1122 1119 1192 splendentes,
1173 1119 1307 1173 alios
1347 1133 1479 1174 vero
1527 1116 1918 1188 praedicatione
1947 1117 2128 1172 divina

559 1227 784 1270 sonoros
811 1212 1079 1284 signiﬁcat
1125 1210 1373 1275 Domino,
1402 1216 1462 1263 ut
1512 1209 1568 1262 in
1603 1206 1950 1262 tabernaculo
1991 1205 2125 1261 ﬁde-

560 1305 686 1361 liter
715 1303 1113 1368 deservientes‘,
1144 1301 1311 1372 ipsius
1337 1298 1642 1355 ministerio
1669 1299 1722 1353 in
1751 1305 2012 1354 aeternum
2036 1297 2129 1352 de-

558 1398 868 1453 centissime
894 1395 1302 1467 perfungantur.

634 1507 654 1540 ι
698 1487 848 1543 Fecit
875 1502 1087 1558 quoque
1113 1485 1215 1541 sibi
1263 1483 1430 1540 David
1458 1498 1677 1549 nomen,
1733 1497 1856 1537 cum
1891 1489 2130 1538 reverte-

565 1595 584 1630 ι
628 1585 800 1643 retur,
827 1585 984 1647 capta
1009 1575 1164 1648 Syria
1184 1576 1240 1630 in
1261 1575 1398 1631 valle
1420 1573 1726 1630 Salinarum
1755 1573 1912 1629 caesis
1940 1573 2129 1628 decem

564 1685 583 1718 ι
631 1676 688 1722 et
705 1675 827 1723 octo
877 1667 1130 1731 millibus,
1169 1686 1189 1719 ι
1226 1674 1281 1720 et
1305 1675 1522 1720 caetera.
1577 1663 1685 1735 (Ea:
1723 1662 1993 1735 Hebrive.)
2023 1663 2130 1718 Fe-

558 1759 698 1812 cisse
725 1757 827 1813 sibi
855 1772 1052 1812 nomen
1099 1756 1315 1820 dicitur,
1345 1755 1468 1824 quia
1490 1755 1545 1808 in
1607 1753 1744 1808 valle
1798 1752 2123 1819 Salinarum,

2229 586 2372 635 eum,
2401 585 2562 640 quem
2599 573 2666 625 ad
2688 572 2870 627 saeculi
2899 572 3197 626 ministeria
3229 580 3283 626 et
3320 572 3591 628 mundana
3635 591 3801 648 nego-

2227 662 2301 716 tia
2328 662 2629 718 exercenda
2656 677 2905 718 sermone
2931 670 2987 718 ct
3014 662 3224 717 actione
3252 663 3485 718 debilem
3508 666 3799 736 conspicit,

2228 755 2297 809 ad
2325 755 2563 809 divinum
2596 755 2955 810 ministerium
2985 755 3146 826 elegit
3178 773 3191 810 :
3222 756 3348 825 quia
3376 772 3538 826 quem
3567 759 3803 815 mundus

2226 860 2324 916 per
2353 845 2551 901 fastum
2588 846 2836 901 elationis
2887 845 3133 916 spernit;
3189 846 3336 901 hunc
3389 847 3531 902 Deus
3575 856 3804 917 propter

2227 938 2562 994 devotionem
2594 938 2912 994 humilitatis
2940 938 3190 1008 acquirit.
3238 937 3630 1008 Interpretatur
3653 941 3802 995 enim

2229 1029 2582 1100 Miphiboseth
2613 1029 2676 1083 de
2701 1045 2789 1082 ore
2833 1029 3142 1099 ignominia.
3175 1028 3226 1082 Is
3253 1043 3380 1097 ergo
3404 1026 3557 1096 cujus
3608 1027 3803 1098 loque-

2228 1121 2334 1176 lam
2358 1131 2411 1175 et
2440 1122 2782 1190 praesentiam
2804 1120 3054 1189 superbia
3079 1118 3265 1173 mundi
3295 1119 3546 1188 despicit,
3575 1119 3674 1172 Dei
3707 1119 3804 1173 do-
3856 1133 3860 1196 ξ

2228 1225 2298 1264 no
2323 1211 2472 1265 utilis
2500 1211 2566 1264 ad
2596 1209 2873 1280 spirituale
2898 1210 3256 1264 ministerium
3281 1209 3332 1263 iu
3359 1209 3600 1264 Ecclesia
3633 1223 3823 1279 appas

2228 1300 2388 1354 rebit.
2440 1300 2578 1368 Quid
2631 1312 2871 1371 estergo
2918 1301 3060 1370 quod
3101 1300 3269 1354 David
3319 1299 3529 1366 Sibam,
3583 1316 3807 1356 servum

2230 1389 2380 1455 Saul,
2411 1390 2477 1444 de
2503 1390 2673 1460 stirpe
2689 1387 2818 1444 Saul
2845 1390 3156 1459 quaesitans,
3187 1405 3252 1444 eo
3282 1389 3577 1455 revelante,
3608 1391 3806 1460 Miphi-

2227 1481 2417 1537 boseth
2449 1482 2675 1548 invenit,
2702 1481 2806 1536 nisi
2857 1483 3000 1551 quod
3041 1481 3368 1552 Redemptor
3397 1491 3580 1538 noster
3606 1482 3808 1540 electo-

2229 1589 2347 1628 rum
2374 1587 2657 1628 numerum
2700 1571 3036 1627 discutiendo
3061 1572 3206 1627 inter
3233 1587 3327 1626 eos
3383 1573 3474 1642 qui
3503 1573 3804 1642 contempti

2229 1663 2484 1718 mundum
2516 1662 2871 1733 reliquerunt,
2899 1663 2967 1717 ad
2998 1676 3056 1717 se
3080 1663 3267 1717 venire
3289 1663 3460 1718 fecit?
3503 1663 3628 1718 Siba
3655 1663 3809 1719 enim

2229 1770 2460 1824 egressus
2486 1754 2620 1808 venit
2665 1754 3069 1822 interpretatur.
3101 1753 3470 1822 Interrogatus
3517 1769 3647 1824 ergo
3673 1753 3808 1808 Siba

559 1849 714 1902 cassis
763 1848 948 1902 decem
1001 1855 1056 1903 et
1079 1857 1201 1902 octo
1228 1844 1482 1909 millibus,
1521 1845 1693 1900 erexit
1729 1844 1831 1898 sibi
1861 1843 2122 1899 fornicem
2151 1848 2199 1907 B
2227 1862 2257 1900 a
2283 1862 2428 1917 rege,
2490 1847 2847 1916 Miphiboseth
2887 1845 3054 1900 ﬁlium
3103 1843 3348 1901 Jonathaa
3400 1847 3455 1900 in
3505 1847 3662 1903 domo
3694 1846 3812 1903 Ma-

560 1940 959 2009 triumphalem.
997 1939 1150 1995 Fecit
1197 1939 1362 1994 etiam
1395 1937 1499 1993 sibi
1557 1950 1774 2000 nomen,
1815 1936 1941 2004 quia
1985 1935 2128 1990 victa

558 2031 716 2102 Syria
739 2031 1006 2096 Damasci,
1042 2039 1098 2084 et
1123 2029 1278 2102 Syria
1325 2027 1491 2093 Saba,
1515 2027 1757 2083 erexisse
1803 2027 1904 2081 sibi
1931 2027 2130 2081 dicitur

557 2121 783 2176 alteram
820 2121 1082 2177 fornicem
1132 2119 1533 2190 triumphalem.
1560 2121 1629 2174 Et
1661 2121 1706 2174 si
1729 2134 1891 2188 quem
1927 2127 2126 2184 movet,

557 2213 703 2284 quod
741 2213 798 2267 in
851 2213 1126 2283 plerisque
1177 2212 1494 2266 Latinorum
1543 2210 1818 2266 codicibus
1854 2211 2130 2265 invenitur

559 2304 728 2359 David
773 2319 882 2359 non
909 2304 1093 2358 decem
1124 2311 1180 2358 et
1203 2311 1326 2357 octo
1350 2302 1515 2356 millia
1546 2301 1601 2355 in
1629 2300 1766 2355 valle
1793 2300 2128 2366 Salinarum,

559 2396 655 2452 sed
711 2396 992 2451 duodecim
1040 2395 1206 2449 millia
1253 2396 1528 2456 cecidisse,
1589 2395 1804 2449 noverit
1859 2395 1964 2450 hoc
1994 2395 2128 2449 vitio

558 2485 892 2557 Scriptorum
923 2487 977 2541 in
1006 2487 1228 2542 .eisdem
1257 2486 1534 2542 codicibus
1563 2485 1807 2540 molitum
1860 2500 2000 2541 esse.
2027 2486 2130 2540 Ve-

561 2576 762 2631 raciter
786 2584 964 2630 tamen
995 2575 1162 2630 David
1200 2576 1262 2630 in
1288 2575 1476 2631 eadem
1511 2574 1648 2629 valle
1685 2574 1999 2629 Salinarum
2039 2575 2131 2630 de-

558 2681 678 2722 cem
706 2675 762 2722 et
786 2675 910 2722 octo
932 2666 1099 2722 millia
1123 2667 1336 2731 cecidit,
1363 2665 1496 2720 Joab
1546 2680 1676 2720 vero
1700 2665 1988 2720 duodecim
2011 2663 2132 2718 mil-

557 2754 652 2820 lia,
682 2755 823 2810 sicut
850 2755 905 2809 in
933 2755 1088 2810 titulo
1116 2754 1550 2826 quinquagesimi
1575 2753 1751 2810 octavi
1776 2753 1970 2824 psalmi
1993 2754 2129 2808 scri-

557 2847 722 2903 bitur.
745 2847 885 2915 Quid
916 2849 972 2902 in
1003 2863 1258 2918 percussa
1281 2863 1312 2901 a
1342 2847 1510 2902 David
1539 2846 1886 2901 multitudine
1910 2846 1966 2900 in
1992 2845 2131 2900 valle

560 2937 868 2994 Salinarum
916 2940 1248 3010 designatur,
1280 2939 1383 2994 nisi
1417 2939 1542 3009 quia
1593 2937 1920 3007 Redemptor
1945 2945 2131 2992 noster

559 3029 640 3084 sui
673 3029 942 3085 examinis
998 3031 1356 3096 districtione,
1389 3031 1443 3084 in
1476 3031 1560 3086 his
1596 3030 1689 3100 qui
1744 3029 1808 3084 de
1837 3029 1928 3083 illo
1953 3043 2122 3099 prava

558 3119 821 3189 sentiunt,
851 3119 1134 3175 stultitiam
1160 3119 1499 3176 immoderati
1540 3119 1749 3189 soporis
1783 3118 2128 3188 exstinguit?

2233 1939 2352 1992 chir
2398 1937 2489 1991 ﬁlii
2522 1937 2752 1992 Ammiel
2791 1938 2846 1992 in
2872 1938 3121 1993 Lodabar
3147 1952 3266 1994 esse
3321 1941 3616 2010 respondit.
3671 1941 3808 2008 Quae

2231 2047 2318 2086 res
2349 2032 2599 2102 praesenti
2649 2032 2970 2102 expositioni
3005 2032 3140 2088 bene
3174 2034 3446 2088 convenit.
3473 2033 3810 2105 Interpreta-

2232 2131 2318 2177 tur
2337 2123 2479 2177 enim
2503 2123 2707 2178 Machir
2733 2122 2975 2188 vendens,
2993 2122 3077 2177 vel
3102 2123 3165 2177 de
3185 2123 3523 2192 inﬁmitate;
3545 2123 3806 2193 Ammiel,

2229 2212 2449 2283 populus
2469 2213 2581 2283 ejus
2611 2213 2753 2267 Deus
2777 2229 2796 2278 ;
2824 2212 3088 2278 Lodabar,
3119 2213 3228 2283 ipse
3277 2214 3505 2268 verbum.
3562 2214 3808 2285 Denique

2232 2301 2399 2355 David
2447 2311 2633 2356 noster
2682 2301 3116 2372 contemptibiles
3161 2299 3321 2370 hujus
3372 2302 3578 2369 mundi,
3629 2313 3684 2358 et
3735 2319 3804 2359 ea

2231 2408 2352 2447 unae
2375 2408 2483 2448 non
2510 2402 2636 2448 sunt
2667 2393 2871 2464 eligens
2893 2433 2908 2457 ,
2937 2400 2997 2447 ut
3039 2408 3103 2447 ea
3157 2407 3276 2464 quae
3317 2401 3444 2448 sunt
3481 2393 3726 2448 destruat
3751 2391 3808 2465 (Ι

2232 2484 2354 2539 Cor.
2387 2483 2448 2556 ι),
2485 2499 2580 2540 eos
2605 2484 2902 2540 vendibiles
2928 2485 3128 2540 mundo
3150 2493 3204 2540 et
3238 2485 3292 2540 in
3324 2485 3639 2542 inﬁrmitate
3667 2502 3807 2542 con-

2233 2576 2471 2641 stitutus,
2501 2575 2820 2646 reperiendo
2847 2575 3042 2646 populo
3082 2591 3180 2632 suo
3221 2576 3432 2646 dignos,
3466 2576 3632 2632 verbo
3665 2592 3809 2646 prae-

2231 2665 2517 2720 dicationis
2545 2665 2754 2732 ascivit,
2779 2666 2964 2736 eisque
2995 2666 3202 2737 regium
3254 2667 3514 2722 honorem
3567 2666 3708 2721 inter
3737 2666 3805 2720 ﬁ-

2233 2755 2335 2810 lios
2362 2755 2562 2810 habere
2591 2757 2877 2811 concessit.
2927 2756 3083 2813 Unde
3134 2766 3189 2811 et
3212 2757 3378 2812 David
3405 2773 3564 2828 agros
3599 2756 3726 2812 Saul
3751 2765 3807 2812 et

2233 2847 2455 2903 servitia
2521 2847 2879 2917 Miphiboseth
2929 2851 3154 2915 donans,
3211 2850 3386 2920 ipsum
3441 2851 3802 2922 Miphiboseth

2231 2939 2510 2994 convivam
2540 2955 2696 2993 suum
2719 2956 2880 3012 super
2910 2957 3152 2998 mensam
3196 2957 3348 2996 suam
3379 2941 3538 2998 simul
3581 2957 3704 2998 cum
3741 2942 3804 2997 ﬁ-

2233 3027 2320 3084 liis
2341 3044 2460 3083 csse
2488 3030 2760 3098 praecepit.

2309 3118 2444 3186 Quia
2495 3121 2808 3177 mediatoris
2861 3123 3033 3177 nostri
3086 3125 3281 3191 gratia,
3332 3138 3451 3193 quae
3503 3122 3800 3178 secundum

559 3206 716 3263 Unde
762 3217 820 3264 et
871 3223 969 3280 per
1003 3210 1291 3281 quemdam
1339 3210 1636 3280 sapientem
1692 3209 1928 3264 dicitur:
1969 3228 1988 3260 ι
2019 3209 2126 3264 Cor
2154 3211 2199 3274 C
2232 3209 2413 3264 Maria:
2436 3227 2648 3279 vocem,
2682 3232 2700 3263 ι
2736 3214 2983 3282 deposuit
3027 3222 3275 3284 potentes
3311 3215 3376 3270 de
3399 3213 3546 3279 sede,
3575 3213 3802 3269 ctexal-

556 3295 752 3352 durum
771 3298 912 3354 male
937 3299 1155 3356 habebit
1178 3300 1236 3354 in
1276 3301 1594 3367 novissimo,
1624 3308 1678 3355 et
1705 3299 1797 3369 qui
1824 3308 1972 3356 amat
1991 3300 2129 3370 peri-

558 3387 761 3455 culun,
790 3389 848 3444 in
872 3389 963 3444 illo
986 3391 1184 3460 peribit
1205 3389 1375 3463 (Eccl.
1401 3391 1508 3462 ιιι).
1539 3409 1562 3444 ι

632 3495 654 3530 ι
697 3476 822 3534 Filii
843 3485 1026 3536 autem
1059 3479 1229 3534 David
1253 3480 1560 3535 sacerdotes
1587 3487 1763 3534 erant.
1804 3501 1823 3534 ι

1149 3631 1375 3690 CAPUT
1430 3631 1522 3687 1X.

557 3745 830 3814 Quantum
854 3748 1062 3819 pietatis
1089 3748 1380 3819 exhibuerit
1404 3747 1576 3819 David
1608 3747 1977 3819 Miphiboseth,
2015 3747 2128 3819 ﬁlio

1077 3817 1322 3874 Jonathaz
1349 3818 1561 3873 claudo.

632 3955 779 4028 (Car.
813 3955 915 4027 rx.)
958 3974 978 4008 ι
1023 3955 1091 4010 Et
1132 3956 1269 4012 dixit
1291 3956 1462 4013 David
1493 3976 1506 4012 :
1539 3958 1776 4014 Putasne
1809 3967 1895 4015 est
1931 3958 2129 4030 aliquis

561 4065 582 4100 ι
627 4049 718 4118 qui
744 4049 1066 4104 remanserit
1091 4050 1158 4104 de
1188 4051 1348 4105 domo
1376 4050 1531 4117 Saul,
1581 4061 1642 4106 ut
1668 4052 1868 4110 faciam
1898 4069 2024 4109 cum
2059 4068 2126 4109 eo

561 4156 582 4190 ι
623 4138 1048 4194 misericordiam
1077 4148 1296 4210 propter
1339 4140 1648 4197 Jonathan?
1679 4143 1811 4198 Erat
1838 4153 2022 4200 autem
2058 4143 2128 4198 de

562 4245 582 4280 ι
626 4228 786 4285 domo
817 4228 946 4285 Saul
989 4245 1176 4286 servus
1221 4233 1438 4289 nomine
1473 4233 1621 4290 Siba.
1659 4235 1831 4301 Quem
1859 4251 1992 4292 cum
2021 4251 2122 4292 vo-

559 4338 580 4372 ι
615 4329 791 4378 casset
817 4338 912 4378 rex
953 4325 1022 4380 ad
1053 4339 1132 4390 se,
1165 4325 1299 4380 dixit
1323 4327 1374 4382 ei
1405 4345 1417 4382 :
1448 4327 1602 4382 Tune
1648 4345 1708 4386 es
1733 4329 1904 4386 Siba?
1933 4331 2003 4387 Et
2032 4333 2126 4388 ille

559 4431 578 4465 ι
624 4416 941 4484 respondit:
992 4416 1104 4488 Ego
1161 4432 1281 4471 sum
1331 4433 1520 4474 servus
1575 4427 1722 4474 tuus.
1774 4421 1843 4476 Et
1875 4422 1952 4477 ait
1979 4436 2123 4478 rex:

550 4521 576 4556 ί
620 4503 870 4575 Nunquid
896 4517 1141 4577 superest
1162 4509 1356 4578 aliquis
1381 4510 1448 4566 de
1474 4511 1633 4567 domo
1661 4511 1811 4580 Saul,
1841 4523 1903 4569 ut
1923 4514 2122 4571 faciam

555 4613 576 4647 ι
619 4611 742 4650 cum
771 4611 836 4650 eo
885 4597 1309 4653 misericordiam
1335 4599 1474 4654 Dei?
1504 4601 1756 4671 Dixitque
1801 4603 1930 4659 Siba
1954 4605 2070 4675 regi
2098 4621 2115 4672 ;

555 4700 575 4734 ι
621 4683 876 4754 Superest
904 4686 1044 4742 ﬁlius
1065 4686 1360 4754 Jonathan,
1387 4687 1579 4744 debilis
1605 4691 1854 4760 pedibus.
1894 4714 1914 4748 ι

619 4773 756 4831 Ecce
783 4776 954 4832 David
983 4794 1091 4833 non
1116 4779 1314 4834 oblitus
1332 4777 1633 4846 juramenti
1663 4795 1727 4836 ac
1758 4781 1981 4840 fcederis
2006 4786 2114 4853 sui,

547 4869 690 4934 quod
718 4883 839 4924 cum
869 4868 1102 4926 Jonatba
1127 4871 1254 4925 olim
1283 4873 1556 4941 pepigerat
1593 4871 1647 4944 (Ι
1678 4872 1810 4944 Reg.
1842 4875 1935 4946 xx)
1963 4892 1978 4930 :
2025 4877 2120 4932 sed

547 4959 989 5027 misericordiam,
1021 4977 1184 5030 quam
1218 4963 1358 5031 patri
1409 4963 1752 5032 promiserat,
1787 4965 2031 5035 implevit
2060 4967 2115 5022 in

548 5048 676 5104 ﬁlio.
710 5050 838 5118 Quae
863 5065 951 5106 res
981 5061 1037 5106 et
1071 5052 1383 5107 ﬁdelitatem
1418 5054 1666 5122 probavit
1715 5057 2011 5111 secundum
2037 5059 2120 5113 hi-

547 5142 770 5196 storiam
826 5144 881 5196 in
933 5144 1070 5209 viro,
1102 5152 1156 5199 et
1211 5152 1546 5199 sacramenta
1595 5143 1750 5212 juxta
1804 5148 2116 5220 allegoriam

545 5235 779 5289 ostendit
806 5234 861 5288 in
891 5233 1052 5290 facto.
1093 5234 1246 5304 Seps
1281 5236 1426 5290 enim
1452 5237 1656 5292 dictum
1685 5247 1768 5294 est
1792 5241 1963 5296 David
1994 5257 2118 5312 per-

546 5336 736 5378 sonam
759 5322 956 5378 Christi
986 5323 1240 5394 ﬁgurare,
1292 5340 1391 5382 nec
1420 5343 1526 5382 non
1574 5337 1630 5383 et
1659 5327 1714 5383 in
1743 5332 2118 5401 superioribus

545 5420 1022 5466 commemoratum
1051 5423 1136 5468 est
1161 5413 1451 5484 Jonatban,
1499 5420 1590 5488 qui
1616 5419 2003 5490 interpretatur
2029 5440 2118 5478 co-

545 5503 732 5556 lumba:
780 5503 998 5570 donum,
1049 5506 1134 5561 vel
1160 5507 1372 5562 Domini
1422 5512 1642 5577 donum,
1696 5521 1880 5584 typum
1927 5522 2116 5571 tenere

545 5593 730 5662 gratia:
762 5592 996 5663 Spiritus
1026 5598 1225 5652 sancti.
1259 5597 1456 5654 Habuit
1483 5616 1611 5672 ergo
1638 5601 1910 5658 Jonathan
1947 5603 2118 5657 ﬁlium

547 5683 825 5752 parvulum
873 5688 1088 5741 nomine
1134 5689 1515 5759 Miphiboseth,
1544 5702 1772 5764 utroque
1796 5697 1933 5764 pede
1963 5696 2116 5750 clau-

546 5773 693 5843 dum,
730 5785 787 5832 ut
816 5776 1090 5850 Scriptura
1120 5791 1364 5842 testatur.
1417 5783 1589 5855 Quem
1633 5785 1804 5843 David
1836 5787 1905 5842 ad
1935 5803 1994 5843 se
2025 5803 2118 5843 ac-

2233 3303 2365 3356 tavit
2417 3303 2646 3359 humiles
2707 3303 2856 3376 (Luc.
2904 3302 2975 3376 ι),
3043 3324 3061 3357 ι
3122 3314 3198 3368 et,
3257 3304 3412 3374 juxta
3465 3305 3802 3376 prophetiam

2229 3392 2420 3460 Annae,
2458 3412 2476 3444 ‹
2513 3395 2780 3449 suscitans
2832 3394 2900 3450 de
2935 3395 3156 3465 pulvere
3193 3409 3443 3467 egenum,
3473 3404 3529 3450 et
3563 3397 3629 3451 de
3664 3405 3803 3451 ster-

2229 3499 2358 3538 core
2393 3485 2553 3555 erigit
2579 3501 2889 3555 pauperem,
2940 3495 2999 3540 ut
3034 3488 3220 3542 sedeat
3265 3502 3390 3542 cum
3441 3487 3800 3557 principibus,

2228 3581 2284 3627 et
2307 3572 2501 3627 solium
2530 3573 2713 3644 gloriae
2744 3582 2924 3629 teneat
2947 3575 2999 3646 (Ι
3042 3573 3170 3646 Reg.
3195 3573 3281 3648 ιι),
3315 3594 3335 3628 ι
3367 3576 3804 3646 contemptibiles

2227 3679 2487 3733 personas
2517 3666 2584 3720 de
2611 3666 2811 3720 mundo
2851 3666 3121 3732 auferens,
3168 3681 3509 3736 possessores
3539 3667 3802 3723 virtutum

2227 3751 2408 3820 efﬁcit,
2436 3763 2491 3808 et
2522 3756 2749 3810 scientia
2782 3756 3049 3826 spirituali
3076 3771 3237 3827 super
3261 3772 3507 3812 mensam
3551 3755 3800 3826 Scriptu-

2230 3858 2414 3898 rarum
2449 3853 2757 3899 sanctarum
2777 3847 3017 3916 quotidie
3043 3862 3227 3903 secum
3265 3847 3460 3904 reﬁcit.
3503 3847 3657 3902 Unde
3682 3863 3805 3902 eve-

2228 3935 2329 4000 nit,
2381 3943 2441 3989 ut
2489 3935 2625 3992 tales
2676 3937 2913 3992 sobolem
2961 3939 3196 4010 gignant,
3247 3954 3366 4008 quae
3413 3939 3803 4008 interpretatur

2228 4027 2422 4084 Micha.
2461 4029 2639 4082 Micha
2691 4029 2836 4086 enim
2864 4031 2982 4102 quis
3026 4041 3102 4085 est
3149 4031 3244 4085 iste
3298 4029 3490 4085 Latine
3534 4040 3800 4086 resonat:

2227 4118 2352 4187 quia
2403 4117 2716 4188 frequenter
2766 4120 2817 4174 in
2847 4121 3258 4177 admirationem
3301 4119 3484 4190 populi
3514 4121 3652 4176 tales
3703 4136 3800 4176 ve-

2226 4213 2398 4276 niunt,
2431 4213 2522 4282 qui
2545 4229 2714 4283 nuper
2755 4213 2822 4268 de
2855 4215 3109 4286 despectu
3161 4213 3346 4270 mundi
3380 4213 3541 4270 ablati
3575 4213 3796 4286 gloriosi

2227 4301 2284 4356 in
2311 4301 2556 4358 Ecclesia
2582 4302 2679 4358 Dei
2701 4303 2839 4359 dono
2865 4305 3221 4376 apparebunt.

2829 4437 3058 4496 CAPUT
3082 4438 3151 4494 Χ.

2146 4553 2202 4614 D
2225 4546 2304 4602 De
2324 4565 2500 4619 pugna
2536 4548 2708 4604 David
2737 4558 2919 4604 contra
2947 4548 3172 4603 Ammon
3213 4563 3383 4620 regem
3410 4546 3600 4620 ﬁlium
3669 4548 3801 4620 Δηι-

2295 4617 2438 4742 me,
2462 4635 2520 4673 eo
2543 4620 2681 4691 quod
2709 4620 3144 4675 dehonestavisset
3167 4617 3376 4674 nuntios
3398 4617 3571 4672 David
3606 4619 3798 4672 missos

2403 4706 2477 4742 se.

2403 4706 2477 4743 88.

2297 4779 2450 4850 (αλιι).
2487 4780 2568 4852 x.)
2611 4799 2631 4832 ι
2673 4780 2900 4836 Factum
2941 4787 3027 4837 est
3052 4788 3232 4837 autem
3257 4787 3380 4851 post
3406 4780 3544 4846 haec,
3594 4787 3654 4833 ut
3678 4793 3800 4834 mo-
3861 4844 3864 4847 I

2231 4889 2250 4924 ο
2288 4880 2499 4927 reretur
2525 4887 2620 4926 rex
2667 4871 2922 4937 Ammon,
2966 4879 3025 4927 et
3066 4880 3320 4943 regnaret
3364 4871 3594 4926 Ammon
3650 4869 3798 4927 ﬁlius

2232 4979 2251 5012 ι
2297 4961 2416 5031 ejus
2446 4977 2544 5031 pro
2568 4975 2652 5016 eo.
2687 4961 2940 5031 Dixitque
2991 4961 3159 5016 David
3192 4979 3205 5016 :
3237 4960 3459 5016 Faciam
3486 4960 3796 5016 misericor-
3832 4962 3842 5012 ἒ

2227 5070 2246 5104 ι
2288 5053 2433 5108 diam
2454 5069 2577 5107 cum
2602 5052 2831 5107 Ammon
2863 5051 2973 5108 ﬁlio
2991 5051 3156 5120 Naas,
3185 5051 3326 5106 sicut
3351 5049 3480 5106 lecit
3495 5059 3651 5120 pater
3673 5050 3796 5121 ejus

2225 5163 2246 5198 ‹
2289 5161 2502 5201 mecum
2528 5144 2972 5209 misericordiam,
3009 5163 3029 5196 ι
3067 5151 3173 5198 etc.
3203 5141 3429 5210 Quando
3453 5141 3591 5213 fugit
3617 5139 3793 5196 David

2221 5254 2253 5292 a
2281 5238 2418 5294 facie
2444 5237 2610 5293 Achis
2643 5238 2786 5306 regis
2809 5236 2972 5303 Geht,
2992 5234 3141 5291 venit
3171 5234 3240 5290 ad
3267 5233 3408 5289 Naas
3443 5249 3624 5305 regem
3659 5232 3792 5288 Am-

2218 5346 2367 5397 mon,
2398 5330 2490 5399 qui
2518 5329 2646 5384 fecit
2665 5344 2789 5382 cum
2813 5343 2879 5383 eo
2907 5326 3331 5382 misericordiam
3384 5324 3629 5388 multam,
3680 5323 3787 5377 im-

2219 5421 2457 5490 pertiens
2477 5419 2527 5474 ei
2553 5420 2696 5474 bona
2727 5417 2779 5488 (1
2814 5417 2938 5488 Reg.
2983 5415 3139 5488 χιιι).
3179 5417 3255 5470 De
3279 5413 3424 5468 Naas
3474 5414 3658 5483 itaque
3689 5426 3791 5466 ve-

2219 5513 2299 5567 nit
2333 5513 2387 5566 in
2410 5510 2719 5581 speluncam
2742 5508 3006 5574 Odollam,
3035 5509 3128 5563 ubi
3161 5514 3422 5563 venerunt
3451 5505 3516 5560 ad
3539 5519 3662 5558 eum
3689 5519 3789 5573 pa-

2221 5613 2300 5658 ter
2325 5601 2460 5670 ejus,
2489 5610 2544 5656 et
2571 5612 2763 5668 mater,
2815 5610 2870 5656 et
2891 5601 3067 5656 omnis
3095 5601 3285 5655 domus
3327 5597 3461 5668 ejus.
3511 5597 3636 5651 lnde
3663 5610 3785 5666 per-

2217 5696 2365 5750 venit
2387 5695 2452 5748 ad
2477 5694 2650 5759 Moab,
2699 5703 2754 5749 et
2774 5694 2977 5748 dimisit
3007 5693 3146 5763 apud
3173 5707 3297 5747 eum
3347 5700 3554 5761 patrem
3589 5695 3646 5744 et
3673 5700 3788 5742 ma-

2220 5793 2380 5852 trem,
2430 5794 2486 5841 et
2533 5801 2748 5843 omnem
2797 5785 3016 5840 domum
3069 5799 3242 5839 suam.
3298 5780 3451 5852 Quod
3484 5794 3614 5835 vero
3642 5777 3782 5836 dixit
