4074 6464
216 408 279 466 9':
1035 380 1383 455 COMMENT.
1422 396 1490 452 ΙΝ
1529 392 1772 452 LIBROS
1807 391 1872 447 1V
1913 387 2172 443 REGUM.
2209 417 2280 428 —-
2313 386 2378 440 ΙΝ
2413 386 2540 442 LIB.
2579 388 2639 442 ll.
3382 388 3452 447 98

221 522 388 582 Acbis
442 533 536 573 rex
599 515 738 572 Geth
786 533 799 570 :
840 533 858 565 ι
918 513 1136 569 Hiccine
1195 514 1523 584 ingredietur
1569 511 1786 564 domum
1815 509 1866 568 A
2005 510 2030 532 ‘
2477 501 2702 556 CAPUT
2753 501 2840 556 XI.

225 628 403 672 meam
456 609 507 682 (1
531 609 660 678 Reg.
694 606 827 678 xm),
881 625 899 658 ι
933 606 1064 660 abiit
1093 606 1218 660 inde
1242 605 1428 667 David,
1465 612 1520 658 et
1568 602 1704 673 fugit
1733 601 1788 654 in
1891 592 1970 647 De
2019 591 2208 646 delicto
2258 591 2989 682 Davidwquogu’ceignfiserat
3041 593 3096 648 in
3147 593 3457 665 Βειιιοαοσε,

226 660 539 780 speluncam
570 660 827 760 Odollani,
864 707 966 753 etc.
999 697 1146 752 Abiit
1169 698 1312 762 inde,
1342 695 1790 758 subaudiendum,
2047 773 2077 780 _
2200 773 2213 780 -
2374 678 2535 716 ’ποτε
2569 660 2710 716 υνίω
2734 663 2926 718 ENIM-

233 814 251 846 ι
287 794 351 848 de
371 793 526 846 domo
555 789 728 853 Naas,
765 808 782 841 ι
817 797 872 843 et
899 787 1022 842 inde
1073 787 1274 858 fugisse
1317 788 1467 842 illum
1492 787 1547 841 in
1576 784 1794 856 Spelun—

227 900 345 941 cam
369 881 632 938 Odollam.
664 880 720 934 Si
751 893 880 934 vero
910 879 1172 949 quaeritur
1213 894 1310 932 cur
1335 879 1402 933 ad
1427 893 1572 943 eum,
1601 876 1656 930 id
1689 883 1792 940 est,

229 973 294 1031 ad
322 973 489 1028 Achis
516 971 681 1027 David
705 969 946 1032 redierit,
997 976 1120 1022 ante
1147 968 1298 1038 cujus
1336 966 1529 1021 faciem
1554 964 1791 1035 fugerat,

232 1062 608 1134 intelligendus
633 1068 715 1116 est
744 1060 846 1114 iste
868 1058 1032 1114 Aehis
1076 1059 1216 1113 ﬁlius
1244 1057 1411 1113 fuisse
1439 1057 1582 1113 illius
1607 1056 1791 1122 Achis,

229 1170 260 1209 a
299 1168 408 1222 quo
441 1149 578 1220 fugit
601 1148 787 1204 David.
822 1147 975 1205 Unde
1016 1156 1073 1203 et
1113 1147 1170 1203 in
1211 1147 1560 1218 sequentibus
1607 1145 1793 1210 Achis,

228 1257 351 1299 cum
398 1255 506 1310 quo
531 1238 700 1294 David
733 1238 786 1292 in
810 1236 1056 1308 praelium
1107 1244 1295 1292 contra
1324 1234 1450 1291 Saul
1499 1236 1796 1291 descende-

229 1336 336 1398 bat,
365 1332 512 1388 ﬂlius
539 1330 706 1386 fuisse
752 1329 947 1384 dicitur
996 1326 1202 1382 Maoch.
1253 1327 1368 1382 Non
1395 1328 1539 1382 enim
1574 1342 1604 1381 a
1641 1334 1798 1398 patre

230 1427 331 1482 hoc
387 1437 586 1478 nomen
629 1416 1076 1491 patronymicum,
1122 1418 1217 1474 sed
1266 1433 1296 1472 a
1324 1427 1496 1473 matre
1543 1420 1796 1489 sumpsit,

229 1530 348 1587 qua:
375 1512 603 1568 Maacha
656 1509 970 1575 vocabatur,
997 1517 1052 1563 et
1085 1509 1285 1566 idcirco
1317 1527 1424 1566 non
1466 1527 1495 1565 a
1517 1519 1671 1580 patre
1695 1510 1800 1566 hoc

229 1610 457 1682 sumpsit
487 1623 704 1673 nomen,
736 1622 800 1662 eo
827 1605 969 1676 quod
995 1605 1164 1660 David
1191 1619 1220 1656 a
1244 1618 1301 1657 se
1322 1601 1600 1670 abjecerit.
1632 1601 1802 1671 Igitur

227 1700 455 1756 Ammon
497 1711 594 1752 rex
614 1695 1046 1750 Ammonitarum
1074 1692 1244 1747 David
1277 1691 1498 1746 nuntios
1525 1691 1667 1746 male
1694 1699 1801 1745 tra—

228 1799 398 1856 ctans,
437 1807 458 1840 ι
517 1788 653 1843 rasit
710 1787 982 1842 dimidiam
1013 1794 1221 1857 partem
1281 1784 1464 1840 barbae
1504 1798 1714 1851 eorum,
1746 1791 1802 1839 et

1909 814 1916 819 .
1971 792 1990 825 ι
2039 773 2170 829 Cum
2200 773 2312 827 haec
2344 782 2654 844 agerentur,
2683 774 2880 829 accidit
2915 782 2975 829 ut
3015 785 3260 847 surgeret
3289 778 3462 837 David

1901 881 1921 914 ι
1964 862 2030 916 de
2062 869 2234 916 stratu
2279 876 2377 916 suo
2415 871 2538 934 post
2593 863 2894 928 meridiem,
2922 871 2977 918 et
3008 865 3378 924 deambularet
3404 870 3459 926 in

1901 970 1919 1004 ι
1964 951 2162 1007 solario
2203 951 2395 1007 domus
2439 953 2621 1023 regiae.
2653 953 2904 1024 Viditque
2951 955 3230 1012 mulierem
3281 974 3342 1014 se
3385 959 3461 1014 la-

1901 1059 1920 1093 (
1964 1049 2180 1096 vantem
2211 1057 2276 1096 ex
2332 1042 2582 1109 adverso,
2637 1059 2799 1114 super
2826 1045 3086 1101 solarium
3114 1061 3292 1102 suum.
3335 1049 3467 1105 Erat

1902 1152 1920 1186 ι
1966 1142 2147 1188 autem
2195 1135 2389 1190 mulier
2427 1135 2651 1206 pulchra
2697 1137 2872 1192 valde.
2918 1137 3062 1194 Misit
3089 1155 3218 1212 ergo
3264 1157 3380 1208 rex,
3410 1151 3467 1197 et

1903 1241 1923 1275 ι
1965 1223 2247 1294 requisivit
2289 1241 2410 1295 quae
2438 1235 2583 1281 esset
2619 1225 2855 1283 mulier?
2903 1228 3326 1301 Nuntiatumque
3381 1241 3466 1287 est

1905 1334 1924 1367 ι
1967 1317 2017 1372 ei
2045 1318 2188 1386 quod
2235 1318 2353 1388 ipsa
2404 1328 2550 1374 esset
2597 1320 2882 1388 Bersabee,
2916 1321 3024 1377 ﬁlia
3073 1323 3268 1390 Elian],
3332 1339 3470 1380 uxor
3533 1349 3539 1359 -

1905 1424 1924 1458 ι
1966 1406 2108 1463 Uria:
2153 1409 2342 1464 Ethzei.
2377 1410 2658 1482 Missisque
2705 1412 2873 1468 David
2897 1416 3116 1481 nuntiis,
3165 1416 3286 1472 tulit
3324 1432 3465 1472 eam.

1905 1516 1924 1550 ι
1970 1498 2101 1566 Qua:
2129 1516 2253 1556 cum
2282 1501 2524 1574 ingressa
2554 1511 2700 1560 esset
2748 1506 2817 1560 ad
2848 1505 3018 1573 illum,
3062 1508 3315 1566 dormivit
3343 1526 3466 1566 cum

1908 1606 1927 1640 ι
1964 1603 2049 1644 ea.
2078 1589 2379 1662 Statimque
2406 1594 2741 1650 sanctiﬁcata
2769 1605 2854 1651 est
2877 1597 2945 1652 ab
2970 1597 3309 1656 immunditia
3329 1617 3426 1657 sua
3451 1615 3473 1656 :1

1908 1697 1928 1732 ι
1978 1688 2036 1737 et
2087 1695 2305 1738 reversa
2343 1691 2428 1740 est
2462 1683 2681 1740 domum
2734 1701 2909 1754 suam,
2945 1699 3206 1761 concepto
3253 1690 3387 1758 fetu,
3440 1711 3459 1744 ι

1903 1781 2012 1827 etc.
2069 1771 2200 1844 (Ea:
2255 1773 2510 1848 Isidoro.)
2585 1775 2741 1832 Nunc
2800 1785 2856 1833 et
2913 1788 3195 1850 peccatum
3259 1782 3466 1849 David,

233 1902 252 1936 ι
289 1882 566 1955 pmscidit
587 1889 764 1935 vestes
799 1880 1004 1935 medias
1025 1894 1197 1949 usque
1225 1878 1290 1932 ad
1321 1886 1496 1941 nates,
1520 1884 1575 1932 et
1595 1876 1800 1932 dimisit
1825 1863 1874 1924 Β
1900 1864 2027 1934 quid
2065 1863 2119 1917 in
2147 1864 2428 1934 Ρτοριιθιίθ
2473 1867 2786 1937 signaverit,
2813 1879 3012 1939 quanta
3059 1886 3280 1942 possum
3301 1871 3473 1928 brevi-

232 1993 251 2028 ι
292 1990 402 2030 eos.
454 1972 612 2040 Quod
664 1987 785 2027 cum
817 1972 1118 2025 nuntiatum
1169 1977 1317 2025 esset
1345 1969 1538 2034 David,
1566 1967 1714 2022 misit
1743 1966 1798 2021 in

231 2085 250 2119 ι
295 2079 586 2120 occursum
611 2077 818 2118 eorum.
846 2062 1016 2118 Erant
1040 2064 1182 2117 enim
1205 2061 1307 2116 viri
1332 2060 1539 2116 confusi
1573 2059 1803 2130 turpiter

233 2175 252 2215 t
293 2158 474 2226 valde,
503 2169 557 2214 et
591 2158 866 2214 mandavit
915 2155 993 2213 eis
1019 2153 1190 2211 David
1221 2153 1406 2209 dicens
1437 2169 1449 2206 :
1481 2151 1691 2206 Manete
1715 2149 1800 2205 Je-

234 2273 252 2306 ι
298 2254 476 2319 richo,
505 2253 677 2307 donec
703 2258 911 2305 crescat
942 2250 1109 2304 barba
1152 2253 1353 2310 vestra,
1398 2251 1453 2299 et
1477 2251 1606 2297 tunc
1627 2257 1804 2297 rever-

234 2362 253 2395 ι
297 2343 502 2406 timini,
569 2362 588 2394 ι
620 2349 726 2396 etc.
757 2339 910 2408 Quod
961 2347 1138 2393 autem
1185 2335 1516 2406 signiﬁcant,
1558 2333 1660 2387 nisi
1686 2331 1795 2388 bel-

225 2432 332 2488 lum
367 2431 576 2488 diaboli
604 2431 859 2486 adversus
885 2427 1227 2484 Ecclesiam?
1262 2426 1491 2480 Ammon
1520 2425 1683 2489 enim,
1711 2422 1804 2492 qui

227 2523 628 2592 interpretatur
669 2519 820 2573 dolor
847 2535 1045 2584 eorum,
1075 2519 1195 2588 quis
1229 2516 1422 2571 melius
1448 2513 1670 2585 intelligi
1707 2527 1801 2583 po-

227 2622 334 2670 test
362 2628 532 2685 quam
582 2612 869 2667 diabolus?
897 2611 1031 2678 Quia
1077 2610 1504 2665 Ammonitarum
1547 2608 1802 2678 spiritua-

229 2705 392 2772 lium,
427 2705 487 2760 id
509 2714 624 2771 est,
655 2705 1008 2774 malignorum
1059 2702 1364 2773 spirituum,
1421 2707 1600 2754 rector
1649 2698 1800 2752 vide-

229 2804 320 2851 tur
364 2811 512 2862 esse,
561 2793 741 2866 populi
795 2793 1046 2848 videlicet
1087 2792 1337 2847 mmroris
1387 2799 1442 2845 et
1493 2805 1708 2859 semper
1746 2788 1803 2842 in

229 2889 480 2958 angustia
508 2886 812 2953 constituti,
841 2888 931 2956 qui
955 2885 1312 2956 comprimere
1334 2883 1416 2938 vel
1443 2889 1804 2963 coangustare

228 2982 480 3038 homines
514 2980 802 3036 desiderat.
837 2978 998 3034 Radit
1037 2967 1166 3049 ergo
1213 2977 1442 3031 Ammon
1469 2975 1691 3030 barbam
1721 2972 1802 3028 di-

227 3053 456 3128 midiam
484 3071 797 3125 nuntiorum
827 3069 1017 3133 David,
1057 3083 1178 3123 cum
1199 3066 1452 3135 antiquus
1476 3064 1647 3118 hostis
1669 3077 1803 3132 quo-

228 3165 478 3218 rumdam
509 3161 918 3233 praedicatorum
943 3159 1095 3214 verbi
1116 3158 1209 3212 Dei
1240 3170 1541 3212 sermonem
1574 3153 1657 3209 vel
1678 3168 1802 3207 con-

1906 1963 2016 2010 tate
2031 1955 2417 2024 perstringam.
2448 1957 2675 2012 Nomina
2706 1960 2902 2031 quippe
2947 1961 3064 2030 ipsa
3091 1962 3470 2034 interpretata,

1903 2046 2037 2102 satis
2058 2046 2370 2111 ostendunt,
2416 2049 2561 2118 quod
2607 2050 2769 2104 etiam
2797 2051 2902 2107 hoc
2931 2051 3132 2108 factum
3160 2053 3473 2126 praeﬁgura-

1903 2137 2062 2191 verit.
2101 2136 2289 2204 David,
2321 2146 2382 2192 ut
2429 2139 2680 2206 diximus,
2729 2129 3116 2211 interpretatur
3151 2146 3468 2215 manufortis

1903 2227 2018 2283 sive
2042 2227 2425 2283 desiderabilis.
2455 2229 2722 2286 Bersabee
2769 2232 3156 2303 interpretatur
3177 2245 3361 2306 puteus
3380 2254 3470 2292 sa-

1905 2319 2120 2385 tietatis,
2149 2319 2260 2375 sive
2285 2328 2470 2391 puteus
2496 2321 2767 2391 septimus.
2824 2321 3130 2389 Quamlibet
3155 2332 3333 2380 autem
3373 2326 3473 2381 ha-

1905 2425 2025 2465 rum
2055 2410 2290 2465 nominis
2313 2410 2430 2480 ejus
2452 2410 2949 2480 interpretationem
2974 2414 3029 2468 in
3053 2413 3109 2469 id
3133 2416 3278 2484 quod
3297 2415 3476 2472 dicere

1905 2501 2263 2568 intendimus,
2311 2516 2668 2566 assumamus,
2729 2503 2862 2559 satis
2923 2506 3187 2577 congruit.
3245 2505 3380 2562 Nam
3421 2507 3478 2564 in

1906 2593 2129 2650 Cantica
2190 2594 2521 2649 canticorum
2580 2610 2809 2665 sponsa,
2872 2611 2991 2667 qua:
3034 2597 3182 2653 illius
3225 2597 3470 2654 Ecclesia

1905 2695 2011 2753 est,
2074 2695 2304 2742 vocatur
2350 2697 2536 2758 puteus
2600 2705 2750 2759 aqua
2794 2689 2922 2743 viva:
2965 2687 3168 2761 (Cant.
3215 2691 3354 2761 tv);
3419 2698 3479 2746 et

1905 2779 2033 2833 huic
2092 2788 2256 2848 puteo
2300 2779 2591 2849 septenarii
2625 2780 2835 2834 numeri
2876 2794 3094 2846 nomen,
3136 2779 3192 2834 in
3243 2778 3473 2850 Spiritus

1906 2871 2080 2925 sancti
2126 2871 2518 2943 signiﬁcatione
2564 2872 2906 2944 conjungitur
2949 2882 3168 2945 propter
3209 2874 3474 2929 rationem

1906 2959 2274 3027 Pentecostes,
2300 2978 2406 3034 quo
2434 2963 2520 3017 die
2548 2963 2613 3018 de
2656 2962 2794 3019 coelo
2847 2964 3044 3020 missus
3095 2963 3331 3036 Spiritus
3353 2980 3481 3020 san-

1906 3060 2024 3108 ctus
2046 3053 2192 3107 venit
2237 3053 2375 3125 (Act.
2406 3053 2490 3126 ιι).
2518 3055 2598 3108 Ad
2635 3055 2990 3128 quadraginta
3037 3064 3218 3111 autem
3261 3071 3478 3118 novem.

1907 3145 2050 3214 quod
2072 3154 2154 3201 est
2181 3147 2380 3216 septies
2411 3155 2641 3218 septem,
2685 3163 2852 3202 unum
2895 3147 3128 3216 additur,
3173 3162 3280 3218 quo
3300 3148 3480 3202 unitas

229 3218 597 3315 versationem
639 3254 1032 3324 corrumpendo
1081 3252 1313 3307 maculat
1366 3266 1429 3305 ac
1458 3249 1796 3305 dehonestat.
1830 3218 1874 3281 Ο
1906 3237 2342 3292 commendatur.
2374 3237 2432 3292 In
2481 3238 2586 3292 hac
2630 3237 2841 3292 ratione
2878 3238 3014 3292 vivit
3068 3237 3361 3309 apostolica
3387 3237 3479 3292 illa

229 3347 488 3404 Prtecidit
527 3362 657 3400 vero
699 3346 913 3400 tunicas
949 3358 1118 3413 usque
1153 3343 1219 3397 ad
1269 3341 1509 3410 inguina,
1547 3355 1668 3394 cum
1693 3348 1796 3393 tur-

1904 3327 2195 3382 sententia.
2251 3345 2270 3378 ι
2329 3326 2666 3382 Suﬂ‘erentes
2713 3328 2942 3383 invicem
2992 3329 3060 3383 ad
3110 3328 3475 3396 dilectionem,

226 3439 319 3509 pia
356 3437 524 3500 facta,
556 3451 674 3505 quae
703 3435 816 3504 ipse
842 3440 1204 3504 persuaserat,
1246 3432 1300 3486 in
1326 3429 1498 3485 oculis
1527 3429 1802 3485 hominum
1904 3418 2182 3509 Sinticmcs
2202 3433 2425 3473 scrvare
2451 3419 2714 3474 unitatem
2761 3417 2996 3489 Spiritus
3046 3417 3100 3473 in
3138 3419 3356 3475 Vinculo
3379 3437 3476 3492 pa-

229 3507 459 3582 rcvelat.
492 3525 595 3580 Sed
632 3539 854 3580 necesse
907 3532 990 3578 est
1021 3523 1218 3577 talibus
1266 3537 1402 3591 quos
1450 3521 1692 3576 diabolus
1729 3521 1796 3574 ita

1902 3509 1982 3565 eis
2012 3507 2224 3580 (Ephes.
2254 3509 2352 3580 iv).
2396 3528 2416 3562 ι
2462 3507 2614 3565 Dono
2658 3510 2843 3580 itaque
2887 3509 3176 3581 spirituali,
3225 3510 3330 3566 hoc
3371 3518 3472 3578 est,

231 3613 536 3678 confundit,
583 3622 642 3667 ut
685 3613 908 3666 sedeant
944 3611 998 3664 in
1050 3609 1291 3676 Jericho,
1336 3610 1505 3665 donec
1554 3618 1803 3665 crescant
1903 3600 2210 3670 septenario
2269 3600 2411 3655 facta
2473 3610 2556 3656 est
2605 3599 2844 3656 Ecclesia
2918 3609 3112 3672 puteus
3164 3601 3473 3657 satietatis:

231 3703 413 3758 barbas
441 3719 651 3768 eorum,
674 3703 729 3758 id
762 3710 867 3768 est,
904 3702 1014 3756 sint
1041 3702 1385 3773 opprobrium
1417 3710 1473 3756 et
1509 3703 1801 3771 ignominia
1902 3693 2028 3762 quia
2055 3693 2232 3750 factus
2268 3703 2350 3750 est
2395 3695 2451 3749 in
2489 3710 2552 3751 ea
2590 3713 2608 3746 ‹
2638 3694 2761 3752 fons
2790 3710 2942 3766 aqua:
2965 3698 3100 3752 vivae
3144 3696 3395 3753 salientis
3424 3696 3479 3752 in

235 3795 538 3858 meliorum,
577 3802 741 3864 atque
767 3792 1072 3848 efﬁciantur
1100 3793 1386 3849 anathema
1413 3795 1672 3860 omnium,
1703 3795 1796 3849 do-

1902 3783 2068 3837 vitam
2113 3791 2392 3851 (eternam,
2445 3801 2604 3856 quem
2648 3787 2741 3857 qui
2786 3786 3060 3854 habuerit,
3091 3802 3198 3843 non
3239 3788 3388 3843 sitiet
3422 3787 3478 3842 in

235 3901 333 3941 nec
380 3901 481 3958 per
543 3886 779 3941 studium
821 3885 1022 3940 bonum
1075 3883 1364 3939 barbarum
1413 3886 1642 3956 species,
1699 3887 1803 3941 hoc
1901 3883 2165 3930 internum
2231 3877 2411 3950 (Joan.
2457 3879 2552 3952 tv).
2591 3899 2610 3933 ι
2661 3877 2779 3935 Jam
2815 3895 2944 3935 vero
2983 3881 3075 3952 qui
3103 3879 3269 3937 fuerit
3315 3881 3481 3936 mari-

235 3985 334 4043 est,
363 3979 628 4032 virtutum
659 3977 995 4032 incrementa
1030 3977 1083 4031 in
1111 3978 1188 4032 eis
1214 3987 1530 4044 nascantur,
1575 3988 1632 4033 et
1654 3979 1796 4050 digni

1903 3973 1990 4022 tus
2032 3967 2170 4037 ejus,
2221 3969 2350 4039 quid
2381 3969 2526 4024 aliud
2576 3985 2739 4040 quam
2782 3970 3056 4026 diabolum
3085 3971 3322 4026 nominis
3359 3970 3478 4040 ejus

159 4097 162 4100 «
234 4067 536 4123 habeantur
565 4067 850 4138 praesentia
882 4066 1025 4137 regis
1052 4068 1156 4123 sui.
1187 4067 1298 4122 Nec
1347 4069 1673 4123 credendum
1719 4077 1804 4124 est
1903 4057 2277 4129 ίηιετρτθιθιίο
2352 4059 2680 4130 Signiﬁcat?
2763 4060 2934 4130 Hujus
3009 4069 3166 4116 eram
3241 4062 3478 4132 PeSSimO

234 4156 431 4225 utique,
457 4156 606 4226 quod
636 4155 806 4210 David
839 4163 1024 4210 noster
1050 4156 1250 4211 milites
1277 4171 1404 4212 suos
1443 4156 1642 4212 multos
1681 4172 1802 4214 esse
1903 4149 2150 4221 coniugio
2197 4151 2416 4222 ἀθιίεειιί
2445 4166 2665 4218 omnes,
2725 4167 2862 4221 quos
2915 4153 3089 4223 81⁵³ηεί
3119 4152 3213 4208 Πεί
3261 4153 3474 4220 liberal.

233 4247 485 4316 patiatur,
520 4247 648 4316 quin
707 4247 891 4302 hostes
920 4261 1046 4301 suos
1074 4247 1321 4302 exercitu
1358 4257 1683 4319 congregato
1707 4265 1799 4303 su-
1901 4248 1964 4294 ιιι
1990 4241 2229 4297 Ecclesia
2269 4261 2288 4294 ι
2326 4243 2444 4298 sine
2481 4242 2693 4298 macula
2720 4252 2777 4298 et
2803 4259 2934 4314 ruga
2980 4241 3194 4316 (Ep/tes.
3227 4243 3278 4316 ν)
3313 4259 3331 4297 ι
3367 4245 3480 4299 Sal-

234 4347 383 4408 perat
434 4353 504 4393 ac
538 4337 776 4392 vindicat
808 4336 1058 4407 injuriam
1112 4353 1354 4406 suorum,
1391 4354 1514 4395 cum
1569 4355 1674 4396 non
1712 4356 1800 4398 so-
1902 4335 2076 4389 vatori
2097 4335 2275 4405 primo
2332 4336 2630 4407 c0puletur.
2676 4335 2836 4392 Urias
2882 4336 3028 4390 enim
3091 4336 3478 4406 interpretatur

234 4431 341 4486 lum
379 4431 724 4486 adversarios
771 4446 896 4486 suos
931 4447 1074 4486 nunc
1114 4447 1212 4502 per
1239 4439 1547 4487 sanctorum
1576 4449 1800 4488 suorum
1902 4426 1996 4481 lux
2060 4444 2174 4482 mea
2231 4429 2368 4493 Dei;
2417 4428 2638 4482 Ethaeus
2685 4437 2863 4482 autem
2913 4427 3173 4481 abscissus
3218 4438 3313 4492 est,
3363 4428 3477 4482 sive

233 4521 516 4576 victoriam
535 4520 836 4586 confundit,
871 4521 964 4576 sed
1006 4521 1167 4575 etiam
1209 4522 1264 4576 in
1308 4531 1554 4576 extremo
1595 4521 1801 4592 judicio
1827 4579 1874 4592 _
1903 4519 2029 4588 quia
2065 4537 2083 4569 ί
2118 4520 2173 4574 in
2196 4519 2425 4574 veritate
2447 4535 2553 4574 non
2585 4519 2735 4574 stetit
2763 4518 2941 4589 (Joan.
2967 4517 3065 4589 ιι);
3105 4538 3123 4570 ι
3152 4517 3247 4573 sed
3294 4533 3324 4572 a
3353 4518 3474 4574 luce

232 4629 323 4685 per
345 4614 549 4686 justam
582 4614 905 4672 sententiam
935 4615 1207 4687 perpetuis
1244 4615 1457 4688 ignibus
1481 4618 1800 4674 cruciandos

233 4709 418 4763 tradet.

299 4800 444 4872 (Car.
494 4799 601 4868 ιι.)
644 4817 662 4851 ι
706 4799 934 4855 Factum
971 4809 1057 4856 est
1094 4815 1243 4872 ergo,
1268 4809 1512 4857 vertente
1557 4816 1701 4856 anno
1732 4816 1798 4857 eo

241 4911 258 4944 ι
297 4903 537 4965 tempore
587 4909 694 4964 quo
735 4893 909 4949 solent
957 4908 1112 4963 reges
1173 4894 1239 4949 ad
1283 4893 1423 4949 bella
1479 4895 1792 4965 procedere,

242 5001 259 5033 ι
296 4986 435 5040 misit
472 4984 644 5040 David
668 4983 826 5050 Joab,
858 4991 913 5038 et
945 4998 1130 5039 servos
1152 4999 1278 5038 suos
1304 4999 1426 5038 cum
1449 4999 1534 5048 eo,
1562 5004 1580 5036 ι
1612 4993 1667 5039 et
1694 5000 1792 5040 (:33-

239 5080 362 5128 tera.
409 5076 515 5146 (Ea:
561 5073 830 5146 Hebraeo.)
865 5075 922 5129 In
977 5073 1201 5129 Hebraeo
1247 5074 1323 5129 ita
1354 5073 1554 5145 legitur
1601 5094 1663 5129 τι
1711 5076 1791 5132 Eo

239 5169 484 5234 tempore,
547 5180 654 5235 quo
701 5179 856 5235 reges
895 5165 964 5219 ad
1013 5164 1149 5218 bella
1192 5173 1589 5235 processerant,
1640 5166 1788 5222 misit

237 5251 393 5310 David
440 5256 592 5320 Joab,
627 5265 731 5311 etc.
767 5277 786 5310 ι
822 5255 932 5312 Hos
960 5273 1114 5328 reges
1162 5258 1313 5321 dixit,
1371 5259 1462 5328 qui
1512 5275 1792 5329 processe-

238 5355 356 5401 runt
379 5356 564 5402 contra
609 5348 777 5402 David
816 5349 868 5402 in
903 5365 1159 5420 pugnam,
1197 5350 1400 5406 scilicet
1424 5367 1602 5421 regem
1637 5351 1790 5407 Roob

237 5441 291 5487 et
314 5434 451 5491 lstob
493 5446 548 5492 et
589 5436 752 5502 Soba,
779 5446 834 5492 et
870 5437 1114 5503 Maacha,
1143 5439 1235 5509 qui
1274 5440 1460 5509 utique
1508 5455 1662 5512 reges
1689 5440 1789 5512 Sy-

239 5525 326 5580 ria;
353 5526 565 5583 fuerunt
605 5539 660 5584 et
692 5546 930 5602 pugnare
987 5532 1268 5587 voluerunt
1302 5548 1317 5587 :
1361 5536 1611 5591 conducti
1650 5553 1790 5592 mer-

241 5615 362 5670 cede
392 5633 421 5672 a
445 5634 570 5690 rege
627 5620 782 5677 Moab
809 5631 994 5678 contra
1022 5622 1188 5678 David
1207 5664 1221 5689 ,
1258 5640 1288 5679 a
1321 5641 1427 5697 quo
1467 5627 1785 5700 triumphati

242 5720 351 5761 esse
376 5709 636 5780 leguntur.

1905 4624 2002 4665 sua
2028 4624 2284 4679 superna,
2307 4624 2469 4678 quam
2491 4608 2557 4664 de
2599 4607 2710 4662 Deo
2745 4607 2998 4674 habebat,
3047 4607 3314 4680 superbiae
3355 4621 3473 4663 me-

1907 4701 2012 4757 rito
2041 4702 2315 4756 abscissus
2338 4707 2451 4766 est;
2496 4699 2611 4755 sive
2632 4699 2757 4770 quia
2788 4698 3050 4764 cadendo,
3075 4698 3223 4754 veris
3265 4697 3474 4753 viribus

1901 4795 2154 4866 perditis,
2191 4813 2209 4845 ι
2244 4794 2594 4864 transﬁgurat
2619 4807 2677 4847 se
2703 4790 2759 4846 in
2801 4790 3052 4861 angelum
3099 4789 3236 4846 lucis
3263 4789 3315 4861 (Ι
3347 4788 3470 4844 Cor.

1902 4885 2005 4957 ιιι),
2037 4906 2056 4938 ι
2113 4885 2318 4939 audens
2342 4885 2452 4939 Deo
2495 4883 2716 4938 dicere:
2749 4880 2867 4936 Lua:
2908 4897 3021 4936 mea
3067 4879 3168 4934 Dei
3189 4888 3282 4932 est.
3330 4878 3474 4947 Ergo

1902 4976 2007 5032 iste
2031 4976 2250 5045 quidem
2296 4974 2464 5029 David
2510 4973 2745 5043 graviter
2794 4972 3160 5038 scelerateque
3204 4968 3470 5040 peccavit.

1900 5064 2053 5130 Quod
2090 5064 2268 5119 scelus
2293 5061 2409 5132 ejus
2458 5063 2621 5116 etiam
2679 5077 2776 5131 per
2798 5062 3114 5131 prophetam
3180 5056 3322 5112 Deus
3384 5073 3473 5112 ar-

1898 5157 2013 5229 guit
2038 5154 2388 5224 increpando,
2414 5162 2468 5208 et
2518 5153 2631 5223 ipse
2653 5153 2820 5207 abluit
2856 5149 3188 5220 poenitendo.
3239 5147 3470 5204 Verum-

1898 5255 2077 5301 tamen
2122 5244 2210 5299 ille
2246 5263 2263 5294 ‹
2301 5243 2673 5298 desiderabilis
2708 5241 2957 5296 omnibus
3009 5239 3258 5311 gentibus
3310 5237 3464 5312 (Agg.

1899 5338 1984 5409 ιι),
2029 5356 2049 5390 ι
2080 5335 2232 5405 quasi
2277 5335 2332 5388 in
2392 5335 2590 5389 solario
2611 5330 2958 5388 deambulans
2983 5371 3000 5397 ,
3047 5331 3172 5401 quia
3208 5348 3228 5382 ι
3270 5329 3329 5387 in
3355 5331 3468 5388 sole

1897 5429 2081 5498 posuit
2131 5426 2537 5481 tabernaculum
2581 5439 2736 5479 suum
2760 5421 2930 5496 (Psal.
2968 5423 3149 5497 xvm),
3196 5441 3216 5478 ι
3249 5421 3470 5479 adama-

1897 5521 1976 5576 vit
2021 5518 2319 5574 Ecclesiam
2379 5530 2542 5584 super
2593 5521 2791 5569 tectum
2837 5529 2898 5570 se
2935 5513 3226 5582 lavantem,
3281 5512 3336 5569 id
3360 5519 3464 5580 est,

1895 5613 2245 5670 mundantem
2277 5625 2336 5664 se
2362 5625 2392 5662 a
2415 5608 2663 5664 sordibus
2689 5608 2892 5675 saeculi,
2925 5616 2979 5663 et
3021 5609 3238 5664 domum
3261 5605 3464 5661 luteam

1896 5705 2162 5778 spirituali
2233 5701 2682 5773 contemplatione
2756 5701 3228 5756 transcendentem
3298 5705 3462 5766 atque

1897 5799 2196 5856 calcantem
2223 5813 2237 5851 :
2269 5805 2324 5852 et
2356 5796 2602 5852 inchoata
2642 5810 2764 5853 cum
2807 5793 2895 5851 illa
2925 5792 3117 5864 primae
3143 5787 3462 5848 conventio-
