4074 6462
544 400 647 460 10⁸5

1188 392 1249 446 Β.
1287 389 1538 446 RABANI
1577 387 1794 446 MAURI
1832 387 2150 445 ARCIlIEP.
2193 386 2500 444 MOGUNT.
2538 388 2823 446 OPERUM
2861 388 3040 444 PARS
3077 389 3116 442 I.

3676 392 3782 446 104

539 511 881 577 Ammonitis,
911 524 1069 580 quam
1091 509 1196 564 dux
1238 525 1366 564 suus
1391 509 1640 563 bellando
1683 509 1978 573 inchoavit,
2010 505 2106 562 sed
2133 507 2185 567 Α
2215 523 2232 554 ι
2265 505 2534 571 Ammiud,
2578 522 2756 576 regem
2787 503 3009 568 Gessur,
3041 523 3057 553 ι
3085 510 3190 557 etc.
3217 501 3325 572 (Ea:
3359 500 3632 573 Hebraeo.)
3657 501 3786 558 Tol-

538 618 633 657 rex
658 603 772 672 ipse
796 599 1043 672 perfecit,
1074 600 1202 670 quid
1239 599 1524 670 signiﬁcat,
1547 599 1648 653 nisi
1674 599 1814 668 regis
1841 597 2010 651 nostri
2032 596 2110 650 vi-

536 692 765 746 ctoriam
787 691 839 744 in
869 690 1078 744 cunctis
1102 689 1384 757 gentibus?
1412 690 1528 743 Dux
1553 689 1694 744 enim
1721 689 1888 743 David
1919 695 2106 742 contra

536 787 719 841 hostes
740 785 938 840 bellum
968 785 1098 855 agit,
1130 800 1252 840 cum
1279 785 1413 839 ordo
1442 792 1752 839 sanctorum
1780 780 2106 852 praedicato-

538 892 657 930 rum
714 883 902 930 contra
948 874 1132 930 mundi
1167 882 1415 944 potentes
1467 881 1677 928 scutum
1714 870 1836 926 ﬁdei
1862 869 2103 940 opponit.

537 965 644 1021 Sed
691 965 812 1021 ﬁnis
862 965 1176 1022 certaminis
1205 973 1260 1019 et
1297 963 1602 1033 triumphus
1632 961 1758 1016 belli
1804 961 1872 1015 ad
1922 969 2106 1029 regem

534 1057 809 1112 Christum
856 1056 1028 1112 solum
1082 1055 1240 1110 modo
1281 1053 1542 1118 defertur,
1593 1051 1720 1122 quia
1775 1051 1877 1121 ipsi
1929 1049 2104 1104 omnis

533 1156 774 1220 potestas
823 1155 878 1203 et
921 1148 1161 1219 potentia
1221 1147 1371 1216 regni
1419 1145 1709 1201 ascribitur
1739 1163 1752 1199 :
1787 1163 1806 1196 ι
1838 1145 1981 1199 Deus
2025 1151 2110 1198 est

534 1241 698 1306 enim,
727 1239 1021 1296 secundum
1066 1239 1406 1310 Apostolum,
1435 1239 1527 1309 qui
1570 1245 1826 1307 operatur
1853 1237 1908 1290 in
1953 1235 2108 1290 nobis

533 1340 590 1388 et
630 1331 766 1387 velle
810 1339 867 1386 et
918 1331 1180 1402 perﬁcere
1217 1330 1386 1402 (Phil.
1416 1330 1509 1397 u);
1541 1339 1595 1385 et
1647 1331 1761 1400 ipse
1812 1328 2109 1398 triumphat

534 1439 632 1479 nos
658 1438 867 1494 semper
904 1425 958 1478 in
1004 1423 1219 1479 Christo
1246 1421 1370 1478 Jesu
1403 1421 1489 1494 (II
1521 1421 1643 1476 Cor.
1670 1427 1754 1490 ιι).
1791 1440 1809 1472 ›
1842 1419 2108 1476 Coronam

533 1528 661 1584 ergo
685 1513 829 1583 regis
874 1513 1057 1584 populi
1109 1512 1321 1568 hostilis
1371 1512 1540 1566 David
1570 1512 1636 1567 de
1661 1512 1839 1581 capite
1888 1509 2029 1576 tulit,
2055 1517 2111 1565 et

534 1605 748 1659 sibimet
770 1604 1018 1660 diadema
1043 1604 1166 1660 inde
1193 1603 1470 1669 formavit,
1500 1618 1623 1658 cum
1656 1592 1989 1672 Redemptor
2019 1618 2112 1657 no-

533 1703 646 1751 ster
670 1712 736 1752 ex
759 1696 1032 1752 contraria
1060 1703 1326 1767 potestate
1351 1711 1578 1766 regnum
1600 1693 1876 1761 auferens,
1899 1694 2113 1749 sibimet

534 1787 744 1859 insigne
767 1789 1021 1844 decorum
1050 1789 1280 1858 paravit.
1319 1786 1450 1854 Quae
1477 1795 1655 1842 autem
1688 1787 1879 1842 melius
1907 1801 2107 1842 corona

2212 597 2320 652 mai
2351 605 2505 668 pater
2533 597 2632 651 fuit
2657 596 2877 651 Maacha
2905 593 3094 648 matris
3116 591 3374 658 Absalon,
3403 608 3567 662 quam
3597 594 3788 648 dicunt

2207 688 2418 744 I-lebraai
2451 705 2480 744 a
2510 690 2677 743 David
2705 690 2758 744 in
2783 687 2966 759 praelio
3015 695 3251 756 captam,
3274 694 3330 740 et
3356 686 3577 741 caisarie
3602 693 3658 739 et
3688 702 3786 738 un-

2204 781 2398 852 guibus
2435 782 2724 852 praascisis,
2753 779 3046 835 secundum
3088 777 3260 848 legem
3285 792 3404 831 eam
3433 792 3660 831 uxorem
3683 776 3787 831 sibi

2205 870 2375 927 David
2394 873 2628 927 sociasse
2643 871 2825 942 (Deut.
2841 871 2976 942 xxt),
2995 879 3049 925 et
3070 885 3133 926 ex
3161 885 3223 924 ea
3245 884 3531 939 generasse
3545 869 3789 926 Thamar

2210 971 2266 1018 et
2282 961 2543 1018 Absalon.

2289 1073 2306 1106 ι
2339 1052 2582 1109 Cessavit
2603 1055 2781 1124 itaque
2807 1053 2974 1108 David
2997 1068 3092 1108 rex
3124 1053 3373 1124 persequi
3393 1051 3649 1108 Absalon.
3680 1073 3700 1106 ι
3727 1053 3787 1109 In

2209 1144 2438 1200 Hebraeo
2484 1145 2726 1217 legitur:
2770 1165 2788 1196 ‹
2824 1145 3067 1208 Cessavit
3095 1145 3276 1214 itaque
3317 1160 3411 1199 rex
3464 1146 3612 1200 exire
3665 1154 3792 1217 post

2207 1236 2469 1291 Absalon.
2501 1256 2519 1287 ›
2555 1236 2798 1292 Voluisse
2825 1237 2964 1291 idem
2997 1237 3165 1291 David
3193 1237 3341 1292 exire
3369 1237 3702 1307 perhibetur,
3731 1248 3793 1294 ut

2209 1327 2493 1382 reduceret
2537 1327 2805 1395 Absalon;
2859 1328 2953 1383 sed
3009 1337 3346 1399 pertractans
3393 1329 3446 1382 in
3498 1330 3662 1384 corde
3691 1345 3795 1384 suo

2211 1417 2356 1488 quod
2385 1418 2634 1488 quotiens
2679 1434 2801 1473 eum
2829 1419 3057 1484 videret,
3097 1419 3293 1473 totiens
3336 1418 3575 1473 dolorem
3600 1419 3796 1473 mortis

2210 1509 2444 1564 Ammon
2471 1510 2521 1564 ei
2544 1511 2612 1566 ad
2641 1511 2958 1566 memoriam
2988 1511 3289 1578 reduceret,
3322 1510 3522 1567 idcirco
3551 1526 3795 1567 cessasse

2213 1600 2411 1655 dicitur
2448 1601 2596 1656 exire
2647 1612 2768 1672 post
2817 1602 3074 1668 Absalon,
3105 1603 3444 1669 subauditur,
3473 1611 3532 1658 ut
3569 1619 3696 1660 eum
3725 1604 3796 1659 ad

2211 1691 2428 1763 propria
2455 1701 2755 1750 revocaret.
2785 1693 2938 1760 Quod
2966 1709 3095 1749 vero
3123 1694 3217 1760 ait,
3248 1714 3267 1746 ι
3298 1710 3363 1750 eo
3388 1695 3530 1764 quod
3555 1697 3786 1752 consola-

2215 1789 2304 1838 tus
2330 1792 2474 1840 esset
2502 1800 2664 1855 super
2690 1785 2922 1841 Ammon
2953 1786 3198 1852 interitu,
3230 1805 3248 1837 ι
3276 1785 3687 1858 intelligendum
3711 1795 3796 1843 est

537 1880 652 1934 veri
677 1879 848 1935 David
893 1878 1226 1951 intelligitur,
1267 1893 1430 1948 quam
1466 1886 1764 1933 conventus
1813 1876 1994 1947 populi
2022 1891 2114 1932 ca-
2141 1865 2190 1926 Β
2218 1877 2344 1945 quia
2375 1885 2660 1948 postquam
2686 1879 2856 1934 voluit
2882 1878 3032 1934 exire
3057 1887 3180 1950 post
3228 1877 3461 1935 Absalon
3490 1887 3551 1934 ut
3573 1879 3778 1935 reduce

538 1968 739 2034 tholiei,
795 1985 914 2039 quas
942 1977 1103 2040 caput
1143 1977 1406 2032 nostrum,
1430 1983 1610 2038 regem
1663 1964 1913 2020 videlicet
1959 1964 2118 2020 Cbri-
2220 1974 2304 2022 ret
2327 1982 2472 2034 eum,
2501 1977 2556 2023 et
2591 1969 2866 2025 videretur
2891 1971 2958 2024 ab
2987 1986 3073 2035 eo,
3109 1971 3275 2042 erepit
3315 1969 3582 2026 consolari
3629 1985 3799 2041 super

537 2070 702 2127 stum,
733 2061 897 2117 corde
941 2061 1161 2117 credulo
1188 2061 1442 2116 nobiliter
1471 2059 1662 2125 ambit,
1691 2067 1748 2114 et
1772 2058 1936 2130 digne
1988 2073 2118 2113 con-
2217 2069 2447 2116 mortem
2509 2061 2759 2116 Ammon.
2821 2061 3067 2129 Quandiu
3119 2063 3264 2118 enim
3314 2064 3607 2135 putabatur
3651 2063 3802 2119 idem

532 2167 759 2208 versans
795 2153 1050 2208 decenter
1103 2151 1363 2206 coronat?
1399 2149 1590 2206 Omnis
1626 2149 1772 2204 enim
1803 2155 2116 2203 sanctorum

536 2243 690 2298 labor
715 2252 773 2298 et
797 2253 1071 2300 certamen
1109 2253 1271 2314 atque
1308 2243 1534 2299 victoria
1569 2243 1638 2297 ad
1675 2243 1936 2298 honorem
1960 2241 2119 2298 ctele-

534 2334 636 2388 stis
664 2335 808 2405 regis
857 2334 1110 2398 refertur,
1153 2335 1279 2406 quia
1332 2335 1447 2405 ipse
1479 2343 1563 2390 est
1603 2354 1621 2386 ‹
1666 2334 1751 2389 cui
1780 2350 1940 2390 omne
1976 2350 2115 2406 genu

536 2424 837 2480 cmlestium
865 2433 922 2480 et
951 2426 1288 2480 terrestrium
1315 2435 1476 2496 atque
1494 2425 1830 2482 infernorum
1858 2426 2114 2495 ﬂectitur,

535 2523 596 2569 ut
631 2516 808 2570 omnis
837 2515 1019 2588 lingua
1053 2516 1374 2571 conﬁteatur
1418 2518 1547 2587 quia
1578 2519 1838 2574 Dominus
1867 2517 2022 2574 Jesus
2059 2519 2116 2574 in

537 2603 710 2676 gloria
734 2613 818 2659 est
852 2606 944 2661 Dei
973 2605 1151 2662 Patris
1192 2606 1358 2678 (Phil.
1385 2606 1470 2678 ιι).
1512 2626 1530 2658 ι
1562 2608 1811 2662 Rabbath
1838 2622 1968 2679 ergo
1993 2607 2121 2661 civi-

537 2703 622 2752 tas
659 2704 742 2751 est
774 2699 926 2768 regni
958 2700 1210 2766 Ammon,
1241 2716 1360 2768 quae
1395 2715 1539 2755 nunc
1564 2700 1936 2770 Philadelphia
1963 2715 2119 2755 voca-

541 2796 647 2855 tur,
676 2788 831 2858 cujus
851 2790 1098 2845 meminit
1121 2801 1175 2846 et
1200 2789 1462 2846 Jeremias
1491 2792 1752 2862 propheta
1783 2790 1917 2861 (Jer.
1941 2789 2114 2860 XLIX).

535 2877 926 2950 Interpretatur
970 2895 1098 2952 ergo
1146 2881 1394 2936 Rabhath
1435 2882 1611 2936 multi.
1661 2882 1730 2937 Et
1783 2880 2036 2936 Salvator
2061 2880 2117 2935 in

538 2968 830 3040 Evangelio
881 2969 1016 3026 dicit
1054 2986 1069 3025 :
1118 2992 1135 3023 ι
1179 2971 1314 3039 Quia
1345 2973 1497 3028 multi
1542 2973 1762 3028 venient
1794 2973 1862 3028 ab
1905 2973 2117 3028 oriente

538 3065 593 3112 et
627 3058 925 3126 occidente,
958 3067 1012 3114 et
1043 3061 1363 3116 recumbent
1390 3077 1512 3116 cum
1544 3061 1840 3128 Abraham,
1869 3060 2023 3117 Isaac
2062 3068 2118 3117 et

537 3147 704 3206 Jacob
740 3150 794 3205 in
825 3166 990 3221 regno
1024 3152 1285 3208 caelorum
1315 3152 1533 3224 (Matth.
1561 3154 1704 3225 Vill).
1735 3173 1754 3207 ι

1133 3262 1360 3318 CAPUT
1397 3262 1531 3317 XIII.

540 3349 782 3406 Incestus
801 3353 1022 3404 Ammon
1039 3371 1191 3410 quem
1214 3371 1332 3408 cum
1355 3371 1533 3408 δονονε
1570 3372 1668 3409 sua
1710 3354 1942 3409 Thamar
1975 3371 2120 3410 com-

633 3423 794 3486 misit,
824 3439 976 3494 quem
1003 3423 1232 3477 Absalon
1265 3424 1431 3493 frater
1449 3426 1565 3495 ejus
1586 3425 1648 3479 ob
1675 3427 1772 3479 hoc
1815 3426 2024 3480 occidit.

613 3512 761 3584 (Car.
787 3515 930 3585 xm.)
965 3534 982 3565 ‹
1015 3514 1241 3568 Factum
1262 3523 1348 3570 est
1382 3524 1562 3570 autem
1607 3525 1731 3585 post
1756 3518 1893 3582 haec,
1917 3525 1978 3572 ut
2007 3516 2119 3572 Ab-

543 3623 562 3657 c
599 3603 748 3659 salon
779 3604 874 3659 ﬁlii
913 3605 1082 3660 David
1111 3621 1353 3661 sororem
1377 3608 1832 3676 speciosissimam
1857 3609 2120 3665 vocabulo

545 3714 564 3746 ι
602 3694 838 3749 Thamar
863 3695 1142 3750 adamaret
1186 3696 1417 3752 Ammon
1443 3698 1585 3752 ﬁlius
1609 3698 1798 3765 David,
1829 3708 1884 3755 et
1911 3700 2119 3770 deperi-

548 3805 567 3836 ι
602 3792 685 3839 ret
721 3792 944 3856 pr0pter
977 3801 1098 3841 eam
1132 3787 1308 3853 valde,
1341 3807 1358 3838 ι
1393 3797 1498 3843 etc.
1525 3789 1794 3844 lneestum
1825 3805 1955 3861 ergo
1979 3789 2121 3861 quod

537 3873 793 3940 Ammon,
824 3876 990 3930 David
1020 3876 1193 3946 major
1236 3876 1396 3944 ﬁlius,
1445 3879 1498 3934 in
1550 3895 1734 3935 sorore
1760 3896 1856 3935 sua
1885 3881 2124 3937 Thamar

544 3963 798 4030 confecit,
828 3974 884 4020 et
920 3967 1296 4035 parricidium,
1342 3971 1486 4039 quod
1520 3971 1755 4026 Absalon
1796 3972 1851 4026 in
1889 3972 2119 4028 Ammon

539 4051 708 4108 fratre
739 4069 837 4109 suo
893 4059 1248 4126 perpetravit,
1289 4060 1418 4129 quid
1465 4060 1784 4130 spiritaliter
1815 4061 2122 4132 signiﬁcare

538 4143 713 4213 possit
741 4159 849 4199 non
896 4147 1130 4214 invenio,
1162 4149 1263 4204 nisi
1292 4148 1432 4205 forte
1472 4152 1752 4208 moraliter
1785 4169 1885 4209 nos
1911 4155 2016 4210 tale
2041 4154 2124 4210 fa-

540 4244 688 4291 ctum
713 4249 947 4305 moneat,
980 4243 1123 4311 quod
1148 4258 1364 4314 semper
1390 4255 1548 4301 caute
1584 4258 1641 4303 et
1677 4249 1972 4319 prudenter
1994 4268 2121 4324 aga-

539 4340 681 4387 mus,
711 4340 776 4380 ue
807 4326 948 4384 forte
974 4330 1321 4386 dominentur
1349 4335 1401 4389 in
1427 4338 1582 4393 nobis
1608 4339 1759 4405 vitia,
1791 4348 1845 4394 et
1867 4342 2120 4413 princeps

537 4418 773 4487 peccati,
802 4420 894 4490 qui
931 4419 1118 4478 falsam
1173 4441 1363 4496 pacem
1409 4429 1838 4498 periclitantibus
1865 4435 2117 4504 spondet,

539 4528 608 4567 ne
637 4528 736 4569 nos
763 4515 1058 4586 imparatos
1097 4519 1339 4574 inveniat
1367 4529 1530 4592 atque
1570 4539 1638 4578 ex
1688 4525 1981 4596 improviso
2006 4537 2121 4583 tru-

539 4604 700 4658 cidet.
763 4606 999 4662 Absalon
1041 4623 1170 4680 ergo
1200 4608 1368 4665 Pater
1398 4614 1564 4684 pacis,
1595 4617 1709 4670 sive
1759 4615 1942 4672 Patris
1993 4637 2118 4690 pax,

538 4691 965 4762 interpretatur;
1009 4697 1242 4754 Ammon
1281 4699 1509 4768 donans,
1551 4712 1608 4758 et
1649 4704 1888 4761 Thamar
1920 4712 2121 4764 amari-

539 4782 704 4849 tudo,
746 4784 935 4842 Latine
972 4792 1373 4859 pronuntiatur.
1405 4793 1510 4861 Qui
1555 4797 1701 4851 enim
1741 4802 1983 4856 membra
2025 4819 2122 4858 sua

541 4875 712 4932 donat
738 4875 972 4945 libidini,
1001 4887 1054 4934 et
1105 4883 1452 4953 semetipsum
1497 4887 1662 4941 tradit
1702 4890 1906 4945 servire
1929 4892 2126 4964 iniqui-

539 4967 636 5023 tati
665 4970 735 5025 ad
775 4971 1136 5042 iniquitatem,
1167 4973 1222 5027 in
1268 4977 1478 5046 peccati
1505 4980 1923 5038 amaritudinem
1953 4985 2120 5050 cadit,

537 5059 667 5115 licet
721 5061 974 5118 inimicus
1026 5079 1086 5120 se
1135 5066 1290 5134 quasi
1336 5075 1548 5137 patrem
1579 5072 1728 5139 pacis
1773 5082 2028 5141 ostentet,
2068 5084 2118 5133 et

536 5165 795 5221 prospera
833 5154 1120 5222 provenire
1164 5170 1265 5225 pro
1304 5156 1500 5214 talibus
1529 5159 1689 5216 factis
1718 5163 1851 5219 falso
1893 5169 2120 5236 promit-

543 5248 640 5296 tat.
669 5241 900 5299 Necesse
926 5254 1010 5301 est
1036 5247 1180 5302 enim
1199 5248 1308 5303 cito
1329 5250 1396 5304 ad
1423 5253 1796 5322 pcenitentiam
1818 5267 1939 5327 post
1968 5275 2117 5314 com-

542 5333 772 5388 missum
789 5334 965 5391 scelus
991 5337 1297 5405 redeamus,
1321 5355 1389 5395 ne
1415 5341 1555 5400 forte
1581 5347 1843 5412 diabolus,
1870 5350 1914 5404 si
1944 5351 2120 5407 adhuc

543 5425 790 5480 ebrietati
831 5426 1260 5499 inservierimus,
1316 5442 1371 5487 et
1401 5435 1455 5490 in
1501 5435 1687 5494 luxum
1733 5440 1897 5510 hujus
1935 5443 2118 5497 saeculi

544 5514 895 5584 resolvemur,
941 5533 1040 5589 per
1067 5521 1505 5595 obtemperantes
1532 5530 1634 5584 sibi
1671 5531 1938 5601 malignos
1961 5533 2120 5602 spiri-

453 5678 465 5696 ο
545 5611 632 5658 tus
659 5604 713 5659 in
744 5621 930 5663 necem
957 5620 1200 5668 nostram
1227 5618 1504 5687 conspiret
1548 5635 1612 5675 ac
1649 5622 1810 5676 morti
1846 5632 2118 5694 perpetuae

546 5696 746 5758 tradat.

627 5806 644 5846 ι
680 5786 848 5847 Porro
883 5791 1115 5851 Absalon
1162 5797 1400 5869 fugiens,
1427 5800 1561 5856 abiit
1587 5800 1656 5856 ad
1683 5799 1910 5870 Tolmai,
1944 5805 2115 5862 ﬁlium

2145 4565 2200 4626 Ι)

2217 2138 2456 2207 Absalon
2507 2154 2711 2220 reduci,
2747 2161 2808 2208 ut
2855 2155 3134 2209 videretur
3170 2153 3238 2208 ab
3268 2169 3353 2219 eo,
3385 2169 3602 2223 semper
3647 2169 3801 2209 mors

2217 2248 2451 2303 Ammon
2478 2247 2573 2305 ﬁlii
2609 2251 2691 2304 sui
2744 2251 2925 2304 animo
2953 2250 3070 2319 ejus
3109 2248 3449 2304 occurrebat.
3485 2247 3610 2306 Sive
3638 2247 3799 2304 aliter

2219 2340 2530 2396 consolatus
2567 2340 2734 2396 fuisse
2763 2357 2926 2412 super
2954 2341 3186 2395 Ammon
3231 2340 3452 2395 interitu
3489 2339 3709 2407 dicitur,
3735 2355 3801 2396 ec

2219 2433 2364 2504 quod
2388 2441 2614 2488 noverat
2639 2448 2763 2489 eum
2790 2431 3116 2504 ﬂagitiosum
3138 2440 3195 2488 et
3221 2431 3443 2504 dignum
3472 2442 3670 2498 morte,
3693 2448 3784 2489 me

2220 2525 2433 2595 ritoque
2465 2524 2712 2595 periisse.

2805 2614 3034 2671 CAPUT
3075 2614 3212 2671 XIV.

2221 2702 2376 2769 Quod
2403 2704 2538 2759 Joab
2569 2722 2660 2777 per
2699 2705 2998 2777 Thecuitem
3029 2705 3300 2777 mulierem
3325 2722 3491 2777 regem
3525 2723 3646 2762 cum
3687 2707 3799 2761 Ab-

2644 2776 2793 2830 salon
2840 2777 3122 2848 paci/icore
3150 2776 3371 2831 studuit.

2291 2886 2443 2958 (CAP.
2467 2885 2602 2958 xiv.)
2638 2907 2656 2940 ‹
2689 2887 2997 2959 lntelligens
3024 2895 3203 2943 autem
3225 2888 3382 2956 Joab,
3405 2889 3546 2945 ﬁlius
3569 2889 3801 2956 Sarviaz,

2226 2994 2245 3028 ι
2281 2978 2424 3046 quod
2438 2993 2532 3032 cor
2560 2980 2704 3049 regis
2723 2995 2940 3034 versum
2967 2989 3110 3035 esset
3133 2981 3201 3035 ad
3223 2980 3480 3046 Absalon,
3509 3000 3527 3033 ι
3554 2989 3660 3036 etc.
3694 2982 3804 3037 Cor

2219 3068 2363 3138 regis
2391 3083 2604 3124 versum
2646 3085 2767 3124 esse
2820 3071 2888 3125 ad
2939 3069 3174 3126 Absalon
3220 3071 3420 3126 vidisse
3464 3071 3683 3136 dicitur,
3733 3085 3798 3127 eo

2223 3159 2365 3228 quod
2387 3159 2583 3214 viderit
2609 3175 2729 3214 eum
2759 3161 2900 3216 idem
2945 3159 3081 3216 .Ioab
3115 3177 3215 3233 pro
3241 3161 3474 3217 Absalon
3502 3164 3798 3234 suspirare,

2145 3222 2194 3287 Ο
2225 3222 2282 3306 et
2331 3251 2386 3305 in
2417 3266 2482 3307 eo
2521 3252 2808 3320 intellexit,
2837 3255 2980 3324 quod
3010 3222 3249 3322 cor-ejus
3298 3269 3516 3310 versum
3544 3222 3692 3310 esset
3731 3255 3799 3310 ad

2223 3341 2482 3398 Absalon.

2303 3455 2321 3487 σ
2357 3434 2502 3490 Misit
2535 3435 2826 3501 Thecuam,
2853 3444 2908 3490 et
2943 3434 3063 3490 tulit
3104 3436 3227 3492 inde
3271 3434 3553 3495 mulierem
3583 3438 3803 3510 sapien-

2231 3544 2251 3577 ι
2288 3533 2420 3580 tem.
2462 3545 2479 3576 ι
2511 3525 2724 3582 Thecua
2762 3525 2955 3582 civitas
2985 3534 3087 3593 est,
3129 3529 3194 3582 de
3226 3543 3332 3598 qua
3360 3528 3461 3584 fuit
3488 3530 3655 3585 Amos
3677 3545 3805 3602 pro-

2223 3617 2407 3686 pheta.
2437 3617 2667 3672 Putatur
2691 3626 2870 3673 autem
2913 3620 2980 3674 ab
3015 3619 3259 3676 Hebraeis
3294 3619 3456 3676 vidua
3484 3621 3606 3676 avia
3635 3621 3804 3681 fuisse

2224 3709 2462 3780 ejusdem
2480 3711 2646 3768 Amos
2672 3715 2966 3784 prophetae.

2303 3819 2320 3852 ι
2354 3800 2482 3867 Quae
2527 3803 2847 3874 respondit:
2889 3804 3032 3860 Heu!
3084 3805 3276 3862 mulier
3323 3808 3485 3864 vidua
3513 3825 3612 3882 ego
3661 3826 3802 3866 sum.

2229 3910 2248 3944 ι
2280 3890 2522 3947 Mortuus
2571 3902 2654 3949 est
2699 3895 2843 3950 enim
2872 3897 2957 3951 vir
2981 3913 3155 3965 meus,
3187 3907 3243 3954 et
3265 3900 3474 3955 ancilla:
3513 3910 3617 3956 tua:
3649 3913 3802 3958 erant

2230 3999 2248 4032 ‹
2285 3981 2392 4036 duo
2416 3982 2511 4036 ﬁlii
2548 3983 2638 4054 qui
2670 3985 2834 4040 rixati
2877 3995 3002 4041 sunt
3056 3990 3312 4045 adversus
3339 4003 3398 4045 se
3423 3991 3476 4045 in
3498 4006 3650 4062 agro,
3677 3992 3802 4047 nul-

2229 4091 2248 4124 ‹
2284 4072 2477 4143 [usque
2503 4084 2621 4130 erat
2661 4077 2753 4146 qui
2791 4093 2884 4134 eos
2904 4080 3192 4152 prohibere
3216 4092 3421 4152 posset,
3449 4093 3504 4139 et
3528 4087 3802 4155 percussit

2227 4181 2248 4214 ι
2287 4163 2425 4218 alter
2449 4165 2701 4230 alterum,
2724 4176 2780 4222 et
2827 4169 3098 4226 interfecit
3125 4187 3269 4226 eum.
3291 4174 3360 4229 Et
3379 4189 3505 4230 ecce
3547 4177 3799 4234 universa

2229 4270 2248 4303 ι
2289 4254 2538 4324 cognatio
2589 4255 2850 4313 adversus
2905 4259 3152 4315 ancillam
3213 4271 3382 4330 tuam,
3413 4265 3543 4320 dicit
3579 4285 3592 4321 :
3625 4267 3805 4325 Trade

2229 4364 2247 4397 ι
2285 4361 2431 4414 eum,
2454 4349 2543 4417 qui
2570 4351 2840 4418 percussit
2858 4351 3083 4408 fratrem
3107 4369 3261 4409 suum
3303 4376 3321 4408 ›
3349 4365 3454 4413 etc.
3481 4358 3537 4431 In
3573 4360 3804 4417 veritate

2225 4447 2428 4504 autem,
2459 4450 2516 4494 ut
2563 4441 2773 4496 Hebraei
2808 4445 3048 4510 tradunt,
3073 4447 3188 4501 haec
3233 4447 3430 4504 mulier
3481 4449 3641 4506 vidua
3668 4453 3803 4508 duos

2225 4526 2366 4583 ﬁlios
2398 4530 2605 4597 habuit,
2641 4533 2733 4602 qui
2755 4533 2917 4589 rixati
2940 4545 3064 4590 sunt
3088 4537 3139 4590 in
3169 4553 3299 4609 agro
3329 4555 3492 4610 super
3517 4541 3780 4598 hieredita

2227 4626 2335 4672 tem
2368 4621 2542 4689 patris
2576 4623 2681 4689 sui,
2706 4632 2761 4679 et
2809 4625 2946 4680 alter
2975 4625 3044 4680 ab
3079 4625 3249 4683 altero
3277 4628 3665 4701 interemptus;
3715 4648 3806 4689 se-

2233 4708 2410 4780 ipsam
2443 4719 2619 4768 tamen
2645 4717 2835 4770 eadem
2863 4717 3022 4772 vidua
3058 4717 3110 4772 in
3134 4733 3364 4790 persona
3391 4720 3560 4778 David
3602 4724 3806 4797 posuit,

2227 4809 2281 4855 et
2309 4803 2442 4858 duos
2467 4803 2605 4860 ﬁlios
2635 4821 2760 4861 suos
2801 4807 2856 4862 in
2902 4823 3132 4878 persona
3156 4809 3388 4866 Ammon
3433 4820 3489 4868 et
3539 4813 3799 4870 Absalon.

2228 4891 2615 4962 Cognationem
2653 4913 2783 4954 vero
2827 4917 2948 4971 quae
2971 4903 3314 4958 consurrexit
3343 4905 3603 4961 adversus
3630 4905 3798 4962 ﬁlium

2227 4999 2408 5050 suum,
2439 4987 2493 5041 in
2523 5004 2752 5058 persona
2780 5000 3100 5048 caeterorum
3124 4994 3357 5050 ﬁliorum
3379 4996 3564 5052 David.

2302 5097 2320 5128 ε
2358 5077 2608 5150 Dixitque
2638 5081 2831 5137 mulier
2875 5083 3164 5140 Thecuites
3199 5089 3267 5142 ad
3303 5101 3482 5159 regem
3525 5106 3538 5142 :
3582 5088 3640 5143 In
3692 5103 3800 5154 me,

2231 5188 2249 5219 ι
2285 5170 2512 5226 Domine
2551 5174 2624 5227 mi
2657 5189 2774 5240 rex,
2805 5176 2878 5229 sit
2922 5176 3202 5246 iniquitas,
3232 5187 3288 5233 et
3335 5180 3389 5234 in
3443 5179 3602 5234 domo
3631 5181 3804 5249 patris

2233 5281 2252 5313 ι
2289 5263 2420 5329 mei,
2443 5279 2538 5318 rex
2566 5275 2745 5322 autem
2771 5276 2826 5322 et
2853 5269 3080 5324 thronus
3098 5271 3214 5340 ejus
3239 5272 3309 5327 sit
3339 5271 3617 5337 innocens,
3647 5292 3666 5323 ι
3693 5281 3799 5329 etc.

2224 5351 2303 5407 Ac
2328 5353 2374 5407 si
2398 5353 2602 5409 diceret
2635 5374 2647 5409 :
2677 5355 2782 5410 Pro
2813 5372 2878 5412 eo
2907 5360 3051 5428 quod
3082 5360 3219 5414 alter
3245 5361 3387 5416 ﬁlius
3411 5377 3562 5417 meus
3584 5377 3798 5417 consur-

2226 5443 2367 5497 rexit
2386 5442 2644 5499 adversus
2666 5445 2919 5512 alterum,
2949 5447 3003 5502 in
3027 5463 3114 5503 me
3137 5451 3206 5504 sit
3233 5450 3509 5520 iniquitas,
3543 5451 3586 5504 si
3619 5458 3799 5506 tamen

2227 5534 2405 5604 aliqua
2441 5550 2560 5590 esse
2601 5536 2790 5601 debet;
2831 5537 2886 5591 in
2917 5547 2973 5591 te
3007 5547 3218 5605 autem,
3246 5556 3278 5594 ο
3310 5555 3402 5594 rex
3423 5539 3620 5606 David,
3653 5540 3797 5594 nulla

2224 5626 2298 5682 sit
2334 5627 2611 5696 iniquitas,
2661 5629 2784 5698 quia
2827 5631 3030 5699 absque
3073 5632 3227 5702 culpa
3263 5648 3322 5687 es
3351 5633 3404 5687 in
3433 5649 3499 5688 eo
3531 5633 3674 5703 quod
3721 5633 3797 5688 illi

2224 5710 2330 5774 duo
2372 5719 2568 5776 fratres
2599 5722 2741 5776 inter
2779 5737 2837 5777 se
2865 5724 3241 5779 conﬂixerunt.
3275 5725 3343 5780 Et
3371 5727 3514 5782 sicut
3542 5741 3643 5796 ego
3670 5724 3800 5782 abs-

2225 5825 2329 5881 que
2357 5812 2512 5882 culpa
2542 5829 2682 5879 sum,
2708 5827 2810 5882 pro
2859 5828 2925 5869 eo
2973 5815 3116 5885 quod
3166 5815 3272 5873 duo
3305 5816 3399 5872 ﬁlii
3442 5819 3548 5873 mei
3571 5831 3797 5874 consur-
