4074 6480
310 373 418 426 I05

1123 372 1476 430 COMMENT.
1509 375 1577 430 IN
1615 375 1859 432 LIBROS
1898 375 1964 431 IV
2003 375 2264 432 REGUM.
2305 409 2373 418 —-
2411 379 2479 433 IN
2510 380 2635 436 LIB.
2676 380 2738 436 Il.

3452 386 3474 438 I
3485 385 3553 439 06

306 491 571 539 rexcrunt
597 482 878 538 adversum
902 498 980 550 se,
1002 492 1055 539 et
1080 486 1396 541 interfectus
1432 497 1514 541 est
1549 487 1686 542 alter
1705 489 1772 542 ab
1799 488 1878 540 al-
1907 489 1959 546 Α
1991 503 2008 535 ι
2055 495 2234 541 autem
2264 487 2472 543 Sadoch
2499 499 2553 543 et
2581 489 2817 546 universi
2846 490 3018 546 levita:
3043 506 3164 546 cum
3190 506 3254 546 eo
3278 501 3554 563 portantes

308 586 452 641 tero,
483 578 554 630 ita
574 584 628 629 et
657 585 714 629 tu
735 577 935 644 absque
961 576 1115 646 culpa
1143 593 1221 643 es,
1253 594 1351 647 pro
1370 593 1436 633 eo
1464 581 1607 647 quod
1630 579 1885 634 Absalom

304 669 543 722 Ammon
569 667 786 737 dignum
810 675 983 722 morte
1009 667 1298 724 interfecit.

383 779 403 810 ι
438 757 569 826 Quae
607 757 684 810 ait
715 774 728 810 :
757 756 1092 813 Recordetur
1135 775 1229 813 rex
1278 758 1490 813 Domini
1531 759 1626 813 Dei
1677 759 1779 825 sui,
1826 767 1886 812 ut

307 872 327 904 ‹
366 866 479 906 non
508 848 932 918 multiplicentur
957 852 1187 920 proximi
1219 852 1495 922 sanguinis
1533 853 1600 906 ad
1623 852 1885 906 ulciscen-

308 963 326 993 ε
365 943 520 1009 dum,
543 951 598 996 et
651 956 989 1010 nequaquam
1042 943 1367 998 interficient
1403 943 1572 998 filium
1619 959 1818 998 meum.
1859 942 1882 994 ι’

300 1032 637 1088 Recordatio
661 1031 750 1086 hic
777 1047 877 1101 pro
897 1030 1206 1100 juramento
1233 1033 1409 1103 posita
1433 1041 1534 1088 est.
1564 1031 1643 1088 Ac
1662 1034 1709 1088 si
1744 1035 1884 1089 dice-

299 1134 387 1180 ret
433 1143 445 1178 :
494 1125 826 1179 Recordetur
871 1139 965 1179 rex
1009 1125 1380 1194 promissionis
1426 1140 1556 1190 suae,
1602 1125 1710 1179 imo
1737 1124 1883 1192 jura-

298 1213 474 1267 menti
496 1227 604 1282 quo
639 1211 770 1285 mihi
798 1227 896 1283 per
922 1213 1206 1268 Dominum
1238 1213 1406 1268 Deum
1433 1229 1588 1268 suum
1614 1213 1881 1284 pollicitus

1991 594 2008 626 α
2055 591 2236 630 arcam
2264 575 2483 632 foederis
2507 578 2620 645 Dei,
2660 589 2716 635 et
2734 582 3095 651 deposuerunt
3127 600 3310 640 arcam
3339 585 3456 641 Dei.
3487 589 3554 642 Et

1991 685 2008 717 ι
2057 667 2299 722 ascendit
2325 667 2609 733 Abiathar,
2632 669 2802 726 donec
2826 674 3068 740 expletus
3095 683 3239 730 esset
3257 677 3432 732 omnis
3459 692 3556 746 po-

1990 774 2007 808 (
2051 757 2208 826 pulus
2237 798 2250 823 ,
2289 757 2381 828 qui
2411 774 2661 831 egressus
2700 760 2876 816 fuerat
2902 767 2967 818 de
2995 766 3232 820 civitate.
3269 785 3289 819 ›
3315 767 3440 822 Ideo
3465 783 3555 822 ar-

1984 862 2100 902 cam
2125 847 2219 903 Dei
2241 849 2550 919 deposuisse
2567 852 2832 916 dicuntur,
2856 861 2915 907 ut
2936 853 3193 910 Dominus
3213 857 3280 910 ab
3293 857 3556 913 Abiathar

1983 941 2262 996 sacerdote
2277 941 2672 1007 consuleretur,
2701 958 2808 1012 quo
2819 958 3010 999 versus
3031 945 3198 1000 David
3213 947 3292 1001 ire
3313 949 3552 1004 deberet.

1980 1030 2302 1088 Ascendisse
2343 1043 2520 1088 autem
2555 1034 2818 1089 Abiathar
2842 1035 3076 1088 dicitur:
3113 1036 3168 1090 id
3215 1045 3318 1102 est,
3347 1053 3554 1093 orasse.

1981 1123 2050 1177 Et
2075 1126 2203 1193 quia
2249 1125 2530 1180 oraculum
2563 1126 2804 1180 divinum
2852 1140 2958 1180 non
2999 1127 3050 1180 ei
3097 1128 3415 1197 responsum
3448 1139 3553 1193 est,

1985 1217 2190 1272 idcirco
2217 1218 2272 1271 in
2293 1218 2745 1288 subsequentibus
2767 1217 2904 1272 dixit
2925 1217 3094 1272 David
3113 1227 3173 1271 ut
3187 1226 3400 1286 reporta
3409 1226 3558 1273 retur

297 1311 407 1368 est,
441 1310 503 1356 ut
532 1317 640 1356 non
662 1301 1088 1372 multiplicentnr
1125 1303 1358 1372 proximi
1394 1303 1672 1373 sanguinis
1705 1302 1772 1356 ad
1802 1302 1882 1357 ul-
1982 1324 2110 1364 arca
2135 1309 2233 1364 Dei
2263 1311 2320 1363 in
2340 1309 2550 1365 urbem.

298 1395 639 1449 eiscendum.

375 1504 393 1535 ‹
434 1485 688 1554 Dixitque
739 1484 935 1541 mulier
985 1507 997 1540 :
1049 1485 1225 1553 Quare
1269 1487 1518 1559 cogitasti
1576 1487 1878 1542 istiusmodi

298 1595 315 1625 ‹
353 1590 475 1630 rem
507 1585 696 1632 contra
738 1577 994 1647 populum
1021 1578 1152 1633 Dei?
1190 1579 1257 1632 Et
1284 1579 1493 1634 locutus
1526 1589 1608 1634 est
1637 1596 1735 1635 rex
1761 1595 1881 1634 ver-

296 1689 312 1718 ‹
353 1669 492 1722 bum
543 1669 684 1724 istud
716 1710 731 1734 ,
779 1676 841 1723 ut
885 1678 1072 1738 peccet
1122 1678 1176 1726 et
1221 1686 1326 1724 non
1373 1672 1595 1726 reducat
1648 1671 1878 1740 ejectum

297 1780 311 1809 ι
353 1761 557 1814 suum?
586 1781 602 1811 ι
634 1769 740 1816 etc.
766 1760 847 1815 Ex
870 1763 973 1816 hoc
999 1761 1117 1817 loco
1143 1763 1545 1818 demonstratur
1572 1763 1703 1818 illud
1730 1765 1873 1832 quod

2573 1419 2800 1477 CAPUT
2830 1420 2968 1476 XVI.

2257 1513 2500 1584 Sequitur
2521 1513 2585 1567 de
2607 1512 2992 1583 conspiratione
3014 1511 3283 1567 Absalom.

2053 1604 2202 1676 (CAP.
2234 1605 2370 1680 xvr.)
2408 1625 2426 1656 ‹
2465 1605 2530 1659 Et
2565 1605 2640 1660 ait
2668 1621 2764 1660 rex
2795 1623 2806 1657 :
2834 1604 2973 1671 Quid
3008 1606 3140 1660 mihi
3168 1615 3224 1659 et
3261 1605 3440 1671 vobis,
3465 1604 3559 1659 filii

1985 1712 2004 1744 ι
2053 1693 2292 1751 Sarvim?
2340 1695 2622 1762 Dimittite,
2675 1705 2735 1749 ut
2783 1694 3089 1761 maledicat,
3132 1716 3151 1748 ι
3195 1696 3291 1750 sed
3346 1705 3558 1750 tantum

1981 1785 2285 1840 maledicat.
2319 1785 2503 1841 Abisai
2523 1786 2668 1842 solus
2696 1786 2944 1842 dixerat:
2987 1805 3004 1837 ι
3038 1787 3262 1852 Vadam,
3297 1796 3352 1842 et
3372 1802 3560 1856 ampu-

289 1849 467 1947 ΡθυιοΔ
493 1850 741 1947 ξυρξὲτίυε
771 1851 972 1947 dig-um
995 1859 1079 1906 εει
1115 1869 1128 1904 ³
1165 1871 1182 1903 ‘
1214 1851 1458 1947 βθδδθνίί
1483 1853 1650 1947 θείνίά
1672 1868 1766 1907 rex
1796 1854 1876 1909 ire
1903 1849 1953 1908 Β
1979 1877 2106 1930 tabo
2153 1884 2314 1946 caput
2357 1877 2504 1947 ejus;
2542 1897 2560 1929 )
2594 1885 2648 1930 et
2691 1876 2861 1932 David
2900 1877 2968 1931 ad
2997 1877 3182 1931 Abisai
3211 1849 3266 1932 et
3310 1878 3379 1932 ad
3424 1849 3560 1932 Joab

289 1949 412 2010 post
436 1941 726 2009 Absalom,
758 1962 777 1993 ι
807 1944 860 1997 id
891 1952 994 2010 est,
1023 1945 1271 2009 cessavit,
1307 1953 1365 1999 ut
1399 1960 1506 2000 non
1543 1946 1784 2000 exiretur
1807 1947 1873 2000 ab

289 2031 501 2100 aliquo,
525 2041 581 2087 et
594 2035 942 2089 reduceretur
963 2035 1233 2090 Absalom.
1259 2035 1386 2091 Inde
1410 2037 1487 2091 ait
1504 2037 1699 2091 mulier
1727 2055 1738 2090 :
1765 2057 1782 2088 ι
1810 2035 1876 2091 Et

287 2123 510 2178 locutus
537 2132 620 2178 est
644 2140 737 2179 rex
788 2127 1011 2182 verbum
1048 2127 1212 2192 istud,
1241 2137 1301 2181 ut
1328 2135 1516 2198 peccet
1563 2135 1617 2180 et
1666 2143 1773 2182 non
1797 2142 1878 2182 re-

287 2216 453 2270 ducat
488 2215 718 2284 ejectum
746 2235 922 2274 suum.
962 2239 980 2270 ›
1016 2219 1167 2287 Quod
1197 2235 1326 2275 vero
1351 2222 1428 2274 ait
1462 2240 1474 2274 :
1513 2241 1530 2271 ι
1567 2220 1746 2287 Quare
1783 2235 1877 2276 co-

287 2307 478 2376 gitasti
512 2308 813 2364 istiusmodi
844 2325 960 2365 rem
1004 2317 1193 2365 contra
1224 2312 1476 2381 populum
1499 2310 1629 2365 Dei?
1658 2330 1676 2362 ι
1708 2325 1878 2380 popu-

287 2395 398 2450 lum
431 2398 540 2451 Dei
569 2407 727 2452 vocat
754 2401 1002 2455 eumdem
1047 2400 1325 2466 Absalom,
1363 2402 1476 2456 sive
1502 2415 1595 2455 eos
1634 2401 1725 2470 qui
1753 2416 1876 2455 cum

286 2487 377 2542 illo
399 2488 609 2554 ierant,
645 2490 736 2559 qui
761 2492 915 2561 quasi
940 2493 1137 2563 captivi
1168 2503 1223 2548 et
1243 2492 1400 2560 ejecti
1429 2501 1606 2558 erant,
1638 2508 1703 2548 eo
1732 2494 1876 2562 quod

288 2595 398 2634 non
447 2582 846 2638 reducerentur
899 2586 966 2640 ad
1009 2586 1377 2642 haereditatem
1429 2587 1556 2654 Dei,
1615 2603 1684 2642 ne
1738 2587 1876 2641 forte

289 2671 470 2724 coacti
513 2671 618 2726 diis
661 2671 851 2728 alienis
898 2673 953 2727 in
997 2683 1143 2730 terra
1207 2677 1382 2730 aliena
1428 2677 1714 2732 servirent.
1767 2676 1876 2732 Nec

287 2760 403 2814 vult
433 2759 586 2816 Deus
607 2764 784 2831 perire
808 2765 1065 2831 animam,
1107 2766 1201 2820 sed
1228 2774 1510 2834 retractat,
1541 2769 1784 2838 cogitans
1807 2783 1878 2822 ne

287 2860 491 2921 pereat
548 2853 782 2922 penitus,
831 2856 955 2924 quia
1003 2855 1244 2924 abjectus
1288 2867 1392 2913 est.
1421 2858 1500 2913 Ac
1536 2860 1584 2913 si
1620 2860 1824 2914 diceret
1858 2879 1870 2914 :

289 2939 434 2996 Deus
462 2952 798 3011 peccatores,
831 2946 921 3014 qui
945 2962 976 2999 a
1002 2947 1214 3003 diabolo
1243 2949 1442 3018 captivi
1463 2950 1788 3015 detinentur,
1818 2961 1880 3005 ut

291 3031 359 3084 ad
382 3047 442 3086 se
470 3043 880 3101 convertantur,
907 3038 1084 3094 vocat.
1113 3039 1274 3108 Ettu,
1300 3041 1393 3110 qui
1413 3056 1537 3095 eum
1559 3041 1761 3097 imitari
1785 3041 1878 3097 de-

291 3121 408 3191 bes,
439 3140 542 3180 cur
562 3142 670 3181 non
700 3142 766 3182 eo
792 3130 953 3184 modo
989 3131 1137 3201 agis?

893 3220 1119 3276 CAPUT
1153 3221 1267 3278 XV.

511 3307 588 3362 De
599 3306 979 3378 'conjuratione
993 3310 1241 3364 Absalom
1261 3321 1442 3366 contra
1469 3312 1661 3366 David.

367 3397 527 3468 (CAP.
551 3399 668 3469 xv.)
703 3417 721 3450 ι
760 3398 891 3454 Post
921 3401 1278 3472 quadraginta
1334 3412 1515 3458 autem
1543 3417 1714 3457 annos
1743 3402 1880 3458 dixit

298 3505 320 3538 ι
366 3487 628 3544 Absalom
659 3491 726 3543 ad
752 3505 932 3561 regem
965 3510 977 3545 :
1011 3493 1214 3548 Vadam
1242 3501 1297 3548 et
1327 3494 1545 3549 reddam
1571 3503 1695 3550 vota
1731 3511 1875 3562 mea,

295 3598 315 3630 ι
363 3595 489 3649 qua:
535 3581 653 3634 vovi
684 3581 911 3638 Domino
940 3584 996 3638 in
1038 3584 1276 3651 Hebron,
1307 3594 1414 3640 etc.
1459 3606 1478 3639 ι
1511 3586 1874 3658 Quadragesi-

292 3686 418 3726 mus
452 3671 712 3742 agebatur
740 3688 914 3728 annus
945 3689 1010 3728 ex
1037 3690 1102 3730 eo
1126 3684 1388 3745 tempore,
1437 3691 1544 3745 quo
1573 3677 1701 3731 Saul
1728 3677 1876 3732 Nobe

292 3761 574 3816 civitatem
607 3778 728 3817 cum
753 3765 1126 3820 sacerdotibus
1152 3767 1427 3836 octoginta
1465 3767 1705 3836 quinque
1745 3782 1874 3837 pro-

290 3862 412 3922 pter
427 3854 596 3909 David
611 3856 949 3928 interemit(l
980 3857 1109 3927 Reg.
1126 3859 1282 3929 xxii).
1312 3859 1380 3912 Et
1401 3859 1602 3913 idcirco
1624 3859 1712 3913 hic
1733 3859 1872 3913 idem

292 3947 742 4017 quadragesimus
782 3962 954 4002 annus
981 3949 1218 4018 ponitur,
1252 3958 1312 4002 ut
1345 3956 1689 4018 monstretur
1737 3949 1877 4002 divi—

291 4051 417 4091 nam
446 4036 717 4092 ultionem
760 4038 1013 4092 suscitari
1042 4053 1204 4108 super
1230 4039 1418 4104 David,
1449 4054 1514 4094 eo
1561 4039 1704 4109 quod
1740 4040 1874 4094 Abi-

291 4128 508 4184 melech
559 4131 897 4185 sacerdotem
928 4129 1143 4195 fefellit,
1167 4138 1223 4184 et
1248 4138 1468 4200 propter
1513 4145 1638 4184 eum
1664 4138 1742 4184 tot
1789 4145 1875 4185 sa-

291 4221 578 4276 cerdotum
597 4222 772 4277 caedes
787 4221 942 4277 factae
959 4221 1180 4276 fuerint.
1201 4221 1368 4286 Cave,
1385 4220 1571 4286 lector,
1590 4220 1875 4290 plerosque

291 4313 582 4368 mendosos
630 4312 876 4379 codices,
907 4313 963 4366 in
1010 4313 1207 4382 quibus
1245 4312 1507 4381 scriptum
1555 4312 1824 4367 invenitur
1857 4331 1870 4364 :

293 4399 418 4456 Post
443 4413 712 4474 quatuor;
751 4418 862 4458 non
895 4421 906 4455 :
949 4412 1062 4473 post
1089 4404 1442 4473 quadraginta
1473 4418 1658 4456 annos.
1689 4401 1748 4456 In
1777 4418 1871 4457 ve-

290 4491 598 4546 racioribus
646 4507 775 4547 vero
816 4492 1115 4558 codicibus,
1140 4502 1196 4547 et
1242 4494 1297 4547 in
1320 4493 1587 4548 llebraica
1618 4494 1867 4559 veritate,

290 4594 395 4635 non
419 4590 657 4650 quatuor
685 4621 700 4648 ,
747 4583 840 4636 sed
875 4583 1234 4652 quadraginta
1280 4582 1590 4637 scribuntur
1634 4584 1781 4638 anni.
1816 4582 1874 4638 Si

290 4675 410 4742 quis
423 4690 560 4731 vero
581 4675 950 4730 contentiosus
963 4676 1180 4730 eosdem
1194 4684 1426 4745 quatuor
1439 4691 1610 4732 annos
1628 4684 1875 4732 astruere

291 4766 553 4834 voluerit,
592 4769 660 4823 ab
707 4784 772 4822 eo
804 4776 1046 4838 tempore
1095 4783 1202 4838 quo
1231 4767 1484 4824 Absalom
1510 4770 1742 4824 Ammon
1765 4769 1873 4824 fra-

294 4864 427 4914 trem
462 4876 627 4917 suum
653 4859 947 4925 interfecit,
977 4875 1148 4930 usque
1167 4860 1233 4914 ad
1257 4859 1385 4914 illud
1414 4869 1628 4930 tempus
1647 4877 1753 4931 quo
1781 4876 1874 4930 pa-

295 4949 361 5002 tri
381 4952 521 5005 dixit
551 4964 567 5004 :
607 4969 626 5001 (
662 4950 867 5005 Vadam
917 4958 973 5005 et
998 4952 1220 5006 reddam
1249 4959 1375 5005 vota
1421 4965 1575 5015 mea,
1607 4966 1726 5020 quae
1750 4953 1872 5006 vovi

297 5036 525 5096 Domino
546 5041 600 5095 in
634 5041 871 5105 Hebron,
907 5063 924 5092 ι
958 5041 1241 5110 perspicue
1261 5055 1319 5094 se
1343 5055 1548 5104 errare,
1573 5040 1618 5095 si
1649 5041 1872 5112 diligen-

297 5135 378 5182 ter
418 5140 789 5200 perscrutatus
815 5131 1001 5197 fucrit,
1029 5131 1289 5194 inveniet,
1338 5147 1462 5186 cum
1485 5133 1673 5201 utique
1700 5133 1874 5187 Absa-

299 5216 422 5285 lom,
463 5223 747 5277 interfecto
770 5223 1020 5287 Ammon,
1050 5224 1105 5276 in
1133 5221 1335 5278 Gessur
1379 5225 1520 5294 apud
1552 5224 1758 5279 Tolmai
1781 5240 1870 5280 re-

299 5322 417 5376 gem
445 5311 618 5366 tribus
665 5313 839 5376 annis,
886 5321 940 5366 et
968 5312 1024 5366 in
1054 5310 1382 5380 Jerusalem,
1414 5315 1540 5370 inde
1588 5325 1872 5372 revocatus

303 5414 404 5457 non
421 5407 538 5461 viso
566 5413 739 5475 patre,
763 5405 971 5459 duobus
990 5412 1232 5460 moratus
1255 5404 1420 5460 fuerit
1446 5407 1623 5474 annis,
1642 5416 1699 5463 et
1718 5418 1873 5464 sexto

305 5503 438 5548 anno
473 5493 667 5550 faciem
692 5494 866 5564 patris
905 5494 1120 5561 viderit,
1178 5505 1233 5550 et
1257 5504 1450 5550 contra
1478 5511 1600 5550 eum
1627 5495 1876 5565 perduel-

304 5576 498 5641 lionem
542 5585 948 5657 przeparaverit.
995 5585 1194 5640 Votum
1252 5599 1487 5654 namque
1550 5599 1610 5640 se
1663 5587 1875 5641 vovisse

306 5677 608 5732 mentiendo
636 5677 790 5744 dixit,
828 5677 882 5731 id
922 5685 1006 5731 est
1029 5676 1329 5731 orationem
1355 5675 1622 5732 facturum
1651 5677 1706 5730 in
1735 5677 1872 5744 loco,

309 5777 413 5833 quo
428 5772 772 5842 requiescunt
818 5770 1115 5832 Abraham,
1146 5768 1312 5834 Isaac,
1353 5777 1407 5824 et
1456 5768 1640 5824 Jacob.
1673 5789 1689 5820 ι
1721 5769 1880 5826 V'cnit

707 5861 978 5922 ΡΑτιιοι.
1015 5860 1178 5925 CIX.

1978 1968 2258 2038 respondit
2275 1968 2460 2023 dicens
2484 1987 2495 2021 ε
2536 1986 2553 2018 ι
2582 1967 2722 2034 Quid
2741 1968 2943 2023 mihiet
2967 1967 3252 2034 vobis,tilii
3271 1968 3512 2023 Sal-viae?
3534 1990 3552 2020 ι

1977 2060 2057 2116 Ac
2079 2062 2124 2116 si
2147 2062 2352 2117 diceret
2382 2079 2394 2114 :
2419 2060 2672 2130 Nunquid
2686 2059 2850 2116 vultis
2881 2060 3192 2116 interficere
3219 2061 3562 2126 istum,sicut

1978 2152 2328 2208 interfecistis
2355 2151 2572 2207 Abner?
2608 2170 2626 2204 ‹
2666 2152 2928 2207 Dominus
2962 2166 3109 2206 enim
3144 2153 3398 2221 praecepit
3423 2153 3470 2206 ei
3502 2160 3562 2205 ut

1985 2261 2004 2295 ι
2049 2245 2393 2299 malediceret
2441 2243 2630 2298 David.
2659 2244 2728 2298 Et
2772 2245 2894 2314 quis
2926 2251 3010 2298 est
3062 2243 3153 2312 qui
3193 2244 3355 2306 dicat,
3387 2257 3558 2312 quare

1984 2351 2004 2384 ι
2043 2334 2124 2388 sic
2148 2333 2375 2389 fecerit?
2406 2353 2425 2386 ›
2462 2333 2828 2399 Subauditur,
2860 2348 3030 2402 quare
3081 2334 3161 2388 sic
3191 2332 3381 2388 fecerit
3409 2375 3422 2398 ,
3450 2351 3561 2389 non

1977 2424 2258 2490 Dominus,
2299 2425 2395 2479 sed
2434 2423 2632 2479 Semei.
2665 2422 2863 2487 Semei,
2910 2424 3003 2493 qui
3039 2424 3317 2478 maledixit
3369 2424 3560 2489 David,

1977 2513 2093 2582 ipse
2123 2524 2208 2569 est
2249 2514 2350 2586 (ut
2383 2513 2592 2569 Hebraei
2618 2513 2846 2584 dicunt)
2876 2512 3124 2568 Nabaath
3158 2554 3172 2579 ,
3220 2523 3376 2583 pater
3403 2511 3560 2568 Jero—

1977 2609 2160 2674 boam,
2193 2611 2284 2678 qui
2321 2609 2464 2666 ﬁlius
2493 2609 2705 2666 Gemini
2760 2609 2979 2676 dicitur,
3035 2617 3090 2664 et
3139 2609 3193 2662 in
3229 2609 3346 2664 zelo
3371 2609 3562 2663 domus

1979 2699 2109 2755 Saul
2139 2701 2494 2757 maledicebat
2530 2702 2718 2756 David.
2744 2701 2950 2757 Nomen
2977 2716 3107 2756 vero
3135 2701 3220 2754 avi
3241 2700 3358 2768 ejus
3379 2701 3560 2756 Gemi-

1979 2793 2035 2846 ni
2086 2793 2205 2858 fuit,
2251 2802 2306 2848 et
2335 2795 2451 2864 ipse
2482 2793 2660 2850 Semei
2691 2809 2758 2849 ex
2785 2795 2928 2849 tribu
2957 2793 3214 2862 prraim
3238 2791 3334 2846 filii
3361 2791 3562 2860 Joseph

1978 2885 2205 2950 exstitit,
2235 2885 2375 2938 unde
2423 2892 2479 2939 et
2523 2885 2665 2940 idem
2694 2883 2872 2940 Semei
2915 2885 2982 2939 ad
3029 2883 3239 2937 David:
3290 2900 3308 2932 ι
3349 2881 3564 2934 Primus

1979 2987 2194 3044 quoque
2252 2976 2373 3028 veni
2416 2974 2577 3028 hodie
2605 2975 2683 3044 .de
2713 2973 2860 3028 omni
2912 2973 3056 3027 tribu
3083 2970 3282 3040 Ioseph
3309 2970 3392 3042 (11
3432 2970 3561 3041 Reg.

1979 3063 2117 3138 xix).
2154 3085 2172 3118 ι
2205 3083 2223 3114 ‹
2257 3064 2393 3119 Cum
2421 3073 2600 3118 autem
2622 3064 2860 3120 venisset
2885 3062 3398 3128 CbusaiArachites,
3429 3061 3539 3114 ami

1901 3195 1951 3261 α
1988 3175 2007 3208 ‹
2054 3173 2149 3212 cus
2171 3158 2359 3224 David,
2376 3158 2444 3211 ad
2466 3155 2970 3221 Absalom,locutus
2993 3161 3075 3210 est
3098 3155 3166 3208 ad
3192 3170 3315 3208 eum
3345 3151 3560 3254 :Salve,

1987 3267 2006 3298 ι
2051 3262 2170 3313 rex,
2192 3249 2357 3313 salve,
2376 3263 2492 3302 rex.
2517 3247 2599 3302 Ad
2611 3262 2773 3316 quem
2785 3245 3040 3301 Absalom
3059 3264 3072 3298 ;
3091 3246 3217 3300 Haac
3233 3251 3338 3310 est,
3364 3243 3561 3313 inquit,

1987 3358 2004 3390 ι
2051 3339 2226 3410 gratia
2283 3340 2353 3393 ad
2407 3338 2641 3392 amicum
2695 3346 2865 3391 tuum.
2905 3357 2924 3389 ι
2960 3337 3018 3390 In
3066 3336 3291 3392 Hebraeo
3318 3336 3560 3408 legitur:

1988 3451 2006 3483 ι
2044 3431 2193 3498 Haec,
2222 3430 2420 3499 inquit,
2449 3430 2822 3485 misericordia
2850 3438 2940 3484 tua
2967 3430 3035 3483 ad
3063 3429 3293 3484 amicum
3317 3439 3468 3484 tuum
3493 3447 3508 3494 ;
3538 3449 3558 3481 ι

1981 3537 2091 3577 non
2120 3519 2440 3577 afﬁrmando
2468 3562 2484 3587 ,
2535 3521 2629 3576 sed
2674 3520 2922 3591 negando
2957 3520 3422 3590 pronuntiandum
3459 3527 3562 3575 est.

1977 3613 2046 3667 Et
2089 3621 2174 3668 est
2201 3628 2423 3682 sensus;
2454 3613 2821 3668 Misericordia
2856 3623 2941 3668 est
2967 3622 3059 3667 aut
3084 3613 3190 3668 dici
3211 3612 3390 3677 debet,
3415 3612 3560 3681 quod

1978 3702 2149 3758 David
2168 3703 2407 3758 amicum
2435 3711 2586 3758 tuum
2613 3701 2889 3768 dimisisti,
2919 3710 3118 3757 etcum
3145 3717 3210 3757 eo
3234 3718 3342 3756 non
3368 3701 3492 3757 isti?

2566 3810 2793 3868 CAPUT
2831 3810 2992 3868 XVII.

2503 3903 2757 3974 Sequitur
2783 3913 2838 3956 ut
2857 3918 3038 3972 supra.

2048 3995 2200 4068 (CAP.
2230 3996 2392 4067 xvn.)
2429 4014 2448 4048 ι
2485 3997 2636 4052 Dixit
2669 3996 2991 4065 Acbitophel
3037 3995 3104 4050 ad
3130 3993 3384 4049 Absalom
3411 4011 3422 4046 :
3452 3993 3560 4049 Eli-

1981 4105 2000 4138 ι
2037 4103 2160 4156 gam
2187 4089 2321 4142 mihi
2355 4088 2637 4144 duodecim
2665 4088 2834 4143 millia
2862 4087 3121 4153 virorum,
3143 4097 3197 4143 et
3231 4103 3564 4158 consurgens

1982 4198 2001 4232 ι
2036 4196 2338 4252 persequar
2364 4182 2532 4236 David
2554 4182 2657 4236 bac
2695 4190 2871 4247 nocte,
2905 4188 2960 4236 et
2990 4181 3202 4236 irruens
3227 4196 3392 4251 super
3411 4196 3556 4247 eum,

1982 4289 2000 4322 ι
2047 4273 2244 4342 quippe
2265 4271 2357 4340 qui
2388 4271 2564 4327 lassus
2589 4280 2674 4326 est
2696 4270 2948 4326 resolutis
2975 4270 3220 4339 pedibus,
3254 4271 3557 4340 percutiam

1983 4383 2000 4414 ι
2045 4380 2188 4419 eum.
2219 4363 2464 4432 Cumque
2485 4360 2682 4431 fugerit
2721 4361 2898 4416 omnis
2920 4361 3150 4430 populus
3175 4401 3190 4424 ,
3221 4361 3314 4430 qui
3341 4375 3465 4414 cum
3493 4374 3559 4413 eo

1982 4473 2000 4506 ι
2037 4462 2141 4520 est,
2167 4453 2471 4523 percutiam
2500 4467 2683 4522 regem
2718 4454 3038 4517 desolatum,
3080 4461 3136 4507 et
3161 4453 3415 4506 reducam
3437 4453 3558 4507 uni—

1907 4550 1954 4611 D
1985 4565 2004 4599 ‹
2053 4562 2267 4602 versum
2291 4544 2567 4617 populum,
2583 4547 2853 4616 quomodo
2877 4560 3066 4600 omnes
3089 4544 3289 4600 reverti
3305 4545 3500 4598 solent.
3533 4565 3552 4598 ι

1981 4638 2203 4694 Scilicet
2229 4638 2369 4694 sicut
2397 4637 2597 4692 reverti
2627 4636 2803 4692 solent
2828 4636 2883 4690 bi
2913 4636 3025 4704 qui,
3058 4634 3258 4690 amisso
3283 4635 3338 4688 in
3371 4633 3560 4705 praelio

1980 4747 2130 4802 rege,
2161 4738 2529 4795 revertuntur,
2563 4729 2704 4784 sicut
2721 4727 3010 4784 universus
3032 4725 3260 4796 populus
3277 4724 3445 4782 Israel
3469 4740 3558 4780 re-

1979 4828 2226 4876 vertetur
2251 4821 2320 4874 ad
2352 4829 2425 4874 te.

2057 4931 2076 4964 (
2105 4913 2173 4967 Et
2193 4927 2316 4968 cum
2330 4911 2590 4966 ceciderit
2608 4926 2749 4966 unus
2760 4910 2985 4980 quilibet
2996 4911 3050 4964 in
3062 4908 3349 4979 principio,
3377 4907 3560 4961 audiet

1988 5026 2007 5059 ‹
2050 5007 2354 5077 quicunque
2373 5005 2623 5071 audierit,
2639 5015 2694 5060 et
2707 5005 2851 5060 dicet
2879 5002 3078 5057 :Facta
3103 5010 3187 5056 est
3206 5000 3362 5070 plaga
3389 5002 3442 5054 in
3468 5015 3561 5071 po-

1989 5116 2007 5148 ι
2053 5098 2178 5167 pulo
2244 5097 2335 5167 qui
2389 5098 2714 5166 sequebatur
2765 5093 3068 5157 Absalom;
3123 5100 3180 5146 et
3228 5089 3555 5146 fortissimus

1986 5207 2006 5240 ι
2052 5189 2272 5258 quique,
2318 5186 2473 5257 cujus
2499 5203 2585 5243 res
2610 5195 2694 5242 cst
2738 5185 2892 5254 quasi
2923 5182 3112 5247 leonis,
3155 5196 3355 5250 pavore
3379 5181 3557 5236 solve-

1986 5297 2006 5332 ι
2042 5288 2147 5334 tur.
2181 5299 2199 5332 ›
2221 5278 2281 5333 In
2303 5278 2531 5335 Hebraeo
2546 5277 2626 5331 ita
2653 5277 2918 5330 habetur:
2951 5290 2968 5322 ι
3002 5271 3069 5326 Ει
3091 5271 3418 5328 fortissimus
3444 5271 3559 5341 ipse

1981 5371 2134 5441 cujus
2164 5385 2258 5426 cor
2305 5379 2389 5427 est
2413 5371 2568 5440 quasi
2595 5367 2765 5422 leonis
2791 5379 2991 5434 pavore
3037 5363 3274 5418 solvetur
3306 5380 3320 5430 ;
3353 5383 3371 5415 ι
3410 5365 3557 5433 quod

1977 5478 2086 5518 non
2113 5462 2452 5527 afﬁrmando,
2500 5461 2596 5515 sed
2652 5457 2898 5528 negando
2943 5455 3402 5525 pronuntiandum
3448 5464 3552 5510 est.

1977 5560 2328 5616 Fortissimus
2355 5558 2456 5610 iste
2495 5551 2662 5608 David
2683 5550 3056 5620 intelligendus
3095 5559 3200 5615 est,
3227 5548 3370 5618 quod
3389 5556 3445 5603 et
3472 5563 3557 5604 se-

1979 5655 2200 5724 quentia
2229 5649 2508 5706 declarant
2531 5666 2544 5700 :

2057 5765 2073 5796 ‹
2104 5744 2222 5799 Scit
2246 5741 2386 5795 enim
2410 5739 2586 5810 omnis
2608 5736 2770 5795 Israel
2798 5735 2992 5794 fortem
3016 5745 3136 5789 esse
3155 5738 3366 5801 patrem
3381 5737 3550 5794 tuum,

3083 5847 3120 5904 [ι
