4074 6548
526 488 629 545 ιω

1191 474 1254 537 Β.
1294 480 1547 537 BABANI
1579 480 1800 538 MAURI
1833 480 2065 537 ARCHli

2192 475 2500 536 uocum.
2539 475 2825 533 OPERUM
2859 446 3040 533 rans
3073 477 3117 534 ι.

3662 472 3767 539 108

522 619 541 650 ι
583 604 641 654 ‘et
658 596 910 653 robustos
924 604 1111 649 omnes
1134 594 1228 662 qui
1240 598 1369 648 ‘cum
1388 608 1450 649 eo
1465 584 1609 649 sunt.
1632 582 1893 649 ionatbas
1910 602 2089 649 autem
2117 594 2169 655 A
2193 592 2289 647 sed
2309 598 2429 645 cum
2464 590 2631 645 David
2651 589 2880 644 ﬁdeliter
2898 594 3333 660 permanserunt.
3374 590 3773 662 Interpretatur

522 710 541 742 σ
583 688 639 746 et
681 680 967 743 Aebi‘maas
1002 680 1217 741 stabant
1263 688 1419 758 juxta
1468 686 1673 743 fontem
1708 687 1891 757 Roget.
1939 687 2084 741 Abiit

521 801 542 835 ‹
584 780 806 842 ancilla,
839 776 897 834 et
940 772 1212 834 nuntiavit
1257 780 1377 845 eis;
1411 785 1465 834 et
1508 778 1585 833 illi
1608 762 1835 849 profecti
1875 786 2020 834 sunt.
2058 797 2077 831 ι

513 866 639 926 Haec
689 868 907 941 ancilla,
947 870 1101 939 quasi
1129 866 1342 924 lavandi
1387 871 1735 940 gratia,‘cum
1772 870 1971 940 pannis
2015 869 2085 924 ad

510 962 709 1017 fontem
734 946 904 1032 Rege]
930 960 1089 1027 ierat,
1134 967 1194 1014 ut
1212 960 1428 1029 penitus
1458 975 1547 1015 res
1584 972 1691 1015 non
1720 961 2085 1029 deprehende-

509 1062 677 1108 retur.
698 1051 846 1107 Puer
874 1060 1077 1118 autem,
1100 1054 1190 1121 qtn’
1217 1066 1332 1108 rem
1356 1053 1619 1108 indicavit
1644 1053 1913 1117 Absalom,
1940 1053 2083 1109 titius

507 1143 747 1214 ejusdem
771 1144 981 1201 ancillae
1002 1142 1255 1216 parvulus
1281 1136 1481 1200 dicitur
1498 1144 1685 1201 fuisse.
1711 1144 1881 1201 DaVid
1904 1154 2084 1201 autem

507 1236 655 1291 venit
690 1236 745 1290 in
792 1242 991 1301 castra,
1047 1246 1167 1305 quae
1211 1227 1449 1289 Manaim
1498 1232 1768 1292 Hebraice
1796 1237 2082 1308 leguntur:

516 1331 570 1383 in
597 1345 703 1399 quo
718 1328 838 1385 loco
861 1330 1074 1385 obviam
1098 1326 1318 1384 fuerunt
1344 1328 1521 1399 angeli
1542 1324 1642 1384 Dei
1666 1327 1855 1395 Jacob,
1874 1328 2083 1383 sicutiu

429 1469 434 1474 .
507 1416 700 1474 Genesi
721 1419 976 1475 scribitur
1008 1437 1020 1471 :
1056 1436 1074 1469 ι
1112 1416 1180 1472 Et
1199 1418 1412 1473 vocavit
1438 1416 1607 1474 Jacob
1628 1434 1824 1475 nomen
1849 1418 1951 1474 loci
1979 1418 2086 1473 Ma-

508 1509 673 1574 naim,
714 1509 766 1563 id
790 1516 1087 1567 esteama
1120 1505 1274 1581 (Gen.
1307 1509 1503 1583 nam).
1532 1529 1555 1564 υ
1602 1509 1726 1565 Haec
1750 1523 1899 1576 vero,
1925 1509 2085 1578 juxta

507 1598 713 1655 Hebraei
738 1610 982 1668 sensuri),
1005 1601 1300 1657 secundum
1320 1602 1609 1657 historiam
1630 1602 1774 1657 dicta
1795 1601 2080 1657 suliiciant.

572 1694 840 1750 Caeterum
861 1702 1041 1750 autem
1067 1695 1362 1751 secundum
1378 1695 1705 1762 allegoriam
1753 1694 2085 1750 considerari

500 1792 712 1856 oportet
734 1786 864 1856 quid
885 1780 1018 1841 illud
1054 1785 1321 1857 signiﬁcet
1336 1785 1479 1856 quod
1514 1785 1787 1856 parricida
1804 1784 1951 1841 ﬁlius
1976 1784 2086 1839 Ab.

500 1876 671 1931 salem
690 1885 904 1946 patrem
915 1877 1242 1946 insequitur.
1270 1876 1452 1932 Primo
1476 1886 1631 1947 pater
1659 1874 1778 1944 eius
1803 1876 2082 1933 declinans

2185 693 2362 739 autem
2377 682 2573 739 Chusai
2587 682 2832 753 ίΕιΙήορε
2846 701 2864 748 ;
2878 682 3182 751 Arachites,
3194 684 3616 756 longitudomea.
3633 686 3774 744 Hinc

2183 788 2395 844 quoque
2426 774 2478 827 in
2512 774 2781 842 Propheta
2822 775 3083 844 scriptum
3107 783 3230 829 est:
3264 793 3284 827 t
3318 766 3493 832 Vertit
3513 777 3772 849 [Ethiops

2181 863 2377 933 pellem
2399 878 2551 917 suam
2578 863 2711 934 (Jer.
2737 862 2883 934 IUL).
2917 884 2937 917 ι
2973 865 3042 919 Et
3063 865 3118 920 in
3146 865 3399 937 Psalmq:
3424 886 3443 917 ι
3465 867 3769 941 Ethiopia,

2183 950 2378 1023 inquit,
2407 954 2626 1008 festinet
2646 968 2843 1008 manus
2868 953 2992 1022 ejus
3019 955 3148 1010 dare
3173 954 3285 1010 Deo
3314 956 3492 1027 (Psal.
3518 959 3713 1029 vau).
3745 980 3764 1013 ι

2183 1045 2318 1113 Quia
2345 1046 2558 1116 gentilis
2582 1048 2811 1116 populus
2858 1056 3143 1117 postquam
3185 1062 3244 1102 se
3274 1048 3554 1118 nigredine
3574 1067 3772 1120 pecca-

2184 1142 2361 1194 torum
2413 1140 2581 1204 exuit,
2628 1150 2905 1208 nunquam
2951 1156 2982 1192 a
3038 1146 3193 1209 tergo
3246 1138 3461 1194 Domini
3515 1145 3768 1198 recessit.

2183 1231 2334 1298 Quod
2364 1237 2545 1283 autem
2564 1230 2897 1285 concubinas
2926 1229 3116 1295 David,
3161 1245 3299 1299 quas
3342 1229 3463 1299 ipse
3493 1233 3561 1287 ad
3585 1242 3772 1290 custo-

2184 1320 2431 1376 diendam
2444 1320 2660 1375 demum
2670 1319 2899 1386 dimisit,
2912 1321 3209 1391 stuprando
3220 1323 3483 1393 corrupit,
3497 1323 3541 1378 si
3547 1324 3774 1393 gniﬁcat

2183 1412 2325 1482 quod
2339 1420 2582 1481 apostata
2596 1411 2817 1482 angelus
2836 1412 3115 1480 quosdam,
3138 1413 3230 1481 qui
3244 1413 3493 1469 videntur
3503 1428 3692 1483 regere
3712 1423 3773 1470 et

2184 1502 2458 1557 custodire
2476 1501 2736 1572 populum
2752 1502 2868 1567 Dei,
2896 1501 3151 1557 haeretica
3170 1505 3441 1572 pravitate
3463 1505 3773 1575 seducendo

2184 1591 2404 1661 decipit»
2436 1590 2519 1644 Ad
2560 1606 2695 1661 quas
2735 1597 2913 1644 tamen
2937 1588 3106 1645 David
3137 1590 3280 1645 ultra
3308 1607 3414 1663 non
3440 1592 3768 1663 ingreditur,

2184 1683 2280 1738 sed
2301 1683 2356 1737 in
2378 1682 2619 1738 custodia
2648 1681 2842 1751 positis
2863 1681 3119 1736 alimenta
3140 1672 3364 1752 praebet.
3390 1683 3526 1754 ipsa:
3548 1698 3771 1752 quoque

2184 1774 2238 1828 in
2284 1774 2543 1829 viduitate
2598 1774 2841 1828 viventes
2886 1774 3086 1829 clausa:
3124 1784 3250 1830 sunt
3299 1790 3474 1846 usque
3516 1776 3590 1830 ad
3616 1776 3766 1832 diem

2182 1866 2374 1921 mortis
2402 1880 2530 1921 suae.
2556 1865 2700 1932 ‘Quia
2720 1876 2845 1921 cum
2867 1866 3131 1933 haeretici,
3163 1881 3196 1921 a
3224 1868 3312 1922 via
3336 1868 3581 1924 veritatis
3605 1870 3770 1924 ober-

500 1965 637 2036 fugit
688 1974 815 2021 ante
853 1960 1053 2021 faciem
1098 1967 1238 2037 eius,
1266 1966 1492 2022 secutus
1523 1967 1589 2021 de
1641 1966 1900 2030 victoria,
1953 1966 2079 2036 quia
2105 1968 2155 2030 Β
2181 1966 2384 2025 rantes,
2431 1959 2607 2012 denuo
2637 1958 2705 2011 ad
2750 1972 2871 2012 eam
2900 1958 3081 2013 redire
3107 1958 3473 2025 dissimulant.
3499 1975 3607 2014 nou
3636 1956 3769 2015 sunt

494 2056 702 2110 sciebat
729 2056 951 2126 impium
974 2057 1180 2125 petire,
1206 2056 1372 2127 quem
1398 2058 1561 2112 etiam
1592 2055 1741 2112 ﬂevit
1760 2056 1859 2111 ille
1880 2068 2078 2127 magno

494 2141 660 2209 luctu,
695 2151 748 2198 et
768 2145 1067 2213 deploravit
1084 2147 1292 2199 exitum
1306 2146 1618 2215 parricidae.
1645 2144 1916 2201 Scribitur
1932 2146 2078 2201 enim

492 2232 694 2302 mglsse
719 2233 890 2290 David
922 2248 958 2289 a
995 2234 1134 2290 facie
1158 2235 1412 2291 b‘eiiamis
1442 2238 1731 2292 adversum
1774 2251 1833 2292 se
1864 2237 1976 2291 ﬁiii.
2010 2237 2077 2292 Et

490 2322 617 2376 alibi
647 2322 905 2393 scriptum
926 2332 1015 2379 est
1050 2326 1119 2378 de
1152 2325 1354 2395 populo
1375 2324 1699 2392 Jerusalem,
1724 2326 1956 2383 Domino
1994 2328 2077 2383 di-

489 2420 681 2465 caute:
715 2429 734 2462 ι
780 2411 951 2468 Filios
990 2414 1228 2479 θητιπίνῆ
1288 2424 1345 2469 et
1400 2416 1674 2483 etaltavi;
1726 2418 1832 2488 ipsi
1890 2426 2074 2473 autem

490 2500 817 2569 quaerunt,
856 2517 943 2557 me
987 2503 1147 2575 (Isai.
1175 2502 1236 2577 ι).
1270 2523 1297 2558 ο»
1346 2505 1520 2561 Filius
1548 2518 1676 2578 ergo
1715 2508 1833 2577 ejus
1878 2509 2075 2578 impius

489 2591 698 2663 tropice
720 2591 893 2662 accipi
916 2601 1094 2664 potest
1117 2592 1376 2651 Judaicus
1398 2597 1651 2667 populus,
1690 2599 1787 2667 qui
1816 2614 1936 2652 eum
1967 2607 2075 2669 tra-

484 2680 641 2736 didit.
674 2682 927 2739 Absalom
955 2694 1139 2741 autem
1181 2686 1372 2758 (sicut
1426 2689 1690 2759 anteiam
1723 2691 1924 2747 dictum
1949 2691 2071 2766 estw)

483 2779 803 2852 i‘ntelii‘gitur
819 2783 984 2853 patris
1000 2798 1126 2839 pax.
1152 2784 1311 2852 Quod
1336 2787 1545 2843 mirum
1574 2787 1789 2843 videtur
1818 2788 1872 2842 in
1902 2788 2073 2855 bisto;

485 2868 587 2933 ria,
623 2870 1074 2938 quemadmodum
1114 2876 1293 2945 possit
1326 2877 1560 2950 intelligi
1610 2879 1781 2948 patris
1826 2894 1952 2948 pax,
1979 2879 2071 2948 qui

492 2966 701 3030 patrem
730 2964 872 3020 bello
892 2966 983 3021 'e'st
1002 2970 1355 3038 persecutus?
1374 2968 1483 3026 Sed
1511 2971 1604 3041 qui
1632 2970 1916 3043 diligenter
1941 2971 2071 3026 alle-

485 3051 693 3120 goriam
726 3052 1034 3125 intendunt,
1060 3058 1361 3128 inspiciunt
1386 3061 1639 3117 Absaiom
1680 3074 1802 3118 esse
1842 3062 2068 3120 Jerusa-

478 3143 615 3209 lem,
658 3155 778 3215 quae
810 3148 979 3203 etiam
1006 3157 1064 3204 et
1107 3151 1224 3220 ipsa
1242 3158 1357 3223 patr
1388 3153 1801 3225 interpretatur,
1852 3170 1888 3208 a
1916 3153 2069 3223 cujus

482 3233 619 3289 facie
632 3234 887 3294 Christus
915 3236 1075 3311 fugit,
1100 3240 1319 3311 qubﬁdo
1348 3245 1606 3314 patiendo
1622 3261 1746 3301 eam
1779 3246 2061 3315 deserens,

2179 2050 2324 2122 digni
2347 2051 2747 2106 cohabitatione
2764 2050 2985 2114 Christi,
3000 2050 3099 2106 sed
3119 2050 3312 2118 clausi,
3327 2051 3382 2105 id
3394 2061 3497 2120 est,
3522 2052 3766 2129 separati

2174 2149 2353 2207 erunt,
2386 2157 2417 2196 a
2439 2142 2714 2197 consortio
2736 2142 2852 2213 q’us
2866 2141 3052 2196 alieni.
3075 2140 3168 2196 llle
3188 2148 3391 2209 tamen,
3418 2160 3437 2194 ι
3469 2142 3561 2212 qui
3590 2141 3764 2197 solem

2134 2280 2137 2283 λ
2175 2244 2330 2285 suum
2359 2230 2493 2285 oriri
2520 2229 2650 2285 facit
2677 2247 2840 2301 super
2874 2231 3044 2287 bonos
3070 2239 3127 2287 et
3141 2232 3330 2297 malos,
3362 2240 3418 2287 et
3435 2232 3575 2302 pluit
3598 2249 3764 2303 super

2168 2322 2344 2392 iustos
2364 2330 2418 2377 et
2450 2320 2681 2390 ininstos
2708 2322 2922 2393 (Matth.
2948 2321 3003 2395 v)
3031 2360 3046 2389 ,
3078 2342 3097 2375 ι
3126 2338 3232 2378 non
3274 2324 3453 2380 renuit
3481 2324 3765 2380 beneﬁciis

2174 2415 2289 2469 suis
2316 2418 2534 2485 pastum
2574 2413 2772 2469 talibus
2792 2414 2864 2468 ~in
2894 2414 2999 2469 hoc
3039 2415 3240 2469 mundo
3274 2416 3547 2484 praebere,
3574 2424 3634 2469 ut
3656 2431 3763 2485 per

2173 2507 2369 2562 collata
2412 2505 2675 2561 beneﬁcia
2731 2506 3072 2561 occasionem
3122 2507 3323 2561 tribuat
3378 2507 3756 2563 convertendi.

2170 2596 2429 2666 Quisquis
2441 2595 2678 2651 ﬁdelium
2700 2596 2896 2651 divina:
2912 2578 3105 2665 gratia:
3117 2586 3476 2652 illustratione
3495 2614 3758 2668 compun-

2166 2703 2292 2749 ‘ctus
2329 2698 2518 2749 sancto
2556 2692 2828 2748 desiderio
2858 2694 2923 2747 de
2970 2693 3098 2748 imis
3134 2692 3205 2746 ad
3254 2707 3471 2747 summa
3510 2693 3636 2747 vehi
3667 2708 3759 2748 su—

2166 2799 2354 2855 pernae
2393 2783 2864 2855 contemplationis
2909 2797 3086 2853 penna
3140 2784 3390 2848 sustinet,
3443 2790 3756 2838 sanctorum

2166 2878 2608 2948 praecedentium.
2657 2884 2874 2947 patrum
2935 2887 3090 2945 gesta
3140 2883 3265 2931 ante
3318 2876 3518 2931 mentis
3567 2875 3757 2930 oculos

2160 2978 2335 3039 ponat
2376 3010 2392 3037 ,
2446 2976 2610 3041 atque
2656 2969 2934 3023 ineorum
2976 2981 3034 3022 se
3098 2966 3399 3021 imitatione
3449 2954 3756 3024 exercendo

2162 3058 2454 3133 proficiat,
2510 3070 2566 3117 et
2614 3062 2760 3131 quod
2806 3060 2867 3115 in
2912 3059 3175 3129 praesenti
3228 3058 3414 3113 titillat
3449 3073 3516 3115 ex
3577 3057 3751 3124 vitio,

2168 3153 2253 3209 vel
2312 3152 2713 3222 praeteritorum
2774 3148 3042 3204 malorum
3118 3147 3381 3202 memoria
3444 3147 3703 3216 reprimat
3724 3166 3749 3212 τ,

2167 3247 2252 3302 vel
2272 3248 2532 3302 donorum
2563 3244 2982 3316 praecedentium
3014 3241 3395 3297 ‘con-solatione
3425 3240 3746 3310 restinguat,

481 3326 536 3379 in
576 3322 829 3397 gentibus
850 3332 953 3401 pe'r
987 3328 1148 3388 ﬁdem
1170 3335 1417 3391 secessit.
1452 3335 1560 3392 Alii
1585 3337 1842 3394 Absalom
1869 3338 2063 3396 Judam
2089 3322 2135 3385 (ἶ
2169 3339 2251 3395 vel
2275 3339 2440 3392 etiam
2486 3338 2791 3391 imitatione
2839 3335 2941 3406 (ut
2960 3334 3163 3389 dictum
3194 3335 3557 3405 est)patrum
3606 3345 3750 3399 prte—

478 3414 819 3482 proditorem
842 3420 1143 3490 accipiunt,
1164 3438 1336 3493 ’quem
1360 3432 1514 3482 tanta
1540 3434 1599 3482 et
1623 3429 1940 3486 admiranda
1964 3447 2062 3501 pa-

478 3504 666 3560 tientia
695 3505 947 3564 Cbristus
982 3511 1227 3580 pertulit,
1258 3522 1519 3584 tanquam
1555 3514 1671 3584 eius
1700 3519 2064 3589 cogitationes

474 3594 774 3665 ignoraret,
813 3613 939 3655 cum
972 3602 1224 3658 adhibuit
1267 3605 1321 3659 in
1350 3607 1684 3675 convivium,
1728 3609 1786 3664 in
1812 3626 1922 3680 quo
1949 3626 2066 3667 cor-

479 3688 629 3755 poris
649 3697 705 3743 et
718 3692 999 3760 sanguinis
1013 3695 1098 3749 sui
1124 3694 1645 3771 ﬁguram‘discipnlis
1657 3705 2063 3761 commendavit

476 3790 533 3836 et
562 3784 797 3841 tradidit.
822 3787 977 3855 Quod
1017 3790 1247 3860 denique
1274 3791 1332 3844 in
1348 3792 1469 3860 ipsa
1502 3794 1796 3855 traditione
1825 3804 1879 3851 et
1906 3812 2062 3852 oscu-

477 3870 584 3926 lum
618 3877 851 3946 accepit,
880 3878 1019 3935 bene
1043 3879 1362 3952 intelligitur
1387 3898 1578 3953 pacem
1605 3883 1880 3941 Christum
1909 3887 2060 3942 exhi-

474 3961 656 4017 buisse
680 3966 931 4021 traditori
961 3984 1080 4033 suo,
1098 3950 1358 4051 quamvis
1394 3950 1494 4028 ille
1516 3982 1632 4029 tam
1652 3977 1941 4045 scelerata
1963 3993 2058 4034 co-

470 4051 751 4131 agitationis
772 4056 985 4113 interno
1020 4060 1160 4117 bello
1191 4072 1514 4119 vastaretur.
1547 4065 1615 4120 Et
1657 4068 1779 4122 ideo
1803 4062 2058 4125 Absalom

472 4142 648 4210 patris
668 4159 775 4213 pax
801 4146 1018 4217 dicitur,
1064 4152 1188 4220 quia
1221 4161 1373 4229 pater
1414 4156 1600 4209 habuit
1645 4172 1856 4225 pacem,
1889 4174 2055 4227 quam

474 4231 567 4288 ille
608 4250 716 4289 non
742 4236 968 4319 babuit;
1006 4240 1325 4315 AcbitOphel
1372 4245 1562 4317 igitur,
1609 4249 1702 4318 qui
1745 4252 2002 4307 recedens
2026 4268 2058 4307 a

475 4321 667 4391 David,
700 4327 767 4381 ad
799 4328 1054 4387 Absalom
1084 4337 1489 4406 transmigravit
1510 4378 1527 4404 ,
1561 4334 1844 4396 hmretico‘s
1884 4343 2054 4413 signi--

474 4413 624 4481 ﬁcat,
651 4419 766 4487 qui,
810 4423 1121 4481 recedentes
1160 4442 1190 4480 a
1219 4429 1436 4483 tramite
1471 4422 1738 4497 veritatis,
1769 4448 1827 4487 se
1848 4434 2057 4488 sociant

2158 3428 2471 3484 cedentium
2530 3433 2858 3496 provocetur
2910 3425 2982 3479 ad
3038 3423 3248 3478 melius.
3306 3422 3463 3488 Quod
3526 3435 3751 3496 necesse

2160 3528 2248 3574 est
2266 3527 2331 3572 ut
2352 3520 2375 3589 (
2400 3488 2985 3587 sicutproposuimus)
3024 3511 3287 3582 exemplis
3324 3488 3749 3566 evidentior-ibus

2160 3610 2542 3681 approbemus.
2575 3606 2647 3663 Ut
2685 3607 2832 3661 enim
2856 3616 3030 3660 unum
3058 3605 3126 3660 de
3154 3602 3340 3658 multis
3370 3602 3580 3673 loquar,
3614 3617 3749 3681 qua-

2162 3680 2320 3756 téuus
2341 3699 2614 3755 studiosus
2655 3698 2827 3753 leetor
2848 3697 3022 3751 multa
3054 3696 3112 3750 in
3135 3710 3241 3749 uno
3285 3693 3568 3764 intelligat,
3597 3680 3749 3763 quis-

2160 3794 2282 3863 quis
2322 3794 2612 3848 verborum
2654 3789 3000 3845 contumeliis
3038 3801 3285 3859 pressus,
3322 3801 3447 3841 eum
3487 3778 3747 3840 virtutem

2157 3889 2433 3958 patientia
2462 3882 2680 3943 servante
2719 3901 2826 3941 non
2844 3884 3067 3949 Δειιίὶίοἱι,
3094 3884 3265 3939 David
3304 3883 3507 3939 factum
3537 3883 3606 3937 ad
3629 3898 3748 3938 me-

2158 3982 2391 4036 moriam
2420 3981 2667 4045 reddeat,
2695 3992 2856 4049 quem
2886 3993 3008 4034 cum
3048 3976 3230 4033 Semei
3263 3983 3343 4030 tot
3364 3975 3625 4030 conviciis
3650 3990 3746 4029 ur-

2154 4081 2332 4145 geret,
2363 4074 2418 4127 et
2455 4073 2651 4128 armati
2672 4081 2933 4143 proceres
2954 4071 3149 4127 ulcisci
3178 4071 3590 4133 contenderent,
3615 4070 3692 4123 ait
3724 4089 3739 4125 :

2163 4176 2184 4216 ν
2214 4156 2361 4230 ’Quid
2381 4164 2511 4219 mibi
2534 4169 2588 4219 et
2613 4165 2789 4229 vobis,
2814 4163 2911 4218 ﬁlii
2938 4162 3177 4218 Sarviae?
3210 4161 3478 4216 ‘Dimittite
3508 4174 3654 4225 eum,
3682 4168 3745 4215 ut

2154 4255 2465 4309 maledicat.
2485 4245 2745 4310 Dominus
2771 4256 2915 4310 enim
2946 4254 3208 4325 "praecepit
3233 4254 3360 4308 eiut
3380 4251 3741 4306 malediceret

2157 4343 2347 4399 David.
2370 4344 2439 4397 Et
2461 4345 2583 4413 quis
2612 4353 2694 4399 est
2724 4346 2816 4415 qui
2872 4344 3071 4398 audeat
3118 4343 3318 4405 dicere,
3348 4355 3515 4409 quare
3561 4339 3642 4393 sic
3662 4338 3742 4394 fe-

2157 4435 2329 4491 cerit?
2350 4455 2370 4487 ι
2400 4432 2789 4504 Ειρθυισροεῑ
2814 4453 2826 4488 :
2850 4452 2871 4485 ι
2902 4433 3168 4489 Dimittite
3190 4446 3333 4493 eum,
3362 4437 3422 4483 ut
3444 4427 3739 4483 maledicat

473 4503 615 4560 hosti
641 4509 883 4579 antiquo,
919 4522 974 4567 et
1008 4516 1409 4586 subsequuntur
1436 4536 1693 4576 errorem.
1723 4522 2055 4592 Interpreta-
2150 4524 2305 4594 juxta
2323 4532 2655 4593 prmceptnm
2670 4503 2910 4588 'Damini,
2941 4523 2988 4577 si
3026 4522 3164 4577 forte
3194 4520 3452 4590 respiciat
3474 4519 3738 4574 Dominus

469 4604 558 4647 tur
579 4605 761 4650 autem
793 4599 1113 4671 Acbitopbel
1154 4606 1320 4679 frater
1343 4624 1487 4662 meus
1527 4608 1751 4673 cadens;
1789 4611 2051 4668 Gilonites
2073 4669 2121 4679 _
2156 4612 2503 4668 amictionem
2528 4624 2726 4677 meam,
2754 4620 2807 4667 et
2830 4614 3021 4667 reddat
3042 4613 3180 4667 mihi
3226 4612 3422 4665 bonum
3448 4624 3546 4677 pro
3567 4608 3737 4661 male-

470 4695 622 4743 vero,
645 4686 1053 4767 transmigrauit,
1090 4699 1279 4747 contra
1312 4710 1446 4764 quos
1466 4690 2047 4770 Propheta'incrcpans
2073 4686 2128 4734 ου
2146 4707 2390 4763 “dictione
2419 4707 2520 4759 hac
2548 4706 2634 4760 die
2674 4706 2952 4759 hodierna.
2980 4723 3004 4755 τ
3037 4703 3245 4770 Quibus
3262 4701 3511 4771 profecto
3550 4700 3736 4753 verbis

468 4774 636 4828 dicit:
670 4794 703 4867 "ti
727 4776 783 4829 ln
808 4770 1034 4834 Domino
1073 4782 1306 4848 conﬁdo,
1335 4788 1606 4853 quomodo
1640 4788 1818 4843 dicitis
1852 4792 2046 4848 animm
2153 4798 2380 4864 indicat,
2404 4799 2536 4867 quia
2578 4809 2680 4866 pro
2710 4803 3023 4866 perpetrato
3062 4770 3349 4849 Bersabea:
3390 4790 3614 4855 scelere,
3643 4805 3736 4843 cx-

469 4880 599 4920 meaa
625 4866 1011 4961 :bTr‘ansmigra
1035 4871 1089 4926 in
1112 4883 1376 4940 montem,
1400 4876 1539 4955 sicut
1560 4892 1748 4946 passer
1774 4875 2007 4954 (Psal.x)
2024 4923 2041 4950 ,

2164 4900 2463 4962 surgentem
2492 4898 2686 4944 contra
2708 4892 2768 4943 Se
2804 4887 2980 4941 ﬁlium
3028 4884 3256 4955 fugiens,
3291 4881 3505 4938 reduxit
3524 4881 3591 4934 ad
3615 4879 3732 4932 ani-

466 4966 570 5053 etc.
609 4978 627 5010 ι
656 4959 723 5049 Et
746 4959 941 5053 merito
970 4962 1115 5053 tales
1156 4964 1349 5045 laqueo
1374 4968 1480 5021 doli
1508 4978 1666 5053 atque
1693 4972 1909 5029 malitia:
1935 4992 2047 5033 sua:
2150 4959 2300 5033 mum
2327 4979 2527 5034 malum
2556 4977 2699 5047 quod
2742 4975 3091 5046 perpetravit,
3126 4982 3182 5029 et
3211 4971 3588 5042 aequanimiter
3606 4985 3732 5038 per-

465 5042 632 5101 vitam
654 5044 930 5121 propriam
955 5052 1175 5122 ﬁniunt,
1209 5042 1300 5126 qui
1348 5048 1577 5114 alienam
1628 5066 1809 5132 pravis
1833 5069 2043 5126 suasio-

465 5137 624 5192 nibus
666 5154 1016 5214 corrumpere
1061 5134 1423 5217 satagebant,
1463 5151 1602 5207 sicut
1649 5138 1964 5228 Acbitopbel
1986 5160 2042 5215 in

464 5228 685 5314 propria
713 5230 873 5287 domo
903 5238 1193 5306 suspendio
1220 5236 1446 5315 interiit,
1481 5242 1651 5311 qui'in
1696 5245 1889 5311 aliena,
1914 5250 2040 5304 vitae

464 5318 632 5408 David
666 5320 949 5379 insidiatus
971 5335 1072 5381 est.
1121 5327 1272 5408 Unde
1292 5316 1551 5401 scriptum
1580 5318 1697 5389 est:
1730 5355 1748 5387 ε
1782 5326 2044 5404 ριιίΐοάἱι

460 5407 694 5509 foveam,
714 5414 902 5487 incidit
926 5417 979 5471 in
1007 5416 1329 5509 eam(Ecch‘.
1359 5410 1580 5497 γρυπὴ.»
1602 5428 1696 5481 Et:
1721 5430 1805 5484 «In
1829 5430 2040 5489 insidiis

460 5590 638 5683 tiquus
663 5580 868 5651 amicus
884 5597 1073 5665 David,
1090 5586 1356 5673 s'gniﬁcat
1378 5609 1660 5665 credentes
1681 5627 1745 5665 ex
1763 5598 2032 5683 gentibus,

457 5680 549 5748 qui
574 5679 701 5738 licet
725 5700 848 5740 cum
894 5688 1149 5747 Absalom
1192 5694 1481 5765 aliquando
1527 5701 1627 5755 visi
1680 5679 1821 5769 sunt,
1854 5679 2037 5762 tamen

455 5772 639 5839 pravis
664 5774 780 5844 ejus
825 5782 1078 5849 operibus
1100 5800 1209 5841 non
1236 5790 1718 5857 communicantes,
1750 5812 1848 5848 nec
1871 5796 2036 5853 Achi-

456 5861 639 5931 tophel
666 5863 865 5934 iniquis
886 5873 1321 5942 suggestionibus
1353 5894 1587 5946 unquam
1611 5884 2033 5955 consentientes,

2039 6038 2101 6079 μ-

2147 5070 2295 5135 Itulit,
2327 5070 2471 5140 quod
2518 5068 2744 5132 audivit,
2786 5076 2841 5121 et
2882 5065 3270 5121 contumeliosa
3297 5063 3459 5118 verba
3486 5076 3593 5115 non
3616 5068 3728 5114 tam

2147 5162 2392 5217 convicia
2416 5174 2577 5231 quam
2602 5160 2875 5229 adjutoria
2908 5159 3162 5225 credidit,
3188 5158 3381 5226 quibus
3399 5155 3723 5226 sepurgari,

2146 5252 2359 5321 Sibique
2393 5244 2651 5307 'misereri
2684 5266 2848 5319 posse
2884 5249 3167 5320 judicavit.
3211 5247 3361 5302 Tunc
3395 5246 3538 5300 enim
3575 5244 3725 5298 illata

2144 5345 2400 5399 'Convit'ia
2426 5338 2560 5396 bene
2604 5342 2916 5407 toleramus,
2941 5354 3061 5394 cum
3107 5339 3163 5392 in
3192 5345 3402 5392 secreto
3432 5335 3627 5391 mentis
3654 5336 3723 5390 ad

2146 5431 2286 5486 male
2312 5436 2623 5500 perpetrata
2642 5430 2997 5484 recurrimns.
3026 5427 3169 5482 Leve
3205 5426 3403 5494 quippe
3429 5424 3718 5489 videbitur,

2146 5524 2289 5595 quod
2308 5522 2511 5592 injuria
2531 5521 2891 5593 percutiatur,
2907 5521 3041 5575 dum
3066 5520 3126 5574 in
3150 5518 3364 5573 actione
3390 5521 3577 5585 nostra
3596 5528 3723 5569 con-

2138 5614 2555 5685 ’spictmtniqtna
2584 5613 2744 5685 pejus
2772 5620 2857 5669 eat
2889 5614 3046 5682 ‘qtlod
3080 5622 3383 5665 meremur.
3414 5607 3612 5695 Sicque
3656 5607 3721 5661 iit

2142 5715 2203 5761 ut
2230 5708 2761 5777 contumeliisg'ratia
2791 5707 2963 5776 magis
2992 5714 3151 5773 quam
3174 5704 3255 5758 ira
3284 5703 3566 5766 debeatur,
3590 5716 3696 5771 qua

2142 5812 2264 5852 rum
2280 5797 2611 5862 interventu,
2642 5794 3155 5863 Deoiddicemmna
3196 5792 3413 5863 gravior
3454 5790 3715 5885 declinari

2144 5903 2301 5956 posse
2336 5890 2637 5944 couﬁtitur.
2676 5886 2829 5952 Quod
2878 5891 3056 5940 autem
3094 5883 3352 5940 Jouathas
3381 5922 3397 5950 ,
3426 5882 3518 5954 qui
3548 5882 3716 5937 intér-
