4074 6466
484 412 587 484 ,Μαί

1128 411 1186 465 Β.
1226 408 1479 463 RABANI
1513 406 1732 464 MAURI
1766 403 2084 462 ARCHIEP.
2123 402 2431 460 MOGUNT.
2472 399 2757 459 OPERUM
2795 396 2972 454 PARS
3007 396 3049 452 Ι.

3624 385 3740 442 112

480 518 698 593 ralibus
719 523 946 586 solebat,
979 521 1122 575 sicut
1165 518 1341 574 solent
1369 518 1547 573 facere
1570 517 1767 584 claudi,
1804 515 2063 587 quemad—
2086 515 2141 576 Α
2162 514 2271 581 vid,
2303 515 2407 568 hoc
2430 520 2530 578 est,
2561 513 2629 567 ab
2650 509 2888 566 Ecclesia
2908 506 3256 575 semetipsum
3282 505 3585 573 separabat,
3606 518 3735 558 cum

497 617 716 671 modum
737 623 794 671 et
823 614 914 670 ille
935 621 1071 669 erat.
2024 671 2033 685 ν

572 724 591 757 ι
622 705 714 762 Ait
741 713 921 759 autem
971 717 1067 756 rex
1098 701 1165 756 ad
1191 699 1586 771 Miphiboseth:
1618 698 1758 766 Quid
1804 696 1949 752 ultra
1984 696 2062 750 lo-

500 815 521 847 ‹
566 795 781 866 queris?
808 793 1002 848 Fixum
1028 801 1133 857 est,
1156 792 1299 861 quod
1325 791 1535 845 locutus
1553 804 1692 845 sum.
1723 788 1803 843 Tu
1824 796 1879 842 et
1907 786 2059 850 Siba,

482 876 519 937 ἀ
564 885 783 942 dividite
797 885 1183 955 possessiones,
1213 892 1317 938 etc.
1358 902 1376 934 ι
1406 883 1463 936 In
1488 882 1713 936 Hebraeo
1738 881 1813 934 ita
1833 879 2057 948 legitur:

470 968 473 971 ’
501 996 517 1026 ι
546 974 689 1040 Dixi,
737 983 795 1029 tu
826 984 882 1029 et
932 973 1084 1040 Siba,
1129 972 1351 1027 dividite
1390 986 1599 1042 agrum.
1633 989 1653 1022 ›
1684 968 1789 1023 Pro
1829 983 1894 1023 eo
1922 966 2064 1035 quod

494 1067 550 1121 in
571 1066 673 1121 hoc
691 1065 811 1121 loco
836 1064 1004 1119 David
1030 1065 1316 1119 immemor
1341 1061 1446 1116 fuit
1474 1061 1724 1116 amicitiae
1744 1068 1799 1114 et
1822 1059 2060 1124 foederis,

494 1157 605 1212 imo
620 1156 937 1228 juramenti,
957 1154 1102 1223 quod
1122 1153 1312 1208 habuit
1333 1167 1460 1207 cum
1484 1149 1777 1211 Jonathan,
1800 1155 1854 1203 et
1883 1157 2063 1202 tamen

492 1251 710 1307 crudele
734 1247 1369 1318 deditjudicium,dicens
1398 1264 1411 1299 :
1443 1263 1462 1298 ι
1484 1244 1563 1299 Tu
1586 1252 1640 1299 et
1668 1244 1819 1307 Siba,
1845 1241 2066 1296 dividite

494 1357 682 1413 agrum
707 1382 723 1407 ,
761 1361 781 1394 ι
816 1340 1019 1396 idcirco
1072 1339 1312 1393 Roboam
1353 1346 1408 1391 et
1434 1335 1719 1391 Jeroboam
1768 1334 2066 1387 diviserunt

493 1432 608 1501 ejus
630 1446 874 1503 regnum.
932 1429 1291 1499 Miphiboseth
1338 1426 1484 1481 enim
1532 1426 1587 1480 in
1615 1414 1885 1480 Samuelis
1921 1422 2066 1476 libro

492 1524 710 1595 legitur,
752 1530 809 1576 et
829 1522 1217 1591 interpretatur
1240 1536 1297 1574 os
1317 1518 1681 1574 verecundum.
1709 1515 1765 1569 In
1798 1512 2067 1582 Paralipo-

495 1628 693 1668 menon
738 1626 868 1667 vero
926 1610 977 1683 (I
1006 1609 1134 1664 Par.
1158 1609 1280 1681 vm)
1312 1609 1457 1663 idem
1514 1606 1873 1677 Miphiboseth
1912 1601 2068 1657 Meri-

494 1704 622 1759 baal
648 1703 866 1774 legitur,
886 1710 941 1757 et
969 1702 1375 1771 interpretatur,
1402 1699 1611 1770 litigans
1637 1715 1753 1752 cum
1778 1696 2064 1750 Altissimo.

2161 603 2276 672 ejus
2294 610 2616 659 conventum
2635 600 2964 656 exsecranda
2986 597 3290 667 spernebat.
3317 593 3416 648 Hic
3436 609 3566 664 ergo
3586 601 3734 663 post—

2160 711 2321 766 quam
2343 711 2439 765 per
2468 694 2709 749 mulieris
2733 692 2988 762 sapientis
3021 687 3416 761 suggestionem
3435 726 3451 752 ,
3481 685 3586 740 hoc
3614 691 3730 747 est,

2162 787 2419 858 spiritalis
2437 787 2693 842 doctrinae
2713 784 3067 839 eruditionem
3082 777 3384 850 caputSlba
3404 776 3732 839 absciderat,

2162 884 2265 938 hoc
2298 889 2411 950 est,
2451 878 2722 936 diabolum
2765 894 2796 931 a
2834 877 2995 932 corde
3026 889 3125 930 suo
3159 873 3466 943 abjecerat,
3508 884 3635 924 mox
3666 868 3737 921 ad

2162 973 2333 1030 David
2370 971 2676 1034 revertitur,
2722 984 2846 1025 cum
2879 967 3153 1023 Christum
3191 963 3386 1019 Filium
3431 962 3527 1017 Dei
3574 959 3739 1016 corde

2163 1063 2383 1120 credulo
2410 1068 2721 1116 veneratur.

2758 1149 2985 1207 CAPUT
3023 1148 3144 1204 XX.

2328 1244 2408 1300 De
2432 1262 2492 1300 eo
2515 1244 2654 1317 quod
2690 1243 2825 1298 Joab
2854 1242 3103 1297 Amasam
3134 1239 3255 1295 dolo
3288 1239 3569 1309 interfecit.

2235 1335 2387 1409 (CAP.
2417 1335 2536 1407 xx.)
2566 1353 2586 1386 ‹
2618 1335 2765 1389 Dixit
2789 1334 2971 1402 itaque
2994 1331 3129 1387 Joah
3157 1331 3226 1385 ad
3249 1330 3531 1384 Amasam:
3559 1327 3739 1391 Salve,

2170 1449 2190 1482 ι
2220 1428 2297 1483 mi
2317 1427 2506 1493 frater,
2537 1434 2594 1482 et
2623 1427 2796 1481 tenuit
2825 1440 2987 1479 manu
3011 1425 3234 1478 dextera
3255 1428 3498 1476 mentum
3525 1418 3742 1475 Amasa:

2171 1536 2191 1570 ‹
2224 1518 2376 1588 quasi
2403 1518 2652 1573 osculans
2678 1532 2820 1571 eum.
2862 1515 3033 1570 Porro
3065 1513 3266 1569 Amasa
3302 1527 3409 1566 non
3435 1510 3745 1565 observavit
3773 1572 3787 1584 .

2172 1628 2191 1661 ι
2226 1609 2463 1682 gladium
2492 1624 2651 1679 quem
2699 1608 2933 1664 habebat
2976 1604 3131 1662 ποθι).
3175 1604 3277 1671 Qui
3318 1603 3585 1673 percussit
3617 1616 3743 1655 eum

2172 1719 2190 1750 ι
2228 1699 2284 1754 in
2320 1699 2507 1764 latere,
2554 1707 2609 1754 et
2638 1698 2823 1753 effudit
2865 1697 3119 1751 intestina
3153 1695 3273 1765 ejus
3312 1694 3367 1749 in
3414 1702 3649 1758 terram,
3690 1702 3748 1747 et

496 1794 738 1865 Litigans
766 1793 913 1848 enim
942 1808 1065 1847 cum
1089 1791 1386 1855 Altissimo,
1435 1790 1489 1844 id
1523 1797 1605 1843 est
1624 1790 1755 1853 Deo,
1789 1786 1955 1842 fuisse
1986 1786 2068 1840 di-
2093 1861 2131 1865 _
2173 1807 2192 1841 ι
2227 1799 2472 1845 mortuus
2497 1796 2601 1856 est,
2629 1804 2730 1843 nec
2753 1789 3048 1844 secundum
3062 1788 3257 1842 vulnus
3281 1785 3550 1857 apposuit,
3578 1793 3687 1839 etc.
3722 1803 3740 1835 ι

495 1861 657 1949 citur,
688 1898 754 1938 eo
777 1883 920 1952 quod
948 1881 1120 1935 David
1161 1880 1463 1935 reduxisset
1486 1893 1609 1933 cum
1642 1892 1793 1946 pace.
1830 1876 1898 1930 Et
1923 1875 2067 1945 quod
2093 1861 2141 1921 Β
2171 1882 2309 1949 Quid
2336 1891 2440 1949 est,
2469 1882 2612 1951 quod
2638 1880 2774 1936 Joab
2801 1880 3014 1935 Amasze
3045 1889 3285 1935 mentum
3320 1879 3543 1933 dextera
3581 1892 3747 1931 manu

498 1974 578 2027 ait
607 1972 751 2026 idem
777 1970 1141 2042 Miphiboseth
1162 1970 1277 2040 regi
1301 1986 1314 2022 :
1352 1987 1370 2018 ι
1400 1967 1575 2022 Etiam
1603 1974 1799 2022 cuncta
1817 1966 2066 2033 accipiat,

501 2079 520 2111 ε
548 2072 831 2130 postquam
844 2074 1096 2114 reversus
1114 2067 1196 2113 est
1221 2058 1468 2113 dominus
1483 2072 1634 2111 meus
1653 2072 1749 2111 rex
1775 2058 1831 2110 in
1851 2057 2069 2111 domum

502 2168 521 2201 ‹
565 2164 743 2203 meam
771 2148 1019 2218 paciﬁce,
1051 2168 1070 2200 ι
1105 2162 1212 2202 non
1239 2148 1342 2202 hoc
1367 2147 1569 2201 dixisse
1610 2147 1913 2215 suspicatur
1947 2161 2069 2216 gra-

498 2237 692 2293 tulanti
723 2238 926 2303 animo,
958 2238 1053 2293 sed
1089 2237 1392 2303 insultanti,
1415 2246 1470 2292 et
1498 2237 1653 2307 quasi
1683 2245 1873 2291 contra
1901 2238 2067 2292 Deum

498 2330 880 2397 murmuranti,
907 2346 973 2386 eo
1013 2322 1163 2400 quod
1183 2329 1353 2384 David
1376 2329 1636 2385 Dominus
1686 2329 1741 2384 in
1760 2345 1892 2399 pace
1913 2330 2072 2385 redu-

499 2422 690 2478 xisset.

574 2530 593 2563 ‹
624 2511 694 2567 Et
715 2511 793 2566 ait
821 2510 1083 2567 Berzellai
1111 2511 1179 2566 ad
1201 2526 1383 2582 regem
1408 2530 1422 2565 :
1460 2509 1603 2577 Quot
1624 2518 1751 2567 sunt
1768 2510 1883 2565 dies
1907 2525 2075 2564 anno-

504 2621 523 2656 ι
559 2619 681 2659 rum
710 2603 836 2659 vitae
862 2618 1016 2669 meat,
1049 2611 1111 2657 ut
1133 2604 1422 2658 ascendam
1441 2618 1564 2657 cum
1594 2617 1718 2673 rege
1739 2600 2075 2656 Jerusalem?

505 2713 523 2745 ι
559 2695 656 2749 Est
674 2702 855 2749 autem
875 2708 1066 2748 servus
1089 2702 1212 2748 tuus
1231 2692 1525 2759 Chamaan,
1553 2700 1660 2748 etc.
1687 2711 1707 2743 ι
1732 2692 1791 2745 In
1812 2692 2069 2746 Hebraeo:

503 2801 522 2834 ι
555 2783 695 2840 Ecce
719 2798 909 2839 servus
931 2790 1057 2838 tuus
1082 2782 1396 2849 Chamaam,
1425 2784 1540 2854 ipse
1564 2782 1725 2837 vadat
1754 2792 1952 2847 tecum,
1983 2782 2076 2836 do-

503 2893 522 2925 ι
558 2876 706 2930 mine
731 2876 807 2930 mi
839 2889 952 2930 rex.
984 2894 1003 2927 ι
1037 2873 1332 2930 Chamaam
1353 2875 1741 2946 interpretatur
1781 2874 2072 2944 suspirans.

498 2962 746 3030 Quandiu
794 2978 917 3018 cum
958 2972 1114 3034 patre
1156 2964 1483 3035 permansit,
1526 2965 1805 3033 suspirans
1854 2971 2076 3017 vocatus

497 3060 601 3108 est.
624 3052 916 3122 Postquam
936 3067 1066 3108 vero
1085 3053 1141 3107 in
1161 3053 1463 3108 doctrinam
1482 3053 1653 3109 David
1675 3055 1817 3124 regis
1840 3053 2073 3118 transiit,

498 3156 609 3197 non
635 3142 932 3199 Chamaam
955 3183 970 3210 ,
1033 3144 1130 3198 sed
1171 3142 1424 3198 Chanaan
1471 3144 1638 3214 (quod
1690 3145 2078 3215 interpretatur

2171 1976 2377 2040 tenuit,
2418 1974 2513 2028 sed
2557 1973 2834 2028 sinistram
2874 1972 2940 2027 ad
2984 1972 3217 2043 gladium
3246 1970 3477 2024 latenter
3502 1969 3746 2032 mittens,

2168 2063 2286 2133 ejus
2313 2064 2521 2118 viscera
2549 2061 2876 2127 eﬁ‘udit,nisi
2904 2062 3008 2116 hoc
3032 2060 3173 2130 quod
3196 2066 3444 2130 patenter
3470 2057 3629 2112 datur
3664 2057 3752 2111 in-

2171 2156 2378 2226 telligi?
2417 2156 2650 2209 Dextera
2676 2168 2912 2222 namque
2940 2161 3182 2207 mentum
3219 2159 3402 2206 tenere
3440 2158 3560 2215 est,
3591 2148 3751 2218 quasi

2170 2262 2234 2301 ex
2262 2245 2684 2315 benignitatibus
2708 2243 2963 2299 blandiri.
2999 2241 3107 2298 Sed
3125 2242 3406 2297 sinistram
3425 2241 3493 2296 ad
3513 2240 3750 2311 gladium

2172 2338 2337 2392 mittit
2388 2337 2479 2405 qui
2507 2336 2736 2391 latenter
2757 2350 2824 2389 ex
2848 2334 3054 2389 malitia
3082 2333 3336 2404 percutit.

2755 2447 2983 2504 CAPUT
3021 2447 3163 2502 XXI.

2172 2543 2250 2597 De
2277 2543 2414 2612 fame
2440 2540 2601 2595 trium
2632 2556 2914 2612 mutorum
2934 2556 3051 2609 qua:
3089 2538 3375 2612 contigerat
3400 2536 3456 2612 in
3486 2536 3657 2612 Israel
3674 2534 3752 2612 ob

2243 2606 2653 2691 interfectionem
2677 2606 3108 2691 Gabaonitarum,
3142 2606 3272 2691 quos
3302 2606 3438 2688 Spul
3463 2608 3617 2691 quusi
3640 2606 3753 2660 zelo

2246 2676 2524 2750 interfecit,
2542 2682 2597 2733 in
2618 2681 2772 2750 cujus
2796 2676 3267 2750 recompensatjoue
3288 2678 3443 2747 stirps
3465 2676 3634 2750 deleta
3654 2686 3751 2750 est.

2244 2782 2315 2792 ——
2328 2746 2477 2804 Bella
2489 2746 2901 2820 quatuorﬂavid
2927 2746 3107 2820 contra
3121 2746 3439 2820 Rhilistwos,
3454 2747 3543 2801 ubi
3566 2746 3756 2815 reperti

2246 2830 2367 2876 sunt
2393 2817 2722 2875 viri'statura
2745 2821 2967 2888 proceri,
2998 2819 3052 2888 in
3077 2817 3265 2888 quibus
3295 2834 3431 2871 unus
3459 2832 3641 2888 eorum
3667 2832 3757 2870 se-

2248 2907 2343 2945 nos
2368 2891 2555 2960 digitos
2582 2886 2763 2943 habuit
2798 2889 2853 2941 in
2879 2886 3120 2942 manibus
3146 2889 3250 2941 sive
3278 2889 3333 2940 in
3359 2886 3611 2957 pedibus.)

2251 2980 2401 3052 (Car.
2430 2979 2569 3052 xxi.)
2602 2998 2619 3029 ι
2656 2979 2822 3033 Facta
2866 2986 2949 3032 est
2994 2992 3206 3048 quoque
3253 2977 3424 3031 fames
3471 2978 3525 3031 in
3568 2976 3758 3031 diebus

2186 3091 2204 3124 ‹
2243 3072 2412 3127 David
2436 3072 2608 3127 tribus
2640 3072 2794 3126 annis
2815 3070 3035 3141 jugiter.
3068 3071 3135 3124 Et
3154 3069 3422 3125 consuluit
3444 3069 3614 3124 David
3634 3084 3745 3124 ora-

2188 3182 2207 3215 ‹
2243 3163 2421 3219 culum
2448 3163 2679 3218 Domini.
2729 3162 2980 3232 Dixitque
3019 3162 3321 3231 Dominus:
3364 3159 3590 3231 Propter
3628 3160 3758 3216 Saul

450 3300 457 3311 ἢ
497 3232 700 3304 ﬁdelis)
732 3232 1029 3304 appellatus
1051 3242 1153 3289 est.
1187 3232 1381 3289 Sermo
1407 3235 1606 3290 dicitur
1642 3235 1701 3290 in
1738 3214 1906 3291 veteri
1953 3252 2072 3307 pro-

2187 3273 2206 3306 ‹
2243 3264 2296 3309 et
2316 3257 2533 3309 domum
2552 3252 2667 3323 ejus
2688 3214 3030 3324 sanguinum,
3046 3252 3172 3321 quia
3191 3251 3389 3307 occidit
3406 3214 3759 3316 Gabaonitas,

496 3325 723 3379 verbio:
762 3343 781 3375 ‹
819 3324 920 3392 Qui
950 3324 1305 3396 interrogant,
1337 3326 1671 3399 interrogent
1709 3329 1765 3383 in
1797 3329 1995 3396 Abela,
2023 3340 2078 3385 et

499 3411 581 3466 sic
602 3412 885 3481 proﬁcient
912 3411 999 3485 (ΙΙ
1020 3411 1155 3484 Ἠεθ.
1187 3414 1300 3486 xx).
1338 3435 1356 3467 ι
1383 3416 1441 3469 In
1470 3414 1695 3471 Hebraeo
1716 3433 1823 3473 non
1848 3419 2079 3473 habetur

498 3502 808 3573 proverbio.
831 3502 938 3558 lste
960 3517 1161 3569 sermo,
1179 3518 1359 3558 sermo
1379 3504 1514 3574 legis
1534 3512 1636 3570 est,
1661 3506 1717 3559 in
1739 3522 1844 3575 qua
1860 3508 2078 3578 iubetur

444 3662 447 3667 η
501 3611 534 3651 a
565 3597 794 3651 Domino
820 3611 920 3666 per
944 3596 1166 3667 Moysen
1196 3596 1375 3669 (Deut.
1410 3598 1502 3672 xx)
1534 3607 1594 3652 ut
1626 3601 1839 3668 quando
1872 3600 2078 3670 ingres-

500 3689 613 3744 suri
634 3698 816 3745 essent
840 3698 1045 3744 terram
1073 3688 1351 3757 Chanaan,
1393 3699 1447 3744 et
1470 3698 1661 3762 gentes
1690 3692 1933 3758 deleturi,
1968 3693 2079 3763 pri-

442 3852 443 3855 η
500 3793 648 3833 mum
676 3793 866 3849 pacem
897 3777 1146 3860 offerant.
1184 3780 1251 3833 Et
1288 3781 1336 3835 si
1377 3795 1483 3850 pax
1508 3783 1577 3837 ab
1602 3783 1682 3837 eis
1712 3772 2076 3853 reciperetur,

438 3868 441 3869 ⁷
500 3883 689 3937 pacem
728 3868 1052 3938 recipientes
1089 3868 1361 3924 tributarii
1399 3885 1588 3925 eorum
1612 3870 1971 3928 efﬁcerentur.
2013 3872 2081 3927 Et

502 3960 549 4015 si
570 3975 757 4031 pacem
790 3975 898 4015 non
924 3961 1248 4032 reciperent,
1278 3974 1408 4018 tunc
1435 3979 1467 4017 a
1497 3957 1621 4020 ﬁliis
1648 3965 1810 4019 Israel
1838 3966 2081 4021 deleren-

505 4061 613 4105 tur.
644 4050 852 4106 Idcirco
889 4051 1221 4109 exclamasse
1258 4054 1452 4108 mulier
1498 4056 1712 4125 sapiens
1758 4057 1825 4111 de
1864 4058 2083 4112 civitate

502 4142 674 4195 fertur
698 4158 711 4194 :
756 4158 775 4192 ‹
809 4139 997 4198 Nonne
1022 4157 1122 4211 ego
1148 4158 1289 4209 sum,
1319 4158 1440 4213 qua:
1467 4146 1766 4215 respondeo
1794 4148 2082 4202 veritatem

503 4234 559 4288 in
587 4232 772 4299 Israel,
803 4242 858 4289 et
879 4242 936 4289 tu
954 4236 1154 4306 quaeris
1175 4237 1489 4293 subvertere
1515 4239 1832 4294 civitatem?
1860 4260 1878 4293 ι
1905 4241 2083 4308 Quare

500 4325 807 4396 praecipuas
834 4326 1204 4383 hereditatem
1236 4327 1492 4384 Domini?
1524 4330 1605 4385 Ac
1632 4331 1678 4386 si
1703 4332 1938 4388 diceret:
1974 4333 2084 4389 Cur

499 4416 583 4471 vis
611 4417 889 4472 destruere
915 4418 1188 4475 civitatem
1235 4421 1403 4487 hanc,
1440 4431 1729 4493 antequam
1773 4440 1966 4494 pacem
1995 4426 2081 4481 in-

434 4582 439 4589 .
501 4509 823 4577 terrogando
847 4508 1063 4575 offeras,
1097 4510 1237 4566 sicut
1261 4511 1317 4565 in
1345 4512 1462 4584 lege
1483 4511 1746 4580 jubetur?
1783 4513 1891 4569 Cur
1916 4515 2081 4570 etiam

501 4614 611 4659 non
652 4598 901 4654 eamdem
941 4601 1116 4671 legem
1148 4602 1202 4656 in
1233 4603 1389 4658 nobis
1416 4604 1671 4661 lsraelitis
1700 4621 1918 4673 servas,
1962 4622 2082 4676 quae

503 4689 560 4743 in
596 4688 787 4745 alienis
810 4691 939 4744 olim
961 4700 1178 4748 servata
1204 4695 1323 4749 est?
1345 4694 1570 4751 Reditus
1598 4698 1779 4767 itaque
1804 4698 2080 4755 Israelitici

388 4786 395 4799 ‘
440 4780 441 4783 “
502 4777 685 4848 populi
723 4779 789 4835 ad
817 4779 985 4834 David
1026 4790 1147 4851 post
1191 4783 1621 4840 interfectionem
1644 4789 1933 4856 Absalom,
1973 4807 2079 4846 non

505 4869 609 4924 nisi
634 4869 866 4924 reditum
890 4871 1089 4940 prioris
1115 4874 1295 4943 p0puli
1328 4876 1396 4930 ad
1443 4874 1722 4931 Christum
1754 4888 1877 4947 post
1912 4882 2082 4936 inter-

500 4960 635 5014 itum
663 4976 955 5030 pravorum
975 4964 1357 5034 magistrorum
1387 4968 1674 5038 signiﬁcat.
1707 4971 1834 5027 Siba
1862 4990 1992 5045 ergo
2018 4975 2081 5030 ﬁ-

376 5079 395 5100 .
499 5047 605 5103 lius
633 5050 850 5118 Bochri,
881 5053 973 5122 qui
1014 5055 1267 5125 populum
1306 5058 1606 5114 seducendo
1649 5077 1679 5115 a
1721 5061 1887 5118 David
1924 5081 2078 5120 aver-

503 5140 676 5203 tebat,
706 5156 867 5210 quem
896 5142 1086 5199 melius
1107 5160 1264 5214 quam
1290 5161 1531 5203 errorem
1556 5151 1824 5222 significat
1842 5193 1857 5221 ,
1894 5156 1985 5224 qui
2022 5157 2077 5211 in

504 5230 787 5303 Synagoga
813 5232 1119 5289 Iudaeorum
1148 5237 1347 5291 diutius
1374 5239 1772 5311 dominabatur,
1799 5254 1854 5299 et
1874 5262 1904 5299 a
1934 5249 2077 5302 veri-

502 5319 633 5376 tatis
662 5322 850 5376 auditu
869 5324 1128 5393 populum
1157 5326 1543 5384 subvertebatl
1570 5332 1964 5404 Interpretatur
1982 5353 2078 5392 au-

502 5420 615 5467 tem
653 5412 783 5469 Siba
826 5423 992 5479 secta,
1036 5432 1069 5470 a
1104 5419 1359 5486 secando,
1400 5437 1509 5478 non
1534 5438 1563 5478 a
1590 5428 1853 5481 sectanda.
1884 5428 2077 5485 Bochri

505 5512 687 5559 autem
713 5505 1115 5576 interpretatur,
1154 5511 1525 5581 primogenita:
1563 5532 1727 5570 meus.
1760 5516 1924 5573 Israel
1952 5535 2080 5590 ergo

506 5592 576 5649 de
612 5609 720 5664 quo
757 5597 1020 5667 scriptum
1057 5607 1173 5655 est:
1222 5620 1242 5652 ι
1294 5602 1462 5658 Filius
1504 5620 1654 5661 meus
1690 5608 2080 5680 primogenitus

505 5684 694 5747 Israel,
722 5703 882 5758 quem
909 5692 1069 5747 eduxi
1096 5694 1162 5749 de
1191 5693 1425 5766 Egypto
1451 5695 1647 5768 (Exod.
1676 5697 1791 5770 x-x),
1816 5719 1836 5750 ι
1871 5700 2074 5770 Sibam,

513 5777 569 5832 id
598 5789 701 5846 est,
732 5796 971 5840 errorem
1001 5793 1239 5852 secutus,
1270 5802 1328 5843 sc
1352 5791 1721 5856 sequestrabat
1743 5808 1773 5846 a
1796 5794 1953 5849 domo
1980 5794 2058 5850 Da

2186 3365 2204 3396 ‹
2236 3355 2340 3399 etc.
2376 3365 2395 3397 ι
2415 3343 2536 3399 Filii
2562 3343 2711 3409 Saul,
2742 3344 2978 3414 quicum
3004 3342 3149 3411 Doeg
3168 3342 3400 3397 Idumam
3426 3343 3552 3396 dum
3582 3342 3760 3396 adhuc

2180 3436 2333 3506 pueri
2362 3442 2563 3501 essent,
2590 3434 2901 3489 sacerdotes
2927 3440 2983 3487 et
3008 3430 3338 3487 Gabaonitas
3363 3431 3417 3485 in
3444 3430 3592 3486 Nobe
3619 3430 3738 3484 oeci

2182 3527 2395 3589 derunt,
2425 3526 2482 3580 hi
2513 3533 2676 3579 sunt:
2715 3523 2940 3578 Armoni
2986 3530 3043 3576 et
3063 3521 3461 3591 ,Mipbiboseth,
3501 3535 3638 3589 quos
3661 3534 3760 3591 pe-

2180 3617 2320 3686 perit
2347 3618 2395 3671 ei
2419 3615 2657 3687 Respha,
2674 3614 2783 3669 ﬁlia
2804 3614 2925 3678 Aia,
2955 3621 3009 3668 et
3033 3613 3271 3682 quinque
3301 3612 3397 3666 ﬁlii
3425 3611 3620 3666 Michol
3639 3610 3763 3665 ﬁlia)

2185 3706 2336 3772 Saul,
2375 3721 2511 3776 quos
2544 3712 2806 3778 genuerat
2837 3703 3042 3759 Adrieli
3079 3703 3188 3757 ﬁlio
3228 3702 3510 3767 Berzellai,
3537 3703 3629 3771 qui
3664 3702 3761 3757 fuit

2183 3798 2250 3853 de
2276 3797 2517 3851 Molathi.
2549 3795 2835 3863 Quaeritur,
2867 3810 2966 3849 cur
2996 3794 3093 3848 ﬁlii
3119 3793 3314 3849 Michol
3336 3794 3606 3859 dicantur,
3636 3808 3762 3848 cum

2183 3904 2291 3943 non
2321 3887 2535 3953 Michol,
2570 3886 2663 3941 sed
2692 3885 2808 3955 ejus
2836 3900 2992 3940 soror
3012 3883 3194 3939 Merab
3215 3872 3353 3938 uxor
3377 3884 3541 3938 fuerit
3560 3883 3764 3938 Adrieli

2182 3980 2294 4036 ﬁlio
2315 3979 2618 4035 Berzellai?
2654 3979 2807 4046 Quod
2840 3979 2915 4032 ita
2942 3978 3198 4033 solvitur:
3232 3976 3416 4030 Merab
3441 3976 3638 4045 quippe
3666 3992 3763 4031 eos

2183 4070 2501 4124 naturaliter
2535 4069 2746 4139 genuit,
2799 4079 2853 4122 et
2897 4066 3092 4121 Michol
3138 4079 3277 4119 uxor
3313 4065 3516 4130 David,
3557 4080 3677 4134 qua:
3710 4075 3760 4120 et

2184 4159 2343 4231 IEgla
2371 4159 2600 4224 dicitur,
2636 4174 2730 4214 eos
2770 4159 2825 4212 in
2854 4157 2971 4212 loco
3004 4156 3241 4210 ﬁliorum
3269 4155 3534 4210 nutrivit:
3573 4163 3629 4209 et
3660 4156 3763 4211 sibi

2185 4254 2239 4308 in
2274 4252 2414 4308 ﬁlios
2439 4254 2714 4324 adoptavit
2737 4270 2752 4319 ;
2795 4252 2997 4307 idcirco
3024 4252 3140 4322 ejus
3166 4250 3259 4305 ﬁlii
3287 4251 3563 4306 dicuntur.
3594 4267 3612 4300 ι
3639 4249 3763 4304 Filii

2190 4362 2210 4395 ‹
2246 4344 2444 4415 quippe
2468 4345 2632 4400 Israel
2647 4344 2966 4414 juraverant
3001 4344 3111 4409 eis,
3140 4350 3195 4398 et
3216 4343 3387 4398 voluit
3415 4341 3544 4397 Saul
3571 4358 3765 4412 percu-

2189 4453 2208 4485 ‹
2242 4443 2357 4490 tere
2381 4451 2474 4490 eos
2502 4436 2617 4489 zelo
2646 4436 2799 4505 quasi
2825 4451 2922 4505 pro
2952 4434 3076 4489 filiis
3105 4433 3270 4489 Israel
3303 4442 3358 4489 et
3397 4432 3569 4499 Juda,
3618 4453 3638 4485 ›
3682 4433 3765 4487 di-

2185 4541 2331 4593 cens,
2358 4526 2521 4582 Josue
2544 4529 2711 4598 gratis
2735 4527 2952 4582 eosdem
2989 4526 3315 4581 Gabaonitas
3352 4525 3538 4581 vivere
3565 4527 3754 4594 permi-

2185 4617 2338 4681 sisse,
2367 4626 2423 4671 et
2466 4617 2591 4672 ﬁliis
2616 4616 2777 4672 Israel
2815 4624 2871 4670 et
2909 4615 3046 4672 Juda
3073 4617 3312 4687 praedam
3337 4631 3524 4671 eorum
3563 4615 3767 4685 injuste

2185 4707 2470 4762 abstulisse
2494 4707 2629 4779 (los.
2659 4707 2766 4779 Ix);
2790 4707 2991 4763 idcirco
3012 4723 3105 4763 eos
3122 4708 3392 4778 perimere
3409 4705 3584 4775 jubet,
3608 4706 3765 4775 quasi

2182 4812 2283 4866 pro
2305 4798 2420 4852 zelo
2448 4797 2607 4852 Israel
2650 4807 2704 4851 et
2744 4796 2902 4854 Juda.
2934 4798 3101 4866 Ilujus
3130 4798 3351 4854 ultionis
3375 4812 3540 4853 causa
3568 4797 3624 4851 in
3654 4796 3764 4851 Ga-

2183 4891 2431 4945 baonitas
2456 4889 2798 4946 Achimelech
2828 4891 3082 4947 sacerdos
3105 4892 3331 4946 exstitit.
3360 4890 3599 4947 Historia
3621 4892 3764 4957 hinc,

2184 4997 2304 5051 qua:
2332 4982 2527 5037 famem
2556 4981 2755 5037 factam
2787 4982 2842 5038 in
2867 4982 3031 5038 Israel
3063 4980 3284 5059 propter
3314 4983 3647 5040 Gabaonitas
3671 5000 3766 5039 oc-

2183 5074 2324 5129 cisos
2362 5073 2659 5144 ﬁguraliter
2681 5084 2868 5130 narrat
2884 5116 2899 5141 ,
2937 5076 3205 5146 signiﬁcat
3231 5076 3571 5145 sterilitatem
3593 5074 3766 5130 bono-

2183 5180 2303 5218 rum
2330 5179 2555 5232 operum
2583 5165 2636 5219 in
2656 5166 2903 5234 plebibus
2924 5174 3146 5236 propter
3168 5166 3547 5236 negligentiam
3574 5165 3765 5220 docto-

2183 5270 2326 5320 rum,
2343 5255 2435 5324 qui
2459 5271 2566 5310 non
2590 5267 2881 5324 procurant
2901 5267 3117 5327 pastum
3139 5259 3291 5314 verbi
3314 5258 3527 5313 Domini
3554 5258 3764 5329 impen-

2183 5346 2311 5401 dere
2338 5347 2586 5414 subditis,
2610 5348 2736 5403 dum
2766 5349 3065 5405 inserviunt
3099 5350 3480 5420 cupiditatibus
3508 5352 3758 5406 terrenis.

2187 5437 2340 5493 Unde
2367 5445 2441 5504 et,
2482 5439 2775 5495 secundum
2794 5438 3147 5510 Pr0phetam,
3186 5460 3206 5493 ι
3240 5441 3359 5497 Non
3388 5440 3617 5507 famem,
3659 5456 3763 5496 nec

2187 5527 2330 5581 sitim
2359 5543 2512 5598 aqua:
2537 5530 2843 5598 patiuntur,
2875 5531 2969 5586 sed
2996 5531 3196 5587 famem
3222 5540 3277 5587 et
3316 5532 3463 5589 sitim
3506 5533 3758 5587 audiendi

2185 5617 2410 5673 verbum
2440 5619 2649 5673 Domini
2674 5620 2852 5691 (Amos
2873 5621 3013 5694 VIII).
3050 5643 3068 5675 ι
3101 5622 3374 5684 Necantur
3393 5640 3523 5694 ergo
3544 5622 3758 5678 Gabao-

2146 5728 2155 5739 '
2186 5711 2332 5775 uita),
2360 5726 2480 5765 cum
2508 5713 2743 5768 studium
2772 5723 2933 5770 εει-ια’
2961 5717 3383 5772 conversationis
3401 5758 3416 5781 ,
3456 5726 3513 5771 et
3546 5726 3757 5771 restau-

2186 5805 2323 5859 ratio
2350 5807 2677 5876 poenitentia:
2703 5818 2821 5877 post
2862 5808 3065 5878 lapsum
3105 5811 3172 5865 ab
3208 5812 3439 5868 incautis
3470 5827 3567 5869 per
3608 5809 3756 5865 haere
