4074 6468
356 481 467 536 113

1179 472 1530 530 COMMENT.
1571 471 1638 528 IN
1673 469 1916 526 LIBROS
1952 467 2014 523 IV
2059 467 2317 524 REGUM.
2359 497 2429 510 --
2461 469 2528 523 IN
2567 470 2693 526 LIB.
2758 472 2821 526 Il.

3505 471 3608 526 114

348 595 495 649 ticos
527 593 643 647 sive
667 607 764 662 per
791 591 1052 661 malignos
1077 591 1412 645 subtrahitur
1439 591 1676 660 spiritus.
1711 587 1932 642 Gabaon
1959 586 2013 647 Α
2036 595 2144 639 tem
2170 587 2342 654 ipsum
2375 587 2706 642 Adeodatum
2733 588 2918 656 Ephan
2948 587 3315 659 appellaverit,
3341 587 3423 642 vel
3445 588 3609 645 alium

348 685 500 740 enim
522 681 670 736 collis
693 683 926 736 rnwroris
948 683 1348 752 interpretatur.
1376 682 1442 736 Et
1462 683 1599 736 bene
1619 679 1932 736 Gabaonitae

348 771 627 828 interfecti
668 771 937 837 dicuntur,
977 787 1101 826 cum
1137 772 1397 827 desidiosi
1432 772 1631 841 quique
1656 779 1777 839 post
1810 785 1932 839 per-

346 871 568 934 petrata
597 861 804 918 scelera
840 876 978 916 vana
1017 876 1112 932 spe
1154 862 1460 918 securitatis
1485 877 1515 915 a
1547 861 1760 915 diabolo
1788 860 1935 914 delu-

347 956 586 1020 duntur,
631 955 723 1024 qui
771 953 991 1008 dicunt:
1039 973 1057 1005 ι
1098 953 1383 1010 Faciamus
1419 955 1589 1020 mala,
1624 961 1680 1007 ut
1716 952 1933 1008 veniant

349 1048 519 1111 bona,
557 1063 784 1116 quorum
807 1047 1079 1101 damnatio
1102 1045 1245 1114 justa
1271 1057 1352 1101 est
1376 1046 1547 1116 (Rom.
1581 1047 1684 1117 ιιι).
1734 1066 1751 1096 ι
1785 1063 1802 1094 ι
1826 1043 1932 1098 Sed

346 1137 588 1205 Respha,
623 1155 641 1187 ι
694 1151 812 1204 quae
835 1136 1218 1205 interpretatur
1244 1146 1562 1200 neostralon,
1588 1136 1699 1190 sive
1721 1149 1928 1197 cursus,

348 1247 364 1276 ‹
402 1226 513 1280 ﬁlia
542 1226 732 1287 Acbia.
756 1245 772 1275 ι
817 1225 907 1294 qui
930 1226 1320 1296 interpretatur
1343 1227 1507 1296 frater
1539 1227 1670 1296 ejus,
1698 1225 1929 1280 «tollens

347 1339 366 1368 ι
406 1318 645 1372 cilicium
671 1318 964 1372 substravit
990 1318 1092 1372 sibi
1119 1334 1282 1387 super
1304 1326 1533 1388 petram,
1565 1319 1735 1372 donec
1764 1316 1930 1371 stilla-

345 1431 364 1460 c
405 1419 495 1464 ret
525 1425 660 1480 aqua
695 1425 856 1480 super
885 1425 978 1464 eos
1007 1411 1072 1464 de
1111 1410 1266 1464 cmlo.
1312 1410 1377 1464 Et
1420 1427 1526 1465 non
1564 1410 1767 1465 dimisit
1803 1425 1930 1465 aves

344 1518 362 1548 ι
403 1498 651 1554 lacerare
678 1515 757 1554 eo.
781 1515 888 1568 per
911 1500 1071 1564 diem,
1101 1515 1274 1570 neque
1293 1501 1498 1555 bestias
1518 1515 1615 1570 per
1635 1509 1876 1565 noctem;
1905 1519 1923 1552 ι

287 1587 292 1590 ’
336 1609 463 1648 cum
519 1594 606 1662 pia
656 1593 956 1648 sollicitudo
987 1602 1300 1648 sanctorum
1340 1594 1535 1648 talibus
1575 1609 1925 1658 succurrens,

337 1683 525 1751 rigore
546 1681 733 1751 jejunii
761 1690 922 1751 atque
951 1683 1219 1737 instantiae
1255 1697 1472 1752 precum
1504 1684 1798 1749 incumbit,
1835 1685 1930 1738 do-

335 1787 439 1826 nec
470 1772 902 1826 misericordiam
932 1772 1028 1827 Dei
1057 1773 1309 1842 impetret
1339 1788 1500 1842 super
1524 1787 1616 1826 eos
1652 1772 1719 1826 de
1758 1772 1924 1836 caelo,

285 1877 298 1911 ι
335 1878 694 1931 compescens
721 1863 970 1918 videlicet
997 1879 1192 1932 pravos
1217 1863 1462 1917 homines
1490 1878 1589 1917 nec
1619 1879 1721 1916 non
1739 1871 1792 1918 et
1812 1879 1926 1917 ma-

2034 676 2325 745 quemlibct
2360 678 2461 732 hoc
2495 679 2711 733 nomine
2735 682 3018 745 notaverit,
3060 680 3324 734 incertum
3361 688 3463 735 est.

2110 785 2126 816 ι
2166 766 2428 833 Quartum
2457 767 2655 822 bellum
2685 769 2786 822 fuit
2813 769 2867 822 in
2894 769 3054 834 Geth,
3098 771 3150 824 in
3186 785 3292 839 quo
3315 771 3402 825 vir
3431 771 3611 828 excel-

2041 878 2058 910 ι
2095 875 2205 922 sus,
2239 859 2328 928 qui
2358 876 2514 915 senos
2545 862 2599 914 in
2632 862 2884 916 manibus
2913 863 3246 932 pedibusque
3272 863 3502 920 habebat
3530 864 3612 920 di.-

2039 970 2057 1000 ι
2095 953 2257 1020 gitos,
2284 953 2336 1006 id
2362 962 2466 1017 est,
2495 954 2683 1024 viginti
2709 964 2764 1008 et
2791 963 3049 1023 quatuor,
3093 964 3147 1009 et
3175 965 3292 1011 erat
3323 957 3388 1012 de
3416 972 3613 1026 genere

2039 1062 2056 1093 ι
2092 1043 2328 1112 Arapha,
2362 1045 2754 1113 blasphemavit
2779 1046 2964 1100 Israel.
2987 1046 3262 1100 Percussit
3285 1055 3465 1100 autem
3485 1060 3611 1100 eum

2039 1153 2058 1185 ι
2093 1134 2379 1201 Jonathan,
2406 1136 2547 1191 ﬁlius
2579 1136 2793 1202 Samaa,
2833 1136 3018 1192 fratris
3051 1137 3240 1191 David.
3277 1136 3343 1190 Hi
3380 1144 3612 1205 quatuor

2039 1243 2058 1275 ι
2095 1226 2206 1279 nati
2237 1235 2364 1280 sunt
2403 1227 2470 1281 de
2505 1226 2722 1296 Arapha
2769 1228 2821 1281 in
2871 1227 3050 1294 Geth,
3098 1233 3153 1281 et
3198 1226 3512 1280 ceciderunt
3558 1225 3613 1280 iu

2038 1336 2056 1366 ι
2091 1333 2252 1370 manu
2279 1317 2446 1371 David
2475 1327 2530 1371 et
2556 1333 2834 1372 servorum
2875 1316 3021 1386 ejus,
3058 1325 3164 1372 etc.
3203 1336 3221 1369 ι
3255 1316 3393 1383 Quid
3431 1323 3614 1370 autem

2032 1416 2261 1478 quatuor
2300 1409 2436 1464 bella
2483 1410 2583 1464 ista
2625 1411 2791 1464 David
2841 1419 2895 1465 et
2935 1425 3218 1465 servorum
3265 1423 3380 1476 ejus
3425 1415 3615 1463 contra

2031 1501 2346 1555 Palaestinos
2395 1501 2734 1572 signiﬁcant,
2790 1501 2893 1556 nisi
2940 1501 3138 1556 bellum
3181 1499 3423 1564 Christi,
3471 1497 3615 1568 quod

2031 1591 2176 1645 omni
2231 1600 2468 1660 tempore
2514 1593 2670 1647 istius
2700 1593 2825 1647 vitae
2873 1593 2926 1646 in
2972 1593 3227 1647 membris
3275 1591 3388 1645 suis
3426 1598 3615 1644 contra

2031 1683 2264 1754 perlidos
2291 1699 2531 1753 quosque
2559 1685 2712 1738 istius
2750 1683 2958 1748 saeculi,
3007 1692 3062 1736 et
3107 1691 3295 1738 contra
3342 1679 3615 1751 spiritales

2031 1775 2300 1842 nequitias
2335 1775 2671 1829 incessanter
2701 1776 2852 1844 agit?
2885 1775 3033 1829 Licet
3063 1775 3209 1828 enim
3249 1773 3418 1827 fastus
3459 1785 3616 1824 mun-

2033 1865 2220 1929 danus,
2255 1866 2338 1919 vel
2364 1868 2689 1936 protervitas
2714 1868 3070 1938 malignorum
3100 1867 3388 1936 spirituum
3419 1881 3478 1920 se
3507 1865 3615 1920 eri-

333 1951 518 2022 lignos
569 1954 791 2022 spiritus
834 1955 1015 2024 pravis
1059 1953 1488 2025 suggestionibus
1533 1969 1723 2008 eorum
1761 1953 1926 2009 vitam
1956 1939 2004 1997 B
2032 1966 2123 2028 gat
2150 1967 2336 2011 contra
2375 1958 2669 2012 Ecclesiam
2699 1958 2925 2023 Christi,
2967 1959 3143 2012 omnis
3184 1968 3362 2011 tamen
3406 1957 3612 2026 princi-

331 2042 572 2098 ulterius
601 2059 964 2114 corrumpere.

409 2153 428 2185 ‹
454 2134 686 2189 Factum
705 2143 788 2189 est
807 2146 986 2191 autem
1009 2152 1224 2191 rursum
1251 2137 1495 2207 prazlium
1518 2135 1927 2191 Philistinorum

335 2246 353 2277 ι
394 2228 693 2283 adversum
733 2228 931 2293 Israel,
963 2237 1016 2284 et
1042 2230 1321 2284 descendit
1350 2228 1518 2283 David
1545 2237 1600 2282 et
1631 2229 1772 2282 servi
1811 2228 1929 2298 ejus

334 2338 352 2368 ι
390 2334 525 2373 cum
569 2335 663 2385 eo,
703 2329 760 2375 et
803 2322 1129 2390 pugnabant.
1178 2320 1476 2376 Deﬁciente
1514 2329 1692 2374 autem
1737 2320 1925 2385 David,

331 2429 350 2460 ‹
384 2409 744 2478 Jeshibenob,
775 2413 865 2483 qui
896 2412 996 2466 fuit
1023 2414 1089 2467 de
1111 2428 1310 2482 genere
1331 2412 1568 2482 Arapha,
1598 2411 1750 2480 cujus
1773 2413 1928 2467 hasta

331 2518 350 2550 ‹
393 2510 678 2556 trecentas
706 2503 890 2557 uncias
915 2503 1272 2572 appendebat,
1289 2513 1344 2558 et
1366 2504 1640 2558 accinctus
1661 2511 1777 2556 erat
1799 2517 1931 2557 ense

332 2609 562 2658 conovo,
592 2595 743 2650 nisus
773 2604 856 2650 est
890 2603 1175 2665 percutere
1206 2597 1393 2652 David.
1427 2595 1796 2665 Praesidioque
1830 2595 1932 2649 fuit

334 2705 351 2735 ι
391 2687 585 2741 Abisai
620 2687 760 2742 ﬁlius
788 2687 1010 2754 Sarviae,
1043 2697 1098 2744 et
1127 2703 1442 2758 percussum
1479 2689 1813 2745 Philistmum
1846 2690 1928 2744 in-

333 2794 350 2824 ι
393 2776 637 2830 terfecit.
685 2776 835 2832 Tunc
875 2777 1195 2846 juraverunt
1235 2780 1340 2833 viri
1391 2780 1590 2844 David,
1643 2781 1926 2835 dicentes:

335 2885 352 2916 ι
390 2867 516 2921 Non
549 2869 843 2938 egredieris
866 2870 1146 2924 nobiscum
1176 2871 1242 2925 ad
1273 2872 1492 2936 bellum,
1524 2887 1592 2926 ne
1615 2872 1929 2942 exstinguas

335 2975 352 3007 ι
393 2957 681 3012 lucernam
707 2958 894 3014 Israel.
927 2959 1235 3015 Secundum
1267 2978 1479 3032 quoque
1511 2962 1610 3016 fuit
1645 2962 1842 3016 bellum
1873 2963 1929 3017 in

335 3068 352 3098 (
392 3049 518 3104 Gob
553 3060 741 3105 contra
787 3051 1110 3108 Philistaeos.
1158 3053 1310 3110 Tunc
1356 3056 1623 3124 percussit
1661 3053 1928 3109 Sobuchai

334 3159 353 3189 ‹
403 3142 452 3194 1.
488 3141 717 3197 Husathi
741 3143 886 3214 Saph
909 3147 974 3199 de
996 3148 1164 3216 stirpe
1186 3147 1419 3217 Arapha.
1449 3149 1690 3203 Tertium
1713 3163 1929 3219 quoque

333 3251 352 3284 ι
392 3232 500 3287 fuit
529 3234 727 3288 bellum
757 3236 810 3288 in
833 3218 971 3300 Gob,
1004 3231 1191 3291 contra
1221 3237 1560 3294 Philistteos:
1595 3241 1648 3293 in
1675 3218 1782 3310 quo
1803 3254 1922 3308 per-

332 3342 351 3372 (
394 3326 571 3378 cussit
594 3325 901 3381 Adeodatus
931 3328 1074 3382 ﬁlius
1110 3329 1310 3394 Saltus,
1340 3331 1743 3403 Polymitarius,
1767 3333 1926 3388 Beth-

335 3434 355 3465 ι
397 3416 668 3478 leetnitcs,
697 3417 878 3472 Goliat
905 3419 1204 3487 Gethaeum,
1230 3423 1382 3492 cujus
1404 3425 1598 3480 hastile
1619 3426 1788 3480 hasta:
1810 3435 1929 3480 erat

333 3525 353 3558 ι
395 3507 556 3576 quasi
588 3507 911 3563 liciatorium
949 3513 1268 3580 texentium,
1301 3524 1406 3568 etc.
1449 3535 1468 3566 ι
1503 3514 1760 3570 Hebraeus
1798 3530 1927 3585 ergo

327 3600 396 3654 de
422 3599 704 3656 Adeodato
728 3601 799 3656 ita
825 3604 1064 3672 exponit,
1093 3605 1310 3660 dicens:
1341 3604 1457 3662 Gob
1487 3607 1633 3662 enim
1664 3607 1927 3676 interpre-

328 3697 485 3743 tatur
515 3688 679 3744 lacus.
704 3692 908 3748 Idcirco
933 3694 1101 3762 lacus,
1119 3697 1247 3766 quia
1273 3697 1413 3752 sicut
1437 3698 1492 3751 in
1512 3697 1688 3751 lacum
1714 3698 1926 3752 leonum

327 3783 455 3854 quis
487 3784 750 3851 mittitur,
789 3787 863 3840 ita
900 3789 1247 3859 semetipsum
1276 3799 1466 3846 contra
1505 3790 1719 3845 Goliath
1757 3792 1926 3846 David

329 3875 504 3928 misit.
534 3874 842 3932 Adeodatus
863 3879 978 3948 ipse
995 3888 1080 3934 est
1101 3881 1287 3936 David.
1309 3881 1515 3937 Idcirco
1536 3883 1734 3937 dicitur
1753 3883 1927 3939 Adeo-

331 3964 516 4028 datus,
546 3966 668 4033 quia
697 3982 727 4019 a
756 3967 866 4021 Deo
894 3978 978 4024 est
1007 3969 1212 4026 electus
1242 3972 1296 4026 in
1328 3988 1574 4044 regnum.
1617 3972 1791 4028 Filius
1820 3975 1926 4029 sal-

331 4062 446 4116 tus,
484 4055 613 4123 quia
652 4057 718 4111 de
766 4058 923 4123 saltu,
963 4059 1056 4114 ubi
1084 4076 1212 4115 oves
1249 4064 1524 4131 pascebat,
1556 4073 1640 4118 est
1675 4065 1921 4120 eductus.

330 4139 748 4215 Polynutarius,
802 4150 927 4218 quia
967 4151 1032 4205 de
1067 4167 1263 4220 genere
1303 4153 1538 4209 Beseleel
1587 4165 1761 4210 mater
1807 4156 1925 4225 ejus

331 4233 448 4288 fuit.
487 4235 871 4306 Bethleemites,
889 4242 1015 4310 quia
1036 4240 1225 4297 Noemi
1253 4252 1308 4298 et
1326 4245 1470 4300 Ruth
1503 4255 1744 4316 tempore
1765 4247 1927 4302 uber-

331 4326 458 4381 tatis
501 4343 732 4384 reversm
774 4340 902 4385 sunt
941 4333 997 4386 in
1041 4334 1315 4389 Bethleem
1353 4335 1548 4404 (Ruth.
1583 4338 1662 4406 1).
1700 4339 1767 4392 Et
1799 4339 1926 4408 quia

331 4418 496 4484 panis
513 4433 674 4473 causa
696 4421 839 4475 Ruth
861 4421 1002 4476 Booz
1032 4434 1157 4478 nota
1179 4434 1261 4479 est
1285 4425 1470 4497 (Ruth.
1491 4426 1551 4496 ιι)
1599 4427 1927 4497 Etpropter—

331 4521 393 4560 ea
440 4509 585 4564 idem
625 4511 773 4567 locus
799 4513 982 4568 domus
1021 4517 1172 4585 panis
1203 4526 1425 4572 vocatus
1459 4528 1560 4572 est.
1609 4518 1762 4584 Quod
1797 4536 1927 4576 vero

2028 2057 2188 2118 patus
2207 2049 2638 2104 adversariorum
2667 2066 2796 2104 vero
2820 2049 3010 2115 David,
3033 2051 3135 2104 hoc
3158 2057 3260 2114 est,
3286 2049 3432 2119 Rege
3457 2047 3616 2103 Chri-

2031 2148 2115 2195 sto
2161 2141 2488 2209 imperante,
2537 2157 2601 2196 ac
2637 2141 2823 2210 praelia
2865 2156 3142 2195 servorum
3174 2155 3393 2194 suorum
3434 2138 3614 2207 dispo-

2031 2241 2214 2298 nente,
2233 2232 2396 2296 cedit,
2413 2241 2468 2287 et
2492 2248 2682 2287 omnes
2706 2233 3003 2287 adversarii
3030 2233 3343 2295 vincuntur,
3366 2235 3612 2300 proster-

2031 2335 2233 2380 nuntur
2260 2337 2423 2394 atque
2445 2325 2512 2379 ad
2541 2326 2763 2379 nihilum
2789 2326 3122 2394 rediguntur.
3150 2323 3304 2378 Unde
3324 2321 3613 2376 Psalmista

2029 2431 2096 2470 ex
2126 2431 2356 2486 persona
2384 2416 2640 2470 Ecclesia:
2667 2414 3002 2470 conﬁdenter
3029 2413 3189 2468 dicit:
3239 2431 3257 2463 ‹
3290 2412 3441 2467 Vana
3465 2411 3614 2466 salus

2030 2509 2282 2564 hominis.
2314 2508 2371 2562 In
2395 2507 2505 2561 Deo
2533 2507 2794 2561 faciemus
2828 2506 3103 2569 virtutem,
3135 2511 3190 2558 et
3224 2503 3339 2572 ipse
3376 2501 3443 2558 ad
3476 2500 3616 2556 nihi-

2030 2601 2142 2656 lum
2168 2598 2396 2654 deducet
2418 2597 2740 2652 tribulantes
2769 2612 2868 2651 nos
2901 2593 3074 2667 (Psal.
3104 2592 3237 2664 LIX).
3276 2611 3296 2645 ι

2602 2709 2829 2766 CAPUT
2868 2708 3032 2764 XXII.

2031 2802 2305 2858 Canticum
2330 2800 2523 2864 David,
2547 2799 2683 2868 quod
2715 2800 2938 2852 cantavit
2979 2797 3199 2868 Domino
3225 2797 3279 2849 in
3311 2795 3394 2848 die
3417 2811 3519 2868 qua
3549 2792 3614 2845 li-

2101 2874 2294 2927 beravit
2333 2889 2452 2925 eum
2487 2865 2746 2923 de'manu
2783 2868 3015 2922 omnium
3055 2867 3385 2922 inimicorum
3417 2865 3532 2934 ejus
3563 2871 3614 2931 et

2099 2945 2164 2999 de
2193 2959 2353 2997 manu
2379 2939 2534 2997 Saul.

2101 3057 2250 3127 (CAP.
2296 3053 2455 3125 xxn.)
2503 3072 2521 3105 ‹
2559 3053 2798 3108 Locutus
2837 3060 2920 3106 est
2961 3059 3141 3105 autem
3179 3048 3351 3103 David
3385 3047 3615 3102 Domino

2035 3171 2054 3202 ‹
2091 3149 2253 3204 verba
2281 3147 2536 3202 carminis
2571 3143 2760 3212 hujus,
2811 3144 2863 3198 in
2910 3143 3016 3207 die,
3068 3158 3173 3212 qua
3207 3139 3459 3195 liberavit
3489 3152 3616 3192 eum

2039 3262 2059 3295 ι
2090 3242 2352 3297 Dominus
2382 3240 2447 3293 de
2489 3253 2652 3291 manu
2689 3235 2930 3290 omnium
2977 3235 3318 3289 inimicorum
3359 3245 3612 3293 suorum,

2039 3355 2060 3386 ο
2096 3343 2150 3388 et
2175 3335 2240 3388 de
2268 3349 2430 3388 manu
2477 3330 2638 3395 Saul,
2667 3337 2721 3383 et
2759 3329 2869 3382 ait:
2909 3329 3168 3382 Dominus
3195 3334 3350 3396 petra
3379 3338 3522 3387 mea,
3561 3329 3617 3377 et

2035 3445 2053 3476 ι
2092 3427 2259 3480 robur
2286 3438 2484 3487 meum,
2515 3429 2568 3475 ct
2591 3421 2830 3474 salvator
2853 3418 3196 3472 meus.-Deus
3222 3415 3481 3469 Dominus
3503 3411 3616 3466 for-

2035 3536 2053 3567 ‹
2090 3517 2160 3571 tis
2184 3531 2338 3570 meus
2365 3533 2375 3567 :
2411 3515 2641 3581 sperabo
2673 3511 2725 3564 in
2755 3526 2898 3574 eum,
2926 3516 3032 3563 etc.
3073 3527 3092 3560 ι
3123 3506 3396 3573 Quaeritur
3430 3510 3613 3557 autem

2029 3623 2127 3662 cur
2155 3606 2301 3660 solus
2330 3604 2570 3658 decimus
2592 3602 2852 3672 septimus
2875 3600 3117 3670 psalmus
3141 3613 3210 3652 ex
3229 3596 3382 3651 libris
3402 3595 3615 3665 Regum

2028 3697 2331 3766 reperiatur
2358 3692 2742 3762 conscriptus?
2781 3689 2891 3745 Nec
2935 3687 3207 3743 immerito
3244 3684 3481 3756 psalmus
3511 3683 3616 3736 iste

2029 3792 2082 3845 in
2111 3790 2420 3860 Regnorum
2448 3787 2599 3842 libris
2621 3786 2765 3841 solus
2786 3785 3078 3854 reperitur,
3103 3783 3197 3853 qui
3223 3796 3447 3852 regnum
3471 3778 3615 3832 illius

2027 3883 2331 3953 signiﬁcat,
2371 3881 2465 3935 ubi
2507 3877 2876 3934 adversarium
2919 3891 3027 3932 non
3077 3875 3357 3930 habemus.
3404 3869 3614 3925 Titulus

2027 3974 2173 4029 enim
2195 3973 2312 4042 ejus
2341 3981 2462 4027 est:
2506 3991 2524 4023 ι
2559 3972 2618 4025 ln
2645 3972 2766 4036 die,
2809 3986 2912 4040 qua
2958 3969 3156 4038 eripuit
3198 3981 3321 4021 eum
3357 3964 3616 4020 Dominus

2027 4066 2095 4118 de
2140 4079 2302 4118 manu
2354 4062 2595 4116 omnium
2650 4061 2992 4115 inimicorum
3039 4057 3158 4127 ejus
3215 4065 3270 4112 et
3332 4055 3399 4110 de
3447 4067 3614 4107 manu

2030 4156 2176 4211 Saul.
2214 4175 2232 4207 ι
2261 4155 2392 4222 Quis
2426 4154 2567 4208 enim
2606 4152 2869 4220 ﬁguratur
2906 4151 2961 4205 in
3001 4149 3194 4213 David,
3236 4146 3341 4201 nisi
3384 4144 3472 4198 ille
3516 4142 3614 4216 qui

2027 4246 2178 4302 venit
2203 4245 2495 4300 secundum
2519 4257 2740 4297 carnem
2766 4259 2832 4298 ex
2865 4241 3072 4296 semine
3115 4237 3325 4293 David?
3360 4235 3463 4302 Qui
3507 4233 3615 4289 uti-

2028 4357 2132 4411 que
2164 4341 2466 4410 incorpore
2489 4352 2608 4401 suo,
2635 4337 2780 4406 quod
2806 4343 2889 4390 est
2914 4332 3176 4397 Ecclesia,
3208 4330 3384 4385 adhuc
3409 4326 3616 4397 patitur

2031 4432 2278 4486 inimicos
2302 4447 2315 4492 ;
2356 4429 2499 4482 unde
2529 4436 2584 4482 et
2608 4427 2736 4481 illud
2761 4424 3118 4495 persecutori,
3147 4436 3307 4491 quem
3337 4433 3470 4474 voce
3498 4431 3615 4471 ma-

2031 4521 2198 4578 ctavit
2220 4530 2274 4574 et
2297 4521 2350 4574 in
2381 4534 2539 4573 suum
2559 4532 2756 4586 corpus
2778 4513 3054 4583 trajiciens
3077 4513 3256 4581 aliquo
3283 4511 3442 4564 modo
3465 4522 3616 4562 man-

331 4596 647 4703 Adeoda‘tus
691 4604 804 4672 ipse
849 4606 915 4659 sit
955 4607 1124 4661 David
1171 4610 1448 4678 sequentia
1479 4610 1784 4674 declarant,
1832 4611 1924 4666 ubi
1953 4642 2007 4703 Β
2034 4612 2276 4676 ducavit,
2305 4609 2538 4664 intonuit
2563 4609 2629 4664 de
2654 4607 2828 4663 cmlo:
2876 4625 2894 4658 ι
2929 4604 3120 4670 Saule,
3153 4601 3338 4667 Saule,
3371 4598 3614 4703 μυῖα-1116

333 4691 443 4745 ait:
495 4711 514 4743 ι
553 4692 618 4747 IIi
652 4704 883 4764 quatuor
914 4699 1025 4751 nati
1057 4709 1178 4753 sunt
1209 4699 1276 4754 de
1300 4700 1516 4770 Arapha
1560 4702 1614 4756 in
1657 4701 1828 4768 Geth;
1870 4713 1924 4758 et

341 4805 359 4835 ε
411 4787 729 4843 ceciderunt
770 4789 824 4842 in
875 4806 1036 4844 manu
1085 4791 1251 4846 David
1298 4799 1353 4853 et
1386 4808 1666 4847 servorum
1706 4792 1842 4862 ejus.
1899 4813 1917 4846 ι

335 4872 506 4931 Judaei
531 4893 746 4948 quoque
778 4879 914 4933 hanc
933 4880 1205 4950 Arapham
1244 4889 1468 4935 matrem
1493 4882 1782 4952 gigantem,
1823 4882 1924 4938 0r-

336 4969 501 5037 pham
531 4987 725 5026 nurum
753 4971 941 5027 Noemi
964 4988 1082 5027 esse
1114 4975 1465 5028 arbitrantur.
1502 4973 1808 5028 Notandum
1828 4991 1922 5028 au-

343 5067 449 5114 tem
493 5063 635 5132 quod
671 5060 941 5132 Iosephus
971 5065 1437 5134 historiographus
1467 5064 1796 5131 Iudaeorum,
1830 5065 1921 5119 ubi

344 5151 499 5209 istius
531 5155 632 5210 loci
677 5157 731 5210 in
770 5156 908 5211 libro
938 5157 1335 5226 Antiquitatum
1379 5158 1609 5227 septimo
1657 5158 1924 5223 meminit,

346 5243 397 5298 in
425 5247 632 5303 duobus
667 5248 866 5317 praeliis
892 5256 1080 5303 contra
1107 5248 1422 5304 Palasstinos
1446 5249 1684 5319 peractis
1705 5263 1929 5302 concor-

348 5333 435 5389 dat
457 5352 580 5391 cum
613 5338 894 5408 Scriptura
920 5338 1146 5408 Regum.
1178 5340 1254 5394 De
1287 5340 1444 5394 tertio
1474 5353 1602 5393 vero
1635 5340 1816 5409 praelio
1853 5340 1928 5393 ita

352 5423 514 5480 dicit:
560 5447 577 5478 ι
627 5428 756 5484 Post
802 5429 940 5484 hanc
982 5444 1112 5484 vero
1154 5413 1610 5500 compressionem
1660 5429 1928 5483 Palaestini

353 5515 525 5572 denuo
551 5529 966 5591 pugnaverunt;
1000 5537 1162 5591 super
1186 5537 1320 5592 quos
1350 5523 1647 5578 exercitum
1681 5523 1928 5575 mittente

357 5600 542 5672 David,
574 5609 655 5663 vir
685 5609 842 5666 fortis
869 5612 1118 5682 apparuit
1142 5613 1325 5680 Ephan
1350 5621 1612 5683 cognatus
1633 5609 1767 5679 ejus.
1792 5610 1930 5664 Nam

359 5709 539 5754 contra
569 5703 806 5774 singulos
843 5703 1168 5759 fortissimos
1196 5704 1608 5760 Palmstinorum
1653 5705 1798 5760 solus
1828 5719 1929 5774 pu-

361 5792 567 5856 gnandu
590 5796 818 5863 peremit
845 5811 958 5862 eos,
982 5805 1036 5850 et
1057 5795 1189 5851 alios
1213 5797 1481 5850 convertit
1503 5797 1555 5851 in
1578 5796 1783 5868 fugam,
1800 5809 1932 5865 quo-

367 5893 486 5938 rum
511 5886 674 5943 etiam
701 5887 854 5944 multi
879 5890 934 5944 in
959 5888 1146 5958 praelio
1184 5887 1513 5946 ceciderunt.
1557 5907 1577 5942 ι
1614 5887 1809 5945 Utrum
1838 5902 1934 5943 au-

2034 4704 2374 4776 persequeris
2407 4702 2543 4773 (Act.
2571 4699 2687 4772 1x)?
2724 4721 2742 4752 ι
2778 4697 3003 4766 Quando
3039 4705 3218 4751 autem
3252 4691 3481 4764 eripitur
3509 4690 3614 4744 hoc

2032 4812 2229 4865 corpus
2255 4793 2371 4863 ejus
2399 4793 2465 4847 de
2495 4807 2655 4845 manu
2685 4790 2926 4846 omnium
2952 4788 3292 4843 inimicorum
3322 4784 3455 4854 ejus,
3505 4780 3611 4834 nisi

2034 4902 2157 4942 cum
2189 4894 2244 4940 et
2272 4885 2360 4938 illa
2395 4902 2412 4935 ι
2443 4882 2735 4937 novissima
2770 4881 2988 4935 inimica
3024 4879 3336 4934 destruetur
3362 4887 3511 4928 mors
3541 4869 3612 4942 (1

2033 4977 2155 5031 Cor.
2172 4975 2294 5047 xv),
2311 4996 2327 5027 ι
2346 4983 2407 5029 ιιι
2432 4975 2778 5044 perveniatur
2801 4974 2866 5026 ad
2886 4986 3108 5042 regnum
3132 4968 3248 5022 Dei.
3280 4984 3299 5017 ι
3326 4964 3611 5029 Dominus,

2034 5067 2227 5136 inquit,
2265 5075 2418 5134 petra
2457 5080 2595 5128 mea,
2635 5072 2689 5118 et
2726 5063 2891 5118 robur
2918 5076 3117 5116 meum.
3167 5079 3186 5111 ι
3231 5057 3477 5112 Psalmus
3523 5055 3614 5110 hic

2030 5157 2123 5211 uni
2149 5165 2356 5210 tantum
2388 5170 2493 5208 non
2517 5162 2696 5222 potest
2729 5151 3018 5207 convenire
3062 5163 3327 5220 personae,
3359 5147 3453 5203 sed
3481 5161 3614 5216 qua-

2030 5255 2152 5300 tuor
2180 5245 2534 5299 divisionibus
2560 5242 2876 5309 subjacebit.
2908 5239 3041 5293 Nam
3069 5240 3246 5310 primo
3273 5237 3462 5294 ordine
3481 5236 3615 5293 Pro-

2028 5337 2190 5405 pheta
2213 5335 2468 5403 loquitur,
2501 5333 2701 5403 gratias
2729 5346 2892 5400 agens
2926 5329 3070 5400 quod
3097 5345 3226 5385 eum
3265 5330 3330 5384 de
3359 5328 3616 5400 gravibus

2028 5425 2282 5496 periculis
2302 5425 2481 5480 divina
2502 5424 2673 5493 pietas
2693 5422 2924 5477 liberare
2948 5420 3166 5492 dignata
3200 5429 3302 5476 est.
3328 5439 3348 5472 ι
3369 5419 3616 5475 Circum-

2031 5516 2294 5570 dederunt
2337 5531 2425 5569 me
2473 5515 2706 5585 gemitus
2754 5514 2965 5569 mortis.
3024 5533 3043 5567 ι
3084 5512 3334 5568 Secundo
3368 5510 3615 5565 Ecclesia

2032 5607 2302 5676 loquitur,
2355 5621 2473 5674 quae
2525 5611 2650 5660 ante
2696 5604 2986 5659 adventum
3035 5602 3249 5658 Domini
3297 5601 3614 5656 innumeras

2031 5699 2252 5771 pertulit
2277 5698 2632 5762 calamitates,
2661 5705 3011 5766 posteaquam
3037 5694 3292 5749 misertus
3317 5692 3368 5746 ei
3390 5689 3614 5744 medici-

2033 5807 2159 5846 nam
2183 5798 2382 5844 sancta:
2406 5789 2792 5844 incarnationis
2820 5787 3058 5852 indulsit,
3082 5795 3139 5841 et
3161 5782 3500 5855 baptismatis
3521 5781 3616 5836 be—

2035 5883 2227 5941 neﬁcio
2255 5881 2622 5940 Christianum
2664 5880 2920 5952 populum
2964 5879 3032 5935 de
3068 5877 3219 5935 orbis
3259 5872 3614 5931 universitate

3635 4741 3665 4860 i
3687 4822 3689 4860 ς

3649 4911 3667 4970 ξ
