4074 6464
337 415 443 485 117

1148 413 1499 485 contuear.
1542 414 1613 477 IN
1648 416 1892 479 ueros
1929 418 1998 481 Iv
2035 419 2299 489 neeum.
2338 451 2408 462 —
2446 421 2514 497 in
2553 421 2679 495 un.
2740 421 2803 497 ιι.

3484 425 3588 483 118

336 532 525 587 meias.
553 528 620 584 Et
655 529 745 585 hic
784 527 929 585 enim
970 526 1024 582 in
1064 526 1472 599 Palaestinorum
1497 531 1905 605 certaminibus,
1935 538 1987 597 Α
2012 542 2257 615 spectare
2285 542 2339 590 et
2369 534 2721 613 introspicere
2766 538 3105 615 mysterium,
3158 537 3377 609 sitiebat
3419 539 3590 598 David

332 626 465 691 dum
492 622 546 678 in
576 622 753 678 locum
772 620 864 691 qui
886 619 1082 675 dicitur
1117 619 1327 673 Maxilla
1361 620 1531 675 aciem
1559 620 1901 690 posuissent,

330 723 389 791 et
416 728 604 781 rursus
638 710 851 783 Hebraei
880 725 1067 766 eorum
1095 718 1394 781 metuentes
1423 711 1722 765 exercitum
1758 710 1905 765 refu-

330 812 549 881 gerent,
595 802 740 873 spius
780 815 970 873 eorum
998 800 1171 867 aciem,
1199 801 1607 877 exercitumque
1648 801 1904 877 portavit.

328 897 571 971 Quorum
599 894 734 957 alios
775 894 991 965 quidem
1037 894 1368 965 prostravit:
1401 893 1533 949 alios
1577 901 1758 963 autem
1801 910 1909 949 non

327 990 563 1053 ferentes
584 986 703 1057 ejus
730 986 840 1051 vim
866 992 921 1040 et
945 983 1317 1043 fortitudinem
1347 992 1664 1073 persecutus
1685 992 1769 1040 est
1788 1000 1910 1041 con-

324 1098 513 1149 versos
543 1082 599 1145 in
628 1079 829 1150 fugam.
863 1097 882 1130 ι

398 1190 418 1224 ι
458 1170 570 1226 Nec
590 1185 697 1227 non
712 1176 767 1223 et
788 1174 913 1223 ante
930 1166 1318 1223 descenderant
1335 1177 1465 1231 tres,
1489 1167 1583 1241 qui
1597 1174 1753 1222 erant
1766 1167 1911 1243 prin-

327 1280 349 1325 t,
381 1263 535 1333 cipes
553 1261 695 1316 inter
722 1258 967 1328 triginta,
994 1265 1050 1312 et
1075 1265 1337 1329 venerant
1367 1266 1606 1328 tempore
1628 1255 1817 1311 messis
1842 1257 1911 1321 ad

325 1370 344 1405 ι
378 1352 550 1419 David
580 1351 632 1411 in
663 1349 981 1422 speluncam
1016 1347 1278 1404 Odollam.
1315 1347 1507 1403 Castra
1528 1355 1707 1409 autem
1741 1347 1909 1417 Phili-

323 1462 343 1496 ι
376 1442 561 1501 sthiim
573 1439 914 1511 erantlposita
930 1440 984 1494 in
999 1440 1135 1495 valle
1155 1439 1450 1512 gigantum,
1474 1446 1528 1494 et
1540 1439 1838 1496 Davidserat
1854 1439 1910 1497 in

322 1554 342 1589 ι
370 1535 647 1608 praesidio.
673 1552 690 1585 ι
718 1532 854 1589 Hinc
867 1531 1164 1606 Iosephus:
1196 1551 1214 1582 ι
1238 1531 1383 1598 Haec,
1402 1532 1598 1604 inquit,
1620 1546 1784 1609 opera
1799 1546 1912 1591 ma-

311 1643 485 1687 nuum
507 1636 717 1693 tuarum
748 1639 813 1680 ac
852 1624 1164 1697 praeliorum
1208 1630 1322 1678 tres
1368 1622 1460 1677 isti
1509 1624 1912 1685 demonstrave-

311 1726 436 1772 runt
459 1734 477 1781 ;
502 1732 609 1785 quo
623 1725 865 1784 tempore
879 1730 1002 1770 cum
1016 1730 1110 1769 rex
1131 1715 1343 1777 essetin
1355 1713 1595 1785 Jerosoly
1604 1714 1726 1780 mis,
1742 1714 1910 1791 Palae-

309 1811 585 1866 stinorum
610 1809 675 1863 ad
691 1809 998 1864 bellandum
1012 1806 1321 1877 supervenit
1336 1806 1625 1861 exercitus.
1647 1803 1798 1861 Tunc
1811 1805 1910 1859 Da-

2013 641 2120 689 non
2143 612 2492 711 aquam,qu:e
2518 616 2597 681 est
2624 626 2956 707 Bethlel‘tem,
2986 630 3079 699 sed
3100 612 3388 703 oriundum
3412 631 3467 685 in
3496 646 3589 686 ea-

2011 715 2131 770 dem
2154 715 2469 793 Bctblehem.
2491 730 2556 787 ei;
2582 715 2800 787 Virgine
2820 715 3091 791 Christum
3133 717 3186 771 in
3217 718 3410 788 spiritu
3452 736 3591 790 pra:-

2009 805 2242 860 videbat.
2295 805 2439 875 Ergo
2460 805 2677 871 volebat
2720 806 2907 860 bibere
2936 822 3043 861 non
3088 794 3284 877 aquam
3329 793 3587 875 ﬂuminis,

2011 896 2109 975 sed
2123 896 2394 969 lavacrum
2420 884 2676 974 exlatere
2700 895 2905 977 Christi
2940 894 3150 952 ﬂuens:
3202 899 3304 954 hoc
3333 907 3435 966 est,
3480 916 3589 955 non

2011 1004 2271 1071 aquarum
2309 989 2525 1052 sitiebat
2555 989 2723 1065 David
2761 976 3111 1071 eiementum,
3154 991 3249 1061 sed
3274 993 3589 1075 sanguinem

2010 1079 2230 1137 Christi.
2275 1079 2428 1157 Unde
2472 1096 2579 1147 non
2632 1080 2767 1159 bibit
2810 1080 3044 1159 oblatam
3075 1095 3292 1150 aquam,
3344 1083 3437 1137 sed
3479 1083 3586 1156 Do-

2010 1172 2158 1232 mino
2180 1171 2346 1251 fudit,
2395 1172 2704 1255 significans
2733 1158 2885 1227 sitire
2923 1188 2980 1243 se
3007 1171 3208 1228 Christi
3237 1164 3585 1255 sacriﬁcium,

2010 1279 2117 1321 non
2140 1248 2345 1337 natura:
2376 1248 2633 1331 ﬂuentum
2668 1282 2681 1331 ;
2716 1265 2845 1345 illud
2880 1264 3227 1331 sacriﬁcium,
3288 1264 3342 1319 in
3372 1280 3478 1334 quo
3508 1248 3592 1337 est

2010 1356 2258 1413 remissio
2280 1367 2664 1437 peccatorum;
2724 1342 2870 1412 illum
2900 1342 3049 1437 sitire
3081 1358 3283 1435 fontem
3304 1346 3586 1425 aeternum,

2011 1448 2104 1517 qui
2150 1463 2256 1519 non
2309 1449 2562 1525 periculis
2605 1450 2864 1520 quaeritur
2914 1450 3104 1504 alienis
3130 1491 3145 1517 ,
3215 1452 3309 1505 sed
3353 1452 3591 1520 pericula

2011 1537 2185 1595 aliena
2229 1539 2449 1615 deleret.
2503 1539 2856 1611 Cogitandum
2903 1556 3244 1617 summopere
3268 1548 3373 1607 est,
3418 1550 3476 1595 ut
3502 1543 3594 1619 qui

2012 1646 2070 1685 se
2100 1630 2285 1689 illicita
2330 1632 2574 1689 meminit
2602 1634 2955 1696 commisisse,
3011 1649 3041 1687 a
3078 1618 3399 1703 quibusdam
3424 1618 3593 1689 etiam

2011 1720 2173 1775 licitis
2200 1723 2409 1793 studeat
2435 1704 2704 1799 abstinere
2721 1766 2736 1789 ,
2775 1708 3040 1803 quatenus
3082 1739 3178 1796 per
3204 1724 3306 1789 hoc
3327 1725 3597 1781 conditori

2016 1829 2115 1868 suo
2143 1814 2456 1883 satisfaciat,
2486 1816 2655 1886 utqui
2693 1799 2963 1891 commisit
2991 1799 3259 1886 prohibita
3287 1859 3302 1885 ,
3358 1818 3600 1897 sibimet-

309 1904 398 1959 vid
422 1904 485 1958 in
514 1918 697 1958 arcem
724 1903 962 1959 civitatis
983 1901 1246 1965 ascendit,
1278 1902 1419 1956 sicut
1444 1902 1815 1971 praediximus,
1848 1909 1910 1957 ut
1935 1896 1983 1969 Β
2012 1909 2113 1979 ipsi
2159 1908 2440 1985 abscidere
2485 1911 2675 1983 debeat
2704 1912 2867 1967 etiam
2896 1928 3155 1981 concessa
3177 1954 3192 1981 ,
3234 1921 3294 1969 ut
3322 1929 3380 1971 se
3398 1896 3597 1986 repre-

308 1993 375 2051 de
392 1994 545 2059 bello
556 1993 864 2063 consuleret
881 1993 1190 2061 Dominum.
1216 1991 1404 2057 Castra
1415 2008 1546 2049 vero
1562 1993 1906 2062 inimicorum

307 2094 471 2143 erant
513 2086 569 2141 in
610 2085 753 2140 valle
775 2085 901 2151 ﬁxa,
934 2099 1107 2153 usque
1150 2082 1214 2137 ad
1250 2083 1529 2138 civitatem
1574 2082 1903 2147 Bethlebem,

304 2191 425 2247 quae
480 2177 547 2231 ab
571 2156 923 2248 Jerosolymis
951 2173 1138 2244 procul
1167 2181 1251 2227 est
1281 2172 1472 2234 stadiis
1495 2172 1706 2250 viginti.
1739 2171 1907 2226 David

308 2268 507 2337 itaque
540 2267 704 2322 sociis
730 2267 807 2320 ait
837 2284 849 2319 :
878 2266 1077 2319 Bonam
1100 2278 1296 2333 aquam
1320 2262 1579 2317 habemus
1611 2262 1665 2316 in
1688 2262 1907 2332 regione

305 2364 448 2423 mea,
490 2365 547 2411 et
586 2357 856 2427 praecipue
885 2355 1139 2411 laudabat
1184 2368 1307 2411 eam
1332 2368 1454 2422 quae
1480 2359 1599 2408 erat
1626 2351 1785 2420 juxta
1809 2368 1906 2422 pu-

306 2456 459 2503 teum
489 2449 544 2504 in
570 2459 748 2519 porta.
774 2447 1070 2507 Mirabatur
1097 2446 1143 2500 si
1172 2453 1317 2503 esset
1343 2444 1437 2516 qui
1466 2459 1534 2515 ex
1559 2458 1625 2503 eo
1653 2443 1905 2514 poculum

305 2541 358 2596 ei
385 2541 706 2611 praeberet,
753 2539 898 2610 quod
943 2538 1112 2609 magis
1155 2544 1370 2608 optaret
1421 2551 1587 2606 quam
1622 2535 1671 2593 si
1708 2536 1829 2605 quis
1855 2535 1907 2591 ei

304 2633 568 2703 magnam
596 2632 883 2702 pecuniam
912 2631 983 2686 ad
1012 2640 1226 2699 tempus
1255 2626 1493 2685 aﬁerret.
1539 2627 1607 2699 Et
1635 2627 1753 2683 haec
1780 2642 1905 2683 cum

305 2725 597 2779 audissent
617 2723 708 2778 isti
733 2731 844 2787 tres
864 2723 988 2788 viri,
1037 2737 1163 2776 mox
1194 2728 1570 2787 occurrentes,
1599 2728 1654 2776 et
1675 2735 1775 2790 per
1793 2734 1907 2775 me-

303 2815 451 2873 dium
482 2816 718 2870 hostium
745 2816 850 2870 iter
877 2814 1135 2870 iacientes
1174 2822 1438 2881 venerunt
1459 2815 1533 2870 ad
1560 2813 1901 2882 Bethlehem,

305 2914 361 2963 et
400 2907 727 2973 haurientes
763 2921 960 2977 aquam
980 2946 996 2973 ,
1036 2907 1211 2965 denuo
1262 2906 1331 2977 ad
1356 2921 1540 2980 regem
1572 2920 1669 2979 per
1717 2920 1904 2969 eorum

304 3007 495 3063 castra
537 3000 745 3063 reversi
774 3006 921 3071 sunt,
951 3000 1029 3069 ita
1057 3006 1117 3065 ut
1138 2998 1415 3071 Palaestini
1438 3015 1629 3067 eorum
1654 2998 1904 3069 ﬁduciam

304 3096 363 3155 et
388 3089 892 3160 magnanimitatem
908 3090 1371 3160 obstupescentes,
1401 3092 1530 3161 quia
1541 3091 1622 3153 sic
1639 3091 1801 3165 pauci
1811 3106 1905 3153 eos

303 3188 743 3251 contemnerent,
770 3196 803 3247 a
847 3181 1171 3253 migratione
1195 3190 1498 3253 cessarent.
1523 3202 1543 3251 ρ
1601 3182 1738 3240 Tres
1767 3184 1902 3251 istos

304 3272 538 3337 scilicet,
591 3273 687 3342 qui
717 3288 915 3342 aquam
969 3274 1034 3330 de
1073 3273 1390 3341 Bethlebem
1419 3273 1743 3342 merebant,
1783 3275 1903 3335 illos
1932 3260 1977 3335 C

301 3370 422 3427 tres
448 3362 622 3429 voluit
650 3363 916 3435 intelligi,
972 3364 1066 3436 qui
1093 3381 1256 3439 supra
1296 3367 1565 3434 nominati
1594 3374 1748 3432 sunt,
1801 3369 1905 3433 hoc

302 3467 395 3521 est
433 3456 691 3522 losbaatn
737 3458 905 3523 ﬁlium
932 3459 1254 3539 Acbamoni,
1304 3471 1467 3541 quem
1492 3460 1584 3523 ille
1631 3469 1908 3532 nuncupat

297 3547 607 3613 Eusebium
628 3546 798 3615 tilium
833 3547 1093 3615 Achimae.
1109 3557 1165 3602 et
1189 3547 1507 3616 Eleazarum
1524 3548 1694 3619 tilium
1712 3550 1906 3617 Acbai,

303 3642 474 3710 quem
519 3638 650 3705 dicit
678 3652 797 3705 esse
825 3639 993 3707 tilium
1023 3639 1180 3709 Dodi,
1226 3648 1395 3712 atque
1431 3640 1687 3703 Semmaa
1737 3642 1908 3701 ﬁlium

303 3730 463 3803 Age,
512 3745 671 3800 quem
724 3738 999 3802 nuncupat
1046 3729 1335 3804 Semegem
1385 3731 1557 3799 ﬁlium
1609 3733 1748 3797 Heli.
1800 3734 1905 3793 Sed

305 3820 570 3889 “ebriatis
598 3823 713 3894 ille.
760 3821 915 3892 ollius
938 3825 992 3890 iu
1020 3825 1269 3896 plurimis
1292 3826 1427 3889 locis
1456 3827 1616 3893 istius
1636 3828 1760 3885 libri
1786 3844 1908 3893 sen-

306 3926 431 3971 sum
459 3915 704 3984 exposui,
746 3922 857 3981 tres
886 3916 1023 3981 istos
1049 3917 1348 3985 arbitratus
1391 3925 1476 3984 esi
1505 3918 1674 3983 fuisse
1722 3916 1907 3987 Αιιίῃί

2008 2001 2211 2055 hendat
2239 2001 2292 2067 in
2322 2002 2581 2068 minimis,
2624 2019 2784 2075 quem
2829 2006 3072 2061 meminit
3118 2009 3173 2062 in
3209 2009 3462 2087 maximis
3504 2010 3598 2075 de-

2005 2093 2247 2169 liquisse.
2278 2091 2391 2147 Lex
2426 2104 2572 2163 recte
2606 2095 2816 2163 Veteris
2841 2096 3173 2171 Testamenti
3203 2098 3434 2153 alienam
3459 2113 3594 2173 uxo-

2006 2200 2121 2239 rem
2146 2186 2531 2262 concupiscere
2558 2187 2829 2265 prohibet,
2856 2204 2887 2259 a
2918 2204 3047 2260 rege
3072 2191 3379 2265 rerod‘ortia
3410 2189 3592 2260 iuberi

2006 2276 2266 2333 militibus
2290 2279 2376 2339 vel
2405 2280 2700 2347 desiderari
2746 2262 2943 2365 aquam
2972 2262 3091 2355 non
3109 2262 3400 2357 poenaliter
3423 2294 3591 2343 vetat.

2005 2368 2074 2423 Et
2086 2369 2267 2424 cuncti
2280 2370 2527 2427 novimus
2541 2373 2682 2440 quod
2698 2370 2866 2427 David
2882 2375 3326 2451 concupiScentitB
3342 2390 3602 2439 mucrone

2006 2459 2300 2516 transﬁxus
2335 2462 2565 2519 alienam
2594 2463 2873 2535 coniugem
2907 2467 3235 2536 etappetivit
3257 2473 3310 2522 et
3344 2466 3594 2539 abstulit:

2005 2553 2159 2635 cujus
2194 2554 2409 2631 culpam
2448 2555 2610 2628 digna
2638 2557 2866 2623 verbera
2912 2566 3039 2623 sunt
3062 2568 3266 2631 secuta,
3314 2566 3370 2615 et
3397 2558 3599 2615 malum

2006 2648 2150 2726 quod
2180 2649 2547 2721 perpetravit,
2578 2664 2675 2723 per
2700 2649 3034 2725 paenitentiae
3066 2649 3307 2713 lamenta
3335 2649 3595 2709 correxit.

2007 2734 2109 2815 Qui
2132 2753 2257 2793 cum
2298 2737 2455 2808 longe
2480 2747 2601 2811 post
2630 2748 2822 2807 contra
2847 2742 3086 2819 hostium
3133 2756 3334 2817 cuneos
3361 2741 3596 2809 sederet,

2008 2842 2202 2899 aquam
2231 2827 2419 2887 bibere
2443 2844 2506 2884 ex
2532 2844 2720 2889 eorum
2749 2830 2984 2891 cisterna
3016 2846 3081 2887 ex
3111 2831 3380 2899 desiderio
3406 2831 3595 2891 voluit.

2007 2916 2173 2986 Cujus
2193 2919 2348 2974 electi
2374 2920 2590 2987 milites,
2624 2921 2766 2993 inter
2787 2931 3034 2987 catervas
3055 2921 3462 2991 adversantium
3492 2937 3601 2979 me-

2008 3010 2125 3069 dias
2148 3021 2513 3083 erumpentes,
2537 3029 2756 3083 aquam,
2794 3029 2959 3091 quam
2987 3014 3416 3082 desideraverat,
3444 3013 3600 3085 illaesi

2008 3101 2334 3173 detulerunt.
2386 3102 2495 3161 Sed
2538 3105 2623 3161 vir
2676 3105 2900 3183 ﬂagellis
2950 3107 3194 3185 eruditus
3246 3108 3600 3177 semetipsum

2006 3196 2255 3267 protinus
2295 3212 2417 3255 cum
2456 3198 2698 3279 periculo
2743 3200 2977 3273 militum
3018 3215 3215 3270 aquam
3260 3199 3599 3265 desiderasse

2009 3287 2376 3355 reprehendit,
2416 3304 2643 3358 eamque
2677 3288 2905 3355 Domino
2930 3288 3161 3349 fundens
3204 3289 3411 3361 libavit,
3459 3289 3602 3361 sicut

2008 3377 2122 3433 illic
2144 3378 2403 3448 scriptum
2430 3387 2511 3435 est
2543 3393 2558 3433 :
2617 3398 2636 3451 ς
2670 3379 2886 3439 Libavit
2913 3395 3035 3451 eam
3057 3379 3304 3455 Domino.
3347 3399 3368 3439 ι
3424 3378 3485 3435 In
3508 3394 3597 3437 sa?

2010 3472 2278 3530 criﬁcium
2320 3474 2517 3555 quippe
2559 3474 2775 3539 Domini
2816 3472 2987 3537 eﬁ‘usa
3025 3488 3165 3547 aqua
3201 3487 3464 3537 conversa
3493 3478 3597 3537 est,

2009 3565 2136 3637 quia
2173 3564 2388 3637 culpam
2431 3565 2882 3639 concupiscentiae
2906 3565 3169 3645 mactavit
3209 3580 3307 3649 per
3333 3563 3603 3633 poeniten-

2008 3656 2141 3712 tiam
2172 3657 2608 3727 reprehensionis
2629 3671 2759 3715 sure.
2803 3656 3060 3735 Quing
3086 3656 3359 3726 quondam
3398 3667 3601 3713 concu-

2006 3747 2217 3819 piscere
2252 3747 2486 3805 alienam
2514 3746 2800 3821 coniugem
2845 3761 3188 3823 nequaquam
3233 3743 3433 3811 timuit,
3474 3749 3603 3815 post

2008 3841 2195 3909 etiam,
2224 3840 2351 3911 quia
2380 3856 2578 3910 aquam
2605 3842 2967 3917 concupisset,
2999 3839 3235 3911 expavit.
3288 3836 3427 3907 Quia
3451 3837 3600 3898 enim

2009 3951 2069 4003 se
2087 3934 2274 3995 illicita
2293 3942 2639 4008 perpetrasse
2664 3934 3009 4011 meminerat,
3033 3940 3227 3993 contra
3247 3930 3598 4007 semetipsum

307 4004 481 4099 tilium
511 4005 736 4099 sortite,
768 4014 823 4099 et
845 4005 1177 4077 Subbocbai.
1207 4009 1515 4076 Usathiten.
1545 4018 1601 4069 et
1636 4010 1907 4071 3003mm!
2000 4026 2116 4098 jam
2145 4004 2350 4097 rigidus
2372 4026 2538 4085 etiam
2576 4042 2608 4082 a
2629 4026 2794 4085 licitis
2824 4004 3153 4099 abstinebat.

308 4095 481 4163 ﬁlium
537 4095 753 4166 Semma
801 4096 988 4167 fratris
1019 4100 1209 4168 David,
1250 4100 1344 4170 qui
1366 4116 1531 4171 supra
1575 4117 1906 4167 commemo-

308 4189 408 4253 rati
433 4196 564 4249 sunt
606 4189 662 4253 in
697 4190 903 4261 manliis
930 4190 1362 4261 Philistinorum.
1406 4192 1563 4263 cuius
1589 4195 1772 4257 δεηευί
1822 4195 1908 4259 la-

307 4294 437 4345 vere
472 4282 609 4349 mihi
655 4283 870 4349 videtur
894 4282 1195 4354 Scriptura.
1233 4299 1353 4354 quae
1377 4285 1454 4345 ita
1479 4286 1751 4355 concludit
1777 4302 1907 4342 nar-

309 4373 583 4453 rationem
607 4373 677 4431 de
708 4372 985 4445 praedictis
1012 4374 1186 4439 tribus
1211 4373 1347 4439 viris
1388 4390 1589 4446 aquam
1624 4375 1801 4439 David
1823 4375 1906 4435 al-

314 4460 620 4535 tercantibus
643 4483 659 4519 :

2083 4136 2102 4193 ς
2131 4118 2198 4179 Et
2222 4117 2452 4175 Banaias
2473 4117 2615 4175 ﬁlius
2641 4118 2824 4175 Joadae
2844 4118 2947 4189 viri
2971 4117 3254 4191 fortissimi
3279 4131 3598 4190 magnorum

2014 4227 2034 4262 ‹
2061 4225 2284 4282 operum
2296 4210 2362 4263 de
2378 4209 2662 4285 Capsaliel.
2685 4230 2704 4267 ι
2732 4210 3039 4285 Notandum
3055 4218 3234 4271 autem
3260 4211 3423 4282 quod,
3441 4206 3599 4279 juxta

2008 4300 2294 4369 Hebraeum
2321 4302 2668 4372 praedictum,
2706 4303 2762 4371 in
2800 4302 3027 4373 [intumo
3070 4319 3177 4357 non
3209 4302 3440 4361 habetur
3485 4318 3601 4367 me-

2007 4408 2228 4463 gaeram
2265 4410 2498 4464 operum,
2532 4395 2629 4451 sed
2655 4395 2905 4464 magister
2937 4410 3174 4464 operum.
3226 4393 3491 4466 Capsahel
3515 4394 3597 4450 in-

2012 4490 2338 4559 terpretatur
2363 4486 2694 4555 congregatio
2723 4485 2844 4553 Dei.
2885 4484 3142 4555 Magister
3188 4485 3336 4540 enim
3360 4492 3479 4539 erat
3525 4486 3594 4541 de

388 4596 407 4628 ι
439 4580 629 4635 Abisai
658 4595 902 4650 quoque,
962 4580 1133 4640 frater
1150 4581 1308 4651 Joab,
1336 4583 1480 4640 ﬁlius
1504 4582 1733 4650 Sarviae,
1756 4586 1906 4655 prin-
1930 4627 1983 4663 η
2007 4576 2426 4648 congregatione
2445 4576 2563 4641 Dei,
2594 4576 2649 4633 id
2682 4583 2803 4645 est,
2848 4573 3065 4630 Cerethi
3103 4581 3156 4631 et
3192 4572 3461 4640 Pbelethi,
3505 4572 3597 4644 qui
3645 4642 3655 4663 :

399 4627 629 4635 κ---ηη
701 4627 762 4635 -ν
810 4627 902 4646 -ν,
962 4627 1285 4640 -.-η---.κη
1336 4627 1480 4640 .......,
1505 4627 1733 4650 “mw,
2013 4627 2562 4648 πηοηυνηιγρ-η.
2689 4627 2803 4645 ην.
3112 4627 3155 4631 η
3512 4627 3573 4644 τ.

320 4684 338 4717 ι
383 4684 516 4741 ceps
560 4627 694 4725 eratl
732 4627 803 4726 αξ
834 4673 1008 4728 tribus
1051 4673 1212 4740 istis;
1270 4627 1385 4744 ipse
1432 4683 1515 4730 est
1543 4676 1635 4745 qui
1674 4627 1904 4733 elegavit
1930 4627 1983 4699 Ι)
2010 4667 2436 4741 interpretantur
2463 4665 2749 4723 occidentes
2791 4672 2848 4723 et
2879 4663 3216 4733 viuiﬁcantes.
3281 4682 3301 4719 ‹
3328 4663 3447 4735 Ipse
3475 4679 3598 4735 per-

320 4777 341 4813 ι
384 4762 607 4829 hastam
630 4779 785 4831 suam
824 4772 1012 4831 contra
1035 4772 1323 4835 trecentos,
1354 4782 1493 4837 quos
1517 4766 1789 4834 interfecit
1809 4784 1905 4823 no-

2019 4758 2242 4823 icussit
2269 4759 2403 4817 duos
2451 4757 2634 4815 leones
2676 4756 2847 4811 Moab.
2882 4775 2901 4809 ι
2952 4754 3099 4823 Quos
3147 4755 3594 4825 Paralipomenon
3650 4804 3656 4817 .

321 4865 340 4909 ς
382 4853 628 4921 minatus
670 4854 727 4917 in
757 4855 953 4923 tribus,
992 4857 1211 4921 etinter
1234 4866 1345 4919 tres
1375 4858 1630 4926 nobilior,
1681 4869 1904 4930 eratque
2012 4849 2143 4919 duos
2165 4848 2309 4903 Ariel
2341 4848 2498 4911 Moab
2529 4848 2773 4903 nominat
2799 4846 2852 4919 (Ι
2886 4846 3012 4907 Par.
3044 4846 3140 4916 χι).
3182 4845 3296 4903 Viri
3326 4860 3455 4916 ergo
3486 4844 3597 4899 for—
3647 4857 3657 4905 ι

323 4955 343 5005 t
385 4956 579 5015 eorum
618 4942 907 5015 princeps;
952 4949 1047 5007 sed
1099 4962 1271 5016 usque
1309 4948 1379 5005 ad
1411 4956 1521 5013 tres
1558 4950 1768 5019 primos
1797 4967 1902 5013 non
2013 4939 2205 5001 tissimi
2236 4938 2325 4994 isti
2361 4936 2581 4997 fuerunt
2625 4939 2677 4993 in
2710 4952 2879 5009 regno
2908 4937 3064 4993 Moab
3094 4954 3108 4989 :
3153 4935 3296 4993 unde
3332 4934 3481 4991 Ariel
3513 4935 3595 4990 vel

326 5048 344 5093 l
386 5044 730 5115 pervenerat.
769 5058 789 5103 η
875 5038 1012 5105 Hinc
1058 5048 1284 5110 apparet
1341 5041 1483 5110 quod
1532 5041 1721 5105 Abisai
1757 5044 1905 5113 priu-
2013 5033 2196 5099 leones
2237 5038 2636 5104 nuncupantur.
2666 5030 2815 5087 Ariel
2842 5030 2986 5087 enim
3012 5029 3439 5097 interpretantur
3459 5044 3595 5100 pra:-

321 5136 444 5195 lteps
464 5136 607 5193 erat,
635 5138 689 5195 et
713 5128 1020 5195 nominatus
1044 5130 1184 5193 inter
1210 5140 1323 5188 tres
1347 5139 1653 5201 sequentes.
1687 5132 1795 5193 Sed
1817 5150 1906 5195 us-
2005 5124 2077 5191 lio
2092 5124 2209 5179 Dei.
2241 5122 2387 5191 Quos
2402 5124 2652 5188 Banaias,
2678 5121 2806 5176 dum
2833 5126 3157 5192 provocatus
3182 5128 3327 5183 esset
3360 5120 3431 5177 ab
3464 5120 3590 5187 illis,

324 5229 427 5285 que
471 5218 539 5275 ad
572 5227 684 5285 tres
715 5219 939 5289 primos,
971 5221 1065 5291 qui
1112 5238 1273 5292 supra
1304 5222 1569 5285 nominati
1602 5232 1748 5288 sunt,
1796 5240 1904 5285 ηοιι
2007 5225 2289 5285 superatos
2315 5214 2603 5271 interfecit.
2638 5212 2791 5283 Quod
2817 5218 3001 5267 autem
3029 5209 3226 5277 dicitur
3259 5212 3325 5268 de
3351 5210 3588 5271 Banaia:

325 5312 585 5379 pervenit.
641 5311 746 5377 hoc
776 5322 879 5378 est.
902 5310 1175 5380 Jesltaam,
1226 5315 1548 5377 Eleazarum
1575 5323 1628 5375 et
1663 5315 1902 5383 senum,
2012 5324 2031 5357 ι
2069 5307 2135 5361 Et
2157 5307 2268 5377 ipse
2294 5306 2571 5361 descendit
2593 5312 2648 5360 et
2672 5302 2939 5374 percussit
2972 5301 3181 5359 leonem
3206 5304 3262 5359 in
3285 5304 3462 5361 medio
3479 5304 3592 5360 cis-

327 5413 555 5468 lluorutu
588 5412 743 5469 astus
768 5404 1094 5469 fortissimos
1139 5422 1302 5478 supra
1337 5409 1596 5469 narravit.
1626 5408 1781 5476 Quod
1806 5424 1906 5467 auo

2015 5416 2034 5453 ι
2069 5399 2313 5457 ιετιιωὶιι
2346 5399 2538 5457 diebus
2558 5396 2723 5462 nivis,
2768 5414 2786 5455 η
2841 5395 3115 5465 quomodo
3157 5395 3229 5453 sit
3248 5394 3471 5461 factum,
3493 5393 3589 5451 Jo-

331 5494 435 5557 ιειυ
462 5494 635 5561 David
665 5495 902 5563 oblatam
954 5496 1057 5559 sibi
1105 5512 1304 5573 aquam
1349 5497 1536 5563 bibere
1570 5498 1772 5565 noluit,
1813 5498 1907 5559 sed
2006 5494 2208 5564 septies
2248 5502 2437 5563 narrat
2471 5490 2747 5563 apertius:
2777 5487 2905 5561 quia
2928 5487 3177 5545 videlicet
3216 5487 3448 5551 cisterna
3479 5486 3592 5543 fue—

332 5575 554 5651 lloniiuo
599 5599 716 5655 eam
761 5584 982 5653 libavit,
1025 5588 1329 5658 exemplum
1370 5591 1598 5663 praebuit
1643 5591 1902 5655 militibus
2010 5584 2082 5640 rit
2128 5584 2357 5651 nimium
2377 5581 2664 5654 proiunda,
2693 5597 2814 5652 qua:
2836 5590 3083 5654 tempore
3105 5580 3322 5651 hiemis.
3348 5595 3473 5641 cunt
3498 5593 3588 5645 Cil-

327 5669 443 5735 iuis
477 5674 807 5745 fortitudiuts
836 5685 891 5735 et
917 5679 1252 5746 constantiae.
1294 5677 1435 5737 Vicit
1462 5698 1591 5755 ergo
1631 5690 1899 5749 naturam,
2010 5684 2132 5735 sent
2188 5677 2370 5732 omnia
2419 5675 2630 5743 nivibus
2676 5675 2864 5745 plena,
2906 5674 3025 5745 ipsa
3064 5688 3278 5745 quoque
3312 5672 3481 5737 nimio
3506 5671 3590 5735 ni-

334 5768 395 5827 ιιι
422 5764 614 5835 sitiens
635 5784 743 5825 non
770 5768 1001 5837 biberet,
1027 5786 1134 5842 quo
1155 5786 1251 5837 suo
1279 5772 1522 5844 exemplo
1544 5774 1721 5833 omnis
1758 5789 1906 5835 exer-
2008 5770 2156 5835 rium
2198 5776 2421 5839 aggesto
2464 5767 2629 5833 fuerit
2666 5776 2964 5839 coarquata.
3019 5767 3195 5835 Quam
3233 5779 3359 5820 eum
3382 5762 3467 5827 ιω
3495 5776 3587 5827 εδ-

336 5847 475 5938 03M
495 5855 727 5933 tolerare
741 5858 888 5927 sitim
913 5859 1169 5931 disseret.
1206 5859 1359 5936 Quod
1389 5862 1436 5929 si
1461 5862 1623 5929 altius
1649 5863 1787 5923 velis
1811 5880 1905 5927 ex-

2008 5861 2333 5941 perveniens
2390 5859 2619 5945 periculi
2652 5860 2871 5923 nescius
2913 5856 3191 5927 incidisset
3214 5892 3231 5925 ,
3276 5850 3583 5936 ibidemque
