4074 6464
469 462 569 517 H9

1141 457 1200 511 Β.
1242 454 1500 511 RABANI
1536 453 1758 510 MAURI
1789 448 2106 507 ARCHIEP.
2146 447 2456 505 MOGUNT.
2498 447 2784 505 OPERUM
2820 448 3000 504 PARS
3035 448 3077 502 I.

3623 447 3730 500 tau
3771 435 3785 446 '

467 579 752 634 conclusus
779 574 966 647 grandi
1009 574 1188 643 rugitu
1227 574 1526 629 clamaret:
1566 567 1924 625 accurrebant
1949 566 2045 618 ho-
2071 570 2125 624 Α
2149 560 2214 616 Hi
2237 561 2400 616 etiam
2428 570 2539 616 tres
2576 569 2732 615 erant
2761 575 2922 630 super
2947 560 3186 630 triginta.
3225 559 3292 614 Et
3330 573 3396 613 ne
3428 574 3592 628 quem
3614 574 3735 614 mo-

467 674 640 726 mines
680 670 864 724 videre
907 665 1036 735 quid
1076 671 1241 721 esset.
1313 665 1379 718 Et
1407 664 1531 719 dum
1562 676 1686 718 cum
1710 660 1831 714 aliis
1852 658 1918 712 ad
1943 655 2047 710 tale

467 763 833 835 spectaculum
853 762 1068 815 veniret
1092 758 1347 823 Banatas,
1376 756 1588 812 resiluit
1628 753 1810 810 statim
1859 751 1913 804 in
1939 750 2047 804 cis-

467 869 698 922 ternam,
753 862 808 909 et
833 867 1148 925 aggressum
1199 851 1394 906 mediis
1423 850 1479 904 in
1503 847 1719 904 nivibus
1754 842 2046 914 percussit,

463 960 517 1005 et
538 946 809 1003 interfecit
839 946 1072 1002 leonem.
1105 943 1208 998 Nix
1229 943 1415 1011 itaque
1442 954 1587 994 nunc
1625 934 1947 991 innocentia;
1967 932 2052 986 ni-

463 1050 548 1094 tor
568 1047 623 1094 et
657 1038 864 1109 gratiae,
904 1052 1051 1091 nunc
1075 1034 1270 1090 hiemis
1289 1041 1345 1088 et
1376 1031 1545 1102 frigus
1573 1026 1858 1084 cbaritatis
1893 1022 2053 1079 intel-

461 1132 551 1202 ligi
583 1138 780 1202 potest.
815 1129 967 1196 Quod
996 1136 1175 1182 autem
1205 1126 1432 1198 legimus
1457 1123 1511 1177 in
1535 1123 1845 1193 Regnorum
1875 1115 2049 1179 libris,

459 1223 719 1278 Banaiam
743 1221 1031 1292 quemdam
1060 1221 1125 1274 de
1170 1217 1403 1274 fortibus
1428 1214 1594 1270 Israel
1621 1210 1967 1269 descendisse
1995 1207 2053 1262 in

463 1315 756 1370 cisternam
776 1353 791 1376 ,
818 1296 897 1366 et
920 1310 1252 1381 percussisse
1280 1308 1490 1363 leonem
1519 1306 1573 1359 in
1603 1313 1848 1373 tempore
1889 1299 2048 1361 nivis,

462 1404 832 1460 indifferenter
875 1410 1004 1472 puto
1031 1402 1086 1456 in
1118 1401 1251 1456 locis
1282 1399 1386 1453 illis
1409 1398 1641 1468 positam
1675 1394 1876 1448 nivem.
1915 1389 2054 1456 Quia

463 1506 520 1550 et
545 1495 746 1550 Christi
772 1495 967 1564 gratia,
997 1509 1118 1563 quae
1165 1493 1219 1546 in
1247 1492 1349 1548 hoc
1374 1489 1574 1544 mundo
1602 1484 1968 1555 resplenduit,
2000 1487 2056 1536 et

463 1586 634 1656 frigus
668 1586 949 1641 charitatis
989 1585 1108 1650 Dei,
1142 1599 1248 1654 quo
1275 1582 1603 1636 infrixerunt
1621 1577 1885 1639 homines,
1913 1574 2055 1628 nivis

467 1677 684 1729 nomine
710 1676 885 1746 potuit
914 1674 1194 1744 Scriptura
1235 1688 1389 1727 sacra
1418 1668 1716 1741 significari
1745 1685 1758 1720 :
1789 1665 2054 1719 Banaiam

461 1783 592 1823 vero
623 1767 920 1839 figuraliter
958 1766 1310 1836 intelligimus
1340 1762 1704 1824 Salvatorem,
1763 1757 1875 1827 qui,
1900 1755 2057 1824 juxta

463 1858 571 1911 vim
595 1859 829 1912 nominis
864 1858 968 1922 sui,
996 1858 1104 1926 ipse
1130 1855 1422 1923 wdiﬁcator
1447 1853 1706 1906 Dominus
1735 1851 2058 1918 interpreta—

465 1956 556 2002 tur
583 1990 595 2013 ,
628 1949 696 2003 de
721 1966 828 2018 quo
853 1917 1118 2018 Propheta
1150 1947 1545 2000 vaticinaverat
1565 1986 1580 2010 ,
1631 1944 1756 2013 quia
1793 1917 1894 2012 per
1929 1956 2054 1996 eum
2080 1917 2134 1978 Β

465 2039 782 2094 aediﬁcanda
809 2039 1050 2093 Ecclesia
1076 2047 1243 2103 esset,
1265 2037 1450 2091 dicens
1481 2055 1493 2088 :
1533 2053 1550 2085 ι
1583 2032 1883 2089 Ᾱῐάἱίὶαειιιε
1903 2031 2058 2086 Jeru-

463 2129 630 2183 salem
651 2130 909 2184 Dominus
935 2127 1106 2200 (Psal.
1133 2126 1334 2199 cum).
1374 2145 1392 2178 ι
1424 2126 1667 2193 Itemque
1697 2142 1709 2176 :
1740 2140 1758 2173 ‹
1799 2121 2060 2176 Dominus

464 2220 754 2275 aediﬁcavit
783 2219 912 2275 Sion
947 2217 1119 2292 (Psal.
1146 2218 1242 2290 οι).
1280 2237 1298 2270 ›
1335 2217 1490 2284 Quod
1515 2215 1740 2270 verbum
1769 2214 1824 2268 in
1847 2213 2058 2268 factura

462 2309 609 2373 Evm,
636 2325 758 2378 quae
788 2308 1042 2363 Ecclesiae
1070 2315 1254 2378 typum
1286 2306 1498 2369 habuit,
1527 2303 1808 2373 Scriptura
1837 2303 2059 2372 propria

464 2399 863 2468 signiﬁcatione
891 2398 1088 2466 posuit,
1132 2397 1355 2451 dicens:
1393 2413 1411 2446 ‹
1447 2395 1514 2448 Et
1535 2393 1822 2448 aedificavit
1869 2392 2055 2446 Domi-

462 2504 566 2542 nus
596 2486 740 2542 Deus
769 2495 992 2552 costam,
1026 2501 1187 2555 quam
1224 2485 1424 2539 tulerat
1453 2486 1518 2539 de
1556 2484 1750 2547 Adam,
1785 2482 1837 2536 in
1864 2481 2056 2535 mulie-

464 2590 580 2630 rem
612 2576 764 2648 (Gen.
799 2577 883 2648 ιι).
918 2597 935 2628 ›
996 2576 1063 2629 Ει
1090 2574 1289 2630 Paulus
1317 2574 1560 2630 construi
1589 2588 1710 2628 eam
1733 2572 1922 2626 videns
1948 2571 2052 2624 ait:

468 2685 485 2716 ι
524 2666 620 2721 Dei
651 2667 938 2721 aediﬁcatio
964 2667 1097 2721 estis
1133 2663 1185 2738 (Ι
1217 2664 1339 2720 Cor.
1373 2664 1479 2734 ιιι).
1519 2685 1537 2715 ι
1588 2663 1700 2718 Nec
1727 2670 2060 2732 prtutereun-

464 2756 592 2810 dum
625 2759 767 2826 quod
817 2757 1076 2812 Hebraeus
1115 2756 1206 2811 ille
1249 2755 1463 2810 leonem
1508 2755 1654 2809 hunc
1678 2795 1692 2819 ,
1755 2768 1915 2822 quem
1954 2752 2062 2806 Ba-

466 2849 620 2904 naias
650 2847 945 2914 interfecit,
975 2847 1110 2904 Joab
1139 2847 1364 2918 intelligi
1393 2855 1645 2916 oportere
1664 2852 1851 2914 putat,
1882 2843 1974 2914 qui
2003 2843 2060 2897 in

465 2941 647 2996 medio
676 2942 942 3005 cisternae,
975 2942 1025 2994 id
1060 2949 1161 3005 est,
1204 2940 1261 2994 in
1285 2940 1445 2994 domo
1473 2937 1703 3003 Domini,
1732 2937 1822 2990 ubi
1855 2950 2060 2991 cornua

467 3033 652 3086 altaris
691 3035 933 3097 tenebat,
957 3033 1171 3087 occisus
1190 3040 1276 3087 est
1300 3029 1420 3102 (ΙΙΙ
1445 3030 1574 3100 Reg.
1609 3029 1690 3100 ιι).
1721 3029 1863 3098 Ergo
1889 3028 2060 3082 altare

467 3125 703 3179 cisterna
745 3125 944 3179 dicitur
968 3165 983 3190 ,
1034 3124 1160 3193 quia
1199 3125 1338 3178 sicut
1366 3137 1504 3191 aqua
1549 3121 1798 3175 cisterna:
1846 3118 2060 3173 mundi-

467 3217 600 3271 tiam
637 3216 814 3282 atl‘ert,
863 3219 935 3272 ita
971 3218 1137 3272 etiam
1174 3217 1525 3272 nihilominus
1553 3215 1670 3268 haec
1715 3213 1971 3277 cisterna,
2005 3209 2059 3264 id

471 3320 558 3365 est
585 3311 953 3367 sanctuarium
983 3310 1221 3376 Domini,
1249 3317 1468 3378 peccata
1495 3306 1765 3376 expiabat.
1806 3325 1822 3355 ι
1855 3304 1913 3358 In
1939 3303 2056 3357 die-

463 3401 566 3455 bus
620 3402 778 3463 nivis,
817 3421 836 3453 »
893 3402 1020 3470 quia
1072 3415 1170 3469 per
1208 3407 1440 3454 mortem
1489 3395 1727 3466 expiavit
1756 3401 2056 3464 peccatum,

456 3489 613 3559 juxta
648 3492 778 3546 illud
817 3492 1118 3548 Psalmistae
1148 3510 1160 3545 :
1196 3509 1216 3543 ‹
1247 3488 1478 3546 Lavabis
1509 3504 1616 3554 me,
1651 3507 1670 3540 ι
1708 3488 1850 3556 quod
1873 3487 2063 3556 imple-

465 3591 580 3637 tum
602 3593 683 3638 est
715 3584 768 3637 in
798 3584 975 3640 medio
995 3583 1266 3648 cisternae,
1302 3601 1319 3633 ι
1363 3591 1418 3636 et
1457 3595 1620 3650 super
1650 3579 1831 3633 nivem
1853 3577 2063 3632 dealba-

464 3674 565 3728 bor
587 3671 759 3745 (Psal.
789 3675 868 3746 1.),
906 3695 924 3728 ›
963 3674 1107 3745 quod
1142 3672 1423 3743 impletum
1467 3680 1550 3726 est
1578 3671 1634 3724 in
1661 3685 1727 3725 eo
1761 3667 1901 3737 quod
1939 3669 2016 3722 ait
2046 3687 2057 3720 :

471 3781 490 3814 ι
521 3765 710 3819 diebus
739 3766 897 3820 nivis.
936 3786 955 3818 ι
1010 3765 1086 3820 De
1128 3781 1193 3820 eo
1233 3773 1434 3828 autem,
1479 3763 1621 3832 quod
1671 3761 2064 3830 subsequenter

467 3865 725 3910 narratur
750 3875 761 3908 :
796 3876 813 3908 ι
847 3856 968 3927 Ipse
987 3871 1201 3927 quoque
1224 3853 1498 3910 interfecit
1523 3853 1699 3906 virum
1722 3849 2060 3922 IEgyptium,

473 3963 491 3997 ι
526 3945 702 4000 virum
734 3947 954 4016 dignum
999 3945 1330 4015 spectaculo,
1367 3965 1387 3996 ι
1447 3943 1623 3997 virum
1654 3943 1815 3997 istum
1855 3941 2060 4007 Semei,

475 4035 644 4091 filium
691 4036 832 4092 Gera
884 4053 1006 4093 esse
1039 4037 1355 4100 arbitratur,
1405 4037 1499 4104 qui
1541 4035 1817 4090 maledixit
1866 4034 2057 4088 David.

471 4125 760 4183 Sciendum
809 4129 950 4198 quod
989 4128 1131 4182 idem
1173 4126 1354 4182 Semci
1389 4127 1454 4180 de
1499 4126 1734 4181 Bavicim
1768 4125 1952 4191 fuerit,
2008 4126 2062 4181 id

472 4226 578 4282 est,
610 4218 813 4273 electis.
871 4219 995 4273 Ideo
1019 4218 1306 4289 Egyptius
1337 4218 1534 4282 dictus,
1559 4219 1684 4287 quia
1723 4232 1887 4287 opera
1917 4217 2060 4272 illius

469 4307 709 4378 Egyptii
736 4309 904 4364 Deum
928 4307 1376 4379 blasphemantis,
1398 4323 1557 4378 quem
1582 4307 1813 4379 Moyses,
1837 4308 2062 4378 jubeute

470 4398 698 4452 Domino
724 4441 738 4464 ,
787 4400 1058 4454 interfecit
1103 4400 1158 4453 in
1189 4414 1406 4467 eremo,
1453 4415 1621 4470 opera
1650 4400 1893 4454 imitatus
1936 4399 2057 4456 fuit.

466 4490 561 4545 llle
586 4493 728 4546 enim
755 4493 1150 4563 blasphemavit
1175 4493 1343 4548 Deum
1364 4535 1379 4561 ,
1407 4502 1461 4548 et
1501 4495 1604 4550 iste
1629 4495 1911 4549 maledixit
1933 4509 2060 4563 pro-

468 4580 685 4648 phetam
735 4590 789 4634 et
819 4597 1021 4651 regem,
1062 4600 1081 4632 t
1115 4582 1343 4652 Dignum
1374 4582 1721 4653 spectaculo:
1762 4603 1781 4635 ›
1841 4592 2056 4652 specta-

463 4674 624 4728 batur
652 4676 836 4738 etiam,
868 4685 960 4740 ut,
993 4676 1038 4730 si
1073 4677 1450 4743 regrederetur
1476 4677 1797 4743 Jerusalem,
1846 4675 2055 4732 interﬁ-

465 4776 702 4821 ceretur.
758 4785 776 4817 ‹
817 4766 1116 4823 Habentem
1142 4768 1194 4821 in
1222 4783 1385 4822 manu
1433 4768 1665 4832 hastam,
1706 4788 1724 4821 ι
1759 4768 1814 4822 id
1838 4777 1943 4831 est,
1981 4768 2056 4824 Ie-

464 4871 585 4927 gem
607 4853 724 4922 Dei,
753 4873 915 4927 quam
969 4858 1013 4912 si
1041 4858 1335 4912 meditatus
1370 4857 1560 4912 fuisset
1604 4859 1972 4928 permanendo
1998 4859 2054 4915 in

466 4946 790 5013 Jerusalem,
836 4964 944 5003 non
982 4948 1362 5018 perimeretur.
1406 4948 1540 5014 Quia
1568 4964 1696 5017 ergo
1725 4957 2054 5020 prmoeptum

464 5041 609 5110 regis
631 5041 844 5094 irritum
871 5040 1020 5106 fecit,
1051 5039 1295 5093 exeundo
1325 5039 1472 5095 foras
1498 5038 1818 5105 Jerusalem,
1849 5041 2052 5097 idcirco

462 5129 519 5184 in
553 5147 675 5185 eum
703 5147 732 5184 a
762 5130 965 5184 Banaia
993 5132 1047 5186 in
1077 5131 1254 5203 virga,
1297 5132 1351 5186 id
1379 5140 1482 5198 est,
1517 5132 1569 5185 in
1601 5131 1926 5187 rectitudine
1961 5131 2052 5201 ju-

462 5221 624 5274 stitiae
663 5222 984 5276 descensum
1036 5229 1154 5284 est,
1197 5231 1251 5275 et
1279 5221 1450 5286 hasta,
1508 5238 1669 5294 quam
1689 5221 1802 5292 jam
1829 5238 1937 5279 non
1967 5239 2054 5280 re-

465 5319 607 5365 ctam
639 5311 873 5375 tenebat,
899 5313 953 5366 vi
985 5313 1053 5365 ab
1081 5326 1148 5366 eo
1173 5321 1385 5367 extorta
1409 5322 1508 5368 est.

541 5421 558 5452 (
596 5403 724 5458 Haec
747 5404 874 5459 fecit
916 5405 1164 5472 Banaias,
1195 5405 1337 5463 filius
1385 5407 1585 5473 Joadae,
1626 5419 1681 5464 et
1732 5409 1845 5479 ipse
1873 5409 2050 5464 nomi-

471 5513 488 5544 ι
527 5502 686 5547 natur
728 5496 871 5550 inter
901 5504 1011 5551 tres
1046 5495 1320 5564 robustos,
1345 5499 1436 5567 qui
1459 5508 1616 5554 erant
1637 5499 1780 5554 inter
1825 5500 2046 5570 triginta

471 5601 492 5634 ς
530 5584 842 5650 nobiliores,
874 5594 1244 5644 verumtamen
1277 5605 1451 5659 usque
1487 5591 1555 5646 ad
1587 5599 1697 5645 tres
1722 5605 1831 5645 non
1859 5605 2048 5660 perve-

471 5693 490 5726 ι
529 5685 703 5729 uerat.
728 5696 746 5728 ι
777 5675 1118 5749 Intelligitur,
1145 5681 1270 5750 quia
1293 5681 1407 5751 ipse
1443 5681 1710 5736 nominari
1741 5681 1930 5750 dignus
1958 5697 2046 5737 es-

464 5775 549 5820 et
576 5766 718 5821 inter
745 5775 855 5822 tres
885 5769 1153 5837 robustos,
1181 5771 1235 5824 id
1260 5779 1374 5835 est,
1403 5770 1589 5826 Abisai
1617 5780 1672 5824 et
1702 5769 1952 5825 Sibachai
1993 5780 2049 5826 et

462 5856 757 5929 Junathan,
807 5862 1005 5933 quippe
1033 5863 1126 5933 qui
1150 5862 1358 5920 viribus
1381 5863 1460 5921 eis
1486 5862 1807 5934 aequiparari
1841 5873 2044 5934 posset.

2150 661 2292 718 veat,
2344 652 2486 722 quod
2514 653 2567 705 in
2618 666 2827 706 summa
2856 665 2963 705 non
2993 651 3227 720 triginta,
3283 650 3377 704 sed
3406 651 3623 720 triginta
3651 667 3737 704 se-

2148 755 2285 818 ptem
2334 747 2621 816 legantur;
2659 744 2882 814 triginta
2939 743 3084 797 enim
3114 749 3170 796 et
3214 748 3419 812 septem
3469 751 3595 795 sunt
3631 742 3738 796 hoc

2149 837 2329 892 modo.
2388 834 2608 904 Septem
2655 832 2906 888 videlicet
2959 830 3213 885 fortiores
3240 829 3298 885 hi
3342 838 3510 882 sunt:
3541 828 3737 895 David,

2151 928 2241 998 qui
2270 926 2570 997 appellatur
2617 924 2944 987 Adeodatus,
2982 921 3190 987 Abisai,
3247 919 3522 983 Sibachai,
3568 919 3737 974 Jona-

2151 1021 2304 1084 than,
2350 1019 2594 1083 Eleazar,
2642 1016 2859 1071 Semma
2906 1014 3047 1068 filius
3079 1013 3187 1083 Age
3235 1012 3302 1066 de
3346 1011 3525 1077 Arari,
3552 1020 3608 1067 et
3630 1011 3741 1066 Ba-

2154 1114 2326 1168 naias.
2365 1112 2504 1166 Ecce
2525 1121 2752 1181 septem.
2805 1109 3046 1178 Triginta
3087 1115 3266 1161 autem
3293 1106 3346 1160 lii
3373 1114 3499 1161 sunt
3531 1123 3544 1158 :
3576 1103 3744 1159 Asael

2153 1202 2432 1268 Eleanam,
2456 1199 2693 1265 Semma,
2731 1199 2948 1263 Sarath,
2976 1198 3296 1262 Elichaeles,
3341 1197 3446 1262 Ira,
3486 1196 3743 1260 Abiezer,

2156 1292 2467 1358 Mobonnai,
2506 1291 2748 1356 Selmon,
2802 1289 3045 1352 Maarai,
3085 1287 3236 1351 Eled,
3285 1285 3383 1339 Itai
3411 1326 3425 1351 ,
3474 1283 3745 1349 Banaian,

2155 1383 2504 1450 Eufronites,
2553 1383 2774 1446 Abdas,
2827 1380 3093 1436 Abialbon
3121 1421 3135 1444 ,
3183 1379 3480 1442 Azmavet,
3534 1376 3746 1441 Eliaba,

2157 1475 2377 1530 Semma
2406 1475 2472 1528 de
2500 1473 2678 1538 Arari,
2727 1473 2903 1538 Aiam,
2956 1469 3279 1539 Elipheleth,
3326 1468 3517 1532 Eliam,
3565 1468 3750 1532 Esrai,

2155 1569 2335 1633 Farai,
2361 1569 2515 1638 Giga,
2542 1566 2755 1629 Albani,
2781 1565 2986 1629 Seleth,
3011 1563 3228 1628 Naarai,
3257 1563 3363 1628 Ira,
3386 1561 3561 1628 Iareb,
3616 1562 3750 1617 Uria

2157 1659 2394 1714 Ethaeus.
2423 1659 2547 1714 Ideo
2575 1673 2704 1728 ergo
2734 1657 2865 1712 Uria
2891 1656 3110 1711 Etbaeus
3139 1654 3361 1710 ultimus
3382 1653 3601 1723 ponitur
3622 1667 3756 1721 pro-

2156 1761 2279 1824 pter
2308 1754 2363 1808 id
2393 1754 2534 1823 quod
2561 1753 2824 1822 sequitur.

2727 1885 2956 1942 CAPUT
2993 1885 3182 1942 XXIV.

2161 1999 2239 2054 De
2286 2001 2484 2068 oﬂ‘ensa
2522 1999 2695 2053 David
2752 2015 2855 2069 qua
2900 1999 3119 2067 offendit
3171 1997 3550 2069 Dorminumjn
3591 1996 3756 2069 dina-

2230 2065 2517 2123 meratione
2544 2069 2735 2139 Israel,
2763 2065 2826 2122 ‘et
2859 2065 3102 2139 dep/(iga
3144 2068 3215 2139 alt
3237 2068 3335 2139 hoc
3365 2069 3421 2120 in
3455 2065 3625 2139 Israel
3673 2066 3760 2139 di-

2232 2149 2394 2192 recta.
2433 2169 2505 2179 —-
2541 2137 2693 2204 Quod
2715 2139 2886 2192 David
2913 2136 3154 2208 placabat
3181 2137 3467 2192 Dominum
3485 2136 3758 2206 o/ferendo

2233 2209 2543 2264 holocausta
2563 2209 2620 2263 in
2648 2226 2772 2264 area
2803 2207 3015 2263 Arenna
3042 2207 3294 2263 Jebuswt'.

2233 2342 2384 2413 (ΠΛΡ.
2424 2342 2595 2412 xxiv).
2638 2361 2657 2392 ‹
2694 2341 2762 2395 Et
2793 2341 2999 2396 addidit
3020 2339 3172 2396 furor
3192 2340 3407 2396 Domini
3436 2339 3597 2393 irasci
3620 2353 3757 2392 con-

2167 2455 2186 2488 ε
2223 2445 2306 2492 tra
2335 2436 2524 2502 Israel,
2556 2455 2573 2488 ι
2609 2434 2728 2491 Jam
2759 2437 2904 2491 enim
2943 2436 3076 2490 ultio
3112 2435 3258 2490 facta
3295 2435 3474 2489 fuerat
3502 2434 3554 2487 in
3587 2432 3759 2486 David

2161 2533 2216 2580 et
2244 2526 2299 2580 in
2321 2526 2481 2580 domo
2502 2526 2653 2596 ejus;
2684 2527 2740 2580 in
2775 2525 2960 2596 praelio
2997 2540 3128 2580 vero
3154 2525 3246 2593 qui
3290 2516 3461 2577 noluit
3500 2522 3761 2576 resistere

2161 2617 2332 2672 David
2369 2617 2421 2670 in
2449 2617 2726 2686 pereundo
2754 2616 2918 2681 Uria,
2973 2617 3087 2670 haec
3135 2615 3373 2669 nondum
3417 2613 3552 2667 ultio
3573 2613 3757 2667 divina

2161 2704 2302 2760 facta
2343 2705 2538 2760 fuerat.
2597 2705 2804 2761 Idcirco
2830 2707 2920 2760 hic
2969 2705 3192 2760 ultimus
3241 2705 3480 2775 ponitur,
3524 2711 3586 2758 ut
3623 2702 3758 2759 ultio

2161 2797 2356 2852 mortis
2382 2795 2501 2866 ejus
2525 2797 2581 2851 in
2610 2797 2798 2868 prtelio
2831 2803 3253 2852 monstraretur.

2239 2928 2258 2962 ι
2292 2908 2703 2980 Commovitque
2753 2910 2923 2964 David
2974 2910 3029 2964 in
3081 2910 3159 2986 eis
3204 2908 3476 2964 dicentem
3514 2925 3528 2960 :
3582 2905 3753 2971 Vade,

2168 3020 2189 3054 ι
2232 3018 2458 3057 numera
2503 3002 2670 3057 Israel
2715 3010 2770 3056 et
2811 3000 3023 3056 Judam.
3079 3001 3332 3069 Dixitque
3377 3014 3474 3053 rex
3521 2998 3586 3052 ad
3622 2996 3759 3051 Joan

2169 3111 2190 3145 ς
2232 3094 2536 3164 principem
2563 3092 2837 3148 exercitus
2859 3092 2941 3146 sui
2974 3110 2988 3148 :
3015 3091 3338 3147 Perambula
3365 3104 3555 3144 omnes
3584 3088 3760 3142 tribus

2171 3204 2190 3237 ι
2234 3186 2398 3242 Israel
2426 3202 2454 3241 a
2480 3187 2596 3241 Dan
2630 3201 2804 3255 usque
2846 3185 3130 3240 Bersabee.
3177 3185 3246 3238 Et
3273 3190 3555 3238 numerate
3584 3195 3758 3249 popu-

2085 3273 2132 3337 C
2169 3295 2189 3328 ‹
2233 3276 2344 3330 lum
2367 3318 2381 3343 ,
2413 3284 2472 3331 ut
2493 3277 2662 3332 sciam
2685 3291 2971 3331 numerum
3015 3273 3150 3344 ejus,
3204 3283 3308 3329 etc.
3341 3294 3358 3326 ι
3399 3273 3505 3328 Pro
3527 3271 3763 3342 qualita-

2167 3367 2310 3423 tibus
2352 3367 2694 3423 subditorum
2740 3368 3100 3437 disponuntur
3148 3377 3268 3421 acta
3306 3365 3607 3435 regentium
3633 3402 3647 3426 ,
3702 3369 3764 3415 ut

2166 3475 2455 3531 saepepro
2503 3460 2646 3516 malo
2696 3459 2898 3530 gregis,
2952 3459 3119 3513 etiam
3163 3457 3268 3512 viri
3309 3455 3439 3512 boni
3482 3453 3763 3522 delinquat

2163 3553 2274 3608 vita
2295 3553 2550 3623 pastoris.
2588 3552 2680 3606 Ille
2699 3553 2866 3617 enim,
2895 3551 3007 3606 Deo
3021 3557 3336 3614 attestante,
3366 3549 3638 3612 laudatus,
3670 3547 3763 3603 ille

2166 3659 2525 3714 supernorum
2551 3644 2933 3714 mysteriorum
2960 3644 3213 3698 conscius
3251 3641 3422 3696 David
3468 3641 3759 3712 propheta,

2164 3745 2378 3791 tumore
2403 3737 2686 3806 repentino
2727 3737 2977 3791 elationis
3021 3735 3261 3801 inflatus,
3286 3733 3542 3805 populum
3573 3749 3768 3788 nume-

2165 3829 2335 3884 rando
2364 3829 2632 3899 peccavit,
2665 3837 2720 3884 et
2761 3838 2943 3884 tamen
2971 3829 3268 3883 vindictam
3312 3826 3560 3897 populus,
3590 3825 3764 3880 David

2163 3928 2445 3989 peccante,
2518 3921 2772 3990 suscepit.
2820 3916 2930 3975 Cur
2980 3920 3134 3975 hoc?
3181 3919 3317 3985 Quia
3369 3918 3623 3972 videlicet
3675 3932 3765 3972 se-

2165 4010 2400 4066 cundum
2447 4011 2703 4065 meritqu
2731 4011 2971 4080 plebium
2997 4011 3360 4079 disponuntur
3379 4010 3542 4063 corda
3583 4017 3764 4064 recto-

2165 4118 2305 4156 rum.
2344 4101 2530 4157 Justus
2550 4117 2680 4157 vero
2705 4103 2872 4172 judex
2902 4117 2970 4157 ex
3013 4102 3254 4170 ipsorum
3287 4099 3763 4154 animadversione

2164 4193 2427 4263 corripuit
2450 4202 2758 4263 peccantes,
2792 4208 2889 4248 rex
2917 4207 3148 4263 quorum
3173 4206 3337 4246 causa
3357 4191 3623 4260 peccavit.
3649 4188 3762 4246 Sed

2163 4285 2291 4354 quia
2325 4285 2458 4354 ipse,
2484 4300 2579 4339 sua
2602 4285 2809 4340 scilicet
2838 4283 3117 4338 voluntate
3170 4281 3509 4352 superbiens,
3540 4297 3572 4335 a
3599 4279 3759 4350 culpa

2163 4377 2372 4430 alienus
2396 4391 2503 4432 non
2535 4375 2658 4440 fuit,
2691 4375 2984 4431 vindictam
3026 4375 3196 4445 culpa:
3227 4374 3340 4443 ipse
3365 4373 3529 4428 etiam
3574 4389 3761 4428 susce-

2162 4467 2258 4535 pit.
2310 4466 2448 4522 Nam
2493 4467 2574 4521 ira
2617 4468 2864 4532 saeviens,
2921 4481 3043 4535 qua:
3081 4464 3439 4534 corporaliter
3499 4464 3757 4533 populqu

2161 4559 2412 4628 perculit,
2467 4568 2733 4616 rectorem
2764 4572 2979 4630 quoque
3004 4557 3188 4630 populi
3231 4557 3424 4612 intimo
3452 4557 3632 4613 cordis
3661 4558 3758 4614 do-

2081 4637 2138 4698 D
2163 4651 2279 4708 lore
2297 4653 2611 4722 prostravit.

2236 4765 2397 4823 Certe
2421 4781 2612 4822 verum
2642 4773 2757 4831 est,
2801 4765 2947 4835 quod
2991 4765 3070 4820 ita
3099 4764 3203 4820 sibi
3233 4764 3467 4820 invicem
3496 4770 3552 4818 et
3576 4771 3754 4818 recto-

2164 4873 2286 4913 rum
2315 4858 2511 4912 merita
2553 4863 2949 4912 connectantur
2993 4861 3048 4910 et
3081 4854 3343 4925 plebium,
3394 4862 3455 4909 ut
3505 4868 3649 4923 sepe
3682 4869 3752 4908 ex

2163 4949 2317 5020 culpa
2353 4956 2632 5020 pastorum
2658 4948 2895 5002 deterior
2921 4947 3015 5001 ﬁat
3055 4948 3165 5000 vita
3207 4947 3479 5017 plebium,
3506 4956 3562 5002 et
3607 4961 3754 5017 saepe

2161 5058 2226 5097 ex
2257 5041 2454 5097 merito
2482 5041 2720 5110 plebium
2751 5047 2990 5094 mutetur
3024 5039 3133 5092 vita
3155 5047 3451 5108 pastorum.
3487 5037 3594 5094 Sed
3620 5038 3750 5108 quia

2159 5132 2418 5186 certiores
2443 5132 2646 5186 habent
2669 5131 2906 5201 judicem
2931 5145 3109 5194 suum,
3151 5144 3345 5201 magna
3383 5129 3591 5185 cautela
3621 5130 3749 5185 sub-

2156 5223 2392 5278 ditorum
2429 5230 2513 5276 est
2555 5236 2660 5276 non
2693 5230 2895 5275 temere
2938 5220 3104 5277 vitam
3137 5219 3383 5289 judicare
3419 5219 3742 5290 regentium.

2153 5313 2342 5383 Neque
2365 5313 2508 5368 enim
2559 5312 2756 5368 frustra
2791 5326 2884 5382 per
2913 5312 3262 5380 semetipsum
3304 5311 3563 5366 Dominus
3614 5329 3634 5361 ‹
3669 5325 3745 5366 aes

2155 5403 2640 5458 nummulariorum
2669 5402 2840 5468 fudit,
2884 5409 2939 5456 et
2966 5403 3253 5458 cathedras
3283 5402 3628 5457 vendentium
3658 5417 3745 5459 co-

2153 5497 2364 5553 lumbas
2391 5497 2585 5552 evertit
2606 5494 2790 5569 (Joan.
2821 5497 2917 5567 u):
2954 5517 2973 5549 ι
3003 5497 3255 5552 nimirum
3277 5494 3588 5565 signiﬁcans
3613 5496 3741 5565 quia

2151 5605 2250 5660 per
2297 5589 2586 5660 magistros
2629 5588 2846 5658 quidem
2871 5588 3040 5643 vitam
3081 5587 3286 5658 judicat
3331 5588 3589 5657 plebium,
3644 5587 3740 5644 sed

2151 5697 2248 5751 per
2271 5681 2619 5753 semetipsum
2651 5681 2792 5736 facta
2815 5681 3090 5736 examinat
3117 5680 3521 5750 magistrorum,
3554 5695 3738 5751 quam-

2151 5774 2234 5828 vis
2263 5773 2426 5828 etiam
2470 5773 2805 5828 subditorum
2836 5772 2989 5838 vitia,
3038 5786 3158 5841 qua:
3188 5787 3217 5824 a
3253 5771 3526 5840 magistris
3574 5770 3736 5826 modo

2154 5866 2561 5924 dissimulantur
2572 5867 2659 5924 vel
2683 5865 2914 5939 iudicari
2937 5870 3233 5936 nequeunt,
3261 5861 3378 5933 ejus
3398 5861 3609 5936 (procul
3637 5861 3735 5918 du-
