4074 6472
326 523 424 579 121

1137 511 1489 572 COMMENT.
1528 510 1597 568 IN
1634 506 1879 568 LIBROS
1912 509 1981 569 IV
2020 508 2287 565 REGUM.
2325 538 2396 551 -ς
2426 509 2496 565 ΙΝ
2533 508 2661 564 LIB.
2699 509 2764 564 ll.

3464 504 3572 561 ηε

323 640 437 712 hic)
458 636 662 710 judicio
689 643 1048 691 reservantur.
1097 632 1265 704 Igitur
1306 631 1435 685 dum
1485 629 1631 684 salva
1675 628 1779 681 fide
1807 641 1896 681 res
1921 630 1973 688 Α
1998 640 2140 689 rum,
2187 624 2389 679 dabunt
2412 621 2607 694 singuli
2629 623 2860 693 pretium
2897 637 2996 693 pro
3014 622 3296 677 animabus
3327 621 3440 677 suis
3460 621 3571 676 Do-

326 732 528 804 agitur,
570 727 784 783 virtutis
823 733 907 780 est
931 724 1145 788 merito,
1189 723 1233 779 si
1281 722 1538 793 quidquid
1589 719 1789 791 prioris
1816 726 1899 773 est

326 822 608 878 toleratur.
632 816 803 872 Debet
835 825 1013 872 tamen
1036 814 1313 870 humiliter
1332 813 1569 885 suggeri,
1598 811 1643 866 si
1668 810 1901 865 fortasse

325 912 501 967 valeat
553 908 697 979 quod
754 906 1001 977 displicet
1054 904 1363 961 emendare.
1435 903 1542 958 Sed
1601 903 1900 957 curandum

326 1016 668 1073 summopere
695 1009 780 1055 est
823 1015 893 1056 ne
928 1000 984 1054 in
1018 998 1327 1070 superbiam
1356 1004 1634 1050 transeant
1674 992 1900 1062 justitize

327 1096 641 1151 inordinataa
665 1090 1005 1147 defensiones
1029 1131 1044 1157 ,
1093 1090 1221 1145 dum
1268 1086 1534 1143 rectitudo
1560 1087 1776 1141 incaute
1825 1086 1903 1140 di-

324 1186 525 1258 ligitur,
574 1185 687 1254 ipsa
728 1182 986 1253 magistra
1029 1180 1369 1237 rectitudinis
1410 1178 1687 1234 humilitas
1744 1177 1902 1231 amit-

325 1286 472 1331 tatur
497 1316 513 1341 ,
575 1290 643 1330 ne
703 1289 826 1328 eum
887 1273 986 1328 sibi
1051 1287 1282 1343 praeesse
1334 1273 1562 1342 quisque
1616 1268 1897 1339 despiciat,

323 1382 483 1437 quem
522 1364 752 1420 fortasse
775 1364 1003 1435 contigit
1040 1371 1103 1418 ut
1139 1363 1197 1418 in
1227 1362 1409 1432 aliqua
1454 1361 1667 1418 actione
1711 1373 1899 1430 repre-

323 1458 542 1512 hendat.

391 1548 591 1603 Contra
621 1549 766 1603 hunc
797 1556 1063 1603 tumorem
1092 1548 1358 1617 superbia:
1386 1546 1723 1603 subditorum
1746 1557 1901 1601 mens

321 1638 388 1690 ad
441 1637 743 1693 custodiam
787 1637 1105 1693 humilitatis
1166 1638 1481 1702 edomatur,
1529 1635 1573 1692 si
1615 1635 1899 1691 inﬁrmitas

318 1730 538 1799 propria
590 1730 921 1784 incessanter
973 1729 1285 1784 attenditur.
1348 1728 1640 1784 Hasvires
1685 1733 1899 1782 nostras

319 1819 587 1873 veraciter
635 1820 944 1874 examinare
989 1819 1330 1890 negligimus,
1374 1828 1430 1873 et
1460 1818 1586 1887 quia
1639 1818 1705 1872 de
1746 1816 1900 1871 nobis

319 1909 543 1964 fortiora
595 1910 906 1976 credimus,
962 1910 1166 1965 idcirco
1198 1925 1291 1965 eos
1337 1910 1430 1980 qui
1482 1908 1638 1963 nobis
1689 1906 1898 1978 praelati

1999 715 2165 781 mino,
2209 722 2263 770 et
2289 729 2395 768 non
2423 714 2529 768 erit
2543 713 2699 784 plaga
2720 713 2774 768 in
2794 713 2893 779 eis,
2924 728 3047 768 cum
3070 712 3271 768 fuerint
3297 713 3566 769 recensiti.

1998 807 2113 863 Hoc
2149 814 2329 862 autem
2360 806 2508 861 dabit
2536 806 2741 871 omnis,
2780 806 2871 874 qui
2899 806 3093 862 transit
3138 804 3206 860 ad
3229 820 3449 871 nomen,
3492 805 3574 859 di-

1997 898 2224 953 midium
2260 896 2375 951 sicli
2420 896 2577 967 juxta
2626 909 2938 950 mensuram
2984 894 3186 964 templi.
3272 894 3451 949 Siclus
3493 893 3574 948 vi-

1998 990 2133 1061 ginti
2155 990 2318 1045 habet
2340 988 2543 1053 obolos,
2567 986 2744 1043 media
2762 1001 2890 1056 pars
2905 985 3023 1041 sicli
3044 984 3301 1040 offeretur
3318 985 3576 1042 Domino.

1999 1078 2100 1147 Qui
2126 1080 2356 1135 habetur
2375 1080 2430 1135 in
2458 1093 2687 1135 numero
2706 1094 2738 1133 a
2764 1078 2953 1148 viginti
2979 1076 3137 1131 annis
3160 1084 3215 1131 et
3254 1092 3436 1147 supra,
3482 1081 3577 1132 da-

1997 1172 2075 1227 bit
2098 1172 2349 1242 pretium.
2395 1171 2555 1226 Dives
2598 1186 2704 1226 non
2752 1170 2913 1225 addet
2959 1170 3025 1223 ad
3054 1169 3290 1224 medium
3335 1168 3473 1234 sicli,
3522 1175 3579 1224 et

1996 1277 2202 1332 pauper
2234 1262 2365 1316 mihi
2393 1261 2618 1316 minuet.
2666 1259 3091 1330 Susceptamque
3114 1258 3420 1328 pecuniam,
3458 1272 3578 1325 quae

1998 1353 2193 1410 collata
2216 1368 2248 1408 a
2288 1352 2413 1408 filiis
2439 1353 2626 1420 Israel,
2663 1351 2844 1408 trades
2880 1352 2934 1406 in
2972 1366 3103 1406 usus
3130 1347 3461 1405 tabernaculi
3501 1355 3578 1401 te-

1998 1447 2259 1512 stimonii,
2286 1454 2347 1500 ut
2371 1447 2442 1501 sit
2471 1453 2875 1501 monumentum
2896 1459 3084 1500 eorum
3116 1458 3300 1499 coram
3326 1440 3577 1505 Domino,

1997 1544 2054 1591 et
2071 1535 2395 1606 propitietur
2418 1536 2700 1591 animabus
2728 1551 2913 1590 eorum
2939 1533 3136 1605 (Exod.
3160 1533 3311 1603 xxx).
3352 1552 3370 1583 ι

2074 1645 2093 1678 ε
2126 1627 2238 1682 Hoc
2270 1641 2399 1681 vero
2450 1626 2647 1681 oblitus
2685 1626 2853 1680 David
2889 1625 3089 1690 facere,
3131 1624 3335 1680 idcirco
3359 1619 3583 1675 offendit

1997 1716 2191 1781 Deum,
2234 1724 2291 1771 et
2319 1717 2390 1773 ob
2415 1718 2519 1771 hoc
2538 1717 2693 1786 plaga
2721 1719 2872 1772 venit
2919 1718 2977 1771 in
3004 1715 3190 1771 lsrael.
3231 1713 3402 1783 Hujus
3449 1728 3580 1783 ergo

1997 1806 2103 1863 loci
2130 1808 2463 1862 mentionem
2491 1807 2696 1863 faciens
2721 1807 2989 1877 Iosephus
3032 1809 3108 1862 ita
3136 1805 3325 1871 refert,
3353 1806 3539 1860 dicens
3562 1821 3576 1835 ο

2004 1916 2023 1949 ι
2061 1898 2343 1968 Prophetis
2371 1899 2551 1968 itaque
2572 1899 2972 1954 declarantibus
2993 1898 3182 1962 David,
3210 1897 3353 1966 quod
3371 1896 3421 1950 ei
3440 1895 3584 1949 Deus

319 2009 447 2055 sunt
472 1999 715 2056 districte
752 2000 1076 2073 iudicamus.
1103 2000 1222 2067 Quo
1247 2001 1390 2056 enim
1416 1999 1775 2068 nosmetipsos
1799 1999 1899 2053 mi—
1924 1980 1973 2041 Β
2001 1993 2363 2059 irasceretur,
2414 1993 2718 2064 supplicare
2765 1993 2962 2061 coepit,
3010 2006 3241 2061 eumque
3278 2004 3470 2057 rogare
3522 1993 3585 2041 ut

319 2106 423 2145 nus
445 2091 812 2161 agnoscimus,
858 2106 924 2146 eo
953 2092 1102 2156 illos,
1143 2100 1303 2161 quos
1331 2090 1731 2161 reprehendere
1780 2089 1903 2143 niti-

316 2193 441 2233 mur
465 2219 480 2245 ,
538 2180 660 2250 plus
708 2180 972 2236 videmus.
1041 2180 1206 2254 Signa
1232 2182 1347 2237 haec
1376 2181 1516 2236 mala
1540 2190 1682 2246 sunt,
1723 2194 1842 2250 qum
1868 2194 1901 2234 a

317 2267 548 2323 subditis
577 2284 719 2339 saepe
769 2270 823 2347 in
849 2272 1108 2342 praelatis,
1150 2287 1293 2341 saepe
1333 2287 1364 2326 a
1398 2271 1634 2341 praelatis
1662 2272 1717 2325 in
1769 2271 1900 2326 sub-

317 2357 447 2413 ditis
472 2360 900 2426 committuntur,
948 2362 1076 2431 quia
1116 2369 1171 2416 et
1209 2376 1400 2416 omnes
1445 2361 1694 2415 subditos
1726 2359 1782 2413 hi
1806 2359 1901 2428 qui

315 2458 558 2519 pmsunt
600 2450 780 2506 minus
807 2466 969 2520 quam
1022 2451 1123 2521 ipsi
1161 2454 1288 2506 sunt
1316 2451 1589 2522 sapientes
1627 2450 1901 2505 arbitran-

317 2544 411 2590 tur
441 2554 456 2603 ;
507 2546 561 2592 et
582 2554 794 2593 rursum
825 2540 917 2609 qui
942 2540 1171 2610 subjecti
1203 2550 1350 2606 sunt,
1381 2549 1656 2596 rectorum
1682 2555 1904 2595 suorum

317 2629 560 2684 actiones
580 2630 865 2700 judicant;
916 2640 972 2686 et
1017 2632 1064 2686 si
1104 2633 1248 2702 ipsos
1276 2633 1517 2702 regimen
1546 2640 1730 2687 tenere
1776 2646 1905 2686 con-

321 2717 572 2788 tingeret,
627 2734 687 2775 se
726 2722 967 2791 potuisse
1014 2736 1174 2792 agere
1227 2722 1421 2778 melius
1484 2731 1691 2788 putant.
1750 2721 1904 2777 Unde

318 2807 637 2879 plerumque
670 2810 733 2865 fit
779 2820 841 2867 ut
887 2819 944 2867 et
991 2820 1231 2868 rectores
1276 2814 1454 2868 minus
1504 2814 1797 2883 prudenter
1838 2826 1903 2867 ea

319 2912 441 2971 qua:
462 2899 671 2971 agenda
708 2910 834 2956 sunt
882 2902 1116 2968 videant,
1155 2903 1283 2972 quia
1327 2919 1515 2958 eorum
1562 2904 1747 2959 oculos
1786 2903 1905 2974 ipsa

321 2990 517 3044 nebula
562 2990 810 3047 elationis
858 2994 1149 3059 obscurat;
1212 3003 1267 3049 et
1289 3009 1670 3064 nonnunquam
1709 2994 1766 3051 is
1812 2994 1905 3064 qui

323 3079 596 3148 subjectus
621 3082 855 3148 esthoc,
911 3098 1033 3137 cum
1059 3084 1314 3153 praelatus
1337 3083 1523 3150 fuerit,
1575 3084 1741 3140 faciat
1761 3084 1906 3155 quod

323 3169 525 3225 dudum
570 3171 688 3225 fieri
733 3172 978 3228 subditus
1019 3174 1300 3245 arguebat,
1326 3183 1379 3229 et
1408 3189 1507 3245 pro
1536 3190 1602 3230 eo
1644 3176 1786 3245 quod
1814 3177 1905 3231 illa

319 3275 442 3330 qua:
489 3260 825 3330 judicaverat
871 3271 1177 3332 perpetrat,
1228 3264 1416 3318 saltem
1447 3265 1573 3335 quia
1619 3263 1905 3333 judicavit,

1999 2084 2266 2154 propitius
2285 2090 2447 2149 esset,
2479 2092 2536 2137 et
2565 2083 2778 2138 veniam
2798 2084 3006 2152 peccati
3043 2081 3381 2137 concederet.
3429 2078 3585 2133 Tunc

1998 2189 2128 2244 ergo
2169 2173 2282 2229 Gad
2320 2176 2637 2245 prephetam
2676 2174 2825 2229 misit
2868 2175 2935 2229 ad
2971 2189 3094 2228 eum
3140 2171 3421 2235 Dominus,
3470 2176 3584 2223 tres

2001 2265 2247 2335 supplicii
2293 2266 2635 2321 conditiones
2677 2272 3006 2334 portantem,
3065 2269 3127 2316 ut
3174 2275 3364 2317 earum
3417 2271 3582 2328 quam

1999 2356 2254 2426 probaret
2282 2356 2524 2426 eligeret,
2576 2364 2760 2410 utrum
2791 2353 2954 2409 vellet
2981 2352 3176 2408 famem
3207 2351 3263 2405 in
3301 2346 3581 2420 provincia

2000 2448 2246 2518 generari
2274 2448 2431 2503 annis
2458 2456 2686 2518 septem,
2716 2446 2980 2501 antribus
2999 2443 3276 2499 mensibus
3294 2439 3584 2511 pugnando

2000 2542 2306 2597 vinceretur
2330 2542 2398 2595 ab
2417 2541 2664 2596 hostibus
2685 2581 2700 2605 ,
2746 2555 2814 2594 an
2842 2546 2988 2594 certe
3034 2536 3255 2592 morbus
3278 2541 3335 2589 et
3358 2534 3587 2602 languor

2005 2634 2286 2690 accederet
2309 2633 2484 2688 tribus
2507 2631 2697 2687 diebus
2721 2630 2984 2685 Hebrmis.
3033 2627 3125 2683 llle
3153 2640 3283 2682 vero
3311 2625 3368 2680 in
3402 2622 3589 2678 anxie—

2003 2732 2171 2779 tatem
2207 2722 2369 2792 hujus
2403 2721 2682 2778 electionis
2725 2722 2964 2776 omnium
3015 2734 3200 2774 rerum
3225 2717 3587 2788 pessimarum

2006 2814 2312 2880 incurrens,
2340 2813 2696 2868 tribulabatur
2714 2821 2769 2866 et
2785 2814 3133 2866 vehementer
3157 2808 3339 2864 animo
3365 2806 3586 2862 videba-

2006 2911 2094 2959 tur
2140 2917 2261 2959 esse
2310 2902 2585 2959 confusus.
2638 2901 2883 2971 Cumque
2916 2903 3179 2972 propheta
3221 2893 3445 2963 diceret,
3484 2896 3603 2952 hoc

2003 2996 2314 3052 omnimodo
2339 2995 2641 3061 imminere,
2687 3005 2742 3048 et
2766 3008 3085 3063 responsum
3130 2990 3386 3046 velociter
3405 2987 3585 3058 exige-

2006 3094 2110 3151 ret,
2155 3094 2215 3140 ut
2238 3085 2463 3141 electam
2491 3085 2557 3139 ab
2584 3099 2650 3140 eo
2684 3083 3044 3138 conditionem
3074 3079 3412 3136 renuntiaret
3452 3078 3587 3143 Deo,

2008 3180 2252 3248 cogitans
2276 3194 2370 3232 rex
2413 3178 2559 3247 quia,
2606 3177 2652 3232 si
2689 3176 2888 3231 famem
2918 3175 3162 3246 eligeret,
3211 3180 3401 3228 contra
3452 3171 3589 3227 alios

2010 3269 2114 3325 hoc
2140 3268 2321 3324 facere
2349 3268 2656 3334 videretur,
2703 3267 2921 3336 quando
2959 3266 3073 3335 ipse
3113 3265 3330 3334 quidem
3381 3262 3588 3317 habens

322 3350 632 3405 erubescat.
694 3350 862 3421 Igitur
908 3353 1048 3407 sicut
1081 3355 1323 3423 praelatis
1370 3357 1667 3411 curandum
1703 3368 1787 3412 est
1840 3374 1910 3414 ne
1933 3338 1980 3400 (δ
2012 3357 2177 3412 multa
2208 3357 2475 3412 frumenta
2502 3372 2609 3413 non
2635 3364 2914 3427 pateretur
2935 3355 3191 3425 inopiam,
3216 3352 3437 3422 reliquis
3458 3365 3589 3407 vero

321 3455 514 3495 eorum
545 3442 726 3509 corda,
785 3444 1144 3499 aestimatione
1192 3446 1483 3517 singularis
1510 3447 1807 3517 sapientiai,
1830 3449 1909 3506 lo-

320 3544 423 3586 cus
451 3531 698 3600 superior
721 3533 963 3600 extollat,
1016 3535 1090 3590 ita
1125 3536 1384 3606 subjectis
1408 3540 1797 3610 providendum
1827 3552 1913 3598 est

321 3634 393 3673 ne
412 3618 514 3673 sibi
555 3629 829 3676 rectorum
879 3623 1022 3678 facta
1067 3625 1384 3697 despiciant.
1441 3628 1499 3684 Si
1534 3639 1715 3685 autem
1740 3633 1911 3703 magi-

321 3720 559 3767 strorum
605 3714 714 3767 vita
750 3713 874 3783 jure
922 3719 1373 3786 reprehenditur,
1420 3732 1631 3792 oportet
1677 3731 1739 3779 ut
1792 3722 1910 3792 ejus

323 3805 540 3869 subditi,
574 3806 738 3862 etiam
768 3824 890 3864 cum
928 3811 1193 3881 displicet,
1221 3816 1538 3885 magistrum
1558 3828 1906 3875 venerentur.

328 3893 435 3951 Sed
459 3897 564 3951 hoc
589 3898 816 3955 solerter
836 3902 1177 3973 intuendum,
1204 3921 1274 3962 ne
1296 3922 1459 3979 quem
1479 3910 1677 3966 mutari
1700 3911 1911 3983 conspi-

328 3991 427 4049 cis,
457 3991 708 4043 venerari
739 3999 1075 4048 contemnas.

400 4074 626 4135 Subtilis
650 4082 850 4135 etenim
872 4083 959 4137 via
990 4087 1219 4141 tenenda
1248 4094 1332 4142 est
1363 4089 1704 4147 rectitudinis
1728 4101 1783 4147 et
1810 4093 1910 4149 hu-

329 4164 596 4232 militatis,
645 4177 700 4225 et
745 4170 826 4225 sic
850 4174 1297 4242 reprehensibilia
1343 4179 1728 4249 magistrorum
1768 4181 1910 4237 facta

330 4258 685 4327 displiceant,
721 4271 987 4331 quatenus
1015 4266 1348 4322 subditorum
1394 4283 1549 4343 mens
1592 4285 1623 4324 a
1645 4272 1910 4328 servanda

330 4350 628 4420 magisterii
654 4354 956 4407 reverentia
983 4370 1091 4409 non
1118 4358 1358 4413 recedat.

406 4460 426 4493 ‹
462 4444 615 4500 Dedit
643 4460 773 4517 ergo
813 4445 949 4502 Joab
994 4464 1277 4504 numerum
1311 4452 1691 4522 descriptionis
1726 4455 1911 4526 populi

337 4551 357 4584 α
392 4534 526 4604 regi.
558 4534 625 4589 Et
651 4536 867 4592 inventa
889 4546 1016 4593 sunt
1034 4540 1101 4594 de
1121 4539 1287 4597 Israel
1299 4543 1607 4615 octingenta
1632 4545 1798 4601 millia
1824 4546 1907 4601 vi-

336 4642 356 4674 ι
392 4639 577 4679 rerum
600 4625 840 4694 fortium,
884 4630 975 4698 qui
1000 4630 1290 4688 educerent
1317 4634 1576 4705 gladium,
1606 4636 1751 4693 etde
1768 4636 1906 4693 Juda

336 4733 356 4764 ι
390 4716 777 4787 quinquaginta
792 4719 955 4774 millia
968 4731 1341 4793 pugnatorum.
1365 4746 1383 4778 ι
1410 4725 1712 4783 Notandum
1724 4740 1903 4786 autem

331 4805 552 4875 quodin
591 4805 1036 4874 Paralipomenon
1066 4810 1291 4882 legitur,
1330 4833 1349 4866 ‹
1386 4817 1531 4872 mille
1569 4819 1735 4874 millia
1778 4837 1907 4877 cen-

335 4903 446 4947 tum
472 4894 639 4949 millia
669 4895 737 4951 de
774 4897 964 4962 Israel,
1002 4908 1059 4955 et
1079 4900 1145 4956 de
1171 4900 1306 4958 Juda
1329 4908 1719 4979 quadringenta
1741 4922 1796 4965 et
1824 4927 1909 4966 se-

333 4986 613 5056 ptuaginta
642 4987 810 5043 millia
837 4988 891 5061 (Ι
925 4989 1052 5045 Par.
1093 4992 1227 5066 χχι).
1260 5015 1279 5047 ι
1322 4995 1473 5062 Quod
1501 4999 1716 5067 quidem
1750 5002 1910 5057 intel-

335 5072 604 5143 ligendum
647 5086 780 5131 esta
820 5076 955 5133 Joab
984 5093 1293 5139 numeratos
1326 5101 1465 5153 esse,
1510 5089 1604 5142 sed
1642 5106 1910 5148 summam

334 5178 520 5219 eorum
547 5166 782 5223 noluisse
805 5168 1088 5227 ostendere
1108 5171 1292 5239 David,
1327 5176 1432 5232 nisi
1460 5185 1690 5249 tantum,
1739 5197 1913 5253 quan-

337 5264 453 5311 tum
492 5258 548 5312 in
580 5256 850 5315 Samuelis
887 5261 1024 5319 libro
1052 5264 1307 5321 scribitur

415 5366 434 5400 ι
475 5348 751 5406 Percussit
787 5361 968 5407 autem
1016 5369 1111 5410 cor
1132 5356 1303 5413 David
1331 5373 1454 5414 eum
1490 5370 1775 5432 postquam
1807 5382 1911 5422 nu-

344 5458 365 5492 c
397 5451 635 5497 moratus
665 5452 749 5499 est
772 5446 1019 5516 populus,
1049 5457 1105 5503 et
1128 5449 1348 5506 dixitad
1378 5452 1663 5510 Dominum
1704 5458 1871 5515 David
1896 5479 1909 5514 :

346 5550 366 5584 ι
405 5531 632 5589 Peccavi
675 5536 831 5592 valde
870 5538 923 5592 in
964 5540 1067 5595 hoc
1093 5539 1264 5609 facto,
1307 5545 1400 5599 sed
1424 5561 1635 5616 precor,
1664 5548 1908 5617 Domine,

346 5641 368 5677 ε
406 5634 466 5679 ut
492 5627 784 5684 transferas
804 5630 1145 5699 iniquitatem
1178 5636 1319 5690 servi
1344 5637 1440 5702 tui,
1467 5639 1591 5709 quia
1618 5641 1779 5697 stulte
1828 5643 1915 5713 egi

348 5733 369 5768 ς
404 5717 589 5785 nimis,
627 5727 733 5775 etc.
769 5740 789 5773 ι
836 5721 893 5776 ln
921 5722 1060 5780 libro
1085 5739 1297 5796 quoque
1336 5728 1505 5784 Exodi
1538 5731 1612 5786 ita
1656 5733 1915 5803 scriptum

342 5815 462 5865 est:
523 5826 544 5861 α
574 5808 810 5868 Locutus
844 5822 928 5869 est
975 5815 1231 5872 Dominus
1271 5817 1338 5872 ad
1386 5819 1637 5892 Moysen,
1689 5823 1912 5881 dicens:

2009 3457 2154 3504 esset
2181 3447 2469 3519 angustia;
2507 3448 2637 3502 item
2669 3447 2714 3502 si
2758 3446 2982 3517 eligeret
3020 3445 3184 3499 trium
3220 3443 3487 3498 mensium
3507 3442 3589 3496 vi-

2010 3539 2237 3593 ctoriam
2272 3537 2532 3604 hostium,
2563 3538 2676 3607 ipse
2701 3538 2921 3607 quidem
2953 3536 3159 3591 habens
3184 3535 3330 3591 circa
3356 3548 3416 3589 se
3439 3533 3590 3589 viros

2009 3629 2354 3694 fortissimos,
2408 3638 2463 3685 et
2507 3631 2791 3698 custodes,
2846 3630 2982 3685 nihil
3029 3630 3249 3685 omnino
3301 3634 3587 3689 metueret,

2008 3722 2129 3778 neci
2172 3736 2302 3777 vero
2327 3721 2441 3790 ejus
2482 3722 2752 3778 exercitus
2781 3720 3087 3789 subiaceret
3117 3737 3132 3785 ;
3176 3720 3319 3774 inter
3354 3717 3473 3772 haec
3494 3730 3591 3770 au-

2010 3824 2116 3869 tem
2160 3829 2501 3869 communem
2529 3814 2708 3885 potius
2737 3813 3045 3884 passionem
3070 3819 3125 3866 et
3150 3825 3338 3881 regum
3374 3814 3431 3862 et
3457 3807 3591 3863 sub-

2002 3907 2270 3977 jectorum
2301 3905 2483 3976 eligit,
2539 3904 2593 3959 in
2618 3920 2722 3975 qua
2760 3905 2921 3959 timor
2947 3902 3198 3958 omnibus
3234 3910 3319 3956 est
3341 3896 3589 3968 aequalis,

2008 3999 2231 4054 dicens:
2283 3997 2418 4064 Quia
2467 3997 2636 4052 multo
2665 3995 2859 4050 melius
2915 3995 2966 4049 Er.
3006 3992 3103 4049 Dei
3132 3991 3304 4062 magis
3341 4004 3504 4060 quam
3534 3988 3592 4044 iu

2007 4092 2244 4147 hostium
2285 4106 2476 4145 manus
2503 4089 2761 4145 incidere.
2812 4088 2941 4142 Haec
2964 4085 3188 4141 audiens
3214 4084 3478 4155 propheta
3502 4095 3591 4136 re-

2008 4182 2294 4239 nuntiabat
2337 4181 2583 4238 Domino.
2623 4180 2726 4249 Qui
2757 4181 3006 4236 morbum
3057 4187 3113 4234 et
3139 4177 3416 4232 interitum
3441 4173 3592 4230 misit

2008 4277 2064 4331 in
2114 4277 2412 4332 exercitum
2466 4274 2836 4332 Hebraeorum.
2883 4272 3250 4328 Moriebantur
3289 4269 3434 4325 enim
3480 4282 3591 4323 non

2010 4383 2118 4424 uno
2143 4368 2321 4433 modo,
2370 4375 2426 4421 et
2465 4366 2620 4422 facile
2649 4366 2875 4437 languor
2894 4365 3160 4434 potuisset
3202 4362 3462 4432 agnosci;
3496 4358 3593 4416 sed

2013 4474 2163 4515 mors
2189 4459 2408 4528 quidem
2433 4459 2488 4513 in
2526 4458 2799 4522 omnibus,
2856 4457 3041 4511 multis
3089 4471 3220 4511 vero
3273 4456 3593 4524 languorum

2010 4549 2408 4615 occasionibus,
2462 4557 2518 4605 et
2565 4563 2687 4618 quae
2711 4562 2818 4612 non
2852 4553 3077 4617 possent
3114 4544 3364 4616 cognosci
3410 4542 3610 4610 facile,-

2008 4642 2277 4714 peribant.
2330 4640 2482 4694 Alius
2533 4639 2679 4695 enim
2730 4652 2890 4707 super
2918 4637 3083 4692 alium
3138 4634 3491 4699 moriebatur,
3539 4640 3597 4688 et

2012 4734 2243 4788 latenter
2287 4730 2578 4786 imminens
2622 4729 2823 4783 malum
2866 4727 3124 4783 velociter
3163 4725 3371 4782 ferebat
3421 4724 3592 4779 inter-

2009 4822 2162 4878 itum.
2185 4821 2290 4876 Alii
2320 4821 2583 4892 siquidem
2610 4820 2787 4889 pcrire
2811 4834 2935 4874 cum
2956 4818 3364 4874 vehementibus
3389 4816 3593 4871 dolori-

2010 4916 2113 4970 bus
2137 4921 2193 4971 et
2222 4929 2407 4969 amaro
2430 4913 2625 4984 gemitu
2656 4912 2892 4967 animam
2918 4911 3307 4981 relinquebant.
3336 4908 3439 4961 Alii
3462 4922 3594 4965 vero

2014 5006 2146 5078 ipsis
2168 5006 2503 5076 passionibus
2528 5006 2954 5070 marcescebant,
2986 5005 3061 5059 ita
3104 5009 3167 5056 ut
3187 5014 3361 5070 neque
3406 5014 3594 5056 curam

2017 5098 2273 5154 exhibere
2299 5097 2617 5167 corporibus
2640 5096 3017 5166 praevalerent,
3040 5094 3134 5149 sed
3157 5110 3256 5164 pro
3281 5092 3465 5148 labore
3500 5091 3594 5147 de—

2016 5188 2259 5245 ﬁcerent.
2290 5187 2394 5243 Alii
2423 5196 2599 5243 autem
2626 5186 2923 5257 repentinis
2945 5184 3181 5240 tenebris
3217 5199 3405 5240 eorum
3430 5197 3593 5238 cona-

2014 5288 2103 5334 tus
2160 5277 2544 5348 arripientibus
2583 5275 2826 5330 suffocati
2852 5315 2867 5339 ,
2923 5273 3171 5342 protinus
3217 5273 3591 5343 exspirabant.

2014 5370 2119 5426 Alii
2149 5385 2310 5438 super
2336 5378 2599 5431 mortuos,
2642 5381 2778 5436 quos
2827 5365 3178 5434 sepeliebant,
3228 5366 3330 5436 ipsi
3376 5381 3592 5435 quoque

2017 5459 2405 5522 moriebantur,
2454 5454 2799 5525 imperfectas
2845 5455 3212 5524 relinquentes
3262 5455 3588 5524 sepulturas.

2015 5550 2309 5622 Incipiente
2336 5549 2517 5617 itaque
2534 5546 2792 5616 pestifero
2817 5547 3077 5619 languore
3110 5562 3204 5603 eos
3232 5548 3300 5602 ab
3321 5547 3453 5602 hora
3480 5562 3594 5601 ma-

2017 5643 2191 5698 tutina
2231 5640 2519 5711 perimere,
2552 5654 2723 5709 usque
2770 5640 2837 5694 ad
2864 5642 3052 5695 horam
3099 5638 3309 5711 prandii
3343 5652 3595 5694 consum-

2020 5742 2161 5789 mata
2196 5740 2321 5788 sunt
2352 5731 2517 5786 millia
2575 5732 2932 5802 septuaginta.
2980 5731 3110 5786 Erat
3160 5739 3341 5786 autem
3370 5727 3594 5798 angelus

2021 5824 2233 5880 Domini
2256 5823 2409 5894 juxta
2434 5824 2650 5879 Areuna
2679 5822 2932 5881 Jebusaei.
2971 5844 2991 5876 ι
3038 5824 3096 5878 ln
3145 5821 3591 5890 Paralipomenon

344 5903 570 5970 Quando
588 5904 778 5963 tuleris
812 5922 1076 5966 summam
1104 5908 1336 5968 ﬁliorum
1365 5911 1530 5970 Israel
1561 5914 1715 5984 juxta
1740 5931 1923 5974 nume-
2023 5933 2236 5989 quoque
2285 5916 2362 5975 ita
2408 5917 2669 5988 scriptum
2713 5924 2795 5975 est
2826 5935 2838 5971 :
2889 5934 2907 5969 ‹
2938 5914 3110 5973 Porro
3134 5913 3355 5983 angelus
3382 5911 3592 5969 Domini
