4074 6482
456 405 565 464 ηδ

1131 391 1192 446 Β.
1232 384 1483 443 RABANI
1520 383 1738 440 MAUR]
1775 380 2096 438 ARCHIEP.
2140 377 2450 436 MOGUNT.
2484 373 2771 431 OPERUM
2804 371 2986 428 PARS
3023 373 3066 428 1.

3603 375 3711 435 194

456 515 632 573 stabat
645 511 800 584 juxta
824 519 1006 563 aream
1029 502 1210 560 Oman
1232 495 1485 563 Jebusaei,
1535 496 1830 563 levansque
1856 494 2026 549 David
2051 499 2105 560 Α
2125 489 2270 584 Area
2307 487 2528 584 A-reuna
2558 483 2648 544 vel
2820 481 2998 584 Druse,
3039 481 3258 584 ipsa-est
3281 479 3533 538 videlicet
3558 483 3718 584 ieru-

455 605 644 664 oeulos
672 617 822 667 suos,
844 597 978 655 vidit
1003 593 1254 664 ωιεειυω
1269 589 1490 654 Domini
1509 595 1746 654 stantem.
1771 587 1911 644 inter
1929 595 2032 642 ter-

455 714 576 755 ram
595 704 652 752 et
676 693 890 755 emtum,
921 695 977 744 et
1002 685 1344 757 evasimtum
1369 681 1606 754 gladium
1631 680 1684 734 ill
1707 694 1867 746 manu
1891 679 2040 749 (litis;

453 799 511 848 et
539 801 756 844 versum
773 791 964 838 contra
982 778 1283 840 lesusalcm
1305 794 1319 842 ;
1368 784 1432 838 et
1447 774 1758 838 ceciderunt
1779 780 1892 836 tam
1920 771 2038 841 ipsq

454 895 620 952 quam
645 873 884 944 majores
920 879 1056 942 natu
1104 868 1288 928 vestiti
1311 865 1512 926 ciliciis
1534 863 1694 934 prem
1722 862 1784 920 in
1831 869 2040 930 teifranq

453 973 508 1045 (1
537 971 668 1025 Par.
702 967 846 1038 xxi).

526 1083 549 1116 ι
584 1063 835 1131 Dixitque
877 1056 1048 1114 David
1077 1055 1146 1111 ad
1171 1054 1476 1119 Dominum,
1523 1067 1648 1112 cum
1689 1049 1915 1110 vidisset
1935 1062 2033 1102 an-

457 1175 476 1208 α
519 1156 702 1227 gelum
729 1153 1022 1215 caedentem
1056 1149 1314 1220 populum
1343 1165 1354 1200 :
1388 1147 1501 1218 Ego
1531 1160 1652 1202 sum
1673 1143 1768 1214 qui
1784 1139 2030 1216 peccavi,

457 1266 476 1300 ι
517 1261 618 1318 ego
643 1247 830 1316 inique
853 1243 958 1313 egi.
991 1241 1103 1306 isti,
1127 1241 1223 1310 qui
1243 1254 1376 1296 oves
1411 1244 1554 1300 sunt,
1587 1235 1718 1306 quid
1749 1231 2034 1296 iecerunt?

457 1356 478 1390 ι
521 1337 796 1399 Vertatur,
835 1335 1084 1398 meae,
1131 1345 1330 1386 manus
1361 1336 1454 1386 tua
1483 1336 1674 1388 contra
1693 1340 1798 1386 me.
1824 1331 1880 1387 et.
1905 1339 2035 1385 con-

457 1448 477 1482 c
521 1436 607 1484 tra
635 1429 854 1483 domum
877 1425 1048 1496 patris
1075 1423 1200 1479 mei.
1229 1421 1398 1478 Venit
1428 1428 1606 1478 autem
1632 1417 1749 1477 Gad.
1772 1417 1842 1478 ad
1863 1414 2036 1479 David

455 1539 474 1571 ‹
523 1520 575 1574 in
608 1520 698 1574 die
722 1518 834 1583 illa,
883 1526 939 1572 et
964 1515 1102 1571 dixit
1145 1513 1235 1569 ei:
1288 1511 1569 1575 Ascendc,
1616 1509 1888 1567 constitue
1933 1508 2039 1566 D0-

457 1629 475 1660 ε
519 1611 668 1664 mino
701 1609 874 1663 altare
919 1607 980 1662 in
1015 1621 1144 1660 area
1164 1605 1352 1660 Ornan
1373 1600 1629 1665 Jebusmi,
1659 1608 1763 1656 etc.
1801 1620 1818 1651 ι
1875 1597 2038 1658 Deni-

449 1717 556 1771 que
579 1702 797 1762 Areuna
826 1700 1216 1770 interpretatur
1260 1713 1412 1761 area,
1454 1703 1508 1750 et
1540 1693 1724 1750 Oruan
1744 1692 1912 1750 latine
1947 1707 2038 1747 re-.

450 1800 609 1844 sonat
634 1790 810 1844 iumen
833 1789 1002 1844 nobis.
1054 1789 1206 1844 Bene
1238 1802 1373 1858 ergo
1399 1785 1570 1840 David
1599 1799 1722 1840 cum
1746 1783 2034 1840 Dominum

450 1897 552 1952 pro
574 1881 794 1942 cliensa,
851 1897 957 1950 qua
981 1880 1247 1950 peccavit,
1271 1855 1491 1948 placare
1536 1876 1718 1939 vellet,
1759 1875 1930 1939 altare
1945 1873 2032 1944 juc
2058 1855 2105 1914 Β

451 1971 609 2025 betur
652 1971 710 2034 in
748 1987 876 2025 area
912 1972 1133 2026 Areuna
1164 1969 1252 2024 vel
1276 1968 1438 2024 Oratae
1477 1975 1813 2031 cotistruerc,
1837 1965 2039 2026 utiude

451 2061 820 2129 unusquisque
868 2060 1119 2130 conjiciat
1143 2059 1271 2128 quia
1299 2059 1460 2116 aliter
1509 2058 1774 2115 Divinitas
1826 2058 1898 2116 ab
1938 2057 2036 2124 bo-

449 2151 592 2205 mine
625 2151 830 2220 placari
855 2167 959 2207 non
987 2160 1198 2220 potest,
1235 2151 1340 2208 nisi
1381 2151 1438 2207 in
1464 2165 1592 2208 area
1625 2149 1804 2206 cordis
1825 2164 1923 2216 per
1951 2148 2034 2204 lu-

449 2255 576 2294 men
605 2250 769 2304 certa
794 2240 918 2298 ﬁdei
953 2250 1006 2296 et
1033 2257 1178 2300 vera:
1197 2240 1504 2310 dilectionis
1529 2240 1700 2296 altare
1726 2239 1801 2296 illi
1825 2239 2036 2298 devowe

450 2329 770 2396 humilitatis
798 2332 1111 2396 constituat,
1139 2331 1197 2388 in
1214 2347 1326 2401 quo
1349 2331 1675 2390 sacriﬁcium
1700 2331 1802 2400 piae
1830 2329 2038 2388 conicae

449 2419 622 2474 sianis
641 2434 708 2484 ac
728 2419 904 2483 laudis
944 2419 1060 2478 Deo
1097 2421 1428 2491 acceptabile
1457 2420 1674 2481 ollerat.
1707 2419 1863 2487 Quod
1890 2428 2046 2484 certe,

451 2523 548 2578 per
589 2508 840 2574 cuium
883 2511 1200 2580 prophetam
1254 2512 1312 2571 in
1363 2511 1591 2572 Psalmis
1637 2510 2036 2576 manifestatur.

451 2597 546 2655 uiti
565 2596 760 2658 dicitur
784 2612 854 2660 ex
878 2612 1110 2666 persona
1131 2599 1344 2663 Donum
1373 2618 1386 2652 :
1436 2618 1456 2652 ι
1498 2599 1834 2661 Sacriﬁcium
1861 2599 2038 2664 laudis

454 2685 833 2754 honerth
855 2703 947 2752 me
982 2685 1154 2760 (Psat.
1193 2689 1362 2758 xui).
1395 2710 1414 2744 ι
1449 2689 1517 2754 Et
1543 2691 1726 2752 idem:
1761 2709 1780 2752 ι
1816 2689 2037 2756 Sacrifi-

453 2774 620 2840 cium,
670 2775 868 2846 inquit,
893 2777 1008 2844 Deo
1042 2779 1266 2849 spiritus
1313 2781 1727 2846 contribulatus,
1760 2797 1856 2844 cor
1896 2796 2032 2844 con-

455 2865 645 2931 tritum
671 2874 729 2927 et
769 2867 1114 2932 humiliation
1140 2870 1284 2934 Deus
1306 2885 1416 2934 non
1436 2871 1644 2942 spernit
1695 2871 1870 2944 (Psel.
1897 2871 1971 2942 ι).
2008 2891 2030 2934 i

2133 579 2322 636 salem.
2350 577 2495 638 Emit
2521 591 2650 648 ergo
2676 574 2846 642 David.
2874 589 3056 640 aream
3078 582 3132 640 et
3158 573 3323 642 boves
3377 577 3586 648 argenti
3645 579 3722 633 si-

2133 670 2234 726 clis
2261 668 2680 743 quinquaginta,
2724 667 2872 738 quod
2895 665 2947 718 in
2980 665 3426 740 Paralipomenon
3454 665 3529 730 ita
3580 667 3718 738 legi-

2134 771 2224 822 tur
2249 780 2262 814 :
2314 779 2336 822 ς
2369 760 2529 817 Dedit
2566 774 2694 830 ergo
2721 757 2892 814 David
2911 755 3112 815 Ornam
3141 773 3238 827 pro
3267 758 3384 814 loco
3413 759 3576 818 siclos
3599 762 3724 816 auri

2130 854 2422 926 iustissimi
2464 853 2718 923 ponderis
2744 861 3027 912 sexcentos
3062 849 3114 929 (Ι
3143 850 3272 914 Par.
3306 852 3443 924 xxi).
3486 873 3504 906 ι
3558 853 3726 920 mm-

2136 946 2410 1022 ﬁgendum
2437 958 2669 1026 uanique
2713 951 2828 1008 est,
2861 943 3026 1008 boves
3049 942 3254 1014 argenti
3293 942 3438 1008 siclis
3459 945 3730 1026 quinqua-

2137 1043 2304 1115 ginta,
2336 1056 2518 1099 aream
2559 1054 2690 1096 vero
2727 1039 3001 1106 sexcentis
3031 1037 3210 1102 aureis
3235 1037 3452 1104 emisse.

2213 1156 2232 1190 ε
2268 1137 2335 1192 Et
2367 1133 2652 1204 aediﬁcavit
2682 1134 2758 1198 ibi
2785 1133 2952 1194 David
2979 1133 3148 1197 altare
3173 1132 3418 1198 Domino,
3450 1142 3506 1195 et
3531 1133 3732 1193 obtulit

2143 1247 2162 1280 ς
2207 1227 2528 1288 holocausta
2546 1236 2600 1286 et
2641 1225 2888 1298 pacifica,
2911 1234 2965 1287 et
2992 1225 3374 1294 repropitiattts
3405 1232 3489 1280 est
3530 1226 3719 1280 Domi-

2144 1336 2165 1372 r
2207 1334 2309 1379 nus
2335 1327 2516 1383 terrm,
2554 1325 2610 1376 et
2638 1316 2878 1379 cohibita
2903 1323 2988 1374 est
3033 1314 3188 1390 plaga
3218 1315 3288 1376 ab.
3313 1315 3497 1371 lsracl.
3530 1336 3547 1366 ι
3583 1315 3728 1379 liinc

2138 1425 2352 1481 quoque
2379 1407 2552 1463 Verba
2591 1407 2808 1462 Dierum
2841 1407 2915 1461 ita
2937 1417 3200 1460 narrant:
3248 1424 3267 1456 ‹
3291 1405 3730 1464 Tabernaculum

2139 1509 2318 1562 autem
2359 1498 2602 1563 Domini,
2654 1497 2800 1567 quod
2837 1495 3042 1560 fecerat
3068 1495 3273 1566 Moyses
3305 1495 3362 1556 in
3383 1495 3622 1561 deserto,
3673 1505 3734 1550 et

2141 1596 2310 1658 altare
2334 1593 2772 1656 holocaustorum
2805 1605 2872 1654 ea
2895 1597 3213 1668 tempestate
3257 1597 3376 1650 erat
3417 1587 3478 1656 in
3512 1587 3733 1646 excelso

2141 1685 2384 1749 Gabaon,
2433 1692 2487 1743 et
2511 1700 2620 1746 non
2649 1682 2929 1756 praevaluit
2956 1679 3124 1740 David
3152 1681 3230 1738 ire
3255 1679 3326 1743 ad
3353 1679 3542 1746 altare,
3570 1688 3632 1738 ut
3654 1679 3732 1736 ibi

2142 1778 2456 1837 obsecraret
2480 1777 2668 1840 Deum,
2704 1773 2872 1838 nimio
2899 1772 3046 1836 enim
3075 1772 3250 1836 fuerat
3284 1773 3480 1838 timore
3521 1779 3734 1842 perter-

2133 1872 2290 1934 ritus,
2309 1871 2497 1928 videns
2522 1867 2754 1937 gladium
2778 1865 2955 1938 λαθοιὶ
2979 1864 3218 1930 Domini,
3245 1864 3498 1941 Dixitque
3519 1862 3692 1922 David
3713 1881 3729 1918 :

2132 1963 2261 2018 ibeo
2288 1971 2372 2020 est
2396 1960 2586 2017 domus
2607 1957 2840 2022 Domini,
2865 1965 2920 2014 ct
2940 1958 3043 2022 hoc
3069 1955 3238 2014 altare
3269 1955 3323 2017 in
3351 1954 3732 2016 holocaustum

2132 2053 2318 2108 israel.
2361 2052 2427 2110 Et
2447 2051 2704 2120 praecepit
2744 2057 2805 2112 ut
2849 2055 3312 2132 congregarentur
3358 2061 3546 2108 omnes
3595 2061 3725 2120 pro—

2131 2143 2286 2213 sclyti
2330 2143 2396 2197 de
2436 2153 2582 2202 terra
2623 2139 2812 2206 tsrael,
2851 2147 2906 2203 et
2957 2138 3240 2202 constituit
3280 2153 3346 2200 ex
3390 2137 3470 2200 eis
3497 2137 3734 2203 tatomos

2132 2235 2200 2289 ad
2223 2233 2508 2292 caedendos
2531 2231 2736 2302 lapides
2758 2240 2813 2292 et
2837 2230 3134 2306 poliendas,
3163 2237 3224 2286 ut
3243 2227 3607 2292 aediﬁcaretur
3635 2229 3732 2292 do-

2133 2339 2254 2378 mus
2293 2322 2392 2390 Dei
2419 2321 2628 2394 (Ibid).
2666 2341 2686 2379 ι
2745 2321 2802 2380 In
2827 2320 2928 2380 illo
2959 2320 3226 2392 siquidem
3255 2319 3372 2378 loco
3404 2318 3485 2388 (ut
3511 2317 3730 2378 Hebraei

2145 2411 2448 2482 autumant)
2499 2411 2787 2482 aliquando
2831 2411 3132 2482 contigerat
3197 2407 3473 2472 Abraham
3519 2407 3724 2464 offerre

2143 2504 2314 2564 tilium
2342 2519 2498 2568 suum
2538 2503 2708 2568 lsaac,
2741 2502 2977 2573 quando,
3007 2516 3130 2558 cum
3170 2498 3286 2570 iam
3310 2506 3532 2570 paratus
3582 2507 3732 2554 esset

2141 2596 2388 2657 occidere
2423 2594 2594 2662 (ilium
2616 2609 2792 2659 suum,
2840 2601 2896 2650 et
2923 2593 2978 2648 in
3021 2591 3396 2652 holocaustum
3445 2587 3732 2658 exhibere,

2141 2686 2434 2757 improviso
2488 2684 2632 2745 aries
2677 2682 2952 2756 apparuit,
3016 2688 3071 2740 et
3123 2679 3294 2744 altare
3349 2677 3728 2739 circumstetit,

2142 2795 2307 2850 quem
2341 2777 2622 2845 Abraham
2649 2791 2749 2848 pro
2772 2774 2904 2844 ﬁlio,
2932 2773 3073 2840 sicut
3109 2771 3462 2846 praediximus
3480 2809 3497 2838 ,
3528 2769 3730 2838 immo-

2142 2868 2297 2940 lavit.

457 3007 3704 3040 W

1681 3121 1790 3210 IN
1852 3121 2242 3212 LIBRUM
2317 3121 2464 3206 III.

973 3345 1202 3406 CAPUT
1224 3345 1516 3408 PRIMUM.
1575 3363 1582 3369 '

457 3436 536 3494 De
575 3437 1026 3494 muth
1052 3450 1102 3494 et
1137 3441 1424 3568 frgidus”
1449 3481 1464 3506 ,
1511 3458 1666 3514 quem
1700 3441 2043 3515 coirqu

980 3510 1174 3568 Mirati
1240 3512 1510 3568 uncatitia.

980 3510 1174 3582 Abisag
1195 3510 1510 3576 Samnitis.

529 3621 681 3694 (CAP.
719 3621 782 3692 ι).
853 3623 968 3678 εει
998 3640 1095 3678 res
1136 3625 1310 3680 David
1357 3633 1611 3682 senuerat
1638 3667 1655 3693 ,
1700 3626 2046 3698 habebatque

465 3730 488 3764 ε
528 3712 702 3768 aetatis
727 3711 991 3781 plurimos
1011 3714 1147 3769 dies.
1194 3711 1437 3785 Cumque
1473 3715 1781 3786 operiretur
1802 3717 2044 3773 vestibus

465 3820 486 3855 ι
526 3817 634 3857 non
673 3802 970 3860 caleﬁebat.
1023 3803 1282 3860 Dixerunt
1313 3821 1442 3877 ergo
1469 3806 1520 3862 ei
1539 3807 1680 3862 servi
1718 3807 1843 3863 sui:
1881 3808 2040 3876 Quaa-
2094 3795 2096 3799 ’

411 3937 414 3940 .
466 3913 488 3947 ι
531 3909 714 3950 ramus
746 3896 964 3950 domino
989 3904 1178 3952 nostro
1217 3898 1330 3968 regi
1369 3898 1825 3956 adolescentulam
1871 3899 2048 3971 virgi-.

467 4003 488 4037 ι
530 4001 670 4050 nem,
703 3995 759 4042 et
783 3994 890 4042 stet
913 4002 1093 4042 coram
1118 4003 1266 4060 rege,
1296 3999 1352 4044 et
1390 3989 1569 4046 foveat
1595 4007 1741 4057 eum,
1785 3993 2045 4047 dormiat-

468 4093 487 4128 ι
532 4093 636 4148 que
662 4079 716 4132 in
745 4079 868 4135 sinu
916 4094 1032 4146 suo,
1072 4088 1129 4135 et
1155 4081 1441 4138 eaiefaeiat
1482 4083 1757 4139 dominum
1795 4092 2044 4139 nostrum

471 4188 490 4220 ο
535 4185 736 4240 regem.
784 4171 1124 4238 Quasierunt
1155 4173 1318 4246 igitur
1353 4175 1808 4231 adolescentulam
1836 4175 2046 4246 specie-

471 4279 490 4312 ι
536 4276 652 4316 sam
675 4261 732 4316 in
753 4263 1002 4318 omnibus
1029 4262 1154 4319 filiis
1193 4265 1378 4321 Israel.
1430 4266 1498 4320 Et
1538 4266 1858 4321 invenerunt
1911 4265 2044 4320 Abi-

471 4375 490 4408 ι
537 4371 632 4426 sag
669 4355 1024 4420 Susamitem,
1073 4368 1128 4414 et
1174 4360 1519 4418 adduxerunt
1566 4375 1689 4415 eam
1726 4361 1793 4414 ad
1837 4374 2038 4430 regem.

471 4465 494 4500 ι
533 4449 663 4504 Erat
688 4459 866 4505 autem
910 4450 1084 4520 puella
1125 4451 1349 4521 pulchra
1397 4452 1580 4519 nimis,
1639 4453 2048 4523 dormiebatque

471 4558 491 4592 ς
535 4556 659 4594 cum
685 4556 828 4610 rege,
867 4549 923 4594 et
943 4541 1284 4597 ministrabat
1319 4541 1390 4595 ei.
1423 4542 1538 4596 Rex
1563 4557 1693 4597 vero
1715 4558 1821 4596 non
1844 4559 2045 4614 cogno-

473 4648 492 4680 ι
533 4631 772 4692 viteam,
799 4637 904 4684 etc.
945 4650 966 4682 ι
1015 4631 1206 4696 David,
1251 4648 1423 4688 annos
1469 4641 1630 4689 natus
1681 4635 2040 4704 septuaginta,

2065 3354 2112 3418 (ζ
2141 3350 2293 3406 lsaac
2321 3348 2560 3420 duplices
2587 3347 2758 3404 David
2788 3363 2960 3406 annos
2993 3348 3202 3415 habuit,
3234 3356 3289 3405 et
3313 3364 3436 3407 eum
3479 3349 3729 3410 Rebecca

2139 3440 2254 3511 jam
2283 3442 2464 3497 vetula
2522 3456 2797 3512 nunquam
2853 3441 3084 3498 refrixit.
3138 3441 3314 3498 Taceo
3364 3443 3430 3497 dc
3459 3445 3732 3514 prioribus

2144 3539 2276 3587 ante
2309 3531 2568 3585 diluvium
2603 3530 2758 3596 viris,
2784 3531 2874 3601 qui
2903 3540 3024 3601 post
3052 3547 3222 3587 annos
3263 3542 3568 3604 nongentos
3622 3551 3731 3590 non

2145 3624 2268 3683 dico
2305 3623 2581 3688 senilibus,
2628 3624 2720 3678 sed
2750 3639 2887 3694 pene
2930 3622 3042 3691 jam
3079 3624 3305 3680 cariosis
3348 3626 3597 3691 artubus,
3637 3643 3735 3684 ne-

2148 3731 2418 3788 quaquam
2435 3716 2704 3787 puellares
2723 3717 3021 3787 quaasivere
3037 3717 3371 3787 complexus.
3395 3717 3554 3774 Certe
3579 3720 3732 3792 Moy-

2146 3822 2254 3872 ses,
2282 3809 2389 3862 dux
2417 3806 2697 3862 lsraelitici
2732 3807 2934 3878 pepuli,
2983 3815 3200 3863 centum
3235 3816 3288 3863 et
3311 3809 3500 3880 viginti
3561 3826 3737 3867 annos

2145 3899 2400 3964 habebat,
2432 3908 2488 3954 et
2519 3898 2818 3969 Sephoram
2847 3915 2954 3954 non
2985 3899 3233 3954 mutavit.
3273 3898 3403 3966 Qua:
3426 3909 3511 3955 est
3563 3903 3738 3971 igitur

2145 3991 2250 4046 ista
2275 3990 2570 4046 Sunamitis
2609 4008 2765 4057 uxor,
2813 3999 2866 4047 et
2911 3991 3062 4062 virgo
3090 4001 3198 4046 tam
3223 3991 3458 4057 fervens,
3493 4002 3549 4046 ut
3580 3991 3738 4066 frigi-

2147 4081 2275 4136 dum
2295 4080 2636 4146 calefaceret,
2671 4089 2779 4137 tam
2821 4090 3028 4147 saneta,
3079 4090 3138 4137 ut
3182 4083 3448 4138 calentem
3499 4084 3568 4138 ad
3612 4081 3738 4139 libi-

2146 4173 2327 4228 dinem
2357 4189 2465 4228 non
2495 4182 2815 4243 provocaret
2841 4175 2866 4227 ἓ
2895 4175 3141 4244 Exponat
3165 4173 3596 4242 sapientissimus
3627 4174 3728 4228 Sa-

2144 4264 2326 4318 iomon
2367 4265 2538 4335 patris
2560 4265 2644 4320 sui
2675 4266 2916 4330 delicias,
2955 4274 3010 4320 et
3037 4265 3295 4336 pacificus
3327 4265 3601 4320 bellatoris
3628 4266 3734 4320 viri

2144 4363 2334 4409 narret
2355 4355 2651 4426 amplexus.
2691 4375 2710 4408 ο
2755 4356 2976 4412 Posside
3022 4355 3364 4426 sapientiam,
3417 4356 3630 4425 posside
3653 4356 3737 4411 in-

2145 4444 2516 4515 telligentiam,
2574 4462 2644 4502 ne
2689 4446 3050 4512 obliviscaris,
3087 4455 3142 4501 et
3187 4461 3255 4500 ne
3299 4445 3656 4501 declinaveris
3706 4461 3736 4500 a

2143 4537 2326 4592 verbis
2353 4538 2464 4592 oris
2493 4537 2618 4594 mei.
2670 4537 2750 4592 Ne
2776 4537 3128 4607 dereliqueris
3153 4552 3297 4602 eam,
3347 4546 3401 4592 et
3433 4537 3738 4606 apprehen-

2146 4629 2237 4684 det
2265 4637 2355 4695 te;
2396 4645 2515 4684 ama
2549 4629 2718 4697 illam,
2769 4638 2820 4684 et
2869 4628 3108 4686 servabit
3157 4636 3227 4682 te.
3281 4627 3616 4698 Principium
3644 4642 3736 4681 sa-

467 4718 757 4774 bellicosus
809 4721 1076 4790 quendam
1105 4723 1208 4788 vir,
1253 4729 1530 4777 senectute
1565 4721 1908 4794 frigescente,
1941 4741 2046 4780 non
2073 4733 2126 4793 ι)
2151 4721 2368 4793 ρὶθηῑίω
2395 4723 2608 4792 posside
2645 4721 2966 4792 sapientiam
2991 4762 3006 4787 ,
3045 4729 3102 4774 ct
3129 4721 3184 4774 in
3216 4719 3363 4774 omni
3394 4718 3738 4790 possessione

470 4821 680 4881 poterat
701 4811 956 4867 caleﬁeri.
986 4812 1256 4880 Quaeritur
1286 4814 1468 4884 itaque
1512 4814 1690 4885 puella
1737 4816 1804 4870 de
1828 4817 2047 4871 univer-

471 4903 546 4957 sis
571 4902 696 4958 filiis
734 4902 898 4958 lsrael
924 4903 1121 4974 Abisag
1155 4903 1470 4970 Sunamitis,
1499 4922 1620 4976 quas
1639 4921 1762 4960 cum
1782 4922 1909 4978 rege
1929 4907 2048 4963 dor-

472 4995 656 5059 miret,
685 5003 739 5048 et
787 4993 956 5049 senile
995 5009 1192 5063 corpus
1221 4993 1558 5050 calefaceret.
1610 4994 1800 5051 Nonne
1851 4998 1948 5053 tibi
1970 4999 2047 5054 vi-

472 5084 650 5147 detur,
675 5084 722 5138 si
749 5085 1081 5142 occidentem
1101 5085 1330 5156 signaria
1352 5085 1604 5152 litteram,
1629 5087 1710 5142 vel
1736 5088 2049 5160 ﬁgmentum

473 5187 594 5227 esse
617 5173 682 5227 de
709 5173 895 5238 mimo,
933 5173 1018 5229 vel
1043 5185 1163 5230 arte
1204 5175 1448 5232 lanarum
1501 5177 1707 5233 ludicra
1738 5180 1760 5232 ἓ
1800 5181 2049 5249 Frigidus

474 5280 636 5318 senex
667 5263 968 5320 obvolvitur
1006 5266 1361 5332 vestimentis,
1403 5275 1460 5322 et
1480 5268 1582 5323 nisi
1613 5269 1892 5339 complexu
1920 5271 2048 5325 ado-

475 5355 798 5420 lescentulus,
845 5373 950 5412 non
977 5359 1220 5427 tepescit.
1273 5358 1500 5415 Vivebat
1543 5361 1719 5416 adhuc
1759 5363 2045 5429 Bersabee,

474 5457 755 5517 supererat
779 5447 986 5520 Abigail
1029 5460 1086 5506 et
1130 5451 1346 5522 reliqua:
1374 5468 1571 5508 uxores
1613 5463 1668 5509 et
1709 5455 2041 5520 concubinae,

475 5553 610 5606 quas
657 5538 934 5608 Scriptura
975 5552 1393 5612 commemorat,
1425 5561 1615 5602 enmes
1653 5547 1808 5616 quasi
1841 5546 2047 5617 frigidm

477 5627 847 5697 repudiantur,
886 5640 939 5686 et
967 5633 1020 5688 in
1065 5635 1224 5690 unius
1251 5643 1458 5691 tantum
1488 5637 1805 5707 grandaevus
1826 5637 2049 5692 calescit

475 5719 826 5790 amplexibus.
853 5721 1124 5780 Abraham
1151 5742 1280 5782 vero
1306 5727 1472 5782 multo
1511 5727 1679 5781 David
1703 5727 1882 5781 senior
1907 5726 2007 5780 fuit
2033 5745 2044 5780 :

477 5817 536 5878 οι
557 5819 734 5872 iamen
762 5813 976 5876 vivente
1002 5815 1156 5892 Sara,
1194 5819 1354 5876 aliam
1392 5833 1496 5876 non
1523 5818 1770 5906 quaesivit
1799 5831 2043 5880 uxorem.

2150 4820 2238 4866 tua
2267 4811 2484 4882 posside
2515 4813 2945 4882 intelligentiam.
2973 4811 3257 4867 Circumda
3295 4811 3466 4878 illam,
3495 4819 3548 4867 et
3585 4811 3736 4865 exal-

2151 4903 2286 4956 tabit
2317 4914 2387 4957 te.
2451 4901 2663 4958 Honora
2695 4903 2861 4968 illam,
2909 4911 2964 4958 et
3007 4903 3404 4974 amplexabitur
3447 4911 3522 4968 te,
3558 4910 3616 4956 nt
3646 4903 3738 4958 det

2150 4993 2311 5064 capiti
2341 5000 2432 5047 tuo
2450 5008 2705 5048 coronam
2755 4995 3073 5065 gratiarum,
3129 5009 3330 5048 corona
3364 5009 3577 5064 quoque
3603 4993 3739 5048 deli-

2151 5085 2357 5140 ciarum
2381 5093 2626 5156 protegct
2651 5093 2704 5140 te
2753 5084 2934 5156 (Prov.
2967 5083 3062 5158 tv).
3095 5105 3115 5138 ι
3167 5085 3368 5141 Omnes
3391 5101 3527 5157 pene
3567 5086 3736 5140 virtu-

2154 5185 2237 5231 tes
2260 5179 2504 5248 corporis
2527 5185 2806 5232 mutantur
2841 5179 2895 5232 in
2927 5177 3170 5242 senibus,
3211 5185 3286 5242 et,
3318 5183 3597 5232 crescente
3622 5175 3736 5229 sola

2155 5268 2442 5337 sapientia,
2500 5269 2821 5323 decrescunt
2849 5275 3064 5323 caetera.
3109 5265 3340 5336 Jejunia,
3381 5265 3732 5331 chameunim,

2154 5358 2260 5414 huc
2309 5359 2541 5429 illucque
2593 5359 2884 5414 descensus
2912 5399 2926 5425 ,
2971 5375 3038 5430 pe
3070 5360 3381 5430 egrinorum
3443 5357 3736 5427 susceptio,

2154 5449 2393 5505 defensio
2422 5465 2738 5521 pauperum,
2787 5450 3043 5504 instantia
3076 5450 3404 5515 orationum,
3456 5457 3511 5505 et
3554 5461 3737 5519 persc—

2155 5546 2418 5611 verantia,
2447 5545 2682 5599 visitatio
2711 5544 3268 5616 languentium,labor
3289 5559 3568 5608 manuum,
3593 5540 3735 5594 unde

2153 5637 2495 5705 praebeantur
2523 5635 2894 5707 eleemosynaa,
2946 5645 2999 5690 et
3047 5635 3135 5706 (ne
3169 5649 3474 5689 sermonem
3526 5630 3736 5702 longius

2153 5726 2386 5798 traham)
2437 5735 2646 5791 cuncta,
2693 5741 2813 5792 qua:
2836 5741 2934 5796 per
2959 5741 3153 5796 corpus
3179 5733 3524 5788 exercentur,
3559 5721 3732 5775 fracto

2153 5833 2399 5901 corpore,
2428 5817 2639 5875 minora
2679 5814 2833 5876 fiunt.
2868 5815 2976 5874 Nec
3009 5816 3110 5874 hoc
3149 5816 3288 5884 dico,
3337 5814 3552 5886 quodin
3575 5811 3716 5884 juve
