4074 6472
276 425 385 480 425
1098 419 1449 479 COMMENT.
1490 420 1559 477 ιιι
1596 418 1844 477 uanos
1879 418 1948 477 iV
1986 388 2249 482 nucum.
2288 456 2360 472 —
2392 428 2463 486 IN
2497 432 2624 491 LIB.
2660 436 2748 497 ιιι.
2980 408 2987 415 ’
3427 436 3526 489 r23

272 542 440 597 nibus
458 543 515 593 et
542 534 719 592 adhuc
744 535 1009 592 solidioris
1036 539 1212 593 aetatis
1236 538 1321 595 his
1339 539 1623 605 duntaxat,
1657 538 1747 608 qui
1768 537 1847 593 la-
1870 534 1927 597 Δ
1948 535 2245 597 dominator
2292 543 2543 602 Dominus
2582 550 2967 620 interpretatur
2990 595 3004 619 ,
3050 551 3168 624 ejus
3213 561 3396 625 typum
3432 570 3528 609 ex-

269 634 408 689 bore
448 637 503 685 et
533 629 912 683 ardentissimo
952 629 1152 696 studio,
1199 630 1325 686 vitae
1347 632 1703 687 sanctimonia
1725 647 1856 702 quo-
1951 633 2149 702 pressit
2180 635 2277 703 qui
2313 637 2486 693 solum
2513 655 2570 694 se
2601 641 2867 699 dominari
2896 661 3019 700 cum
3052 646 3279 701 Domino
3304 647 3530 703 arbitra-

268 729 459 795 que’et
482 721 744 775 orationis
768 721 837 775 ad
886 720 1173 776 Dominum
1207 720 1513 794 frequentia
1571 722 1853 778 scientiam
1954 732 2042 779 tus
2062 732 2163 780 est.
2204 725 2313 782 Sed
2353 727 2607 786 Ecclesia
2642 734 2872 803 populus
2898 752 3021 790 cum
3063 752 3192 791 vero
3218 736 3528 806 Salomone,

267 811 561 871 consumi
587 820 732 877 sunt,
779 810 977 883 frigeat
1017 814 1297 883 sapientia,
1324 831 1443 886 quae
1480 815 1539 870 in
1585 815 1854 886 plerisque
1951 814 2131 881 idest,
2158 816 2388 887 paciﬁco
2422 828 2613 875 nostro
2639 822 2853 894 (Ep/tes.
2885 824 2947 896 ι),
3002 826 3155 897 cujus
3188 828 3303 898 ipse
3333 845 3532 901 corpus

267 904 493 962 senibus
520 912 677 959 :ctate
701 905 1107 969 marcescit,sed
1125 908 1267 978 quod
1298 908 1659 963 adolescentia
1682 910 1852 964 multa
1950 913 2050 970 est,
2083 921 2187 977 per
2207 909 2441 965 divinam
2472 913 2867 969 ordinationem
2907 916 2963 970 in
2986 934 3213 986 regnum
3252 921 3533 977 substitui-

268 994 515 1065 corporis
535 994 769 1049 sustinet
793 995 947 1059 bella,
993 1004 1053 1051 et
1088 998 1230 1053 inter
1263 998 1533 1054 incentiva
1594 1000 1855 1055 vitiorum
1950 1011 2073 1058 tur:
2092 1005 2161 1060 de
2179 1022 2286 1077 quo
2307 1009 2501 1065 merito
2521 1011 2782 1081 perﬁdiae,
2805 1012 2977 1083 major
2996 1015 3155 1083 ﬁlius,
3180 1016 3233 1072 id
3256 1026 3360 1085 est,
3382 1020 3534 1092 prior

265 1092 323 1140 et
349 1084 534 1138 carnis
561 1084 919 1151 titillationes,
948 1088 1107 1154 quasi
1131 1088 1267 1157 ignis
1292 1089 1345 1142 in
1378 1088 1535 1161 lignis
1564 1090 1847 1154 viridibus,

263 1176 562 1233 suﬂbcetur
584 1186 641 1229 ut
658 1191 817 1231 suum
856 1193 967 1232 non
985 1179 1157 1247 possit
1181 1180 1401 1249 explere
1440 1181 1721 1253 fulgorem.
1759 1181 1852 1237 Se-

261 1277 465 1325 nectus
493 1283 622 1324 vero
643 1284 852 1336 eormn,
900 1271 991 1339 qui
1042 1272 1458 1328 adolescentiam
1486 1291 1639 1330 suam
1677 1275 1849 1330 hone-

259 1359 360 1415 stis
409 1360 625 1414 actibus
653 1360 1027 1416 instruxerunt
1052 1370 1109 1417 et
1137 1363 1190 1417 in
1215 1365 1330 1435 lege
1361 1366 1572 1420 Domini
1600 1367 1851 1422 meditati

257 1458 387 1505 sunt
411 1450 503 1506 die
551 1465 625 1505 ac
666 1460 825 1506 nocte
874 1450 1043 1523 (Paul.
1094 1453 1152 1525 ι),
1204 1463 1363 1511 :etate
1390 1456 1449 1512 lit
1483 1457 1711 1525 doctior,
1746 1475 1847 1515 usu

259 1541 483 1606 tritior,
531 1556 793 1611 processu
840 1545 1101 1617 temporis
1146 1548 1462 1617 sapientior,
1504 1558 1560 1605 et
1604 1559 1845 1607 veterum

256 1631 564 1687 studiorum
593 1632 935 1691 dulcissimos
973 1636 1181 1694 fructus
1204 1648 1387 1696 metet.
1423 1641 1530 1697 Sed
1553 1642 1721 1712 ipsius
1750 1660 1847 1700 no-

254 1728 417 1782 minis
443 1727 651 1799 Abisag
696 1741 1095 1788 sacramentum
1128 1735 1448 1805 sapientiam
1492 1752 1679 1792 senum
1708 1738 1846 1792 indi-

253 1826 341 1872 cat
370 1819 734 1893 ampliorem;
786 1822 1176 1894 interpretatur
1218 1827 1364 1881 enim
1407 1837 1557 1898 pater
1588 1846 1733 1883 meus
1759 1847 1845 1884 su-

1946 1098 2193 1168 populns,
2225 1103 2589 1174 praecipitatus
2611 1114 2714 1161 est.
2764 1106 2865 1162 Hic
2891 1123 3019 1180 ergo
3046 1109 3285 1166 Adonias
3305 1153 3318 1177 ,
3344 1111 3533 1167 Bersa-

1946 1189 2047 1245 bee
2074 1190 2482 1262 interveniente,
2506 1212 2624 1267 qua:
2649 1197 3035 1269 interpretatur
3080 1201 3192 1270 filia
3216 1203 3529 1270 saturitatis,

1946 1279 2147 1351 Abisag
2178 1281 2571 1342 Sunamitidem
2596 1303 2947 1361 corrumpere
2976 1292 3193 1363 gestivit
3219 1309 3232 1358 ;
3279 1294 3405 1362 quia
3438 1292 3532 1347 Ju-
3588 1319 3600 1339 ιι

1948 1372 2134 1428 daicus
2171 1375 2400 1445 pepulus
2437 1392 2537 1447 per
2557 1378 2955 1435 observantiam
2981 1382 3422 1437 caeremoniarum
3453 1381 3531 1436 le—

1948 1463 2049 1533 gis,
2090 1478 2194 1533 qua
2226 1474 2441 1523 saturus
2474 1475 2529 1522 et
2566 1469 2911 1539 plenissimus
2932 1481 3071 1537 erat,
3101 1487 3286 1526 veram
3319 1474 3531 1544 sapien—

1947 1543 2086 1611 tiam»
2123 1558 2383 1628 spiritalis
2421 1577 2627 1626 sensus,
2680 1580 2798 1633 quae
2825 1566 2997 1621 David
3034 1574 3218 1621 nostro
3245 1567 3530 1638 conjuncta

1947 1655 2033 1701 est
2054 1687 2069 1712 ,
2116 1657 2366 1719 stuprare
2416 1653 2605 1708 volens
2625 1694 2639 1720 ,
2691 1670 2797 1709 non
2830 1656 3027 1711 meruit
3056 1656 3171 1726 ejus
3200 1659 3531 1712 consortium

1946 1737 2101 1807 cujus
2144 1741 2351 1797 violare
2401 1745 2607 1814 appetit
2661 1746 3067 1803 immaculatum
3114 1756 3308 1804 torum.
3370 1749 3525 1818 Quod

1947 1837 2127 1885 autem
2175 1833 2345 1888 David
2391 1836 2663 1891 Salomoni
2696 1836 2807 1893 ﬁlio
2855 1855 2953 1895 suo
2991 1842 3248 1911 praecepit
3291 1842 3358 1896 de
3379 1841 3528 1910 justa

250 1912 510 1982 ρει-βακε,
543 1913 628 1969 vel
672 1916 836 1985 patris
881 1918 992 1971 mei‘
1036 1919 1258 1987 rugitus.
1308 1895 1545 1976 Verbum
1591 1924 1843 1992 super/iui
1870 1895 1919 1956 Β
1948 1921 2301 1978 retributione
2338 1939 2528 1980 eorum
2563 1929 2655 1998 qui
2683 1930 2789 1983 sibi
2813 1895 3009 1985 solatio
3037 1895 3254 1986 fuerunt
3279 1932 3364 1986 vel
3379 1895 3533 1999 'inju-

249 2005 567 2076 ambiguum
593 2015 696 2074 est,
747 2008 842 2063 sed
869 2008 922 2063 in
952 2013 1209 2080 praesenti
1237 2012 1356 2069 luco
1376 2014 1630 2068 virtutem
1662 2026 1840 2081 sonat,

248 2099 391 2175 quod
418 2100 658 2172 amplior
680 2101 751 2156 sit
782 2101 836 2156 in
875 2103 1115 2175 senibus,
1155 2113 1209 2159 et
1238 2107 1545 2163 redundans
1589 2121 1651 2160 ac
1691 2106 1846 2178 larga

246 2189 541 2259 sapientia.
586 2191 643 2245 in
672 2191 774 2246 alio
802 2201 979 2248 autem
1014 2194 1134 2251 loco
1159 2198 1479 2267 super/Tuus,
1518 2199 1693 2267 quasi,
1743 2215 1846 2252 non

244 2282 600 2346 necessarius,
632 2284 869 2357 ponitur.
900 2284 1100 2356 Abisag
1144 2294 1347 2353 autem,
1391 2288 1447 2342 id
1468 2295 1569 2354 est,
1618 2289 1842 2358 rugitus,

241 2374 471 2444 proprie
514 2383 878 2446 nuncupatur,
926 2378 1071 2449 quod
1102 2368 1269 2443 maris
1296 2377 1491 2433 fluctus
1525 2388 1764 2443 resonat,
1793 2385 1847 2433 et

242 2461 325 2538 (ut
349 2466 425 2520 ita
460 2466 666 2540 dicam)
709 2468 774 2522 de
807 2468 997 2540 pelago
1045 2470 1271 2524 veniens
1299 2468 1551 2524 fremitus
1577 2469 1797 2524 auditur
1828 2487 1842 2522 :

240 2571 306 2613 ex
333 2574 440 2628 quo
478 2560 783 2614 ostenditur
835 2562 1365 2625 abundantissimum
1399 2570 1453 2616 et
1484 2562 1626 2617 ultra
1655 2561 1845 2616 huma-

242 2663 368 2704 nam
404 2665 605 2705 vocem
662 2650 714 2704 in
759 2652 978 2709 senibus
1028 2652 1196 2713 divini
1235 2652 1505 2719 sermonis
1544 2652 1845 2706 tonitruum

242 2740 595 2795 commorari.
635 2740 804 2795 Porro
835 2740 1147 2809 Sunamitis,
1181 2742 1235 2797 in
1265 2742 1445 2813 lingua
1477 2752 1683 2807 nostra,
1728 2758 1844 2796 coc-

242 2833 413 2897 cinea,
445 2832 679 2898 dicitur,
723 2841 784 2887 ut
811 2834 1075 2905 signiﬁcet
1106 2835 1283 2890 calere
1310 2835 1647 2904 sapientiam,
1676 2842 1731 2889 et
1764 2836 1843 2891 di-

242 2922 363 2975 vina
385 2921 623 2978 lectione
653 2921 881 2979 fervere.
915 2924 1068 2994 Quod
1095 2926 1221 2991 licet
1271 2926 1536 2983 Dominici
1564 2927 1845 2998 sanguinis

241 3010 447 3071 indicet
497 3024 915 3082 sacramentum,
972 3026 1155 3077 tamen
1204 3029 1261 3075 et
1289 3019 1556 3076 fervorem
1602 3020 1843 3076 ostendit

241 3105 545 3176 sapientia).
604 3105 757 3164 Unde
806 3116 862 3163 et
904 3111 1166 3167 obstetrix
1189 3111 1302 3177 illa,
1349 3113 1404 3166 in
1447 3112 1645 3168 Genesi
1683 3111 1836 3185 (Gen.

240 3197 502 3268 xxxvm),
537 3199 814 3255 coccinum
844 3198 977 3272 ligat
1004 3202 1059 3256 in
1083 3218 1244 3256 manu
1267 3202 1494 3269 Phares,
1530 3204 1623 3273 qui
1654 3203 1722 3257 ab
1750 3217 1834 3268 eo,

240 3287 386 3358 quod
418 3288 685 3359 parietem
708 3289 966 3344 diviserat
1007 3292 1143 3347 duos
1178 3293 1405 3365 populos
1436 3302 1561 3348 ante
1584 3309 1839 3366 separan-

241 3385 376 3443 tem,
406 3377 669 3432 Divisoris
711 3394 906 3435 nomen
928 3421 942 3446 ,
973 3381 1027 3437 id
1052 3391 1156 3449 est,
1197 3380 1420 3449 Phares,
1462 3384 1685 3439 sortitus
1735 3392 1835 3439 est.

240 3466 308 3523 Et
330 3467 489 3524 Raab
517 3470 773 3525 meretrix
803 3472 859 3526 in
885 3480 1011 3553 typo
1032 3473 1287 3539 Ecclesize
1305 3468 1625 3530 i'esticulam
1638 3487 1840 3548 myste-

241 3558 382 3613 rium
412 3562 692 3633 sanguinis
704 3562 1091 3633 continentem,
1118 3566 1426 3633 ut,Jericho
1437 3578 1723 3645 pereunte,
1752 3571 1834 3635 do;

242 3669 363 3710 mus
383 3654 505 3725 ejus
534 3656 860 3726 salvaretur,
889 3657 1142 3729 appendit
1180 3658 1317 3731 (los.
1343 3659 1426 3731 ιι).
1480 3661 1634 3719 Unde
1669 3662 1835 3719 etiam

243 3740 296 3795 in
328 3741 434 3797 alio
463 3743 584 3797 loco
610 3743 675 3798 de
708 3745 838 3799 viris
865 3746 1066 3811 sanctis
1094 3746 1374 3817 Scriptura
1402 3758 1789 3804 commemorat
1814 3766 1828 3805 :

249 3833 368 3903 illi
400 3843 551 3901 sunt,
597 3835 689 3913 qui
718 3845 983 3891 venerunt
1029 3837 1096 3891 de
1144 3839 1323 3894 calore
1377 3839 1569 3895 domus
1614 3839 1833 3895 Rechab

242 3918 297 3997 (Ι
346 3924 478 3980 Par.
532 3926 616 3997 ιι).
653 3946 672 3979 ι
734 3926 803 3982 Ει
845 3927 1106 3984 Dominus
1161 3938 1348 3986 noster
1387 3932 1447 3995 in
1499 3933 1827 4004 Evangelio:

249 4031 269 4071 ι
300 4014 504 4087 ignem,
534 4018 729 4089 inquit,
756 4020 876 4074 veni
906 4021 1120 4077 mittere
1158 4038 1319 4095 super
1346 4031 1566 4089 terram,
1608 4033 1662 4079 et
1701 4026 1833 4096 quid

244 4110 381 4179 volo,
427 4111 537 4167 nisi
568 4119 627 4166 ιιι
652 4113 837 4168 ardeat
884 4111 1035 4186 (Luc.
1061 4113 1208 4189 xu)?
1258 4136 1277 4169 ι
1314 4114 1414 4183 Qui
1442 4118 1828 4188 discipulorum

245 4203 401 4257 corde
439 4219 774 4273 succensus,
819 4206 1045 4277 cogebat
1065 4221 1159 4263 eos
1182 4208 1362 4264 dicere
1410 4227 1422 4263 :
1472 4227 1490 4260 ι
1522 4208 1707 4264 Nonne
1737 4225 1832 4264 cor

246 4301 487 4350 nostrum
507 4305 625 4363 erat
649 4299 843 4355 ardens
872 4298 923 4353 in
944 4299 1121 4371 nobis,
1138 4300 1605 4372 dum~loqueretur
1632 4303 1688 4358 in
1717 4303 1827 4370 via,

248 4393 299 4438 et
324 4388 567 4458 aperiret
587 4389 744 4443 nobis
775 4388 1127 4460 Scripturas?
1156 4410 1175 4444 ι
1213 4391 1364 4465 (Luc.
1394 4393 1570 4467 χχιιι.)

874 4523 1101 4583 CAPUT
1129 4526 1194 4582 II.

248 4607 323 4664 De
355 4612 567 4693 Attoniti
588 4654 609 4681 ,
652 4631 752 4693 qui
785 4632 1003 4693 regnare
1049 4627 1319 4693 appareant
1358 4636 1453 4693 pro
1485 4623 1656 4681 David
1678 4632 1827 4693 pun
1850 4613 1904 4674 D

313 4698 426 4772 suo,
451 4686 549 4757 qui
573 4695 623 4740 et
656 4686 849 4772 Abisag
862 4686 1209 4772 “Sunnnrt'iiem
1252 4686 1518 4772 expetebat
1560 4686 1688 4772 sibi:
1710 4694 1826 4772 ﬁeri

312 4755 531 4827 umorem
554 4772 574 4821 ;
597 4755 833 4827 quodque
851 4755 1021 4811 David
1051 4755 1326 4815 Salomoni
1347 4762 1400 4816 in
1442 4755 1825 4820 mandatis-dat

316 4823 377 4877 de
396 4827 713 4881 adversariis
741 4823 870 4882 suis.

320 4934 465 5007 (CAP.
500 4938 583 5013 ιι).
615 4958 634 4995 ι
668 4938 906 4999 Adonias
950 4951 1128 4999 autem
1156 4941 1296 5000 ﬁlius
1322 4943 1551 5019 Haggith
1579 4946 1827 5003 elevaba-

263 5045 283 5079 ι
323 5036 427 5097 tur,
462 5034 685 5089 dicens:
720 5033 832 5105 Ego
872 5037 1126 5106 regnabo.
1176 5036 1433 5108 Fecitque
1479 5040 1579 5094 sibi
1605 5055 1826 5101 currum

262 5136 282 5175 ι
321 5132 374 5181 et
397 5128 628 5196 equites,
678 5133 732 5183 et
778 5127 1168 5199 quinquaginta
1204 5128 1373 5195 viros,
1425 5131 1516 5200 qui
1551 5139 1677 5191 ante
1702 5148 1825 5187 eum

266 5231 284 5265 ι
323 5228 616 5285 currerent,
647 5228 752 5279 etc.
788 5239 807 5274 ι
840 5221 992 5288 Quod
1018 5230 1199 5283 autem
1225 5222 1463 5279 Adonias
1493 5223 1633 5279 ﬁlius
1659 5224 1828 5280 David

259 5307 421 5377 major
445 5312 500 5368 in
536 5327 758 5384 regnum
778 5326 879 5383 pro
904 5321 1057 5383 patre
1102 5314 1392 5371 succedere
1413 5315 1583 5370 voluit
1626 5330 1726 5386 per
1751 5315 1830 5371 fa-

260 5407 393 5456 stum
433 5406 715 5475 superbire,
768 5420 873 5460 non
910 5420 1007 5476 per
1038 5405 1293 5462 virtutem
1340 5407 1654 5477 disciplinae,
1699 5408 1828 5479 quid

259 5491 514 5564 signiﬁcat
538 5500 640 5555 nisi
668 5500 810 5570 quod
834 5498 1087 5554 Judaicus
1110 5500 1354 5573 populus,
1397 5502 1489 5572 qui
1520 5502 1676 5575 quasi
1702 5516 1819 5557 ma-

256 5578 336 5648 jor
357 5584 492 5644 ﬁlius
518 5589 729 5644 videtur
755 5605 874 5645 esse
890 5630 905 5656 ,
954 5605 1079 5647 cum
1124 5592 1273 5661 prior
1300 5591 1473 5661 legem
1500 5591 1823 5662 susceperit,

263 5676 499 5741 gentilorn
529 5680 800 5753 populum,
829 5681 922 5755 qui
952 5697 1045 5755 per
1068 5682 1301 5757 gratiam
1328 5683 1423 5739 Dei
1448 5684 1717 5755 posterior
1737 5699 1824 5738 vo-

265 5772 407 5820 catus
430 5777 533 5835 est,
563 5786 840 5843 spernens,
873 5772 1046 5829 solum
1068 5788 1254 5833 secum
1276 5774 1564 5831 Dominum
1587 5775 1824 5830 aestima-

264 5848 354 5919 bat
374 5863 758 5941 regnaturum?
796 5862 950 5923 Unde
981 5872 1038 5923 et
1064 5865 1203 5923 bene
1241 5879 1439 5925 nomen
1462 5866 1705 5941 Adonim,
1731 5866 1825 5949 qui

1943 2020 2027 2067 ste
2066 2028 2398 2081 nocuerunt,
2428 2016 2556 2072 licet
2595 2019 2708 2088 ipse
2730 2020 3123 2090 patientissime
3158 2037 3251 2077 eos
3295 2037 3531 2093 regnans

1946 2102 2223 2169 toleraret,
2264 2105 2392 2174 quid
2422 2107 2615 2162 melius
2667 2109 2976 2179 signiﬁcare
3018 2120 3199 2181 potest
3236 2127 3397 2181 quam
3445 2112 3529 2165 l‘u-

1945 2200 2120 2247 turam
2142 2196 2551 2252 retributionem
2577 2200 2771 2269 judicii
2796 2200 2982 2268 futuri,
3033 2204 3087 2258 in
3128 2220 3232 2279 qua
3262 2204 3411 2274 impii
3432 2219 3529 2273 pro

1946 2290 2199 2345 mercede
2224 2306 2438 2360 poenam
2474 2304 2812 2367 perpetuam,
2853 2295 2985 2364 justi
3036 2305 3214 2352 autem
3267 2307 3524 2353 aeternam

1944 2378 2334 2441 beatitudinem
2376 2385 2712 2455 percipient?
2759 2385 2817 2439 in
2853 2388 3109 2457 praesenti
3135 2402 3348 2458 quoque
3386 2397 3523 2442 tem-

1944 2486 2077 2542 pore
2106 2473 2366 2544 patientia
2398 2474 2490 2529 Dei
2531 2490 2671 2545 saepe
2697 2476 2869 2532 bonos
2903 2478 3144 2534 tribulari
3177 2488 3338 2549 atque
3363 2494 3529 2550 angu-

1945 2563 2096 2617 stiari
2125 2565 2405 2639 permittit,
2437 2572 2493 2620 et
2511 2581 2542 2622 e
2562 2568 2836 2623 contrario
2865 2571 3125 2639 reprobos
3151 2570 3357 2635 deliciis
3390 2580 3526 2626 tem-

1942 2653 2220 2722 poralibus
2243 2663 2297 2709 et
2324 2658 2683 2726 prosperitate
2725 2667 2943 2716 terrena
2974 2661 3050 2714 uti
3083 2660 3367 2715 concedit:
3409 2660 3531 2731 qui-

1942 2745 2045 2801 bus
2072 2756 2252 2801 tamen
2276 2748 2518 2817 utrisque
2537 2765 2636 2820 per
2663 2748 2903 2806 Iudicem
2933 2752 3180 2809 vivorum
3209 2760 3264 2806 et
3289 2758 3530 2821 mortuo-

1943 2852 2062 2891 rum
2094 2838 2312 2913 praemia
2339 2847 2487 2894 certa
2542 2840 2595 2905 in
2628 2840 2811 2896 futuro
2834 2842 3107 2908 restituet,
3139 2843 3356 2913 quando
3390 2861 3410 2894 ι
3443 2841 3531 2898 his

1941 2928 2033 3001 qui
2056 2930 2123 2993 ad
2148 2930 2426 3001 dexteram
2450 2932 2566 3003 ejus
2589 2942 2733 3001 sunt,
2759 2934 3001 2990 dicturus
3025 2936 3127 2989 erit
3149 2954 3162 2990 :
3190 2935 3404 3002 Venite,
3434 2935 3531 2991 be-

1938 3020 2139 3075 nedicti
2166 3021 2343 3077 Patris
2372 3023 2501 3090 mei,
2542 3026 2803 3095 percipite
2837 3041 3060 3097 regnum
3085 3028 3235 3107 quod
3256 3025 3408 3080 vobis
3428 3040 3526 3095 pa-

1938 3120 2117 3165 ratum
2137 3120 2223 3166 est
2265 3112 2333 3181 ab
2354 3113 2562 3184 origine
2590 3114 2795 3168 mundi.
2836 3114 2947 3170 Illis
2976 3123 3157 3171 autem
3184 3114 3280 3184 qui
3304 3115 3375 3168 ad
3396 3113 3527 3168 sini—

1941 3209 2114 3256 stram
2151 3203 2269 3275 ejus
2302 3212 2484 3269 erunt,
2515 3204 2695 3259 dicet:
2727 3205 2996 3259 Discedite
3045 3220 3074 3257 a
3118 3219 3227 3269 me,
3294 3202 3522 3257 maledi-

1941 3292 2033 3357 cti,
2090 3292 2144 3347 in
2186 3294 2364 3362 ignem
2409 3300 2690 3357 aeternum,
2732 3293 2822 3369 qui
2852 3301 3074 3364 paratus
3115 3300 3199 3347 est
3223 3290 3437 3346 diabolo
3474 3297 3529 3345 et

1940 3385 2150 3456 angelis
2196 3386 2331 3456 ejus.
2387 3386 2454 3440 Et
2496 3386 2649 3441 ibunt
2690 3385 2746 3440 hi
2774 3386 2827 3440 in
2875 3384 3196 3455 supplicium
3240 3390 3521 3447 aeternum,

1934 3475 2071 3549 justi
2095 3483 2274 3530 autem
2297 3476 2352 3530 in
2376 3475 2543 3530 vitam
2572 3483 2830 3530 aeternam
2857 3473 3072 3547 (Mm.
3110 3470 3285 3529 xxrvi.
3326 3491 3349 3526 ι

2540 3585 2768 3643 CAPUT
2822 3585 2911 3655 llI.

1937 3677 2207 3743 Iudicium
2246 3676 2633 3757 Salomonisde
2663 3677 2971 3757 mulieribus
2998 3693 3117 3735 aute
3143 3676 3206 3732 de
3232 3675 3524 3757 infantibus

2529 3749 2910 3825 disceptabant.

2006 3842 2160 3917 (Cn.
2187 3843 2295 3914 ιιι).
2348 3860 2367 3893 ι
2400 3841 2554 3897 Tune
2595 3851 2866 3897 venerunt
2908 3840 3028 3909 duae
3063 3839 3523 3927 mulieres_mere—

1941 3951 1961 3986 ι
2006 3933 2170 3988 trices
2191 3933 2259 3988 ad
2284 3947 2465 4004 regem
2491 3973 2507 3999 ,
2558 3939 2933 4002 steteruntque
2962 3946 3142 3986 coram
3169 3945 3254 3985 eo.
3283 3929 3524 3996 Quarum

1939 4044 1958 4077 ι
2002 4042 2111 4083 una
2147 4025 2225 4081 ait
2255 4043 2269 4079 :
2305 4024 2563 4091 Obsecro,
2595 4025 2669 4089 mi
2703 4024 2943 4101 domine,
2970 4038 3071 4096 ego
3104 4030 3159 4078 et
3184 4022 3380 4091 mulier
3407 4021 3526 4076 lucc

1939 4135 1958 4168 ι
2001 4116 2380 4174 habitabamus
2410 4116 2462 4171 in
2493 4116 2652 4173 domo
2690 4131 2817 4179 una,
2851 4123 2906 4171 et
2938 4114 3122 4184 peperi
3148 4112 3289 4183 apud
3312 4127 3434 4169 eam
3461 4112 3516 4166 in

1936 4224 1959 4258 ι
2001 4206 2266 4262 cubiculo.
2292 4206 2474 4261 Tertia
2502 4220 2630 4260 vero
2657 4204 2745 4260 die
2766 4211 3052 4274 postquam
3082 4218 3181 4274 ego
3203 4202 3408 4273 peperi,
3427 4214 3524 4273 pe-

1937 4315 1958 4349 r
2000 4298 2142 4369 perit
2165 4305 2220 4353 et
2244 4298 2382 4361 lucc,
2434 4303 2489 4351 et
2515 4311 2731 4351 eramus
2756 4293 2953 4367 simul,
2981 4295 3266 4365 nullusque
3292 4292 3428 4347 alius
3471 4292 3529 4348 in

1936 4408 1957 4451 ι
2002 4390 2159 4447 domo
2179 4389 2481 4453 nobiscum,
2498 4387 2737 4456 exceptis
2754 4387 2907 4441 nobis
2926 4386 3151 4441 duabus.
3179 4384 3421 4439 Mortuus
3442 4390 3526 4437 est

1936 4501 1957 4547 ι
2002 4491 2181 4537 autem
2207 4481 2347 4535 ﬁlius
2372 4478 2616 4534 mulieris
2635 4476 2793 4546 hujus
2814 4486 2991 4543 nocte,
3027 4476 3301 4532 dormiens
3324 4476 3525 4544 quippe

1935 4590 1954 4624 ‹
1999 4571 2267 4647 oppressit
2301 4584 2446 4625 eum.
2497 4568 2565 4622 Et
2610 4581 2942 4639 consurgens
2987 4566 3309 4636 intempesta
3354 4572 3514 4619 nocte

1935 4686 1953 4719 ι
2001 4666 2214 4723 silentio
2243 4664 2364 4719 tulit
2407 4662 2576 4718 ﬁlium
2611 4677 2789 4718 meum
2829 4661 2896 4717 de
2940 4660 3107 4716 latere
3154 4673 3276 4714 meo
3314 4655 3523 4713 ancillae

1936 4780 1955 4813 ι
2000 4768 2103 4814 tuae
2129 4757 2469 4823 dormientis,
2520 4764 2577 4812 et
2613 4754 2900 4812 collocavit
2938 4754 2993 4808 in
3019 4752 3141 4808 sinu
3181 4766 3298 4807 suo.
3353 4748 3522 4804 Suum

1935 4869 1955 4902 ι
1998 4857 2179 4904 autem
2229 4848 2420 4915 ﬁlium,
2468 4846 2559 4917 qui
2595 4855 2714 4902 erat
2764 4852 3047 4910 mortuus;
3080 4843 3260 4917 posuit
3312 4841 3366 4896 in
3400 4841 3521 4895 sinu

1935 4959 1955 4993 ι
2000 4956 2142 4999 meo.
2200 4938 2441 5019 Cumque
2495 4938 2852 4994 surrexissem
2898 4951 3081 5007 mane,
3122 4942 3182 4988 ut
3212 4933 3398 4987 darem
3435 4932 3519 4987 lac

1937 5051 1956 5082 ι
2003 5030 2113 5089 ﬁlio
2135 5046 2278 5097 meo,
2326 5030 2575 5105 apparuit
2611 5036 2884 5093 mortuus,
2912 5042 3072 5099 quem
3105 5025 3411 5098 diligentius
3433 5024 3518 5079 in-

1931 5141 1951 5174 (
1998 5131 2154 5178 tuens
2201 5121 2348 5176 clara
2400 5122 2543 5191 luce,
2601 5119 2934 5191 deprehendi
2988 5132 3096 5173 non
3147 5131 3267 5172 esse
3310 5131 3512 5181 meum,

1925 5230 1956 5271 ι
1997 5230 2156 5287 quem
2213 5230 2529 5287 genueram.
2585 5212 2992 5287 Responditqne
3049 5210 3219 5266 altera
3280 5210 3512 5265 mulier:

1931 5326 1951 5360 ι
1996 5308 2112 5365 Non
2167 5316 2250 5363 est
2299 5308 2395 5374 ita,
2438 5308 2531 5363 sed
2568 5306 2710 5365 ﬁlius
2762 5314 2884 5361 tuus
2919 5310 3163 5365 mortuus
3202 5310 3305 5369 est,
3359 5315 3514 5356 meus

1934 5418 1953 5452 ι
1999 5408 2179 5455 autem
2210 5380 2361 5454 vivit.
2409 5397 2450 5452 E
2480 5396 2759 5454 contrario
2796 5394 2885 5450 illa
2914 5395 3169 5450 dicebat:
3223 5391 3509 5448 Mentiris:

1935 5512 1955 5544 ‹
2000 5493 2142 5549 ﬁlius
2176 5493 2372 5571 quippe
2406 5506 2561 5547 meus
2606 5489 2773 5563 vivit,
2822 5495 2877 5545 et
2908 5488 3050 5544 ﬁlius
3098 5495 3220 5544 tuus
3262 5494 3512 5543 mortuus

1935 5601 1954 5635 ι
1998 5592 2102 5640 est.
2152 5584 2329 5656 Atque
2375 5583 2431 5638 in
2461 5584 2604 5637 hunc
2631 5581 2849 5637 modum
2894 5580 3291 5635 contendebant
3326 5591 3509 5633 coram

1936 5694 1953 5727 ι
1999 5690 2147 5747 rege,
2184 5696 2203 5727 ι
2240 5682 2345 5730 etc.
2391 5672 2499 5748 (Ex
2529 5670 2821 5745 Gregorio).
2866 5669 3171 5725 Notandum
3203 5666 3345 5739 quod
3367 5673 3508 5737 post-

1929 5782 2089 5843 quam
2148 5766 2408 5822 Dominus
2451 5763 2653 5821 erroris
2704 5761 2874 5819 nostri
2924 5760 3177 5816 tenebras
3230 5756 3347 5813 luce
3399 5767 3510 5810 suae

1928 5862 2252 5948 cognitionis
2305 5863 2583 5947 illustrat,
2630 5877 2757 5933 mox
2814 5857 3127 5933 mutationis.
3180 5855 3366 5931 aculeo
3424 5853 3507 5919 Vi-
