4074 6478
521 485 627 543 127

1174 481 1234 536 Β.
1276 479 1529 538 BABANI
1569 478 1791 536 MAURI
1823 476 2144 536 ARCHIEP.
2184 475 2494 533 MOGUNT.
2532 476 2819 534 OPEBUM
2859 478 3040 534 PARS
3070 479 3111 535 I.

3682 481 3791 537 128

518 600 733 657 sitaudo
784 600 1014 671 probat:
1069 597 1196 669 quia
1231 598 1534 653 accedendo
1590 597 1756 653 corda
1791 606 1976 651 nostra
2026 596 2095 652 ad
2122 594 2175 657 Α
2197 593 2352 649 bidas
2374 604 2745 666 congregaret.
2788 594 2883 650 Hae
2906 603 3031 650 sunt
3061 596 3180 651 duae
3198 611 3364 668 Virgae
3396 612 3516 668 quae
3537 598 3791 670 jungun-

516 693 743 748 virtutes
783 689 1050 759 provehit,
1099 697 1155 743 et
1201 689 1503 745 recedendo
1537 689 1753 743 concuti
1800 688 2095 743 tentatione

514 782 799 854 permittit.
843 779 900 835 Si
928 781 1074 835 enim
1098 788 1222 852 post
1260 781 1521 835 virtutum
1551 795 1778 835 munera
1812 779 1956 835 nulla
1981 789 2098 835 ten-

516 877 716 932 tatione
745 875 1051 930 concutitur
1075 914 1090 938 ,
1128 874 1233 929 hoc
1270 874 1384 945 jam
1437 889 1496 928 se
1530 874 1740 928 animus
1784 873 1989 928 habere
2026 887 2097 928 ex

514 966 692 1037 seipso
719 965 998 1037 gloriatur.
1052 965 1121 1021 Ut
1143 979 1273 1035 ergo
1319 979 1382 1019 ea
1410 962 1683 1017 firmitatis
1708 963 1847 1018 dona
1875 962 2093 1030 habeat,

512 1066 567 1113 et
587 1058 955 1114 inﬁrmitatem
998 1072 1149 1113 suam
1176 1056 1456 1111 humiliter
1482 1063 1760 1126 agnoscat,
1790 1071 1888 1125 per
1916 1069 2098 1111 acces-

513 1163 633 1204 sum
687 1147 874 1217 gratim
904 1145 972 1201 ad
1022 1146 1129 1200 alta
1174 1144 1518 1210 sustollitur,
1572 1153 1628 1199 et
1653 1160 1750 1215 per
1799 1157 2094 1212 recessum,

512 1239 656 1310 quod
688 1253 753 1294 ex
782 1239 898 1309 ipso
917 1238 1010 1304 sit,
1054 1237 1334 1307 probatur.
1384 1237 1536 1304 Quod
1563 1238 1699 1293 bene
1743 1239 1901 1292 nobis
1920 1252 1985 1292 ex
2009 1239 2096 1294 hi-

513 1332 681 1387 storia
710 1346 879 1387 sacrae
905 1331 1151 1386 lectionis
1192 1331 1455 1394 innuitur,
1502 1344 1610 1399 qua
1639 1328 1894 1383 Salomon
1934 1335 1990 1382 et
2017 1328 2098 1383 di-

510 1424 714 1480 vinitus
747 1424 1025 1494 accepisse
1063 1424 1411 1494 sapientiam,
1456 1431 1513 1477 et
1542 1431 1744 1487 tamen,
1787 1429 1910 1492 post
1950 1436 2098 1475 eam-

513 1500 636 1569 dem
663 1514 1007 1585 sapientiam,
1056 1514 1403 1569 meretricum
1452 1513 1636 1568 statim
1685 1512 1927 1582 pulsatus
1953 1527 2099 1582 qua)-

509 1605 684 1661 stione
704 1613 1057 1660 memoratur.
1083 1604 1205 1661 Mox
1225 1605 1369 1660 enim
1391 1613 1451 1658 ut
1465 1604 1691 1675 gratiam
1716 1611 1878 1657 tanta:
1893 1603 2099 1658 revela-

510 1694 673 1750 tionis
701 1695 929 1765 accepit,
959 1702 1233 1752 certamen
1275 1694 1511 1764 turpium
1539 1694 1827 1748 mulierum
1856 1693 2096 1761 pertulit.

509 1785 646 1854 Quia
694 1787 950 1841 nimirum
1001 1802 1145 1856 saepe
1204 1800 1329 1839 cum
1385 1794 1621 1839 mentem
1671 1791 1913 1838 nostram
1965 1798 2096 1837 con-

510 1875 681 1931 cessis
730 1875 1022 1930 virtutibus
1049 1884 1331 1951 respectus
1368 1874 1572 1928 intimae
1597 1872 1866 1941 largitatis
1892 1873 2095 1927 illumi-

2198 696 2288 742 tur
2323 688 2379 742 in
2406 688 2675 753 Ezechiel,
2724 697 2779 743 et
2800 689 2866 743 de
2892 689 3087 758 quibus
3111 703 3208 759 per
3247 689 3564 745 Zachariam
3592 692 3790 747 Domiq

2197 796 2300 837 nus
2320 780 2488 837 refert
2529 780 2715 854 (Zach.
2744 782 2807 854 ιι)
2835 796 2850 836 :
2884 777 3000 837 «‘Et
3025 785 3293 855 assumpsi
3323 785 3456 840 mihi
3503 786 3640 843 duas
3671 790 3789 843 vir-

2197 886 2313 942 gas,
2343 886 2505 926 unam
2528 872 2720 926 vocavi
2763 872 3035 938 decorem,
3084 880 3141 927 et
3161 872 3384 929 alteram
3419 876 3610 930 vocavi
3637 875 3789 932 funi-

2198 962 2400 1028 culum,
2430 971 2486 1018 et
2508 963 2629 1032 pavi
2651 977 2890 1034 gregem.
2922 983 2940 1015 ι
2980 962 3169 1018 Mulier
3190 979 3403 1035 quoque
3417 964 3506 1020 illa
3523 968 3792 1022 meretrix

2197 1052 2253 1107 in
2269 1052 2561 1124 Evangelio
2585 1054 2735 1126 (Luc.
2751 1053 2873 1127 vn),
2902 1070 3023 1125 quae
3057 1073 3076 1106 ι
3097 1054 3227 1110 Jesu
3249 1056 3414 1125 pedes
3425 1056 3680 1128 lacrymis
3703 1058 3789 1112 la-

2196 1146 2295 1210 vit,
2348 1146 2497 1200 crine
2527 1147 2789 1212 detersit,
2834 1154 2889 1201 et
2917 1147 3002 1202 cui
3048 1154 3269 1217 peccata
3296 1149 3477 1202 omnia
3505 1149 3793 1204 dimittun-

2197 1245 2306 1299 tur,
2330 1255 2348 1287 ι
2384 1235 2668 1290 manifeste
2686 1236 2953 1307 significat
2966 1237 3263 1293 Ecclesiam
3285 1241 3351 1293 de
3377 1241 3627 1310 gentibus
3649 1256 3788 1296 con-

2198 1335 2491 1397 gregatam.
2524 1325 2650 1383 Haac
2679 1327 2881 1384 idcirco
2915 1329 2969 1383 in
3006 1330 3180 1398 prima
3206 1329 3381 1385 fronte
3409 1331 3686 1399 replicavi,
3720 1348 3793 1388 ne

2198 1418 2286 1471 cui
2344 1418 2591 1473 videatur
2651 1420 3005 1490 incongruum
3054 1422 3099 1475 si
3148 1421 3460 1477 meretrices
3511 1423 3791 1489 dicantur,

2198 1523 2429 1577 quarum
2461 1524 2566 1563 una
2597 1508 2901 1566 Salomonis
2943 1509 3149 1578 judicio
3187 1510 3283 1565 filii
3314 1514 3658 1582 possessione
3687 1514 3794 1569 do-

2199 1606 2325 1653 nata
2362 1607 2465 1653 est.
2495 1599 2740 1654 Prudens
2766 1609 2973 1670 quatrat
2994 1602 3207 1657 auditor
3233 1602 3499 1671 quomodo
3528 1603 3797 1657 meretrix

2199 1691 2465 1761 significet
2504 1691 2797 1746 Ecclesiam
2825 1732 2838 1756 ,
2884 1708 3005 1761 qua:
3049 1708 3157 1747 non
3188 1692 3350 1747 habet
3393 1693 3660 1747 maculam
3693 1708 3796 1748 ne-

2199 1797 2304 1851 que
2326 1796 2514 1851 rugam
2554 1780 2772 1852 (Ephes.
2806 1783 2880 1852 v).
2915 1781 3034 1837 Non
3060 1782 3289 1837 dicimus
3324 1782 3623 1838 Ecclesiam
3664 1799 3796 1853 per-
3824 1788 3831 1793 '

2201 1874 2463 1929 mansisse
2493 1874 2855 1939 meretricem,
2902 1874 2997 1929 sed
3041 1872 3225 1929 fuisse.
3261 1874 3402 1929 Nam
3449 1884 3504 1930 et
3554 1872 3837 1930 Simonis'

510 1975 625 2035 nat,
681 1970 821 2024 hanc
858 1949 1106 2041 protinus
1150 1970 1315 2025 etiam
1345 1970 1566 2024 lubrica:
1606 1968 1961 2038 cogitationes
1987 1976 2097 2021 tur-
2124 1949 2173 2008 Β
2202 1965 2399 2035 leprosi
2446 1965 2606 2019 domo
2634 1963 2887 2019 Salvator
2943 1965 3202 2020 scribitur
3254 1965 3422 2020 inisse
3482 1966 3801 2023 convivium

508 2057 663 2123 bant,
713 2066 774 2112 ut
799 2074 918 2128 quae
944 2059 1225 2114 sublevata
1253 2060 1518 2113 immenso
1554 2072 1776 2111 munere
1806 2057 2094 2123 exaltatur,

508 2147 672 2201 etiam
699 2149 998 2204 tentatione
1018 2148 1251 2219 pulsata,
1282 2149 1412 2217 quid
1433 2148 1522 2213 sit,
1552 2148 1808 2202 inveniat.
1835 2146 1925 2203 Sic
1953 2148 2099 2203 Elias

509 2247 566 2291 et
595 2237 850 2293 visitatus
872 2238 1103 2308 desuper
1129 2254 1378 2294 sermone
1403 2238 1571 2293 caelos
1591 2238 1805 2308 aperuit
1827 2238 1948 2310 (III
1968 2237 2095 2310 Reg.

507 2326 687 2397 xvm),
728 2336 783 2383 et
811 2335 991 2383 tamen
1022 2329 1283 2397 probatus
1331 2328 1511 2383 subito
1552 2328 1832 2394 infirmus,
1885 2344 1984 2398 per
2007 2330 2100 2385 de-

508 2425 657 2473 serta
692 2417 926 2488 fugiens,
966 2434 1130 2474 unam
1184 2420 1468 2474 mulierem
1518 2419 1737 2489 expavit
1786 2417 1907 2490 (III
1964 2417 2096 2488 Reg.

507 2510 645 2583 XIX).
685 2510 776 2567 Sic
804 2511 1005 2567 Paulus
1032 2512 1099 2568 ad
1127 2513 1346 2569 tertium
1376 2511 1573 2568 etelum
1616 2510 1831 2566 ducitur
1860 2509 1946 2581 (II
1970 2508 2094 2564 Cor.

510 2600 633 2671 xu),
662 2602 896 2671 paradisi
918 2612 1212 2674 penetrans
1237 2610 1449 2657 secreta
1477 2600 1808 2665 considerat,
1832 2609 1887 2654 et
1915 2607 2097 2655 tamen

507 2692 574 2745 ad
604 2694 954 2763 semetipsum
980 2694 1227 2758 rediens,
1283 2700 1475 2748 contra
1522 2692 1702 2746 carnis
1728 2691 1925 2746 bellum
1949 2690 2098 2745 labo-

507 2791 634 2836 rat:
673 2783 844 2855 legem
879 2785 1039 2840 aliam
1088 2786 1144 2840 in
1187 2784 1446 2839 membris
1490 2783 1722 2839 sustinet
1774 2782 1945 2854 (Rom.
1972 2782 2093 2855 vn),

505 2871 660 2941 cujus
709 2874 766 2928 in
799 2875 1091 2931 rebellione
1144 2875 1361 2946 fatigari
1410 2873 1647 2945 Spiritus
1701 2874 1873 2944 legem
1927 2874 2091 2930 dolet.

507 2961 664 3030 Quod
699 2973 824 3035 post
858 2966 1209 3023 donationem
1259 2982 1389 3037 ergo
1420 2967 1662 3021 muneris
1693 2966 1896 3021 idcirco
1951 2967 2095 3023 Deus

506 3056 783 3112 hominem
811 3058 1026 3127 probat,
1058 3060 1180 3129 quia
1226 3059 1426 3115 collato
1469 3072 1692 3113 munere
1715 3058 1979 3124 sublevat,
2016 3066 2093 3126 et,

507 3145 783 3203 abstracto
797 3149 1091 3218 paululum,
1119 3152 1293 3221 ipsum
1315 3151 1417 3206 sibi
1441 3150 1718 3205 hominem
1733 3149 2091 3207 demonstrat.

503 3238 656 3307 Quod
683 3255 749 3296 eo
773 3256 946 3312 usque
984 3243 1171 3314 procul
1207 3243 1372 3299 dubio
1398 3244 1637 3314 patimur
1654 3285 1669 3311 ,
1698 3260 1804 3315 quo
1826 3244 1893 3299 de
1946 3252 2094 3300 terra

503 3328 745 3387 funditus
799 3333 918 3389 labe
952 3335 1164 3404 peccati
1221 3336 1289 3391 ad
1339 3336 1620 3405 promissae
1668 3336 2092 3406 incorruptionis

502 3423 866 3478 substantiam
918 3426 1296 3483 reformemur.
1344 3427 1617 3494 Quantum
1668 3428 1737 3482 ad
1791 3427 2093 3498 simplicem

504 3512 788 3567 historiam
815 3515 1069 3583 pertinet,
1111 3517 1399 3585 perspicua
1428 3525 1533 3583 est,
1589 3516 1732 3587 quod
1759 3532 1893 3585 puer
1919 3532 2091 3572 anno-

505 3617 625 3657 rum
647 3605 955 3672 duodecim,
999 3614 1189 3661 contra
1216 3607 1395 3661 tetatis
1417 3622 1528 3662 sua:
1549 3621 1880 3672 mensuram,
1911 3607 1979 3662 de
2006 3607 2091 3661 in-

504 3694 639 3749 timo
678 3696 931 3752 humana:
954 3695 1448 3765 nattirazjudicaret
1475 3696 1690 3752 aﬂ‘ectu.
1736 3697 1889 3753 Unde
1916 3705 1972 3752 et
1993 3698 2092 3752 ad-

503 3785 736 3842 miratus
763 3793 847 3841 est
892 3795 948 3842 et
988 3787 1273 3857 pertimuit
1308 3788 1459 3842 illum
1498 3787 1675 3843 omnis
1712 3787 1896 3854 Israel,
1950 3789 2094 3858 quod

504 3874 719 3930 scilicet
749 3892 873 3931 eum
904 3878 1193 3934 manifesta
1224 3894 1332 3934 non
1373 3878 1639 3950 fugerent,
1692 3880 1785 3949 qui
1812 3888 1922 3935 tam
1958 3897 2091 3951 pru-

505 3963 696 4020 denter
729 3965 1047 4023 ahscoudita
1088 3968 1554 4038 deprehendisset.
1615 3968 1888 4037 Quantum
1913 3970 1982 4025 ad
2005 3980 2091 4041 ty-

503 4054 655 4124 picos
682 4057 915 4125 pertinet
962 4056 1289 4121 intellectus,
1336 4058 1550 4113 dicente
1597 4058 1856 4129 Apostolo
1886 4059 1936 4131 (Ι
1967 4058 2089 4115 Cor.

501 4143 561 4215 ι)
593 4160 608 4197 :
641 4162 660 4195 ι
696 4144 822 4201 Haec
842 4146 1026 4201 omnia
1056 4148 1110 4202 in
1155 4146 1329 4219 figura
1363 4148 1748 4218 contingebant
1785 4148 1910 4213 illis,
1952 4149 2091 4204 scri-

503 4245 593 4308 pta
623 4247 750 4295 sunt
794 4247 972 4295 autem
1015 4240 1083 4296 de
1128 4240 1308 4307 nobis,
1357 4241 1411 4295 in
1436 4255 1574 4311 quos
1612 4240 1748 4295 fines
1771 4240 2093 4296 saeculorum

505 4329 858 4398 devenerunt,
890 4351 908 4384 ι
966 4332 1186 4401 quidam
1232 4331 1545 4389 Graecorum
1594 4339 1878 4387 autumant
1932 4347 2095 4402 super

504 4421 846 4496 Synagogam
880 4432 939 4480 et
964 4423 1267 4482 Ecclesiam
1319 4425 1682 4491 sentiendum,
1736 4433 1794 4480 et
1838 4424 1907 4480 ad
1961 4425 2092 4479 illud

504 4520 716 4583 tempus
759 4524 955 4571 caetera
990 4515 1314 4581 referenda,
1364 4516 1581 4585 quando
1625 4522 1747 4585 post
1790 4529 2009 4569 crucem
2037 4521 2094 4569 et

2202 2056 2416 2128 (Matth.
2449 2056 2622 2121 uvn),
2648 2058 2836 2126 utique
2867 2073 2973 2111 non
2994 2058 3119 2126 quia
3153 2058 3400 2127 leprosus
3428 2066 3546 2113 erat
3566 2074 3633 2113 eo
3656 2067 3801 2113 tem-

2198 2162 2330 2217 pore
2378 2161 2485 2216 quo
2514 2146 2748 2201 habebat
2778 2147 3046 2217 hospitem
3096 2146 3456 2214 Salvatorem,
3512 2148 3608 2202 sed
3666 2149 3801 2217 quia

2200 2239 2444 2309 leprosus
2472 2247 2599 2295 ante
2637 2237 2833 2293 fuerat.
2885 2240 3171 2295 Matthaeus
3206 2256 3420 2311 quoque
3464 2242 3519 2296 in
3548 2242 3802 2313 catalogo

2200 2332 2567 2401 apostolorum
2632 2318 2948 2399 publicanus
3002 2330 3202 2385 dicitur
3256 2330 3475 2403 (Matth.
3515 2318 3637 2402 ix),
3685 2349 3802 2387 non

2201 2424 2343 2494 quod
2370 2424 2733 2493 permanserit
2755 2423 3075 2494 publicanus
3098 2433 3220 2493 post
3245 2424 3596 2493 apostolicam
3619 2424 3804 2495 digni-

2203 2523 2391 2580 tatem,
2414 2515 2509 2570 sed
2536 2516 2661 2585 quia
2682 2516 2836 2585 prius
2856 2513 3033 2569 fuerat
3056 2514 3393 2585 publicanus,
3421 2524 3481 2568 ut
3506 2515 3595 2569 ubi
3623 2516 3802 2570 abun-

2200 2605 2424 2660 daverat
2459 2613 2741 2674 peccatum
2762 2645 2777 2670 ,
2809 2605 3275 2675 superabundaret
3303 2605 3475 2674 gratia
3506 2603 3681 2675 (Rom.
3713 2604 3797 2675 v).

2201 2696 2479 2766 Simulque
2498 2695 2783 2752 considera
2813 2696 2943 2766 quid
2970 2696 3114 2752 dicat
3144 2695 3389 2751 Ecclesia
3428 2704 3618 2750 contra
3649 2696 3799 2766 Syn-

2200 2801 2425 2858 agogam
2459 2785 2964 2841 calumniatricem:
3024 2803 3043 2835 ‹
3077 2784 3190 2855 Ego
3231 2792 3286 2838 et
3324 2784 3521 2838 mulier
3546 2784 3663 2838 haec
3692 2783 3800 2837 ha-

2199 2876 2506 2932 bitabamus
2530 2877 2583 2930 in
2611 2878 2769 2931 domo
2794 2893 2921 2931 una.
2957 2896 2975 2927 ι
2997 2875 3126 2931 Post
3150 2876 3604 2930 resurrectionem
3646 2875 3802 2929 enim

2198 2967 2413 3023 Domini
2444 2965 2743 3021 Salvatoris
2768 2982 2874 3020 una
2902 2965 2969 3020 de
3002 2974 3232 3035 utroque
3253 2965 3451 3035 populo
3465 2972 3802 3035 congregata

2197 3068 2300 3117 est.
2352 3060 2421 3114 Et
2448 3074 2609 3130 quam
2634 3059 2910 3129 eleganter
2942 3058 3201 3118 Ecclesia,
3241 3076 3261 3108 ι
3290 3058 3497 3128 peperi,
3534 3076 3554 3109 ι
3595 3058 3799 3126 inquit,

2205 3171 2224 3204 ‹
2267 3152 2406 3222 apud
2451 3165 2573 3206 eam
2618 3152 2671 3205 in
2702 3149 2982 3205 cubiculo!
3020 3170 3037 3201 ›
3075 3149 3315 3203 Ecclesia
3346 3148 3492 3202 enim
3516 3148 3581 3202 de
3613 3148 3797 3218 genti-

2198 3245 2320 3308 bus,
2355 3256 2476 3313 qua:
2504 3256 2612 3297 non
2651 3240 2885 3295 habebat
2914 3240 3063 3309 prius
3088 3239 3260 3310 legem
3289 3245 3343 3292 et
3362 3238 3675 3307 prophetas,
3700 3252 3799 3307 pe-

2196 3337 2338 3407 perit
2359 3335 2414 3389 in
2431 3334 2590 3389 domo
2616 3332 2935 3405 Synagogte,
2961 3346 3062 3386 nec
3084 3345 3301 3400 egressa
3321 3337 3405 3383 est
3431 3328 3500 3382 de
3523 3328 3793 3394 cubiculo,

2196 3431 2293 3487 sed
2348 3431 2611 3501 ingressa.
2670 3428 2822 3483 Unde
2860 3426 2989 3482 dicit
3029 3425 3082 3478 in
3132 3423 3357 3478 Cantico
3406 3422 3790 3477 canticorum:

2202 3541 2221 3572 ι
2255 3520 2557 3576 Introduxit
2598 3534 2686 3573 me
2709 3534 2807 3573 rex
2837 3518 2893 3572 in
2925 3515 3230 3572 cubiculum
3256 3530 3415 3569 suum
3442 3511 3620 3585 (Cant.
3646 3512 3731 3583 ιι).
3766 3532 3786 3565 ι

2194 3613 2263 3668 Et
2320 3612 2518 3666 iterum
2581 3610 2830 3679 equidem
2885 3622 2994 3662 non
3059 3613 3406 3677 spernentem
3463 3619 3789 3659 assumens:

2201 3722 2220 3754 ε
2255 3703 2597 3759 lntrodueam
2628 3709 2680 3755 te
2708 3700 2763 3754 in
2794 3700 3013 3754 domum
3045 3698 3238 3752 matris
3259 3711 3413 3763 meae,
3442 3702 3499 3752 et
3547 3694 3605 3750 in
3637 3696 3791 3752 cubi-

2194 3795 2372 3851 culum
2405 3793 2520 3862 ejus
2549 3807 2670 3863 quae
2704 3791 2951 3861 concepit
2978 3806 3066 3845 me
3092 3786 3270 3862 (Cant.
3302 3786 3425 3857 νηί)

2271 3906 2289 3936 ‹
2327 3885 2507 3940 Tertia
2535 3893 2715 3939 autem
2754 3883 2861 3949 die,
2904 3890 3189 3953 postquam
3210 3878 3551 3952 ego,'peperi,
3578 3879 3796 3948 peperit

2199 3998 2218 4030 ‹
2255 3986 2310 4033 et
2343 3978 2477 4033 haec.
2512 3997 2529 4029 ι
2580 3976 2637 4032 Si
2676 3976 2997 4032 consideres
3044 3973 3277 4028 Pilatum
3303 3973 3572 4028 lavantem
3594 3987 3792 4029 manus

2194 4080 2355 4139 atque
2378 4068 2643 4123 dicentem
2670 4085 2682 4120 :
2719 4085 2737 4116 ‹
2770 4066 3001 4121 Mundus
3022 4081 3123 4137 ego
3152 4080 3270 4119 sum
3301 4080 3332 4119 a
3367 4063 3629 4134 sanguine
3654 4063 3792 4133 justi

2192 4161 2349 4216 istius
2372 4158 2587 4233 (Matth.
2620 4157 2791 4231 xxvu)
2816 4174 2831 4222 ;
2866 4159 2913 4212 si
2942 4157 3458 4222 centurionemante
3485 4154 3792 4224 patibulum

2194 4251 2540 4309 confitentem
2573 4270 2585 4304 :
2646 4270 2664 4301 ‹
2696 4251 2836 4305 Vere
2861 4249 2953 4305 hic
2989 4256 3106 4304 erat
3145 4247 3320 4303 Filius
3359 4247 3454 4302 Dei
3494 4246 3721 4318 (Ibid.);
3764 4267 3785 4300 ι

2193 4343 2240 4399 si
2266 4357 2361 4397 eos
2379 4342 2470 4411 qui
2502 4350 2627 4395 ante
2648 4340 2974 4410 passionem,
2999 4352 3097 4409 per
3125 4336 3447 4406 Philippum,
3496 4336 3790 4392 Dominum

2190 4436 2377 4490 videre
2398 4433 2710 4489 desiderant
2730 4430 2913 4503 (Joan.
2948 4429 3080 4502 xu):
3108 4430 3251 4484 haud
3283 4430 3524 4500 ambiges
3548 4430 3790 4498 primam

2192 4524 2468 4595 peperisse
2507 4523 2827 4587 Ecclesiam,
2874 4530 2929 4576 et
2957 4528 3147 4592 postea
3178 4528 3365 4574 natum
3392 4516 3648 4590 populum
3683 4518 3785 4573 Ju-

503 4605 976 4672 resurrectionem,
1026 4617 1139 4661 tam
1168 4608 1223 4661 in
1257 4606 1426 4662 Israel
1447 4621 1609 4676 quam
1634 4606 1689 4660 in
1725 4607 1963 4674 gentium
1989 4621 2087 4677 po-
2114 4666 2163 4682 “
2193 4613 2463 4679 dagorum,
2520 4628 2619 4682 pro
2666 4627 2773 4681 quo
2819 4611 3077 4666 Dominus
3128 4610 3452 4679 precabatur
3481 4627 3493 4662 :
3546 4627 3565 4660 ι
3595 4608 3783 4677 Pater,

500 4695 704 4766 pulum,
742 4712 903 4752 verus
922 4696 1200 4765 Salomon,
1230 4699 1282 4752 id
1318 4707 1401 4753 est
1423 4698 1702 4768 pacificus,
1732 4714 1958 4769 regnare
1977 4714 2088 4755 caa-

500 4787 656 4856 perit.
689 4785 842 4853 Quod
872 4796 1053 4843 autem
1081 4789 1338 4844 adulterae
1365 4796 1420 4844 et
1443 4790 1758 4845 meretrices
1804 4790 2086 4861 Synagoga

499 4883 552 4928 et
579 4874 818 4931 Ecclesia
842 4876 896 4931 in
912 4875 1208 4946 Scripturis
1230 4878 1500 4943 dicantur,
1524 4878 1667 4933 nulla
1692 4879 1956 4937 dubitatio
1981 4890 2084 4937 est.

499 4964 566 5017 Et
594 4965 695 5019 hoc
720 4967 894 5034 prima
942 4964 1121 5022 fronte
1151 4967 1367 5023 videtur
1391 4984 1510 5024 esse
1538 4970 1933 5041 blasphemum.
1966 4974 2083 5028 Cte—

500 5064 673 5110 terum
703 5058 748 5113 si
776 5074 1119 5115 recurramus
1165 5061 1232 5115 ad
1267 5064 1579 5133 prophetas,
1630 5064 1767 5121 Osee
1812 5067 2079 5133 videlicet,

497 5146 588 5214 qui
630 5148 837 5216 accepit
876 5163 1098 5204 uxorem
1146 5148 1531 5218 fornicariam,
1576 5161 1631 5209 et
1674 5165 1897 5223 generat
1940 5158 2081 5214 ﬁlios

499 5234 873 5292 fornicationis
920 5247 978 5295 et
1026 5239 1219 5295 deinde
1267 5241 1567 5298 adulteram
1617 5243 1760 5316 (Ose.
1790 5246 1864 5318 I);
1919 5255 1974 5302 et
2011 5248 2080 5303 ad

499 5326 767 5392 Ezechiel,
817 5323 909 5398 qui
954 5327 1254 5387 Jerusalem
1308 5336 1462 5404 quasi
1507 5339 1848 5394 meretricem
1879 5342 2076 5409 arguit,

498 5419 639 5489 quod
663 5430 847 5475 secuta
877 5423 947 5477 sit
968 5431 1239 5480 amatores
1266 5441 1412 5493 suos,
1447 5436 1503 5482 et
1524 5428 1901 5484 divaricaverit
1930 5430 2077 5484 omni

498 5514 800 5567 transeunti
830 5516 1014 5583 pedes,
1044 5516 1373 5588 lupanarque
1402 5517 1453 5572 in
1487 5518 1605 5575 loco
1636 5520 1835 5575 celebri
1856 5531 2074 5575 exstru-

500 5603 639 5657 xerit
683 5603 899 5676 (Ezech.
947 5608 1101 5678 xvr);
1150 5610 1647 5666 animadvertamus
1694 5610 1967 5665 Christum
1997 5613 2077 5666 id-

495 5696 644 5750 circo
672 5696 883 5760 venisse
909 5707 970 5753 ut
998 5701 1309 5757 meretrices
1337 5703 1563 5757 donaret
1608 5703 1973 5767 matrimonio,
2024 5710 2078 5758 et

496 5787 564 5841 de
588 5786 795 5843 .luobus
828 5791 1081 5861 gregibus
1126 5808 1292 5847 unum
1344 5793 1486 5846 ovile
1522 5793 1744 5858 faceret,
1793 5795 2077 5864 medioque

497 5878 703 5939 Dariete
726 5882 1021 5945 destructo.
1052 5884 1108 5939 in
1134 5885 1351 5940 easdem
1377 5884 1561 5940 caulas
1596 5899 1725 5941 oves
1754 5886 1903 5941 orius
1926 5903 2073 5943 mor-

2112 4666 2166 4726 D

2192 4704 2406 4775 ignosce
2427 4702 2550 4767 illis,
2575 4703 2703 4771 quid
2726 4704 2870 4758 enim
2892 4701 3097 4757 faciunt
3113 4700 3521 4773 nesciunt(Luc.
3547 4704 3724 4773 xxm).
3755 4724 3775 4755 ι

2191 4796 2415 4866 Unaque
2449 4796 2536 4850 die
2566 4796 2911 4850 crediderunt
2940 4795 3040 4849 tria
3071 4794 3256 4858 millia,
3304 4801 3360 4848 et
3394 4793 3497 4847 alia
3540 4794 3782 4864 quinque

2188 4886 2353 4939 millia
2384 4886 2518 4957 (Act.
2545 4884 2624 4956 ιι).
2672 4903 2691 4935 ι
2724 4885 2951 4939 Eramus
2976 4884 3134 4939 simul
3162 4883 3298 4956 (Act.
3330 4882 3425 4954 iv).
3475 4884 3776 4941 Multitudi-

2185 4978 2271 5031 nis
2298 4986 2479 5031 autem
2523 4975 2859 5031 credentium
2883 4985 3003 5031 erat
3028 4991 3125 5031 cor
3162 4990 3328 5030 unum
3358 4982 3413 5031 et
3437 4975 3620 5030 anima
3666 4992 3776 5034 una

2187 5064 2376 5138 (me)
2405 5086 2423 5118 ι

2261 5176 2279 5208 ‹
2309 5157 2496 5213 Nullus
2523 5172 2739 5228 quoque
2767 5156 2907 5211 alius
2927 5157 2981 5211 in
3007 5156 3166 5211 domo
3194 5157 3501 5222 nobiscum,
3531 5159 3772 5226 exceptis

2190 5266 2209 5300 ‹
2232 5250 2387 5304 nobis
2418 5249 2645 5304 duabus.
2681 5269 2699 5301 ι
2732 5247 2851 5304 Νοη
2897 5248 3387 5318 blasphemantium
3437 5248 3766 5315 Judaaorum,

2182 5357 2288 5397 non
2314 5341 2591 5411 gentilium
2629 5340 2785 5395 idolis
2820 5340 3188 5395 servientium.
3243 5359 3261 5391 ι
3295 5339 3535 5395 Mortuus
3563 5349 3646 5395 est
3674 5357 3769 5394 au-

2188 5451 2207 5483 ‹
2228 5442 2334 5488 tem
2356 5431 2496 5485 ﬁlius
2523 5430 2766 5485 mulieris
2779 5428 2941 5498 hujus
2966 5439 3142 5485 nocte.
3168 5451 3185 5482 ι
3205 5431 3341 5484 Dum
3369 5429 3501 5499 legis
3524 5431 3771 5499 sequitur

2180 5521 2600 5585 observantiam,
2629 5529 2685 5575 et
2704 5521 2930 5591 gratiam
2957 5519 3227 5585 Evangelii
3248 5518 3377 5588 jugo
3405 5518 3650 5573 Mosaicae
3671 5518 3768 5572 do-

2181 5612 2369 5668 ctrina:
2418 5610 2672 5680 copulat,
2721 5609 3066 5665 tenebrarum
3109 5622 3296 5663 crrore
3345 5617 3597 5677 cooperta
3659 5616 3763 5663 est.

2186 5722 2204 5755 ι
2242 5702 2625 5773 Oppressitque
2645 5717 2767 5755 eum
2799 5700 3072 5755 dormiens
3096 5705 3271 5751 mater
3308 5714 3424 5763 sua,
3453 5719 3471 5751 ι
3498 5713 3617 5767 quae
3657 5714 3765 5751 non

2178 5794 2351 5865 potuit
2382 5794 2561 5848 dicere
2610 5810 2622 5846 :
2680 5810 2698 5842 ε
2731 5790 2842 5863 Ego
2870 5788 3101 5853 dormio,
3151 5796 3206 5843 et
3250 5803 3345 5844 cor
3373 5802 3550 5844 meum
3576 5787 3767 5859 vigilat

2182 5884 2357 5941 ’Cant.
2388 5886 2463 5950 v).
2496 5905 2514 5937 ι
