4074 6492
271 416 372 472 ηρ

1076 412 1433 472 COMMENT.
1472 412 1541 468 IN
1578 409 1828 469 LIBROS
1858 410 1928 470 IV
1964 408 2228 468 REGUM.
2268 440 2339 451 —
2375 409 2445 465 IN
2483 409 2614 466 LIB.
2651 409 2738 466 III.

3439 406 3543 466 150

275 550 296 584 ‹
339 528 513 586 Media
556 534 714 584 nocte
735 542 1062 601 consurgens
1114 530 1236 585 tulit
1279 530 1450 586 ﬁlium
1487 528 1555 584 de
1600 528 1789 585 latere.
1829 547 1849 582 ι
1881 530 1938 593 Α
1960 525 2298 583 subditorum
2347 526 2460 580 vita
2520 524 2856 580 mortiferam
2897 529 3079 593 tegant
3142 520 3542 595 negligentiam.

269 620 529 676 Ecclesia
562 619 895 674 dormientis.
959 638 977 669 ι
1007 619 1075 674 Et
1100 621 1156 675 in
1203 635 1300 676 suo
1329 620 1612 676 collocavit
1650 622 1809 675 sinu.“
1830 638 1849 672 ι

271 712 469 784 Relege
487 713 659 765 totam
678 710 921 781 Apostoli
948 715 1016 766 ad
1031 711 1250 769 Galatas
1263 713 1578 783 Epistolam,
1605 719 1661 766 et
1686 710 1859 765 anim-

273 801 523 858 advertes
541 802 809 870 quomodo
832 801 972 857 ﬁlios
998 802 1256 859 Ecclesiae
1285 819 1412 858 suos
1437 802 1615 858 facere
1641 801 1860 857 festinet

274 891 577 964 Synagoga.
615 891 683 946 Et
702 891 1133 963 dicitApostolus
1164 913 1177 947 :
1206 911 1225 945 ‹
1246 893 1424 948 Filioli
1448 893 1569 957 mei,
1599 908 1734 963 quos
1764 893 1861 946 ite-

273 995 393 1036 rum
447 982 721 1050 parturio,
777 983 947 1040 donec
993 983 1258 1039 formetur
1305 983 1551 1039 Christus
1601 984 1656 1038 in
1711 982 1862 1038 vobis

274 1069 418 1142 (Gal.
446 1070 543 1144 1v).
565 1091 584 1124 ι
621 1071 798 1127 Unum
823 1073 966 1141 tulit,
1006 1090 1112 1131 non
1143 1082 1203 1129 ut
1220 1074 1539 1145 possideret,
1569 1074 1663 1128 sed
1690 1081 1749 1127 ut
1771 1087 1864 1128 oc-

273 1164 521 1231 cideret;
567 1180 675 1220 non
701 1167 848 1221 enim
886 1182 1070 1224 amore
1096 1166 1227 1224 fecit
1253 1169 1358 1224 hoc
1392 1167 1511 1234 ﬁlii,
1538 1167 1633 1224 sed
1656 1166 1865 1223 aemulae

272 1255 418 1310 odio.
450 1255 516 1310 Et
540 1270 694 1311 suum
721 1266 994 1314 mortuum
1007 1275 1106 1330 per
1118 1260 1254 1332 legis
1275 1261 1630 1316 caeremonias
1658 1261 1713 1314 in
1744 1260 1865 1315 sinu

271 1347 532 1403 Ecclesiae
583 1351 884 1419 supposuit.
933 1351 1181 1423 Longum
1227 1360 1330 1419 est,
1383 1354 1429 1408 si
1454 1353 1617 1408 velim
1640 1367 1737 1422 per
1758 1351 1867 1407 sin-

272 1437 398 1509 gula
430 1452 651 1492 currere
670 1440 939 1509 quomodo
982 1458 1082 1512 per
1111 1443 1413 1513 apostolum
1437 1442 1662 1497 Paulum
1690 1451 1746 1497 et
1775 1456 1867 1497 ec-

270 1528 605 1585 clesiasticos
636 1531 783 1587 viros
808 1533 1138 1590 intellexerit
1169 1535 1409 1590 Ecclesia
1434 1550 1543 1590 non
1569 1550 1687 1590 esse
1712 1549 1869 1589 suum

273 1619 446 1674 ﬁlium
474 1622 566 1691 qui
609 1624 896 1678 tenebatur
944 1624 999 1679 in
1041 1625 1177 1697 lege,
1226 1636 1281 1682 et
1312 1626 1369 1681 in
1410 1627 1529 1683 luce
1556 1627 1871 1696 cognoverit

274 1725 435 1780 quem
464 1711 517 1765 in
560 1713 797 1769 tenebris
826 1729 937 1768 non
965 1715 1203 1772 videbat.
1255 1717 1383 1773 Inde
1425 1717 1665 1789 jurgium
1690 1727 1872 1775 ortum

273 1810 359 1856 est
389 1812 654 1873 praesente
681 1820 830 1876 rege,
863 1806 1035 1863 altera
1063 1809 1309 1865 dicente:
1350 1829 1368 1861 ι
1396 1810 1565 1866 Filius
1583 1820 1704 1866 tuus
1728 1826 1874 1866 mor-

1958 617 2112 673 Unde
2122 625 2178 673 et
2186 616 2276 672 illa
2289 617 2502 683 mulier,
2516 630 2637 685 qua:
2646 614 2815 669 ﬁlium
2831 613 3396 684 exstinxitproprium,
3408 628 3550 683 quae-

1957 711 2082 767 sivit
2102 711 2356 767 alienum.
2413 708 2521 764 Sed
2552 717 2733 765 tamen
2757 724 2941 763 veram
2984 716 3212 765 matrem
3243 707 3549 765 Salomonis

1957 804 2165 876 gladius
2190 802 2415 869 invenit,
2445 802 2571 872 quia
2595 800 2846 856 videlicet
2869 799 3023 869 cujus
3044 798 3252 857 fructus
3274 800 3440 867 vivat,
3466 800 3551 856 vel

1959 895 2112 966 cujus
2138 894 2392 959 intereat,
2417 900 2665 949 extremo
2686 891 2938 946 examine
2978 890 3059 945 ira
3089 891 3326 948 districti
3351 891 3553 963 judicis

1960 986 2312 1043 demonstrat.
2345 984 2422 1039 Ibi
2441 992 2497 1038 et
2528 983 2659 1039 illud
2681 990 2766 1039 est
2785 981 3015 1037 solerter
3041 981 3378 1049 intuendum,
3409 982 3554 1052 quod

1960 1080 2147 1134 vivens
2172 1078 2313 1134 ﬁlius
2342 1076 2495 1147 prius
2540 1075 2706 1131 dividi
2731 1073 3046 1146 praecipitur
3089 1081 3149 1126 ut
3174 1072 3273 1127 soli
3310 1082 3553 1142 postmou-

1963 1174 2090 1229 dum
2114 1172 2277 1227 matri
2302 1171 2559 1226 reddatur
2585 1184 2600 1224 :
2648 1168 2774 1239 quia
2824 1168 2881 1223 in
2909 1168 3013 1222 hac
3037 1167 3148 1222 vita
3175 1168 3329 1236 quasi
3357 1168 3556 1238 partiri

1964 1264 2277 1321 conceditur
2308 1262 2417 1318 vita
2442 1260 2731 1332 discipuli,
2775 1260 2903 1316 dum
2930 1274 2999 1314 ex
3032 1258 3123 1313 illa
3170 1273 3559 1328 nonnunquam

1964 1357 2102 1413 alter
2125 1356 2265 1427 apud
2299 1356 2470 1411 Deum
2496 1354 2775 1419 meritum,
2815 1352 2954 1408 alter
2979 1366 3109 1407 vero
3134 1350 3276 1420 apud
3312 1350 3561 1404 homines

1966 1447 2179 1502 laudem
2227 1445 2429 1501 habere
2479 1444 2847 1514 permittatur.
2897 1441 3005 1498 Sed
3055 1441 3191 1497 falsa
3234 1448 3411 1495 mater
3435 1455 3560 1495 eum

1966 1555 2127 1611 quem
2168 1554 2276 1593 non
2302 1537 2487 1608 genuit
2512 1535 2687 1592 occidi
2715 1551 2824 1590 non
2871 1534 3103 1590 metuit:
3148 1533 3274 1603 quia
3299 1546 3562 1601 arrogan-

1967 1638 2052 1686 tes
2075 1630 2320 1701 magistri
2348 1639 2403 1683 et
2422 1627 2705 1684 charitatis
2732 1626 2907 1697 ignari
2930 1665 2945 1692 ,
2990 1626 3036 1680 si
3066 1624 3438 1694 plenissimum
3468 1637 3566 1676 no-

1968 1739 2095 1779 men
2133 1723 2307 1777 laudis
2338 1736 2408 1777 ex
2428 1719 2620 1775 alienis
2648 1717 2927 1787 discipulis
2969 1714 3228 1785 consequi
3268 1718 3563 1783 nequeunt,

1970 1828 2158 1868 eorum
2186 1812 2355 1867 vitam
2401 1809 2694 1866 crudeliter
2721 1808 3101 1876 insequuntur.
3150 1804 3369 1859 Invidiae
3422 1801 3568 1856 enim

278 1899 402 1948 tuus
449 1903 552 1960 est,
606 1910 760 1950 meus
784 1906 966 1953 autem
1012 1900 1169 1966 vivit,
1202 1920 1220 1953 ι
1266 1900 1435 1955 altera
1475 1902 1870 1972 respondente:
1902 1887 1952 1946 Β
1978 1904 2185 1960 facibus
2209 1903 2458 1960 succensi
2483 1902 2673 1957 nolunt
2719 1900 2839 1956 aliis
2866 1900 3071 1964 vivere,
3096 1896 3241 1968 quod
3269 1911 3328 1951 se
3350 1893 3567 1962 conspi—

285 2002 304 2034 ι
342 1983 607 2050 Mentiris,
644 1984 788 2042 ﬁlius
817 1987 1014 2058 quippe
1038 2004 1190 2044 meus
1216 1990 1373 2056 vivit,
1422 1990 1564 2047 ﬁlius
1590 2000 1710 2047 tuus
1734 2008 1876 2048 mor-

278 2080 424 2128 tuus.
480 2073 656 2144 Atque
708 2076 762 2130 in
803 2076 948 2132 hunc
990 2079 1209 2134 modum
1258 2080 1658 2136 contendebant
1692 2097 1875 2137 coram

280 2178 412 2235 rege
425 2204 440 2217 .
479 2184 497 2217 ι
799 2232 807 2239 ,

353 2254 506 2309 Tunc
530 2269 627 2311 rex
676 2254 951 2323 Salomon,
999 2258 1092 2328 qui
1122 2259 1408 2315 manifeste
1450 2259 1700 2317 Salvator
1730 2261 1876 2317 acci-

278 2343 430 2415 pitur
474 2343 790 2414 (secundum
817 2347 1084 2417 psalmum
1113 2351 1571 2421 septuagesimum
1619 2353 1877 2422 primum,

282 2433 377 2503 qui
396 2434 451 2486 in
484 2432 819 2490 Salomonem
842 2438 1173 2505 inscribitur,
1202 2441 1294 2495 ubi
1325 2441 1467 2496 nulla
1488 2441 1754 2497 dubitatio
1777 2449 1879 2507 est,

283 2527 415 2596 quin
442 2535 640 2582 caetera
684 2542 804 2597 qute
838 2529 1094 2586 dicuntur
1118 2571 1133 2598 ,
1157 2536 1290 2588 'nou
1323 2532 1598 2588 Salomoni
1642 2541 1879 2598 mortuo,

286 2619 383 2674 sed
420 2618 622 2674 Christi
660 2622 982 2676 conveniant
1014 2622 1328 2695 majestati),
1367 2625 1583 2679 simulat
1628 2624 1881 2696 ignoran-

288 2710 424 2764 tiam
441 2750 456 2775 ,
493 2717 548 2764 et
575 2711 842 2766 humanos
867 2727 967 2781 pro
994 2714 1393 2784 dispensatione
1419 2715 1598 2769 carnis
1627 2714 1887 2769 mentitur

289 2797 538 2863 allectus,
567 2799 708 2853 sicut
742 2800 794 2853 in
822 2799 928 2856 alio
947 2800 1067 2857 loco
1096 2818 1111 2855 :
1155 2820 1173 2853 ‹
1210 2802 1313 2858 Ubi
1339 2803 1596 2871 posuistis
1618 2801 1886 2857 Lazarum

290 2888 475 2960 (Joan.
501 2887 561 2961 ιι)
579 2888 611 2956 _?
640 2908 659 2940 ι
715 2889 786 2944 Ει
819 2890 887 2945 ad
929 2890 1213 2946 mulierem
1240 2890 1493 2947 ﬂuentem
1525 2892 1840 2961 sanguinem
1869 2904 1883 2943 :

298 2996 318 3029 ι
353 2978 484 3045 Quis
515 2992 601 3033 me
632 2980 808 3050 tetigit
835 2979 1028 3052 (Marc.
1056 2982 1151 3053 v)?
1188 3002 1206 3034 ι
1255 2981 1507 3037 Gladium
1533 2982 1791 3053 postulat,
1823 2983 1889 3037 de

293 3085 403 3139 quo
432 3069 644 3124 dixerat
676 3086 689 3123 :
751 3088 770 3120 ι
806 3070 984 3127 Nolite
1010 3080 1201 3142 putare
1240 3074 1383 3142 quod
1412 3075 1652 3129 venerim
1698 3089 1889 3144 pacem

292 3157 515 3212 mittere
536 3173 697 3228 super
725 3167 928 3215 terram
953 3177 969 3225 ;
1002 3176 1109 3216 non
1156 3163 1279 3216 veni
1307 3177 1499 3232 pacem
1527 3164 1764 3229 mittere,
1795 3163 1887 3218 sed

1979 1997 2128 2051 ciunt
2150 2010 2258 2050 non
2296 2008 2458 2064 posse
2504 1990 2805 2047 possidere.
2864 1988 3020 2046 Unde
3054 1993 3110 2042 et
3158 1984 3269 2040 illic
3315 1996 3572 2053 perversa

1977 2085 2174 2141 mulier
2199 2085 2402 2139 clamat
2435 2097 2450 2136 :

2056 2192 2076 2225 ι
2110 2172 2221 2229 Nec
2259 2187 2412 2227 meus
2460 2170 2552 2236 sit,
2600 2183 2704 2225 nec
2750 2167 2931 2224 istius.
2969 2186 2988 2219 ι
3038 2164 3111 2221 Ut
3134 2164 3279 2220 enim
3317 2162 3571 2228 diximus,

1981 2278 2118 2335 quos
2143 2264 2245 2318 sibi
2267 2262 2491 2331 obsequi
2514 2275 2623 2316 non
2641 2260 2827 2315 vident
2852 2260 2920 2313 ad
2946 2257 3168 2326 gloriam
3198 2254 3573 2324 temporalem,

1982 2371 2076 2411 eos
2096 2355 2216 2409 aliis
2237 2353 2481 2407 invident
2524 2351 2709 2406 vivere
2751 2364 2849 2420 per
2874 2348 3183 2403 veritatem.
3227 2344 3369 2399 Vera
3395 2351 3577 2398 autem

1983 2454 2161 2500 mater
2187 2442 2383 2512 satagit
2432 2448 2493 2495 ut
2543 2438 2661 2510 ejus
2683 2438 2826 2493 ﬁlius
2851 2436 3042 2491 saltem
3072 2434 3215 2504 apud
3259 2441 3578 2487 extraneam

1984 2538 2057 2593 sit
2080 2544 2135 2591 et
2184 2536 2330 2589 vivat
2360 2548 2374 2586 :
2405 2532 2533 2602 quia
2560 2531 2863 2586 concedunt
2886 2526 3099 2583 veracis
3125 2525 3375 2597 magistri
3415 2523 3578 2580 disci-

1983 2629 2097 2699 puli
2107 2636 2168 2682 ut
2188 2642 2257 2681 ex
2279 2639 2464 2681 eorum
2482 2621 2763 2694 discipulis
2787 2620 2880 2675 alii
2905 2618 3123 2690 quidem
3148 2616 3446 2688 magisterii
3468 2615 3582 2668 lau-

1986 2719 2112 2774 dem
2140 2719 2416 2781 habeant,
2468 2714 2563 2770 sed
2603 2713 2972 2784 integritatem
2997 2711 3119 2765 vitae
3148 2709 3311 2764 iidem
3334 2705 3583 2777 discipuli

1974 2818 2096 2867 'non
2131 2810 2401 2864 amittant.
2455 2807 2668 2876 Perque
2717 2803 2938 2873 pietatis
2985 2802 3195 2858 viscera
3231 2800 3348 2854 haec
3394 2799 3585 2855 eadem

1989 2909 2164 2957 mater
2195 2915 2323 2956 vera
2353 2898 2667 2970 agnoscitur
2691 2896 2934 2960 omnino,
2983 2894 3108 2963 quia
3129 2890 3504 2962 magisterium
3530 2889 3587 2943 in

1988 2991 2238 3047 examine
2266 2988 2549 3046 charitatis
2584 2988 2934 3056 approbatur.
2984 2984 3050 3040 Et
3077 2983 3189 3039 sola
3240 2991 3412 3038 totum
3449 2981 3588 3036 reci-

1989 3095 2117 3151 pere
2146 3078 2368 3141 meruit,
2420 3093 2540 3147 quae
2583 3076 2738 3147 quasi
2791 3068 2963 3131 totum
2991 3074 3195 3131 cessit:
3241 3073 3369 3142 quia
3403 3071 3590 3126 ﬁdeles

1991 3169 2269 3242 praepositi
2317 3184 2415 3240 pro
2443 3182 2509 3223 eo
2537 3168 2682 3237 quod
2707 3182 2775 3222 ex
2805 3167 2963 3221 bonis
3014 3163 3292 3235 discipulis
3343 3163 3455 3218 suis
3482 3176 3588 3217 non

292 3248 555 3319 gladium.
600 3248 738 3304 Veni
790 3251 938 3305 enim
986 3252 1227 3307 dividere
1269 3253 1552 3334 hominem
1573 3263 1761 3309 contra
1791 3269 1888 3324 pa-
1917 3241 1963 3304 Ο
1995 3241 2169 3315 solum
2225 3258 2347 3314 aliis
2380 3258 2594 3314 laudem
2624 3273 2732 3312 non
2766 3256 3031 3321 invident,
3082 3255 3177 3310 sed
3194 3253 3485 3309 utilitatem
3511 3254 3591 3307 eis

295 3353 440 3399 trem
462 3359 639 3407 suum,
670 3352 726 3398 et
750 3344 920 3399 ﬁliam
945 3353 1135 3400 contra
1156 3354 1387 3401 matrem
1417 3362 1593 3411 suam,
1621 3353 1677 3399 et
1698 3360 1895 3400 nurum

294 3442 491 3489 contra
514 3448 731 3489 socrum
764 3449 942 3502 suam,
989 3443 1046 3491 et
1068 3436 1273 3492 inimici
1308 3438 1568 3504 hominis,
1608 3436 1893 3493 domestici

295 3525 423 3596 ejus
470 3523 685 3598 (Matth.
724 3525 804 3599 Χ).
840 3546 860 3580 ι
916 3527 985 3582 Et
1042 3536 1308 3599 temperat
1356 3537 1611 3584 naturam
1683 3537 1896 3584 natura:

299 3618 583 3685 Dominus,
598 3618 819 3688 vultque
832 3620 1125 3676 secundum
1142 3622 1421 3692 utriusque
1442 3621 1797 3689 voluntatem,
1819 3621 1900 3675 vi-

301 3714 519 3762 ventem
546 3707 712 3762 ﬁlium
736 3708 791 3762 in
813 3707 987 3779 legem
1009 3710 1348 3782 gratiamque
1372 3710 1634 3777 dividere,
1660 3726 1768 3765 non
1790 3726 1898 3779 quo

302 3799 408 3854 hoc
428 3798 640 3867 probet,
674 3799 770 3855 sed
791 3814 898 3870 quo
923 3801 989 3857 ad
1012 3800 1343 3872 arguendam
1377 3801 1701 3858 calumniam
1751 3800 1894 3872 Syn-

304 3904 490 3960 agogae
518 3889 622 3943 hoc
647 3889 785 3945 velle
815 3906 873 3946 se
910 3892 1057 3947 dicat
1086 3910 1099 3946 :
1129 3892 1224 3947 Illa
1254 3908 1374 3963 quae
1400 3892 1617 3947 nolebat
1639 3892 1899 3947 Ecclesiae

307 3982 479 4037 tilium
523 3982 578 4037 in
605 3984 781 4054 gratia
807 3984 1009 4051 vivere,
1036 4001 1142 4040 nec
1167 4001 1268 4056 per
1296 3985 1627 4054 baptismum
1655 3984 1897 4049 liberari,

307 4071 539 4126 libenter
564 4073 728 4127 habet
753 4073 920 4129 dividi
941 4090 1188 4145 puerum,
1219 4091 1327 4132 non
1372 4083 1433 4131 ut
1455 4075 1753 4146 possideat,
1807 4074 1903 4131 sed

307 4171 372 4218 ut
395 4163 704 4219 interficiat.
743 4164 1003 4231 Ecclesia,
1034 4182 1196 4238 quem
1238 4168 1340 4223 scit
1367 4183 1525 4222 suum
1553 4182 1693 4235 esse,
1730 4167 1904 4222 liben-

310 4263 396 4310 ter
419 4255 668 4310 concedit
706 4255 934 4323 aemulaa,
971 4257 1099 4312 dum
1127 4258 1276 4312 vivat
1305 4258 1495 4314 saltem
1523 4258 1667 4328 apud
1709 4256 1905 4313 adver-

311 4347 556 4411 sarium;
602 4363 669 4402 ne
695 4347 837 4402 inter
866 4347 1037 4419 legem
1065 4348 1270 4404 divisus
1289 4359 1346 4405 et
1366 4350 1614 4420 gratiam,
1653 4348 1902 4403 Salvato-

270 4473 277 4481 υ
312 4436 393 4490 ris
440 4450 697 4491 mucrone
725 4435 983 4505 feriatur,
1009 4439 1152 4493 unde
1182 4440 1312 4495 dicit
1337 4439 1628 4511 Apostolus
1656 4458 1669 4493 :
1714 4457 1732 4490 ι
1767 4440 1908 4494 Ecce

313 4542 417 4600 ego
451 4526 650 4583 Paulus
681 4528 802 4585 dico
853 4530 1026 4598 vobis,
1080 4533 1223 4601 quod
1267 4533 1314 4587 si
1364 4533 1537 4604 legem
1581 4533 1901 4599 observetis,

314 4617 565 4673 Christus
604 4620 757 4675 vobis
790 4620 923 4676 nihil
949 4621 1170 4692 prodest
1219 4620 1417 4694 (Galat.
1446 4622 1522 4694 v).
1559 4643 1578 4676 ι
1634 4624 1765 4679 Item
1800 4624 1905 4680 alio

276 4770 284 4795 λ
314 4708 498 4765 modo.
553 4708 660 4780 (Ea:
686 4708 979 4784 Gregorio.)
1010 4712 1151 4779 Quid
1189 4713 1244 4767 in
1275 4714 1377 4768 hac
1403 4714 1668 4770 sententia
1692 4714 1904 4781 melius,

270 4804 283 4855 ὲ
316 4814 418 4871 per
442 4808 676 4855 matrum
702 4801 1018 4857 laetantium
1033 4803 1278 4872 nomina,
1310 4804 1415 4860 nisi
1430 4805 1711 4861 doctorum
1737 4804 1908 4860 ordo?

321 4891 464 4959 Quid
482 4908 615 4949 vero
633 4908 731 4963 per
752 4908 940 4949 earum
963 4894 1121 4961 ﬁlios,
1152 4895 1257 4951 nisi
1278 4896 1661 4965 discipulorum
1680 4910 1910 4965 persona

323 4984 607 5054 signatur?
636 4984 773 5040 Nam
796 4986 1071 5057 magistri,
1105 4986 1361 5042 nimirum
1381 4988 1669 5058 vigilantes
1691 4987 1911 5057 quidem

324 5076 576 5143 scientia,
624 5077 720 5132 sed
749 5077 862 5132 vita
900 5077 1250 5144 dormientes,
1281 5077 1557 5132 auditores
1584 5091 1729 5140 suos,
1772 5091 1909 5145 quos

325 5180 427 5237 per
451 5166 660 5238 vigilias
682 5166 1084 5237 praedicationis
1112 5167 1373 5230 nutriunt,
1416 5167 1543 5222 dum
1563 5167 1707 5236 quod
1728 5165 1912 5221 dicunt

329 5255 511 5314 facere
546 5258 842 5331 negligunt,
887 5273 987 5328 per
1011 5273 1263 5314 somnum
1292 5259 1525 5329 torporis
1570 5258 1825 5314 occidunt
1858 5265 1914 5313 et

330 5349 649 5421 negligenda
694 5350 1028 5421 opprimunt,
1077 5364 1213 5419 quos
1262 5350 1407 5405 alere
1450 5350 1737 5405 verborum
1772 5348 1915 5404 lacte

334 5442 675 5497 videbantur.
721 5442 873 5498 Unde
896 5441 1211 5513 plerumque
1235 5443 1362 5498 dum
1386 5443 1487 5512 ipsi
1517 5441 1912 5512 reprehensibl-

334 5530 463 5586 liter
502 5532 691 5587 vivunt
710 5571 725 5597 ,
770 5539 826 5587 et
872 5532 1075 5587 habere
1123 5532 1413 5603 discipulos
1459 5534 1583 5588 vita:
1634 5531 1919 5588 laudabilis

338 5630 635 5691 nequeunt,
684 5621 887 5679 alienos
911 5623 1014 5677 sibi
1039 5624 1312 5678 attrahere
1346 5632 1629 5689 conantur,
1653 5632 1919 5692 quatenus

332 5712 472 5767 .dum
492 5712 664 5769 bonos
701 5729 760 5769 se
783 5714 985 5769 habere
1009 5727 1268 5783 sequaces
1289 5713 1596 5781 ostendunt,
1627 5711 1919 5784 apudjudi-

340 5800 430 5861 cia
452 5803 729 5861 hominum
762 5812 1021 5863 excusent
1069 5804 1214 5860 mala
1261 5818 1381 5873 quae
1426 5811 1594 5873 agunt
1617 5843 1634 5870 ,
1679 5809 1734 5858 et
1765 5801 1922 5872 quasi

1996 3355 2163 3410 etiam
2206 3353 2480 3424 profectus
2525 3360 2773 3418 exorant,
2844 3351 2948 3421 ipsi
2978 3350 3218 3421 integros
3266 3355 3321 3403 et
3349 3349 3591 3403 viventes

1999 3444 2137 3500 ﬁlios
2162 3445 2453 3515 recipiunt,
2503 3444 2718 3514 quando
2759 3443 2814 3496 in
2838 3456 3091 3511 supremo
3118 3440 3369 3495 examine
3398 3455 3588 3495 eorum

1994 3536 2121 3593 vitae
2160 3537 2411 3607 perfecta:
2436 3535 2810 3591 retributionis
2836 3534 3030 3606 gaudia
3054 3538 3477 3603 consequuntur.

2603 3667 2835 3726 CAPUT
2888 3668 2979 3724 IV.

1997 3762 2078 3820 De
2106 3771 2356 3837 potestate
2385 3762 2811 3837 Salomonisqua
2834 3756 3429 3837 ἰητροί-αἰτίῃ,ειηξυιςνεεὶε3
3449 3763 3499 3809 et
3528 3755 3593 3809 de

2069 3825 2488 3905 sdpientiaejas,
2508 3833 2595 3905 ide
2641 3825 2838 3885 diuitiis
2870 3825 3024 3899 atque
3039 3827 3357 3905 Adelieiistet
3389 3825 3592 3905 depace

2070 3895 2229 3977 quam
2257 3895 2555 3977 habebatin
2599 3918 2757 3977 regno
2784 3916 2901 3954 suo.
2926 3895 3000 3939 '—
3028 3897 3180 3977 Quod
3208 3895 3461 3977 Salomon
3490 3896 3593 3977 tria

2070 3964 2242 4048 millia
2282 3964 2677 4048 parabolarum'
2706 3970 2911 4048 locatas
2962 3976 3164 4048 est,_et
3216 3964 3595 4048 quodnfuerint

2075 4034 2312 4100 carmina
2338 4042 2452 4112 ejus
2478 4043 2705 4112 quinque
2730 4038 2899 4094 millia
2922 4056 2941 4104 ;
2965 4038 3204 4112 qaodque
3216 4034 3324 4112 ipse
3348 4034 3595 4112 disseruit

2074 4114 2138 4169 de
2155 4104 2433 4183 jumentis,
2482 4104 2797 4183 uoluet-ilius,
2847 4104 3126 4183 repti'libtts'
3171 4104 3588 4183 et‘piscibnm—

2073 4172 2429 4252 De'azdiﬁcio'
2456 4182 2650 4252 domus
2677 4172 2799 4245 Dei,
2836 4172 2913 4252 et:
2926 4178 3068 4252 quod
3100 4172 3381 4252 wjiﬁeatio
3419 4172 3592 4252 taber-

2076 4253 2253 4308 naculi
2292 4243 2462 4306 'unam
2498 4243 2833 4320 eamdemque
2873 4243 3070 4303 Cliristi
3116 4243 3410 4301 Ecclesium
3454 4243 3595 4297 desi-

2077 4333 2220 4394 gnet.

2081 4433 2234 4507 (CAP.
2272 4432 2368 4504 tv).
2408 4432 2751 4487 Enumeratis
2775 4445 2903 4501 ergo
2926 4427 3261 4499 principibus
3291 4424 3597 4480 Salomonis

2011 4525 2105 4596 qui
2134 4524 2191 4578 in
2232 4537 2399 4591 regno
2420 4519 2537 4590 ejus
2564 4520 2730 4576 variis
2756 4518 2947 4576 oﬂiciis
2976 4517 3215 4586 deputati
3238 4516 3468 4578 fuerant,
3502 4528 3597 4568 seu

2008 4616 2240 4674 diversis
2276 4613 2570 4686 provinciis
2593 4618 2884 4684 praeerant,
2910 4610 3152 4680 sequitur
3177 4608 3457 4679 Scriptura
3474 4646 3489 4671 ,
3518 4606 3594 4661 ita

2010 4708 2195 4765 dicens
2221 4725 2234 4761 :
2907 4742 2911 4747 ο

2088 4819 2106 4852 ι
2136 4799 2393 4856 Salomon
2417 4805 2596 4853 autem
2624 4804 2746 4851 erat
2763 4794 2821 4850 in
2841 4793 3044 4851 ditione
3071 4807 3167 4848 sua
3190 4791 3398 4848 habens
3417 4788 3598 4845 omnia

2017 4912 2038 4946 ‹
2079 4909 2246 4969 regna
2272 4900 2434 4972 terra:
2459 4888 2784 4969 Philisthiim
2815 4905 2828 4941 :
2877 4900 2909 4940 a
2932 4884 3154 4941 ﬂumine
3177 4878 3350 4952 usque
3384 4880 3453 4935 ad
3481 4888 3595 4933 ter-

2019 5005 2038 5038 ‹
2078 4987 2286 5042 minum
2330 4982 2550 5054 Egypti
2577 4980 2922 5037 offerentium
2970 4978 3074 5032 sibi
3102 4988 3345 5038 munera,
3390 4979 3446 5028 et
3480 4985 3598 5026 ser-

2018 5096 2039 5131 ‹
2081 5076 2344 5131 vientium
2363 5074 2414 5129 ei
2436 5072 2646 5128 cunctis
2674 5071 2865 5127 diebus
2893 5070 3020 5123 vitae
3050 5066 3188 5136 ejus.
3218 5082 3241 5117 ι
3292 5063 3361 5117 Et
3382 5062 3503 5132 quis
3540 5060 3598 5116 in

2013 5168 2119 5223 hoc
2138 5166 2330 5222 melius
2357 5162 2693 5235 signiﬁcatur
2725 5175 2889 5231 quam
2912 5156 3175 5212 Paciﬁcus
3202 5160 3411 5219 noster,
3435 5166 3619 5222 quem,

2015 5254 2402 5327 pmﬁgurabat
2477 5251 2623 5307 idem
2698 5246 2997 5305 Salomon?
3057 5246 3174 5315 Ipse
3222 5245 3368 5299 enim
3418 5241 3599 5297 omnia

2016 5360 2186 5417 regna
2215 5353 2375 5399 terra:
2404 5357 2437 5397 a
2458 5342 2586 5398 solis
2610 5347 2733 5396 ortu
2760 5351 2931 5407 usque
2955 5335 3023 5391 ad
3043 5349 3294 5391 occasum
3315 5335 3370 5389 in
3398 5332 3603 5389 ditione

2018 5450 2116 5492 sua
2141 5434 2328 5499 habet,
2354 5431 2634 5502 Scriptura
2657 5436 2834 5484 teste:
2871 5445 2890 5478 ι
2916 5426 2965 5481 Α
2984 5426 3120 5482 mari
3142 5439 3313 5496 usque
3333 5425 3400 5478 ad
3426 5435 3600 5487 mare,

2017 5532 2073 5582 et
2097 5540 2129 5579 a
2168 5522 2391 5578 flumine
2435 5534 2607 5591 usque
2657 5520 2725 5575 ad
2771 5518 3033 5574 terminos
3075 5517 3223 5573 orbis
3263 5522 3449 5579 terrae,
3497 5509 3601 5581 ipsi

2020 5616 2262 5673 servient
2306 5628 2496 5670 omnes
2518 5603 2719 5682 populi,
2755 5608 2951 5681 linguae
2986 5616 3042 5664 et
3073 5608 3267 5673 tribus,
3315 5602 3603 5660 oﬁ‘erentes

2020 5709 2073 5763 ei
2098 5720 2324 5762 munera
2349 5696 2521 5775 (Psal.
2547 5702 2722 5775 xxxi),
2745 5722 2765 5755 ι
2804 5701 3013 5758 scilicet
3032 5707 3195 5756 rectae
3212 5696 3338 5754 ﬁdei
3362 5703 3419 5750 et
3438 5694 3605 5749 bono-

2024 5816 2145 5857 rum
2194 5812 2438 5871 ορθωωο
2494 5816 2513 5849 ι
2552 5795 2748 5867 Reges,
2799 5794 2995 5867 inquit,
3043 5786 3262 5850 Tharsis
3316 5795 3372 5843 et
3415 5780 3600 5839 inﬁnite
