4074 6464
499 420 608 495 Ἱόἱ

1177 432 1239 488 B.
1276 416 1531 491 mm
1568 416 1789 486 MAURI
1824 410 2144 481 meumr.
2176 408 2497 479 'MOG'UNT.
2530 410 2823 475 opsum
2857 406 3058 471 rans.
3095 409 3139 469 ι.

3652 402 3763 467 132

463 573 467 576 ~
500 550 728 606 munera
742 544 995 610 ’o'ﬂer‘ent,
1038 548 1200 615 reges
1219 536 1457 600 Arabum
1496 552 1551 600 et
1576 534 1718 599 Saba
1742 538 1880 597 dona
1904 537 2079 594 'addu-
2106 524 2162 599 Α
2184 541 2240 589 et
2263 533 2594 606 evangelico,
2638 529 2717 587 illi
2756 537 3019 601 quatenus
3047 524 3403 596 intelligentes
3433 524 3651 583 fuerunt
3692 529 3766 585 ad

505 646 653 707 c‘ent,
672 644 734 696 ‘et
763 638 1059 696 adorabunt
1086 653 1210 694 eum
1233 653 1422 694 omnes
1467 651 1622 708 reges
1652 636 1847 701 terrai,
1891 646 2081 688 omnes

500 734 689 806 gentes
710 726 951 787 ’servien‘t
972 731 1047 786 'ei.
1071 752 1091 785 ι
1123 731 1276 799 Quod
1296 738 1477 786 autem
1498 729 1747 786 subditur
1773 743 1787 782 :
1818 746 1838 779 ι
1852 724 2082 783 Cunctis

498 830 528 876 ⁸(
539 825 726 879 diebus
749 824 876 877 vitae
896 820 1032 893 ejus,
1062 843 1081 876 ›
1106 823 1217 879 'hoc
1238 830 1346 888 "est,
1368 822 1424 876 in
1450 816 1703 877 saxulum
1722 816 1931 883 ‘saeculi,
1955 812 2083 887 quia

494 914 615 984 ipse
646 915 985 984 permanebit
1038 929 1252 983 semper
1284 930 1298 967 :
1360 931 1380 964 ι
1420 912 1643 983 ejusque
1682 912 1937 980 potestas,
1983 921 2080 977 po—

494 1004 668 1060 testas
692 1007 774 1061 es‘t
797 1014 1021 1072 interna,
1070 1002 1223 1073 cujus
1245 1003 1373 1058 anni
1404 1017 1510 1056 non
1539 996 1809 1065 deiicien't,
1857 1006 1913 1053 et
1930 992 2083 1068 regni

497 1093 615 1165 ejus
637 1107 745 1151 non
782 1094 886 1152 erit
906 1094 1038 1152 'ﬁnis
1070 1098 1231 1168 (Dan.
1264 1114 1361 1164 vn,
1387 1094 1535 1151 Psal.
1558 1112 1632 1162 οι,
1662 1092 1792 1150 Luc.
1821 1090 1884 1166 ι).
1922 1113 1940 1146 ι

566 1198 594 1241 ἰ
628 1186 765 1244 Erat
788 1198 969 1246 autem
1003 1192 1156 1248 cibus
1194 1188 1509 1247 ‘Salomonis
1536 1207 1635 1263 per
1690 1184 1806 1245 dies
1846 1184 2085 1260 singulos

496 1294 525 1334 ἰ
564 1284 788 1353 triginta
828 1280 981 1340 chori
1016 1286 1238 1353 similae,
1279 1294 1335 1342 et
1375 1286 1654 1356 sexaginta
1691 1282 1846 1340 chori
1872 1282 2081 1350 farinae,

500 1386 523 1424 ι
569 1373 754 1428 decem
776 1375 943 1430 boves
965 1376 1209 1446 pingues,
1234 1384 1290 1431 et
1306 1374 1492 1447 viginti
1507 1372 1682 1430 boves
1702 1372 1999 1446 p’ascuales,
2029 1376 2086 1429 et

496 1470 523 1514 ἰ
566 1473 782 1518 centum
805 1466 1027 1532 arietes,
1069 1473 1293 1536 excepta
1328 1466 1616 1522 venatione
1642 1482 1953 1533 cervorum,
1992 1482 2079 1521 ca-

501 1574 523 1607 (
568 1570 820 1627 preamm
874 1566 1036 1629 atque
1078 1550 1405 1615 bu'balorum
1441 1569 1498 1616 et
1548 1560 1726 1615 avium
1770 1559 2017 1614 altilium.
2052 1570 2076 1611 δ

494 1642 639 1713 Quid
666 1662 794 1718 ergo
832 1649 987 1705 cibus
1012 1650 1112 1704 is'te
1139 1647 1446 1705 SaloinOnis
1477 1650 1744 1722 significat
1763 1690 1778 1717 ,
1813 1650 1918 1704 nisi
1946 1647 2086 1704 refe—

494 1733 728 1789 ctionem
760 1734 914 1807 regis
941 1732 1514 1805 noSt‘ri'flesu'Cbristi,
1546 1736 1639 1810 qui
1670 1738 1816 1795 bene
1844 1738 2086 1810 pascitur

490 1830 646 1881 recta
692 1827 797 1884 ﬁde
836 1838 891 1883 et
918 1829 1172 1900 operibus
1208 1822 1376 1886 bonis
1419 1846 1538 1902 quae
1568 1828 1646 1885 illi
1677 1830 1917 1901 quotidie
1948 1828 2081 1885 oil‘e-

2180 626 2441 698 prtesepia
2500 631 2811 681 sanctarum
2865 619 3268 688 Scripturarum
3316 617 3649 686 invitantur,
3700 628 3767 674 ut

2179 716 2436 788 pabulum
2474 714 2558 781 ibi
2615 727 2784 769 sacrae
2810 710 3067 767 doctrina:
3113 709 3441 779 acciperent,
3493 721 3766 779 quatenus

2181 808 2443 880 equitatui
2466 806 2661 864 summi
2695 806 2839 874 regis
2858 802 3073 859 habiles
3099 800 3311 857 ﬁerent.
3359 820 3379 853 ι
3412 800 3768 857 Nutriebant-

2182 917 2289 973 que
2314 916 2408 958 eos
2424 899 2725 970 supradicti
2742 896 2884 968 regis
2910 893 3172 968 prml‘ecti,
3196 914 3216 947 ι
3244 910 3365 949 cum
3393 895 3767 965 unusqmsque

2183 988 2462 1048 doctorum
2498 1006 2747 1047 sermone
2795 997 2955 1045 recta:
2999 988 3147 1056 ﬁdei,
3178 986 3422 1057 exemplo
3453 986 3609 1043 bonae
3632 1002 3764 1057 ape-

2183 1083 2447 1150 rationis,
2505 1082 2701 1155 satagit
2753 1089 2967 1153 pastum
3015 1079 3124 1134 illis
3176 1072 3445 1133 salubrem
3494 1075 3765 1133 conferre.

2182 1175 2338 1233 Unde
2359 1176 2693 1247 subsequens
2712 1171 3002 1245 Scriptura
3022 1170 3087 1227 de
3114 1172 3194 1226 eis
3229 1168 3361 1225 dicit
3390 1188 3402 1222 :

2260 1293 2280 1326 ‹
2323 1273 2431 1330 Sed
2459 1283 2514 1328 et
2540 1270 2846 1328 necessaria
2882 1282 3083 1323 mensa:
3100 1267 3250 1339 regis
3294 1263 3603 1319 Salomonis
3641 1278 3768 1319 cum

2190 1388 2210 1422 ‹
2256 1368 2459 1440 ingenti
2502 1382 2633 1422 cura
2672 1363 2982 1437 praebebant
3031 1370 3272 1431 tempore
3324 1374 3441 1415 suo.
3491 1355 3773 1414 Hordeum

2191 1480 2211 1514 ι
2252 1475 2466 1532 quoque
2495 1467 2551 1514 et
2573 1458 2756 1529 paleas
2774 1462 3036 1526 equOrum
3058 1458 3117 1508 'et
3137 1450 3527 1521 iumentorum.
3556 1469 3586 1502 ὦ
3631 1448 3774 1516 Quia

2183 1570 2254 1610 ne
2283 1553 2413 1624 quid
2447 1551 2587 1606 desit
2631 1549 2716 1604 his
2745 1548 2835 1617 qui
2867 1547 2918 1600 in
2958 1546 3117 1601 domo
3163 1543 3305 1611 regis
3331 1549 3579 1605 manent,
3621 1547 3774 1595 totus

2184 1644 2321 1702 ordo
2340 1651 2653 1699 sanctorum
2678 1638 3098 1710 praedicatorum
3128 1631 3440 1706 (scribendo
3469 1629 3679 1686 scilicet
3718 1637 3776 1685 et

2184 1734 2473 1807 loquendo)
2510 1734 2746 1799 laborat,
2786 1738 2846 1785 ut
2869 1745 3052 1784 mensa
3079 1725 3292 1782 Domini
3334 1722 3573 1779 abundet
3592 1723 3647 1777 in
3674 1738 3774 1777 co-

2184 1828 2274 1898 pia
2298 1822 2586 1891 librorum,
2625 1832 2680 1878 et
2700 1822 2983 1877 decentem
2998 1826 3222 1890 ,pastum
3247 1816 3372 1873 inde
3399 1816 3640 1872 habeant
3652 1814 3778 1884 qui-

496 1926 692 1972 runtur
737 1916 805 1973 ab
850 1916 1100 1976 Ecclesia
1143 1915 1465 1977 catholica?
1535 1939 1553 1972 (
1584 1919 1825 1991 Triginta
1863 1941 1883 1974 ι
1950 1934 2079 1990 ergo
2105 1928 2154 1988 Β
2182 1933 2288 1989 que
2313 1915 2569 1971 ﬁdelium.

492 2010 522 2059 ⁸(
553 2010 706 2064 chori
734 2010 937 2067 ‘sim'ilze
964 2032 983 2064 ι
1047 2016 1276 2082 possunt
1326 2012 1633 2083 exprimere
1669 2012 1836 2067 iidem
1882 2018 2084 2067 sanctae

493 2099 801 2167 Trinitatis,
832 2100 991 2169 juxta
1025 2105 1169 2173 quod
1201 2104 1255 2157 in
1280 2103 1397 2174 lege
1421 2102 1633 2158 Domini
1662 2104 1924 2174 scriptum
1954 2119 2084 2159 con-

491 2187 697 2244 tinetur
724 2206 739 2257 ;
764 2196 865 2244 e‘t‘t
900 2192 1183 2263 sexaginta
1208 2190 1361 2249 chori
1402 2193 1612 2260 farinae,
1646 2214 1664 2246 ι
1698 2188 2085 2265 perfectionem

490 2281 756 2336 bonorum
788 2286 1013 2352 operum
1046 2300 1061 2339 :
1102 2288 1128 2335 ἰ
1161 2282 1347 2339 decem
1367 2285 1535 2340 boves
1558 2285 1804 2357 pingues,
1835 2306 1854 2339 ι
1899 2282 2083 2341 docto—

490 2388 582 2428 res
602 2372 840 2446 decalogi
869 2392 882 2441 ;
926 2380 982 2431 et
1015 2395 1033 2426 ε
1068 2376 1261 2447 viginti
1295 2370 1469 2434 boves
1494 2372 1795 2448 pascuales,
1832 2397 1853 2431 ι
1884 2377 2085 2448 przedi-

491 2472 703 2521 catorcs
722 2462 863 2521 Novi
885 2462 1240 2535 Testamenti,
1270 2471 1359 2540 qui
1388 2471 1542 2541 quasi
1571 2471 1903 2542 geminatum
1928 2471 2085 2524 deca—

492 2553 676 2626 logum
706 2557 758 2610 in
804 2566 862 2612 8e
892 2557 1113 2625 habent,
1167 2576 1289 2615 cum
1323 2554 1536 2617 Novum
1588 2570 1641 2616 et
1674 2562 1841 2618 Vetus
1890 2561 2082 2616 Testa-

493 2653 733 2701 mentum
762 2644 1042 2719 aaQualiter
1059 2644 1551 2721 praedicant,pleni
1578 2651 1863 2707 dilectione
1892 2641 1989 2705 Dei
2031 2658 2086 2706 et

490 2739 743 2809 proximi.
779 2758 798 2791 ‹
822 2739 1054 2796 Centum
1080 2743 1298 2810 arietes,
1331 2762 1349 2797 ι
1382 2759 1520 2814 quos
1539 2743 1733 2799 melius
1779 2740 2085 2813 signiﬁcant

492 2832 655 2900 quam
683 2846 778 2886 eos
810 2832 902 2901 qui
943 2833 998 2889 in
1023 2850 1186 2905 grege
1210 2830 1428 2889 Domini
1452 2835 1589 2890 bene
1619 2829 1977 2897 dominantes,
2011 2832 2086 2887 si-

489 2916 601 2975 mu'l
639 2924 762 2976 cum
796 2920 898 2977 sibi
934 2914 1176 2979 "subditis
1211 2933 1430 2980 aeterna:
1472 2920 1824 2980 beatitudinis
1854 2924 2083 2995 gloriam

490 3015 748 3084 consequi
786 3006 1093 3071 festinantil
1152 3036 1171 3069 ι
1210 3011 1442 3074 Venatio
1480 3033 1694 3089 quoque
1745 3018 2082 3073 diversorum

497 3124 516 3157 ι
545 3105 859 3162 animalium
893 3129 912 3161 ι
948 3125 1056 3165 non
1092 3110 1537 3167 inconvenienter
1567 3111 1739 3182 ac'cipi
1771 3118 1951 3180 potest
1994 3125 2085 3165 ao-

489 3198 709 3269 quisitio
752 3196 1051 3268 hominum,
1084 3202 1177 3272 qui
1201 3218 1270 3258 ex
1300 3190 1529 3258 diversis
1572 3202 1822 3273 gentibus
1846 3201 2084 3271 quotidie

2259 2029 2278 2061 ι
2324 2008 2481 2064 Dedit
2506 2020 2720 2078 quoque
2732 2000 2876 2060 Deus
2903 2001 3224 2073 sapientiam
3248 1998 3543 2065 Salomoni,
3562 2004 3632 2053 et
3646 2013 3781 2068 pru-

2190 2120 2209 2154 ι
2250 2099 2491 2156 dentiam
2521 2098 2743 2152 multam
2766 2095 2927 2150 nimis
2949 2102 3004 2149 et
3028 2093 3366 2148 latitudinem
3389 2092 3592 2157 cordis,
3615 2089 3776 2160 quasi

2190 2212 2210 2245 ί
2245 2206 2467 2247 arenam
2500 2206 2619 2260 quae
2664 2199 2749 2243 est
2776 2189 2839 2242 in
2868 2187 3052 2241 littore
3083 2186 3270 2240 rnaris.
3322 2184 3390 2238 Et
3432 2181 3780 2254 praecedebat

2192 2306 2211 2340 ι
2255 2287 2522 2358 sapientia
2557 2283 2864 2339 Salomonis
2890 2280 3212 2351 sapientiam
3239 2278 3478 2335 omnium
3512 2275 3776 2332 Orienta—

2191 2396 2211 2431 ι
2254 2378 2385 2432 lium
2425 2385 2481 2432 et
2523 2374 2934 2446 Egyptiorum:
2971 2380 3028 2426 et
3048 2377 3177 2426 erat
3214 2368 3518 2440 sapientior
3560 2366 3780 2423 cunctis

2191 2489 2211 2523 ι
2257 2468 2590 2534 hominibus,
2625 2486 2643 2519 ι
2706 2473 2812 2520 etc.
2872 2462 3033 2518 Dedit
3083 2461 3271 2531 utique
3325 2458 3470 2513 Deus
3497 2456 3778 2512 Salomoni

2185 2568 2371 2617 nostro
2397 2558 2719 2629 sapientiam
2747 2565 2802 2610 et
2829 2553 3171 2625 prudentiam
3219 2552 3357 2606 ultra
3382 2565 3578 2605 omnes
3590 2549 3780 2604 homi-

2184 2667 2316 2718 nes,
2350 2658 2407 2705 et
2458 2663 2674 2704 omnem
2722 2653 3029 2701 creaturam
3082 2642 3480 2697 rationabilem.
3528 2641 3615 2694 De
3668 2654 3781 2708 quo

2184 2741 2423 2798 Joannes
2436 2740 2579 2795 dicit
2609 2753 2623 2791 :
2666 2756 2686 2788 ι
2721 2736 2893 2803 Quem
2933 2735 3075 2791 enim
3104 2733 3256 2788 misit
3286 2732 3452 2798 Deus,
3486 2730 3651 2785 verba
3677 2728 3779 2783 Dei

2186 2834 2445 2905 loquitur.
2495 2831 2617 2886 Non
2663 2830 2807 2885 enim
2841 2828 2910 2883 ad
2938 2841 3249 2883 mensuram
3286 2824 3379 2879 dat
3420 2823 3566 2878 Deus
3606 2820 3780 2890 Spiri-

2186 2936 2321 2982 tum.
2364 2927 2524 2980 Pater
2567 2922 2742 2994 diligit
2776 2920 2995 2986 Filium,
3044 2926 3099 2974 et
3138 2918 3318 2974 omnia
3348 2916 3493 2972 dedit
3509 2916 3577 2970 .in
3600 2929 3780 2969 manu

2186 3016 2303 3087 ejus
2334 3015 2517 3088 (Joan.
2548 3013 2653 3085 ιιι).
2691 3032 2711 3066 ι
2748 3012 2817 3066 Ει
2839 3010 2968 3066 alibi
2985 3007 3340 3077 Veritasripsa
3366 3006 3537 3063 ἀίοιιά
3558 3023 3591 3056 ιι
3620 3004 3782 3060 Sicut

2184 3111 2331 3166 enim
2358 3104 2522 3162 Pater
2550 3107 2713 3162 habet
2751 3106 2924 3160 avitam
2953 3104 3009 3158 in
3024 3103 3366 3173 semetipso,
3396 3101 3482 3155 sic
3514 3099 3676 3155 =d6dll
3720 3108 3782 3153 et

2185 3199 2324 3255 Filio
2363 3199 2530 3253 vitam
2552 3198 2764 3253 habere
2791 3197 2844 3250 in
2875 3196 3185 3263 semetipso,
3228 3202 3285 3247 et
3320 3198 3645 3262 pateatatem
3678 3188 3777 3243 de-

492 3289 698 3345 retibus
738 3284 1059 3362 Evangelii,
1088 3308 1198 3363 .per
1248 3311 1267 3344 ι
1297 3292 1608 3364 spirituales
1638 3302 1927 3349 venatores
1953 3291 2086 3363 (Jer.
2118 3282 2163 3346 C
2194 3292 2273 3347 dit
2292 3288 2859 3358 cijudiciuml‘acere,
2892 3286 3020 3357 quia
3045 3279 3777 3352 ﬁlius.hominisest.(Joan.

489 3380 603 3452 xvn)
637 3400 655 3431 ι
684 3382 991 3452 capiuntur,
1023 3389 1077 3438 et
1101 3383 1157 3437 in
1186 3391 1400 3454 pastum
1422 3380 1721 3442 Salvatoris
1742 3383 1915 3441 nostri
1936 3383 2079 3439 redi-

493 3475 714 3539 guntur.

572 3578 591 3610 ι
628 3554 873 3615 Habebat
905 3576 1119 3632 quoque
1144 3558 1407 3618 Salomon
1437 3578 1629 3633 pacem
1663 3579 1733 3620 ex
1754 3566 1901 3621 omni
1928 3574 2084 3636 parte

505 3669 527 3705 ι
570 3652 627 3706 in
652 3652 903 3709 circuitu.
953 3653 1227 3709 Habitavit
1266 3650 1435 3711 {ludas
1464 3665 1532 3711 ‘et
1564 3657 1730 3713 Israel
1782 3660 1987 3731 absque
2012 3661 2082 3715 ti-

492 3760 521 3795 a
567 3758 716 3798 more
746 3744 876 3810 ullo,
922 3747 1415 3816 unusquisque-sub
1449 3749 1571 3805 ‘vite
1608 3760 1811 3806 suaet
1850 3752 1953 3807 sub
1967 3752 2086 3808 :ﬁcu

505 3853 527 3890 ι
569 3850 688 3903 sua,
719 3837 892 3893 a‘Dan
931 3850 1106 3907 usque
1142 3838 1442 3907 Bersabee,
1470 3842 2086 3901 cdnctis‘diebus'Salo-

500 3946 519 3977 ‹
556 3925 743 3982 monis
797 3947 814 3980 ι
842 3936 947 3982 etc.
996 3927 1163 3983 lsaias
1187 3944 1401 3999 quoque
1418 3932 1496 3986 'de
1513 3930 1881 4003 .Redemptore
1908 3934 1983 3990 ita
2004 3936 2087 3991 di-

493 4019 569 4074 cit
598 4038 610 4073 :
651 4039 669 4071 ι
697 4019 1142 4089 Multiplicabitur
1171 4019 1287 4090 ejus
1323 4022 1644 4093 \imperium,
1688 4034 1746 4081 et
1776 4027 1939 4098 .paeis
1964 4034 2087 4083 ‘non

493 4112 598 4165 erit
624 4110 746 4166 ﬁnis
777 4110 909 4183 (Iw.
942 4111 1041 4184 ιχ).
1075 4134 1093 4164 ι
1136 4112 1249 4167 Sub
1276 4112 1427 4182 cujus
1456 4108 1766 4173 defensione
1798 4134 1961 4174 verus
1990 4118 2088 4175 ‘Ju—

496 4203 595 4258 das
620 4212 675 4257 et
702 4217 864 4259 verus
894 4192 1063 4260 Israel
1086 4204 1288 4275 absque
1324 4208 1515 4264 timore
1555 4209 1661 4264 ullo
1692 4210 1937 4267 habitant
1962 4228 2086 4267 cum

497 4295 753 4351 cordibus
789 4297 988 4352 erectis
1035 4298 1103 4353 ad
1148 4298 1355 4354 Deum:
1398 4310 1594 4357 caetera
1639 4312 1857 4359 terrena
1909 4305 2087 4377 deepi-

498 4388 668 4454 ciunt,
711 4404 810 4445 nec
834 4390 1073 4444 hostium
1102 4390 1278 4446 minas
1294 4394 1724 4461 pertimescunt,
1767 4396 1863 4452 sed
1884 4396 1949 4451 in
1972 4397 2088 4453 lau-

495 4479 651 4533 dibus
680 4478 992 4549 Deijugiter
1018 4491 1412 4551 perseverant:
1447 4484 1776 4541 delectantes
1814 4486 1869 4540 in
1906 4487 2082 4557 gratia

2182 3387 2259 3463 ν).
2298 3408 2318 3442 ι
2348 3387 2491 3443 Hinc
2516 3384 2714 3440 Paulus
2740 3384 2816 3439 ait
2845 3383 2912 3438 de
2924 3383 3051 3452 ipso
3065 3380 3305 3435 :Domino
3332 3377 3585 3433 Christo:
3624 3395 3643 3427 ς
3664 3375 3780 3442 Qui

2183 3488 2269 3540 est
2305 3481 2483 3550 imago
2510 3478 2607 3533 Dei
2640 3471 3379 3545 invisibilis,,primugenitus
3421 3470 3599 3525 sumis
3626 3483 3782 3523 crea-

2181 3570 2496 3642 tum,quia
2522 3570 2577 3624 in
2608 3570 2725 3639 ipso
2769 3566 2987 3624 condita
3031 3572 3158 3619 sunt
3187 3563 3439 3617 universa
3456 3560 3701 3616 intemlis
3723 3567 3781 3615 et

2185 3664 2440 3728 interra,
2470 3660 2703 3715 visibilia
2735 3666 2790 3713 et
2815 3656 3105 3713 invisibilia
3130 3673 3144 3721 ;
3184 3653 3526 3720 siaveathroni,
3554 3652 3669 3708 sive
3688 3651 3783 3706 do-

2184 3755 2535 3819 minationes,
2572 3753 2704 3808 -sive
2739 3749 3089 3821 principatus,
3126 3749 3239 3803 sive
3260 3754 3604 3818 potestates:
3642 3760 3779 3799 'om-

2186 3848 2278 3903 nia
2324 3863 2423 3918 per
2465 3847 2642 3915 ipsum
2691 3852 2747 3897 et
2782 3843 2844 3896 -in
2874 3841 3005 3912 ipso
3035 3846 3216 3896 creata
3253 3846 3399 3894 sunt.
3443 3837 3511 3891 Et
3538 3837 3654 3906 ipse
3682 3844 3784 3891 reet

2188 3947 2313 3993 ante
2335 3934 2842 4002 omnesyet'omnia
2862 3935 2929 3988 in
2947 3932 3077 4002 ipso
3116 3939 3379 3987 constant
3426 3926 3561 4002 (Coi.
3588 3929 3652 3997 ι).
3711 3928 3783 3982 Et

2188 4030 2304 4101 ipse
2328 4037 2493 4098 caput
2514 4026 2792 4092 Ecclesiae,
2820 4025 2911 4096 qui
2945 4032 3029 4080 est
3048 4023 3386 4095 principium
3403 4061 3420 4086 ,
3440 4020 3782 4092 primogeni-

2190 4131 2278 4177 tus
2307 4134 2374 4176 ex
2399 4120 2630 4175 mortuis
2648 4160 2662 4185 ,
2696 4125 2756 4172 ut
2778 4118 2858 4172 sit
2884 4116 3075 4186 ipse-in
3102 4115 3351 4170 omnibus
3374 4114 3667 4185 primatum
3686 4118 3782 4168 λιθ-

2188 4231 2363 4271 nens:
2392 4213 2517 4283 quia
2540 4212 2751 4281 .in-ipso
2796 4209 3120 4280 complacuit
3143 4222 3356 4263 omnem
3372 4205 3780 4277 cplenitudinem

2189 4306 2487 4362 divinitatis
2502 4305 2806 4359 inhabitare
2825 4300 3290 4372 eorpOraliterJEt
3306 4299 3359 4353 in
3384 4299 3498 4369 ipso
3524 4305 3651 4352 sunt
3662 4312 3782 4352 om-

2189 4394 2542 4453 nesthesauri
2553 4393 2837 4463 sapientia:
2847 4400 2903 4447 et
2921 4392 3162 4447 scientia:
3172 4389 3473 4445 absconditi
3492 4386 3773 4459 (601.11)»

2189 4489 2451 4546 Omnibus
2467 4503 2596 4559 ergo
2609 4485 2724 4540 veri
2753 4484 3053 4541 Salomonis
3067 4482 3331 4553 sapientia
3345 4480 3638 4546 antecellit,
3651 4481 3782 4549 quia

494 4569 613 4635 Πθίν
660 4579 715 4625 et
764 4572 818 4624 ίη
864 4571 1147 4626 dulcedine
1195 4573 1510 4641 οδπίιθιίει,
1544 4591 1707 4647 quam
1742 4577 2087 4633 incessanter
2192 4584 2421 4639 multum
2450 4581 2788 4637 distatinter
2810 4594 2903 4635 eos
2932 4579 3024 4649 qui
3040 4576 3465 4649 participatione
3499 4576 3779 4645 sapientiae

497 4660 699 4713 habent
723 4660 789 4712 ad
820 4660 985 4713 Deum
1012 4670 1068 4713 et
1090 4661 1156 4714 ad
1175 4663 1502 4730 proximum.

575 4767 593 4798 ι
628 4749 875 4803 Habebat
915 4748 1172 4805 Salomon
1204 4754 1573 4823 quadraginta
1610 4755 1781 4811 millia
1816 4758 2088 4829 .pra'sepia

504 4856 523 4888 ι
570 4854 830 4907 equorum
849 4838 1215 4895 curruliumet
1234 4842 1701 4900 duodecimunillia
1728 4850 2083 4918 equestrium.

509 4947 528 4980 ι
576 4927 1008 5000 Nutriebantque
1064 4946 1161 4986 eos
1226 4935 1519 5003 supradicti
1574 4937 1717 5007 regis
1762 4938 2080 5009 praefecti.»

500 5019 757 5090 Quidper
787 5022 1277 5090 quadragenarium
1304 5041 1586 5083 numerum
1600 5031 1712 5085 nisi
1741 5039 1981 5101 tempora
1999 5032 2088 5088 ile-

503 5114 585 5184 gis
607 5114 799 5182 priscae
827 5115 1214 5186 designantur?
1270 5119 1405 5185 Quia
1428 5130 1488 5175 et
1520 5122 1752 5194 Moyses,
1809 5126 1954 5181 illam
1990 5142 2084 5182 ac-

504 5213 794 5274 cepturus,
860 5209 1216 5279 quadraginta
1291 5211 1481 5268 diebus
1538 5214 1812 5285 .jejunavit
1875 5217 2083 5291 (Exod.

502 5296 688 5369 xxxrv)
716 5313 729 5362 ;
759 5299 1446 5369 et,populus-lsraeliticus,
1477 5305 1827 5376 qui‘peream
1855 5309 2088 5366 instrue-

502 5388 682 5453 batur,
704 5390 1075 5461 quadraginta
1106 5393 1263 5449 annis
1291 5394 1343 5449 in
1392 5410 1575 5452 eremo
1593 5401 1822 5455 .marfsit.
1859 5401 2087 5457 Duode-

504 5478 695 5533 uarius
731 5495 863 5534 vero
904 5494 1163 5537 numerus
1178 5496 1431 5553 :pmsens
1457 5496 1670 5561 tempus
1700 5490 1998 5562 signiﬁcat,
2030 5492 2087 5548 in

504 5587 612 5642 quo
642 5572 948 5644 apostolica
998 5574 1242 5632 doctrina
1271 5577 1405 5636 Novi
1446 5580 1772 5638 Testamenti
1828 5583 2085 5655 populum

504 5666 694 5721 nutrit.
739 5666 886 5721 Bene
912 5682 1251 5739 quoqueper
1277 5673 1762 5745 quadragemiridin
1804 5676 2090 5732 siwevduo-

506 5758 784 5815 denarium
821 5774 1104 5815 nuniertnn
1142 5766 1416 5835 :pmsepia
1444 5774 1723 5838 'eqhorum
1763 5767 2088 5825 vSaiomonis

508 5858 878 5917 numerantur,
913 5852 1039 5923 quia
1065 5853 1120 5908 in
1149 5864 1376 5928 utroque
1403 5860 1618 5930 populo,
1651 5861 1807 5933 legali
1837 5860 2089 5918 videlicet

2112 4650 2168 4711 D
2193 4676 2464 4746 sapientes
2507 4682 2656 4739 sunt,
2707 4682 2762 4727 et
2794 4672 2954 4728 'illum
2984 4672 3077 4741 qui
3124 4670 3360 4726 est'fons
3398 4670 3679 4741 sapientia:
3710 4677 3779 4723 et

2191 4770 2345 4838 Origo
2378 4767 2660 4821 virtutum.
2690 4764 2839 4820 'llinc
2865 4773 2948 4819 est
2977 4763 3107 4818 illud
3148 4763 3288 4832 quod
3336 4762 3581 4831 sequitur
3610 4778 3623 4813 :
3654 4764 3681 4809 ἰ
3700 4758 3781 4813 έΕι

2190 4857 2706 4913 θηισιιοιιιὶηειιιιειὶη
2728 4854 2999 4909 universis
3016 4850 3686 4923 gentibusper-eiroultum
3710 4865 3771 4914 ;ε›

2190 4951 2318 5021 quia
2354 4964 2562 5004 momen
2608 4947 2723 5017 ejus
2758 4945 3093 5016 praedicatur
3135 4945 3189 4999 in
3244 4944 3499 4998 universo
3534 4942 3771 4996 mundo.

2193 5058 2213 5091 ι
2242 5038 2354 5097 Nec
2379 5047 2461 5094 est
2493 5053 2689 5093 nomen
2722 5037 2867 5090 aliud
2916 5035 3019 5089 sub
3054 5034 3193 5089 curio
3218 5035 3403 5088 datum
3426 5031 3775 5097 ιὲιοιιιὲιιιικβ,

2189 5131 2246 5187 in
2281 5134 2659 5202 quo'oporteat
2683 5128 2860 5184 salvos
2874 5127 3004 5185 dleri
3018 5125 3170 5198 (Λα.
3190 5123 3343 5199 av)»

2267 5242 2286 5273 ι
2307 5222 2544 5277 Locutus
2589 5229 2676 5276 est
2695 5234 2926 5289 quoque
2956 5217 3221 5273 Salomon
3262 5218 3370 5271 tria
3400 5215 3579 5270 ~millia
3604 5228 3779 5285 apam-

2196 5314 2506 5379 vbolarum,
2535 5312 2837 5367 etafuerurit
2867 5309 3107 5365 carmina
3129 5310 3262 5380 ‘ejus
3292 5310 3545 5378 quinque
3582 5305 3773 5372 millia,

2196 5414 2353 5461 rete.
2384 5405 2540 5478 »βμετ
2560 5402 3264 5473 Isiddro.)'Quid~eniméper
3293 5400 3395 5455 tria
3426 5398 3777 5467 millia:para-

2186 5498 2459 5565 abolarhm,
2483 5496 2586 5552 nisi
2617 5492 3278 5566 plenitudo-ﬁdeininlleg'e,
3310 5492 3444 5547 etin
3458 5487 3776 5560 ‘Evangeliis

2193 5599 2251 5647 et
2274 5590 2491 5646 Christo
2512 5590 2711 5645 tradita
2741 5588 3084 5660 designatur?
3098 5585 3252 5654 'Quia
3272 5586 3398 5641 dum
3440 5590 3551 5639 tota
3578 5581 3772 5636 *multi-

2193 5679 2524 5752 pliciter'per
2551 5680 2930 5752 aliegoriarum
2956 5691 3152 5736 sensus
3188 5674 3288 5733 sub
3309 5675 3566 5749 mysterio
3594 5670 3777 5727 Trini-

2186 5771 2339 5826 tatis
2354 5770 2847 5842 disseritur,"in
2877 5768 2983 5825 tria
3007 5768 3174 5824 millia
3187 5766 3580 5839 *pamboiarum
3612 5776 3775 5818 'nun-

2197 5871 2481 5934 cupantur.
2509 5861 2765 5920 Carmina
2811 5871 2991 5917 autem
3033 5862 3149 5932 ejus
3184 5858 3418 5931 quinque
3465 5856 3629 5914 millia
3676 5870 3777 5926 per
