4074 6490
494 328 604 394 1ῑὸ

1163 329 1222 385 B.
1265 330 1521 384 RABANI
1555 329 1777 386 MAURI
1813 323 2134 386 ARCHIEP.
2175 324 2484 382 MUGUNT.
2520 320 2806 381 orsum:
2844 325 3022 380 mus
3058 313 3101 380 i.

3646 323 3755 380 156

488 457 774 523 postquam
796 460 961 518 regno
986 447 1312 515 potttus'est,
1349 458 1538 514 pacem
1577 443 1846 508 habuerit,
1885 456 2068 513 prom-
2097 442 2150 502 Α
2174 448 2298 492 rant
2333 438 2714 503 eruditionem,
2747 439 2914 492 verbo
2943 437 3068 492 ﬁdei
3091 436 3320 502 institui,
3364 449 3434 492 ne
3458 436 3506 493 si
3553 437 3761 509 absque

492 553 752 615 ptumque
779 555 905 594 mox
929 537 1178 592 Salomon
1212 537 1279 590 ad
1307 534 1666 604 adjuvandum
1687 550 1746 589 se
1787 534 1842 586 in
1889 533 2066 587 omni-

491 635 593 688 bus
622 632 737 700 ejus
784 626 1048 684 invenerit
1075 627 1316 680 animum
1344 643 1357 680 :
1382 625 1455 679 ita
1486 635 1548 678 ut
1593 631 1648 678 et
1693 622 1928 677 artiﬁces
1969 621 2066 686 illi,

492 735 547 778 et
572 725 712 792 ligna
739 728 793 775 et
817 715 1028 782 aurum,
1058 724 1219 786 prout
1247 731 1381 785 opus
1417 714 1672 778 habebat,
1720 714 1956 777 dederit;
2000 712 2069 766 ob

493 813 646 882 cujus
670 809 914 866 beneﬁcii
941 808 1168 879 gratiam
1198 806 1453 861 Salomon
1477 804 1548 870 ei,
1587 819 1757 859 annos
1808 801 2069 873 singulos,

492 905 750 973 plurimos
777 899 942 953 tritici
963 907 1019 952 et
1039 897 1144 953 olei
1172 898 1368 952 choros
1405 896 1460 950 in
1503 896 1683 950 cibum
1730 894 1912 948 domui
1959 893 2073 961 ejus

445 1015 466 1021 -
494 993 675 1048 dabat.
705 990 845 1045 Nulli
875 997 1057 1043 autem
1079 988 1300 1042 dubium
1323 986 1464 1055 quod
1491 985 1765 1050 Salomon,
1797 984 1887 1053 qui
1915 984 2077 1037 inter-

493 1091 743 1154 pretatur
769 1080 1044 1151 paciﬁcus,
1090 1087 1145 1132 et
1185 1079 1301 1147 ipso
1350 1078 1585 1140 nomine,
1637 1084 1686 1130 et
1729 1076 2076 1130 serenissimo

496 1178 648 1249 regni
675 1177 758 1232 sui
788 1183 931 1230 statu
963 1173 1112 1227 illum
1151 1170 1435 1242 signiﬁcet,
1464 1171 1530 1224 de
1557 1185 1664 1238 quo
1693 1169 1828 1224 dixit
1866 1169 2034 1224 lsaias
2059 1183 2074 1221 :

502 1292 522 1323 ι
550 1269 992 1341 Multiplicabitur
1020 1263 1136 1333 ejus
1175 1264 1480 1333 imperium,
1527 1270 1583 1316 et
1633 1263 1782 1332 pacis
1823 1277 1932 1316 non
1974 1261 2079 1315 erit

496 1364 618 1419 ﬁnis
651 1361 949 1432 (Isai.1x).
977 1380 995 1413 ι
1027 1361 1209 1415 Hiram
1239 1374 1387 1424 vero,
1420 1358 1513 1428 qui
1540 1357 1733 1412 Latine
1777 1357 1977 1412 dicitur
2005 1357 2080 1408 vi-

496 1479 613 1516 vens
635 1460 854 1526 excelse,
881 1459 1163 1515 credentes
1190 1472 1254 1511 ex
1279 1456 1529 1527 gentibus
1549 1461 1603 1508 et
1626 1454 1735 1507 vita
1763 1451 1923 1505 simul
1956 1466 2078 1504 cum

497 1552 603 1608 ﬁde
629 1548 894 1623 gloriosos
919 1550 1215 1622 ﬁguraliter
1242 1548 1516 1617 exprimit.
1542 1545 1729 1614 Neque
1746 1542 1946 1612 aliquid
1963 1556 2080 1610 pro—

495 1645 643 1699 hibet
665 1645 794 1714 quin
820 1643 1026 1708 Hiram,
1060 1642 1185 1711 quia
1232 1655 1327 1697 rex
1353 1647 1492 1704 erat,
1525 1636 1797 1708 regalique
1837 1633 2077 1704 potentia

498 1739 843 1796 Salomonem
876 1739 932 1793 in
954 1737 1182 1792 aadiﬁcio
1203 1736 1393 1790 domus
1418 1732 1629 1787 Domini
1664 1730 1908 1798 juvabat,
1952 1743 2081 1782 con-

2171 530 2444 598 magistris
2513 529 2711 584 docere
2781 530 3102 599 inciperent,
3161 529 3408 599 magistri
3462 530 3763 586 existerent

2171 622 2397 674 erroris.
2426 621 2632 675 idcirco
2659 622 2859 676 etenim
2896 620 3150 676 Salomon
3185 636 3373 676 servos
3418 620 3604 676 Hiram
3653 639 3762 679 ca}-

2170 712 2297 766 dere
2325 711 2428 766 sibi
2451 712 2622 767 voluit
2650 713 2795 784 ligna
2823 713 2889 768 de
2915 712 3139 778 Libano,
3164 714 3290 782 quia
3306 713 3575 768 doctiores
3603 725 3761 770 erant

2171 803 2341 857 servis
2366 804 2478 858 suis
2505 804 2570 858 ad
2605 806 2948 872 caedendum;
2981 806 3075 860 sed
3119 805 3322 862 idcirco
3363 808 3527 861 etiam
3573 823 3764 865 servos

2173 908 2299 949 suos
2325 895 2484 948 simul
2511 896 2703 951 adesse
2742 896 2929 963 voluit,
2955 905 3014 951 ut
3054 899 3396 954 ostenderent
3431 899 3767 955 cedentibus

2175 982 2328 1050 cujus
2349 1000 2614 1039 mensurae
2637 985 2782 1054 ligna
2816 987 2936 1041 ﬁeri
2958 987 3236 1042 deberent.
3266 987 3430 1056 Cujus
3469 990 3549 1045 rei
3592 992 3764 1061 ﬁgura

2177 1075 2231 1128 in
2261 1083 2512 1144 promptu
2534 1085 2634 1139 est,
2657 1079 2785 1145 quia
2804 1077 3062 1131 nimirum
3077 1079 3306 1148 apostoli
3323 1080 3526 1134 certius
3537 1083 3768 1134 verbum

2178 1165 2642 1236 Evangelii,quod
2682 1183 2712 1220 a
2761 1169 2989 1223 Domino
3034 1170 3273 1236 audiere,
3323 1181 3608 1226 noverunt.
3659 1171 3769 1226 Sed

2180 1255 2404 1327 gentiles
2422 1255 2490 1309 ab
2515 1271 2701 1312 errore
2722 1259 2968 1313 conversi
2991 1266 3152 1328 atque
3171 1261 3239 1314 ad
3258 1261 3544 1316 veritatem
3587 1262 3772 1316 Evan-

2180 1347 2302 1417 gelii
2326 1347 2716 1414 transformati,
2741 1350 2935 1405 melius
2952 1351 3099 1421 ipsos
3133 1353 3374 1423 gentium
3415 1368 3634 1409 errores
3675 1371 3775 1409 no-

2181 1447 2391 1503 verant,
2414 1446 2595 1507 etquo
2621 1440 2823 1494 certius
2843 1449 3132 1506 noverunt,
3161 1456 3226 1495 eo
3271 1441 3624 1498 artiﬁciosius
3663 1443 3772 1498 hoc

2182 1540 2490 1597 expugnare
2517 1537 2680 1598 atque
2706 1544 2972 1584 evacuare
2995 1532 3319 1587 didicerunt.

2260 1653 2278 1684 ‹
2302 1635 2557 1706 Legitque
2581 1635 2837 1692 Salomon
2881 1640 3157 1709 operarios
3186 1641 3252 1695 de
3277 1641 3425 1696 omni
3470 1641 3656 1698 Israel.
3703 1642 3777 1698 Et

2190 1736 2346 1781 «erat
2392 1727 2614 1781 indictio
2639 1729 2858 1798 triginta
2895 1730 3136 1784 virorum
3181 1731 3366 1798 millia,
3417 1734 3776 1805 mittebatque

502 1845 688 1886 versos
713 1831 779 1884 ad
808 1829 968 1884 ﬁdem
999 1843 1184 1883 earum
1239 1841 1419 1880 rerum
1461 1824 1710 1878 dominos
1755 1821 1932 1891 typice
1981 1819 2078 1872 de-
2110 1797 2156 1856 B
2191 1836 2208 1867 ‹
2229 1832 2323 1872 eos
2353 1818 2406 1870 in
2430 1817 2712 1882 Libanum,
2739 1819 2924 1873 decem
2947 1819 3114 1874 millia
3135 1836 3235 1890 per
3275 1837 3489 1877 menses
3531 1825 3776 1894 singulos

498 1923 725 1986 nuntiet,
761 1936 989 1991 quorum
1020 1935 1120 1989 ope
1150 1927 1362 1974 constat
1399 1915 1698 1970 Ecelesiam
1725 1913 1934 1982 saepius
1983 1911 2080 1965 ad-

491 2018 665 2088 jutam
701 2033 766 2070 ac
789 2015 1038 2070 nobiliter
1066 2019 1488 2082 augmentalam,
1537 2017 1592 2063 et
1635 2015 1825 2062 contra
1868 2005 2083 2060 haereti-

497 2121 608 2170 cos,
639 2104 1012 2160 schismaticos
1040 2112 1095 2158 et
1132 2117 1371 2173 paganos
1417 2099 1808 2169 principalibus
1843 2105 2082 2151 erectam

496 2213 616 2252 esse
644 2194 894 2250 decretis.
926 2193 1090 2247 Petiit
1112 2208 1238 2263 ergo
1282 2191 1536 2246 Salomon
1591 2191 1646 2243 in
1693 2204 1856 2257 opere
1899 2187 2084 2256 templi

500 2285 761 2342 auxilium
791 2285 858 2338 ab
890 2283 1098 2347 Hiram,
1131 2283 1257 2352 quia
1280 2298 1405 2337 cum
1430 2282 1653 2336 veniens
1691 2281 1742 2333 in
1781 2295 1945 2335 carne
1983 2280 2087 2332 Do-

500 2378 680 2432 minus
729 2374 983 2429 dilectam
1025 2373 1127 2427 sibi
1185 2374 1423 2436 domum,
1475 2371 1728 2426 videlicet
1760 2371 2082 2434 Ecclesiam,

498 2466 766 2523 aediﬁcare
798 2465 1126 2532 disponeret,
1163 2478 1268 2517 non
1317 2464 1381 2516 de
1426 2460 1624 2515 Iudaeis
1683 2459 2082 2524 tantummodo,

497 2573 686 2612 verum
713 2557 877 2610 etiam
927 2555 992 2608 de
1035 2554 1284 2624 gentibus
1334 2551 1608 2619 adjutores
1648 2553 1827 2620 operis
1875 2549 2081 2619 elegit:

499 2664 625 2703 nam
639 2648 704 2702 de
718 2653 947 2715 utroque
966 2643 1162 2713 populo
1186 2643 1463 2696 ministros
1487 2641 1751 2696 sermonis
1772 2638 2080 2706 assumpsit.

499 2740 642 2794 Misit
670 2739 856 2793 Hiram
888 2736 1160 2792 Salomoni
1190 2735 1414 2804 praecisa
1459 2735 1523 2789 de
1566 2735 1768 2788 Libano
1811 2733 1956 2802 ligna
1999 2747 2086 2786 ce—

499 2831 650 2887 drina
675 2839 730 2884 et
760 2829 985 2898 abiegna
1011 2843 1130 2896 quae
1155 2826 1210 2879 in
1235 2827 1452 2880 domum
1480 2824 1694 2879 Domini
1715 2830 2081 2893 ponerentur:

498 2923 623 2991 quia
654 2935 915 2976 conversa
954 2919 1223 2991 gentilitas
1271 2917 1416 2971 misit
1465 2917 1530 2970 ad
1579 2915 1867 2969 Dominum
1913 2915 2083 2979 viros,

497 3012 767 3082 quondam
790 3011 857 3064 ad
892 3009 1146 3064 Steculum
1173 3008 1368 3070 claros,
1419 3006 1512 3060 sed
1561 3005 1738 3059 securi
1792 3004 2086 3058 Dominicae

498 3103 882 3172 increpationis
911 3103 976 3157 de
1014 3109 1196 3156 monte
1223 3117 1333 3155 suae
1376 3099 1642 3168 superbiae
1684 3097 1798 3167 jam
1847 3096 2086 3165 dcjectos

496 3203 551 3249 et
574 3195 918 3257 humiliatos;
947 3193 1037 3262 qui
1069 3193 1137 3245 ad
1185 3207 1432 3246 normam
1471 3190 1794 3261 evangelica:
1838 3189 2084 3244 veritatis

497 3289 728 3342 instituti
769 3288 822 3341 in
865 3286 1222 3341 aediﬁcatione
1261 3284 1517 3340 Ecclesia:
1561 3299 1662 3354 pro
1702 3299 1800 3338 suo
1853 3283 2084 3353 quisque

497 3378 692 3431 merito
721 3376 802 3430 vel
831 3383 1071 3444 tempore
1093 3375 1507 3430 collocarentur.

575 3484 593 3515 ι
617 3465 762 3519 Misit
787 3465 952 3518 etiam
986 3466 1250 3519 artiﬁces.
1277 3485 1294 3516 ›
1329 3465 1464 3531 Quia
1497 3479 1787 3519 conversos
1809 3465 1877 3518 ad
1898 3477 2084 3517 veram

499 3555 820 3624 sapientiam
848 3555 1216 3625 pliil050phos,
1271 3557 1363 3624 qui
1413 3555 1587 3625 gratia
1633 3555 1950 3610 eruditionis
1991 3570 2084 3622 po-

496 3647 639 3717 pulis
665 3661 880 3715 quoque
906 3647 1153 3714 regendis
1177 3646 1299 3715 jure
1343 3654 1807 3715 praeponet-eatur,
1857 3645 2085 3698 Domino

499 3740 772 3811 gentilitas
809 3741 1021 3805 obtulit,
1052 3739 1228 3810 qualis
1253 3739 1354 3792 fuit
1380 3739 1510 3806 ipsis
1536 3738 1901 3807 apostolorum
1951 3747 2087 3791 tem-

497 3833 720 3902 poribus
741 3833 1029 3902 Dionysius
1050 3830 1392 3900 Areopagita,
1419 3831 1596 3898 qualis
1621 3831 1872 3900 deinceps
1894 3831 2086 3884 doctor

502 3921 861 3976 suavissimus
889 3936 955 3975 ac
986 3921 1314 3975 fortissimus
1358 3928 1565 3990 martyr
1620 3919 1944 3989 Cyprianus,
1975 3918 2089 3972 alii-

498 4026 604 4082 que
631 4026 794 4080 quam
826 4010 1064 4079 plurimi.

576 4123 592 4153 ι
616 4103 758 4156 Misit
783 4109 838 4156 et
866 4116 1057 4155 aurum
1078 4141 1090 4154 .
1116 4121 1134 4152 ι
1167 4100 1321 4168 Quod
1361 4101 1416 4155 in
1471 4101 1656 4156 eadem
1710 4115 1844 4170 pene
1887 4099 2089 4170 signiﬁ-

500 4195 714 4250 catione
761 4193 1065 4262 accipitur:
1091 4193 1215 4261 quia
1252 4192 1509 4246 nimirum
1546 4193 1694 4246 viros
1737 4191 2003 4261 sapientia
2033 4199 2089 4245 et

501 4288 716 4354 ingenio
740 4283 1030 4354 praeclaros
1061 4283 1314 4348 ostendit,
1356 4298 1453 4352 pro
1482 4283 1678 4351 quibus
1727 4281 1940 4336 cunctis
1983 4283 2084 4335 ob-

501 4361 792 4432 lationibus
814 4375 1089 4445 gentilitas
1116 4390 1146 4427 a
1169 4374 1397 4428 Domino
1429 4374 1568 4428 dona
1595 4381 1873 4442 exspectat
1899 4375 2084 4444 grati-.e

499 4472 756 4534 caelestis,
786 4470 1028 4525 triticum
1057 4470 1309 4525 videlicet
1335 4469 1487 4524 verbi
1518 4470 1615 4523 Dei
1639 4477 1694 4525 et
1730 4471 1908 4524 oleum
1949 4471 2084 4524 cha-

498 4563 676 4617 ritatis
701 4570 862 4629 atque
884 4560 1157 4614 unctionis
1183 4569 1239 4613 et
1267 4559 1674 4613 illuminationis
1705 4558 1940 4628 Spiritus
1963 4575 2087 4613 san-

496 4654 590 4708 cti.
653 4651 916 4706 Convenit
991 4657 1172 4704 autem
1235 4658 1358 4718 apte
1408 4651 1572 4704 rebus
1623 4649 1900 4713 Ecclesiae,
1943 4650 2086 4718 quod

501 4741 765 4796 auxilium
795 4740 974 4810 operis
1002 4740 1178 4794 sancti
1206 4739 1475 4808 flagitans,
1505 4742 1582 4794 ait
1610 4742 1676 4795 ad
1706 4741 1888 4794 Hiram
1936 4741 2088 4796 Salo-

503 4847 667 4887 mon:
699 4830 976 4899 (Pl‘iECipe
1008 4830 1172 4898 igitur
1206 4836 1266 4882 ut
1309 4829 1605 4898 praecidant
1648 4831 1780 4884 mihi
1823 4831 1964 4886 servi
2010 4831 2087 4886 tui

509 4923 744 4978 «cedros
773 4921 838 4976 de
866 4919 1092 4982 Libano,
1149 4927 1204 4972 et
1250 4919 1393 4973 servi
1435 4920 1541 4974 mei
1588 4919 1695 4973 sint
1742 4936 1865 4974 cum
1914 4921 2085 4974 servis

508 5031 526 5064 ι
550 5013 730 5066 tuis.»
773 5009 927 5066 Servi
951 5009 1147 5079 quippe
1175 5009 1362 5063 Hiram
1392 5010 1484 5079 qui
1519 5010 1886 5078 praecidebant
1937 5011 2090 5065 Salo-

503 5103 653 5159 moni
681 5103 874 5158 cedros
902 5101 969 5155 de
995 5099 1222 5165 Libano,
1259 5099 1508 5155 doctores
1529 5110 1654 5154 sunt
1688 5101 1845 5156 electi
1868 5102 1934 5157 de
1960 5117 2089 5173 gen-

507 5196 672 5257 tibus,
698 5207 930 5262 quorum
967 5188 1129 5243 oflieii
1157 5198 1242 5243 est
1265 5204 1357 5244 eos
1383 5191 1474 5258 qui
1516 5191 1569 5244 in
1612 5191 1714 5245 hoc
1763 5193 1964 5246 mundo
2003 5207 2089 5246 re-

504 5285 607 5339 bus
627 5291 682 5338 et
705 5281 874 5352 gloria
889 5280 1229 5344 laetabantur,
1253 5295 1283 5332 a
1316 5281 1581 5348 superbiae
1602 5280 1744 5335 fastu
1770 5282 2088 5351 corrigendo

506 5382 772 5437 sternere,
803 5379 965 5438 atque
994 5369 1062 5423 ad
1081 5369 1399 5438 obsequium
1415 5370 1887 5440 suiRedemptoris
1899 5385 2088 5426 eorum

508 5475 634 5523 vota
663 5463 982 5530 transferre,
1009 5479 1132 5518 cum
1172 5464 1366 5534 quibus
1412 5464 1663 5520 videlicet
1712 5468 1884 5521 servis
1933 5475 2091 5521 erant

508 5567 566 5615 et
588 5557 732 5618 servi
769 5555 1099 5619 Salomonis,
1142 5570 1207 5610 ac
1239 5556 1443 5624 pariter
1479 5565 1780 5612 memorato
1815 5557 2089 5611 instabant

509 5646 694 5718 operi;
725 5647 852 5718 quia
878 5647 1038 5718 primi
1061 5648 1307 5702 doctores
1340 5662 1407 5701 ex
1437 5648 1687 5718 gentibus
1727 5663 1947 5704 necesse
1993 5649 2087 5702 ha-

512 5741 714 5798 bebant
753 5742 990 5812 ipsorum
1022 5741 1412 5812 apostolorum,
1443 5743 1534 5810 qui
1563 5759 1594 5797 a
1621 5744 1848 5800 Domino
1886 5743 2087 5800 didice-

2112 4522 2163 4581 D

2191 1909 2491 1974 «vicissim,
2521 1909 2594 1963 ita
2625 1918 2684 1962 ut
2705 1911 2912 1964 duobus
2955 1911 3233 1966 mensibus
3273 1921 3455 1968 essent
3500 1914 3555 1969 in
3597 1917 3778 1971 domi-

2192 2016 2209 2048 ι
2233 1999 2332 2052 b'us
2349 1999 2483 2064 suis,
2507 2008 2612 2053 etc.
2647 2019 2665 2050 ι
2697 1999 2796 2053 Ubi
2827 2001 3000 2069 primo
3032 2002 3322 2056 notandum
3353 2004 3494 2072 quod
3522 2021 3627 2060 non
3653 2006 3774 2060 fru-

2186 2101 2298 2146 stra
2323 2085 2575 2145 Salomon
2601 2092 2877 2161 Operarios
2907 2094 2972 2147 de
2999 2094 3142 2147 omni
3169 2093 3336 2148 Israel
3367 2095 3549 2166 elegit,
3594 2112 3777 2167 neque

2186 2195 2305 2242 erat
2332 2187 2439 2241 ulla
2464 2187 2640 2255 portio
2664 2187 2866 2256 populi,
2899 2187 2966 2241 de
2995 2202 3101 2256 qua
3128 2203 3235 2242 non
3263 2189 3410 2258 digni
3436 2198 3584 2244 tanto
3605 2206 3776 2260 opere

2187 2281 2290 2334 viri
2317 2287 2744 2335 assumerentur.
2783 2279 2920 2346 Quia
2957 2279 3213 2334 nimirum
3242 2295 3348 2334 non
3375 2282 3440 2336 de
3470 2297 3575 2336 una
3603 2286 3777 2356 stirpe

2185 2374 2364 2427 Aaron
2396 2373 2706 2427 sacerdotes
2735 2372 2988 2442 eligendi,
3020 2374 3114 2428 sed
3134 2374 3200 2427 de
3213 2374 3361 2428 omni
3384 2375 3777 2432 suntEcclesia

2187 2465 2480 2534 quaerendi,
2515 2464 2606 2533 qui
2627 2464 2895 2517 aediﬁcare
2917 2465 3134 2518 domum
3161 2466 3372 2520 Domini
3401 2467 3485 2520 vel
3517 2468 3775 2538 exemplo

2188 2569 2286 2608 suo
2303 2554 2384 2608 vel
2408 2554 2552 2607 dicto
2570 2553 2869 2618 sufﬁciant;
2893 2563 2948 2607 et
2984 2554 3290 2624 ubicunque
3321 2556 3524 2611 inventi
3547 2557 3775 2624 fuerint,

2186 2661 2312 2699 mox
2353 2645 2405 2698 in
2432 2644 2671 2698 oflicium
2700 2645 2979 2698 doctorum
3016 2646 3218 2714 absque
3258 2646 3363 2700 ulla
3412 2663 3777 2717 personarum

2188 2737 2500 2806 acceptione
2527 2718 2879 2805 promovendi
2906 2751 2920 2788 :
2946 2735 3186 2805 talesque
3206 2753 3331 2792 cum
3354 2740 3422 2792 ad
3445 2741 3779 2796 erudiendos

2188 2829 2454 2892 inﬁdeles,
2481 2838 2643 2897 atque
2663 2829 2718 2882 in
2747 2828 3029 2898 collegiqu
3056 2829 3312 2884 Ecclesia:
3335 2832 3607 2889 vocandos
3625 2835 3780 2888 ordi-

2187 2929 2408 2984 nantur,
2455 2919 2609 2987 quasi
2639 2919 2707 2973 ad
2735 2919 3016 2974 caedendas
3043 2919 3098 2973 in
3124 2920 3330 2976 Libano
3381 2924 3562 2994 templi
3609 2935 3783 2981 mate-

2188 3011 2298 3065 rias
2327 3012 2429 3064 viri
2456 3011 2664 3067 strenui
2705 3021 2868 3080 atque
2903 3013 3060 3068 electi
3101 3014 3403 3068 mittuntur.
3457 3015 3524 3068 Et
3553 3017 3776 3084 quidem

2189 3118 2447 3157 numerus
2476 3104 2693 3172 triginta
2721 3104 2967 3170 millium,
3007 3119 3113 3174 quo
3153 3104 3315 3160 iidem
3358 3105 3626 3176 lignorum
3676 3125 3781 3164 eae-

2189 3211 2341 3250 sores
2375 3195 2817 3261 recensebantur,
2843 3203 3022 3264 potest
3047 3199 3113 3250 ad
3143 3211 3331 3252 eorum
3378 3195 3607 3268 ﬁguram
3647 3209 3777 3267 apte

2187 3285 2400 3350 referri,
2433 3285 2525 3353 qui
2545 3285 2601 3339 in
2629 3284 2734 3340 ﬁde
2761 3293 2964 3340 sanctae
3005 3284 3287 3338 Trinitatis
3331 3293 3457 3339 sunt
3505 3286 3775 3354 perfecti:

2187 3375 2330 3445 quod
2345 3375 2658 3430 doctoribus
2670 3377 2904 3430 maxime
2919 3376 3183 3445 congruit.
3205 3375 3400 3429 Verum
3414 3375 3540 3444 quia
3555 3377 3780 3446 triginta

2189 3467 2355 3521 millia
2381 3467 2456 3520 ita
2477 3475 2633 3522 erant
2661 3467 2929 3531 ordinata,
2958 3475 3018 3519 ut
3046 3465 3183 3520 dena
3214 3463 3379 3520 millia
3419 3481 3516 3534 per
3560 3483 3780 3524 menses

2189 3556 2428 3627 singulos
2455 3557 2607 3624 operi
2653 3565 2841 3611 sancto
2891 3557 3173 3620 instarent,
3215 3554 3386 3625 magis
3435 3556 3644 3611 denarii
3677 3574 3781 3611 nu-

2189 3649 2325 3703 meri
2355 3654 2755 3702 sacramentum
2781 3647 3113 3717 perpendere
3136 3645 3412 3700 debemus.
3456 3646 3605 3700 Dena
3629 3663 3781 3701 nam-

2187 3753 2292 3809 que
2323 3738 2489 3792 millia
2512 3738 2754 3791 virorum
2794 3739 2859 3793 de
2899 3737 3061 3792 Israel
3110 3737 3177 3791 ad
3227 3737 3480 3792 caedenda
3532 3737 3678 3808 ligna
3722 3738 3779 3792 in

2188 3845 2324 3900 opus
2350 3829 2542 3883 domus
2565 3828 2777 3882 Domini
2822 3828 3147 3882 mittuntur:
3174 3827 3301 3898 quia
3338 3830 3645 3898 quicunque
3681 3830 3780 3883 do-

2189 3928 2368 3973 ctores
2395 3926 2555 3986 atque
2585 3917 2954 3986 insipientium
2978 3919 3282 3974 eruditores
3304 3929 3431 3975 sunt
3453 3918 3769 3982 ordinandi,

2189 4014 2374 4066 decem
2405 4020 2673 4080 praecepta
2704 4011 2836 4080 legis
2863 4026 2964 4080 per
3002 4012 3182 4066 omnia
3229 4019 3285 4066 et
3318 4012 3422 4082 ipsi
3459 4012 3774 4076 observare,

2189 4112 2243 4157 et
2273 4102 2611 4157 auditoribus
2658 4101 2771 4155 suis
2815 4101 3016 4155 debent
3063 4103 3398 4157 observanda
3447 4109 3775 4168 monstrare,

2190 4194 2284 4249 sed
2309 4203 2363 4248 et
2381 4195 2605 4263 praemia
2645 4194 2702 4248 in
2734 4192 2886 4249 caelis
2928 4192 3131 4260 futura,
3155 4209 3277 4263 qua
3329 4194 3554 4249 denario
3599 4193 3778 4248 solent

2190 4284 2433 4354 ﬁgurari,
2459 4293 2516 4339 et
2536 4284 2638 4352 ipsi
2660 4299 2895 4353 sperare,
2923 4291 2979 4338 et
2999 4284 3336 4340 auditoribus
3365 4285 3476 4340 suis
3506 4285 3779 4354 speranda

2189 4375 2388 4430 debent
2418 4391 2633 4446 semper
2658 4376 2928 4430 intimare.
2956 4375 3119 4431 Terui
3147 4384 3326 4432 autem
3351 4390 3588 4440 menses,
3637 4393 3775 4446 quo-

2191 4481 2310 4519 rum
2339 4464 2599 4519 distantia
2628 4466 2856 4535 singulis
2883 4475 3001 4519 erat
3029 4465 3294 4535 lignorum
3334 4466 3629 4520 caesoribus
3674 4466 3776 4521 im-

2190 4555 2386 4624 posita,
2415 4553 2800 4623 perfectionem
2836 4556 2999 4609 trium
3043 4556 3303 4610 virtutum
3338 4556 3778 4624 evangelicarum

2191 4643 2368 4715 typice
2406 4644 2726 4698 denuntiant
2752 4661 2764 4697 :
2790 4643 3144 4716 eleemosynte
3191 4646 3461 4711 videlicet,
3509 4647 3778 4703 orationis

2189 4743 2245 4789 et
2264 4734 2476 4805 jejunii.
2502 4736 2606 4791 Per
2626 4736 3025 4807 eleemosynam
3050 4755 3282 4810 namque
3308 4739 3780 4809 comprehendun-

2194 4835 2281 4879 tur
2305 4826 2486 4879 omnia
2510 4840 2629 4893 quae
2664 4829 2729 4881 ad
2772 4827 3115 4883 dilectionem
3169 4831 3402 4900 proximi
3450 4831 3775 4898 explendam

2191 4919 2452 4973 benevole
2477 4920 2530 4972 in
2553 4919 2751 4976 fratres
2779 4936 3083 4991 operamur.
3116 4922 3220 4976 Per
3242 4924 3543 4978 orationem
3589 4925 3775 4978 omnia

2190 5010 2385 5079 quibus
2415 5026 2513 5079 per
2543 5011 2816 5066 internam
2857 5014 3324 5081 eompunctionem
3362 5021 3550 5069 nostro
3577 5014 3778 5070 Condi—

2191 5101 2297 5156 tori
2322 5100 2720 5173 conjungimur.
2753 5101 2855 5156 Per
2876 5102 3136 5172 jejunium
3189 5105 3372 5160 omnia
3427 5106 3624 5176 quibus
3673 5122 3773 5162 nos

2191 5215 2222 5254 a
2249 5203 2569 5271 contagiOne
2610 5202 2864 5256 vitiorum
2898 5211 2955 5257 et
2980 5201 3246 5259 illecebris
3281 5205 3462 5260 saeculi
3513 5205 3776 5265 observa—

2189 5306 2332 5356 mus,
2373 5299 2432 5344 ut
2461 5290 2631 5346 libera
2681 5301 2878 5358 mente,
2928 5300 2983 5345 et
3026 5307 3254 5362 corpore
3298 5303 3448 5349 casto
3495 5294 3776 5350 dilectioni

2191 5382 2466 5436 valeamus
2498 5383 2762 5437 inhaerere
2781 5399 2992 5455 semper
3019 5386 3192 5441 nostri
3220 5384 3527 5441 Conditoris
3553 5394 3609 5440 et
3643 5402 3774 5456 pro-

2191 5472 2340 5526 ximi.
2370 5472 2438 5526 Et
2470 5471 2558 5525 isti
2587 5479 2714 5526 sunt
2745 5479 2852 5528 tres
2887 5489 3097 5530 menses
3133 5477 3504 5546 operariorum
3559 5476 3769 5546 templi.

2190 5561 2327 5615 Nam
2359 5562 2487 5631 quia
2517 5563 2719 5619 mensis
2741 5563 3071 5632 plenitudine
3100 5568 3308 5622 dierum
3343 5568 3551 5622 lunaris
3577 5568 3770 5623 circuli

2189 5653 2487 5724 perﬁcitur,
2523 5661 2668 5708 recte
2691 5670 2790 5724 per
2815 5655 2964 5711 illum
3002 5657 3276 5727 plenitudo
3325 5659 3538 5713 virtutis
3583 5658 3770 5728 cujus-

2189 5759 2296 5813 que
2315 5743 2611 5813 spiritualis
2655 5745 2974 5811 ostenditur,
3020 5747 3075 5802 in
3115 5763 3218 5818 qua
3261 5765 3413 5805 mens
3459 5748 3695 5804 ﬁdelium
3733 5765 3769 5806 a
