4074 6468
329 393 431 448 157

1153 398 1507 458 COMMENT.
1545 401 1616 460 ΙΝ
1650 402 1904 462 LIBROS
1939 403 2010 464 IV
2047 403 2484 465 REGUM.—IN
2518 410 2648 468 LIB.
2686 412 2773 472 Ill.

3488 423 3593 478 158

327 511 558 566 Domino
585 510 899 581 quotidiana
940 511 1324 586 illustratione,
1363 519 1521 589 quasi
1548 518 1678 575 luna
1707 536 1742 578 a
1775 519 1909 587 sole,
1937 523 1994 589 Α
2018 519 2186 574 millia
2223 531 2345 576 esse
2373 523 2746 592 perhibentur.
2774 525 3128 598 Septuag'nta
3173 527 3426 588 videlicet
3471 548 3596 604 pro-

323 605 634 676 respicitur.

401 712 421 745 ι
440 695 509 750 Et
525 694 821 752 Adoniram
832 705 950 753 erat
962 713 1126 770 super
1139 699 1511 770 hujuscemodi
1528 703 1900 772 indictionem,

329 795 425 843 «et
449 797 666 843 caetera.
689 809 707 842 δ
732 788 1031 846 Adoniram
1066 791 1285 862 quippe,
1326 794 1420 863 qui
1466 793 1662 850 Latine
1705 796 1904 851 dicitur

317 878 578 938 Dominus
604 897 749 936 meus
771 882 1030 951 excelsus,
1059 899 1223 954 quem
1267 884 1460 940 melius
1507 902 1672 957 quam
1724 887 1902 957 ipsum

319 983 480 1039 quem
520 971 738 1025 nomine
792 971 1036 1027 imitatur
1084 974 1356 1029 insinuat?
1384 975 1674 1032 Dominum
1714 976 1905 1032 videli-

315 1071 406 1119 cet
435 1062 790 1120 Salvatorem.
843 1065 913 1120 Et
955 1075 1084 1120 tunc
1118 1065 1358 1121 Adonira
1393 1069 1662 1138 operariis
1714 1069 1902 1140 templi

313 1157 670 1227 praeponitur,
702 1165 763 1212 ut
791 1173 888 1214 sua
913 1159 1222 1228 provisione
1269 1159 1372 1215 rite
1416 1160 1651 1227 ordinet,
1705 1162 1902 1232 quibus

312 1250 592 1308 mensibus
613 1248 805 1321 singuli
829 1249 898 1304 ad
921 1252 1252 1322 operandum
1281 1261 1500 1318 exeant,
1515 1252 1710 1323 quibus
1724 1253 1902 1310 denuo

311 1341 381 1397 ad
405 1343 702 1398 curandam
725 1343 945 1399 domum
976 1360 1130 1400 suam
1175 1345 1420 1411 redeant,
1464 1359 1587 1401 cum
1639 1347 1900 1404 Dominus

307 1441 364 1488 et
391 1433 645 1490 Salvator
678 1446 865 1492 noster
893 1447 1102 1494 mentes
1127 1447 1440 1494 sanctorum
1480 1439 1898 1510 praedicatorum

307 1539 406 1579 sua
435 1525 758 1583 familiarius
783 1528 1143 1585 illustratione
1169 1529 1427 1586 informat
1469 1530 1538 1586 ad
1579 1531 1898 1590 discernen-

304 1615 462 1682 dum,
503 1616 720 1687 quando
765 1628 1015 1690 oporteat
1063 1620 1394 1677 aediﬁcandae
1439 1621 1694 1678 Ecclesiae
1759 1639 1897 1695 opus

304 1705 446 1760 inire
468 1708 833 1777 praedicando,
869 1710 954 1764 vel
976 1710 1080 1765 alia
1109 1710 1329 1780 pietatis
1357 1709 1530 1766 ofﬁcia
1551 1713 1892 1780 praestando;

2007 619 2128 682 pter
2172 611 2560 668 sabbatismum
2603 616 2909 673 animarum
2941 638 2952 674 :
2989 621 3250 692 septimus
3297 625 3442 680 enim
3480 627 3596 684 dies

2007 698 2065 752 in
2094 697 2397 765 sabbatum,
2431 702 2484 756 id
2515 711 2618 769 est,
2648 708 2889 775 requiem
2927 720 3274 768 consecratus
3297 721 3400 769 est.
3433 713 3592 772 Octo-

2007 789 2156 859 ginta
2182 799 2405 862 pr0pter
2429 808 2578 862 spem
2611 799 3046 866 resurrectionis,
3078 817 3197 872 quae
3240 814 3431 861 octava
3477 807 3586 873 die,

2005 877 2061 932 id
2103 888 2208 946 est,
2253 889 2375 951 post
2409 884 2695 939 sabbatum
2741 887 2796 941 in
2843 889 3069 946 Domino
3117 897 3404 964 processit,
3443 906 3496 954 et
3536 900 3595 955 in

2004 970 2159 1027 nobis
2199 988 2413 1044 quoque
2445 986 2636 1034 octava
2667 978 2753 1035 die
2796 979 2956 1036 simul
2985 991 3041 1037 et
3066 993 3256 1040 octava
3304 997 3463 1044 aetate
3504 989 3592 1044 fu-

2004 1072 2124 1120 tura
2150 1076 2418 1136 speratur.
2444 1069 2723 1142 Praepositi
2753 1084 2936 1130 autem
2959 1087 3118 1132 erant
3145 1079 3247 1134 tria
3278 1081 3445 1136 millia
3478 1093 3591 1139 tre-

2001 1160 2167 1227 centi,
2229 1171 2447 1233 propter
2498 1164 2658 1221 ﬁdem
2716 1167 2973 1224 nimirum
3022 1180 3224 1227 sanctae
3286 1172 3588 1243 Trinitatis,

2003 1267 2169 1322 quam
2202 1265 2392 1312 sancta
2429 1259 2586 1314 nobis
2632 1260 2848 1332 eloquia
2891 1263 3207 1332 praidicant.
3268 1265 3420 1334 Quod
3465 1284 3594 1326 vero

1999 1357 2099 1412 pro
2125 1345 2298 1402 tribus
2325 1349 2563 1406 millibus
2591 1355 2852 1409 trecentis
2882 1357 3189 1426 praapositis
3235 1359 3290 1412 in
3328 1359 3468 1416 libro
3497 1359 3594 1415 Pa-

2001 1433 2373 1505 ralipomenon
2404 1441 2506 1497 tria
2532 1443 2700 1498 millia
2721 1448 2962 1502 sexcenti
2989 1456 3114 1502 sunt
3131 1449 3338 1520 scripti,
3364 1451 3432 1506 ad
3448 1467 3594 1507 eam-

2000 1522 2124 1581 dem
2163 1544 2386 1598 prorsus
2435 1533 2746 1592 sublimium
2778 1537 3018 1593 virorum
3061 1539 3448 1610 perfectionem
3501 1558 3591 1597 re-

1997 1617 2158 1686 spicit
2194 1618 2292 1691 (ΙΙ
2322 1621 2452 1678 Par.
2503 1624 2598 1700 ιι).
2651 1625 2787 1683 Nam
2821 1629 2947 1699 quia
2996 1630 3054 1684 in
3078 1632 3313 1686 .senario
3367 1649 3593 1690 numero

1998 1709 2188 1764 mundi
2223 1721 2474 1769 ornatum
2501 1717 2810 1787 complevit,
2843 1729 2992 1775 recte
3017 1721 3073 1774 in
3102 1736 3166 1776 eo
3194 1723 3435 1792 perfecta
3486 1725 3587 1780 bo-

301 1805 360 1850 et
387 1799 602 1866 quando
623 1815 839 1855 rursum
865 1803 1150 1857 conveniat
1182 1803 1251 1857 ad
1285 1818 1440 1858 suam
1479 1804 1719 1874 ipsorum
1762 1819 1893 1860 cou-
1923 1881 1957 1885 _
1995 1814 2191 1855 norum
2213 1819 2376 1874 opera
2408 1807 2582 1863 solent
2610 1809 2853 1882 ﬁgurari.
2877 1812 2944 1867 Et
2975 1813 3100 1883 quia
3127 1830 3281 1869 sacra
3309 1813 3590 1885 Scriptura

302 1887 585 1945 scientiam
653 1893 1091 1959 examinandam,
1158 1894 1313 1964 quasi
1373 1895 1444 1949 ad
1503 1895 1894 1967 inspiciendam
1920 1881 1970 1944 Β
1997 1905 2122 1945 cum
2147 1892 2253 1949 ﬁde
2282 1896 2526 1955 veritatis
2549 1881 2713 1970 opera
2731 1899 2958 1970 justitia:
2999 1904 3156 1959 docet
3197 1905 3465 1973 habenda,
3513 1923 3594 1963 re-

302 1977 524 2035 domum
554 1997 709 2036 suam
736 1985 957 2052 reverti,
989 1993 1045 2040 ei
1068 1986 1209 2040 hanc
1234 1986 1570 2043 orationibus
1588 2002 1652 2043 ac
1673 1985 1896 2057 jejuniis
1998 1990 2084 2039 cte
2117 1989 2392 2057 praepositi
2419 2006 2642 2060 operum
2673 1994 2857 2066 templi
2887 1995 2990 2050 tria
3034 1997 3205 2052 millia
3248 2007 3305 2054 et
3344 2002 3591 2056 sexcenti

303 2084 540 2140 superno
568 2072 880 2143 inspectore
912 2091 976 2130 ac
1003 2077 1285 2133 visitatore
1311 2077 1532 2149 dignam
1571 2079 1819 2134 reddere.

379 2181 397 2212 ι
421 2162 665 2219 Fuerunt
690 2166 872 2236 itaque
903 2166 1178 2225 Salomoui
1209 2172 1550 2243 septuaginta
1587 2173 1755 2228 millia
1800 2190 1895 2232 eo-

305 2270 326 2304 ι
346 2269 488 2320 rum,
519 2257 614 2326 qui
631 2273 795 2313 onera
814 2260 1123 2328 portabant,
1151 2271 1206 2317 et
1237 2264 1510 2335 octoginta
1541 2263 1710 2320 millia
1753 2267 1898 2324 lato-

304 2362 326 2396 ι
347 2361 557 2402 morum
583 2349 642 2404 in
672 2358 872 2417 monte,
906 2352 1109 2424 absque
1149 2356 1453 2425 praepositis
1489 2359 1581 2426 qui
1621 2369 1893 2430 praeerant

305 2455 329 2490 ‹
349 2439 574 2510 singulis
599 2444 870 2513 operibus,
903 2462 1132 2502 numero
1161 2448 1324 2503 trium
1356 2449 1584 2505 millium
1623 2460 1894 2510 trecento-

303 2546 468 2587 «rum
516 2535 947 2605 przecipientium
991 2538 1189 2608 populo
1234 2549 1289 2594 et
1340 2540 1423 2595 his
1473 2541 1565 2612 qui
1621 2541 1892 2600 faciebant

306 2640 326 2672 ι
352 2638 510 2694 opus,
553 2635 608 2680 et
631 2633 845 2682 caetera.
871 2647 890 2680 ι
919 2627 1176 2685 Latomos
1204 2631 1336 2686 dicit
1363 2631 1600 2702 lapidum
1626 2650 1887 2703 caesores;

293 2711 445 2770 idem
474 2725 655 2773 autem
691 2717 928 2788 lapidum
958 2735 1209 2787 censores,
1233 2723 1380 2793 quod
1407 2732 1462 2778 et
1486 2724 1757 2796 lignorum
1786 2743 1889 2782 cce-

294 2818 450 2860 sores
497 2807 723 2878 ﬁgurate
765 2810 1086 2881 designant:
1119 2813 1224 2866 hoc
1264 2821 1368 2879 est,
1411 2815 1707 2870 secundum
1757 2832 1892 2886 prae-

295 2896 594 2954 dicationes
638 2901 779 2970 quod
822 2911 1004 2957 mente
1050 2903 1418 2974 insipientium
1460 2906 1684 2962 dolabro
1733 2909 1886 2964 verbi

294 2985 394 3042 Dei
421 2998 703 3062 exercent,
731 3006 932 3061 eosque
955 2993 1023 3047 ab
1049 3009 1131 3058 ea,
1160 2995 1215 3048 in
1251 3010 1359 3064 qua
1380 2995 1494 3050 nati
1527 3005 1675 3062 sunt,
1722 2997 1882 3053 forti-

293 3081 482 3137 tudine
517 3098 582 3138 ac
629 3083 973 3140 deformitate
1014 3095 1381 3143 transmutare
1428 3091 1785 3158 contendunt,
1821 3107 1885 3150 ac

291 3171 613 3240 regulariter
641 3173 918 3231 institutos
948 3177 1145 3232 unitati
1175 3163 1435 3246 ﬁdelium,
1465 3182 1696 3241 aediﬁcio
1735 3185 1885 3241 vide-

287 3259 420 3318 licet
451 3263 648 3318 domus
677 3263 794 3330 Dei,
828 3275 982 3336 aptos
1007 3269 1234 3323 reddere
1260 3280 1473 3325 curant.
1509 3273 1663 3340 Quod
1701 3285 1883 3331 autem
1911 3246 1957 3311 Ο

286 3365 346 3412 et
381 3357 528 3426 ligna
563 3367 619 3413 et
639 3358 844 3428 lapides
869 3359 926 3413 iu
966 3367 1152 3414 monte
1186 3361 1486 3428 caeduntur,
1537 3372 1594 3418 et
1632 3381 1774 3421 caesa
1821 3383 1885 3424 ac

280 3457 595 3520 praeparata
631 3458 859 3522 utraque
891 3453 1147 3509 materies
1181 3456 1252 3512 ad
1285 3465 1528 3512 montem
1550 3459 1741 3516 domus
1778 3463 1888 3518 Do-

283 3539 424 3594 mini
456 3540 799 3608 transfertur,
829 3552 978 3612 patet
1005 3559 1196 3600 sensus
1217 3547 1362 3616 quod
1396 3563 1586 3604 omnes
1615 3551 1672 3606 in
1698 3563 1884 3609 monte

283 3631 555 3700 superbia:
585 3632 697 3686 nati
727 3649 933 3689 sumus.
969 3634 1106 3702 Quia
1133 3637 1200 3691 de
1222 3639 1670 3706 praevaricatione
1717 3645 1882 3714 primi

283 3723 547 3790 hominis,
578 3741 740 3796 quam
766 3729 1018 3798 superbia
1040 3729 1189 3797 fecit,
1213 3732 1479 3803 originem
1505 3735 1684 3791 carnis
1711 3739 1882 3792 traxi-

285 3833 430 3873 mus.
463 3818 781 3892 Quicunque
819 3834 998 3880 autem
1037 3827 1210 3896 gratia
1259 3828 1354 3883 Dei
1387 3831 1736 3898 praeordinati
1785 3849 1878 3889 su-

284 3925 411 3965 mus
465 3913 533 3966 ad
577 3915 764 3983 vitam,
801 3919 1103 3973 excidimur
1151 3921 1555 3989 catechizando,
1598 3935 1656 3980 et
1696 3940 1880 3982 sacra-

285 4011 473 4058 menta
501 4005 626 4060 ﬁdei
647 4010 995 4080 percipiendo
1039 4013 1108 4068 de
1157 4023 1340 4070 monte
1391 4018 1676 4087 superbiae,
1723 4031 1780 4076 et
1822 4023 1876 4077 in

283 4105 528 4151 montem
549 4097 764 4155 Domini
794 4104 1192 4172 transferimur,
1220 4108 1349 4177 quia
1374 4111 1515 4164 eruti
1529 4112 1594 4166 de
1604 4122 1878 4182 potestate

284 4188 654 4258 tenebrarum,
683 4193 753 4249 ad
783 4210 964 4251 arcem
983 4197 1265 4265 virtutum,
1307 4214 1426 4268 quae
1461 4209 1546 4256 est
1583 4202 1639 4257 in
1667 4205 1875 4262 unitate

280 4286 486 4333 sanctae
507 4280 784 4350 Ecclesiae,
811 4287 1173 4354 pervenimus.
1200 4288 1507 4346 Notandum
1533 4301 1711 4349 autem
1732 4297 1877 4366 quod

278 4370 448 4425 iidem
472 4376 705 4442 operarii
733 4377 808 4430 ita
833 4388 992 4432 erant
1015 4380 1311 4449 distributi,
1349 4393 1410 4437 ut
1435 4401 1562 4454 pars
1605 4387 1661 4441 in
1691 4399 1880 4445 monte

277 4457 485 4528 lapides
513 4464 801 4532 caaderent,
849 4483 977 4536 pars
1029 4471 1161 4525 item
1211 4488 1376 4528 onera
1423 4484 1724 4544 portarent.
1778 4481 1872 4536 Di-

1995 2072 2164 2132 fuisse
2213 2081 2587 2148 perhibentur.
2639 2084 2750 2141 Nec
2798 2088 3236 2156 praetereundum
3282 2093 3428 2162 quod
3477 2092 3594 2149 haec

1994 2172 2335 2241 septuaginta
2366 2183 2419 2228 et
2449 2177 2721 2248 octoginta
2751 2179 2915 2232 millia
2942 2181 3277 2250 portantium
3320 2199 3489 2238 onera
3535 2194 3592 2240 et

1992 2256 2316 2317 latomorum
2343 2281 2468 2320 cum
2493 2269 2796 2340 praepositis
2819 2270 2932 2326 suis
2955 2288 3063 2327 non
3096 2272 3247 2329 fuere
3287 2275 3354 2331 de
3392 2277 3582 2344 Israel,

1992 2350 2091 2405 sed
2115 2351 2179 2406 de
2199 2355 2510 2426 prosclytis,
2536 2359 2588 2413 id
2611 2367 2715 2426 est,
2741 2361 2963 2416 advenis
2991 2364 3082 2432 qui
3109 2367 3464 2424 morabantur
3508 2369 3591 2424 in-

1992 2449 2079 2496 ter
2092 2458 2202 2498 eos.
2232 2445 2507 2516 Scriptum
2526 2467 2760 2522 namque
2772 2454 2924 2508 estin
2940 2454 3079 2510 libro
3101 2456 3554 2527 Paralipomenon
3573 2478 3588 2514 :

1999 2553 2018 2586 ι
2037 2535 2353 2595 Numeravit
2388 2543 2556 2614 igitur
2585 2543 2842 2604 Salomon
2877 2565 3067 2606 omnes
3084 2551 3232 2607 viros
3261 2553 3588 2628 proselytos,

1991 2625 2086 2693 qui
2121 2638 2277 2684 erant
2307 2630 2363 2686 in
2389 2638 2533 2686 terra
2558 2633 2724 2692 Israel
2750 2646 2873 2708 post
2894 2638 3394 2699 denumerationem
3421 2625 3587 2714 quam

1990 2712 2365 2775 denumeravit
2387 2721 2556 2778 David
2582 2734 2739 2796 pater
2757 2729 2892 2799 ejus,
2909 2737 2964 2785 et
2994 2731 3196 2787 inventi
3224 2745 3344 2789 sunt
3371 2712 3588 2796 centum

1989 2806 2380 2880 quinquaginta
2405 2813 2573 2868 millia
2608 2825 2663 2870 et
2700 2818 2803 2872 tria
2831 2821 2998 2875 millia
3034 2825 3295 2892 sexcenti,
3354 2826 3588 2898 fecitque

1989 2913 2059 2953 ex
2087 2901 2167 2954 eis
2196 2905 2535 2975 septuaginta
2561 2908 2727 2963 millia
2763 2911 2856 2980 qui
2895 2912 3139 2971 humeris
3186 2933 3350 2973 onera
3403 2930 3587 2988 porta-

1991 3001 2132 3058 rent,
2149 3001 2252 3050 etc.
2280 2995 2452 3068 (Ibid.
2467 2999 2512 3071 ).
2535 3021 2554 3052 ›
2578 2999 2843 3074 Proselyti
2857 3014 3039 3063 autem
3053 3011 3387 3067 vocabantur
3399 2995 3586 3069 Graece

1989 3085 2080 3154 qui
2112 3100 2178 3140 ex
2210 3087 2332 3142 aliis
2361 3091 2673 3150 nationibus
2719 3099 3010 3168 progeniti,
3053 3101 3110 3156 in
3155 3102 3319 3158 ﬁdem
3366 3113 3424 3160 et
3459 3121 3564 3167 con

1990 3178 2218 3232 sortium
2241 3183 2424 3252 populi
2453 3185 2570 3251 Dei,
2600 3197 2823 3258 accepta
2858 3193 3295 3262 circumcisione,
3350 3199 3584 3254 transie-

1991 3277 2135 3322 runt.
2173 3270 2622 3346 Fucruntitaque
2644 3281 2876 3348 operarii
2926 3283 3118 3339 domus
3165 3285 3378 3342 Domini
3418 3290 3483 3344 de
3525 3291 3575 3343 ﬁ.

1990 3359 2077 3415 liis
2100 3363 2286 3431 .srael,
2314 3365 2534 3422 fuerunt
2560 3369 2627 3423 de
2646 3373 2959 3443 proselytis,‘
2985 3373 3283 3432 fueruntde
3306 3380 3578 3450 gentibus.

1989 3449 2065 3504 De
2092 3451 2220 3508 ﬁliis
2253 3455 2505 3513 videlicet
2539 3459 2706 3516 Israel
2744 3463 2819 3516 illi
2862 3464 3081 3536 triginta
3128 3467 3296 3523 millia
3321 3449 3409 3527 ad
3450 3489 3579 3541 prte-

1987 3541 2244 3598 cidendas
2267 3546 2332 3601 de
2348 3546 2557 3604 Libano
2573 3553 2764 3608 cedros
2790 3555 2940 3610 missi
2972 3565 3127 3623 sunt;
3182 3559 3249 3614 de
3292 3563 3582 3634 proselytis

1985 3633 2075 3688 isti
2112 3645 2255 3704 sunt,
2287 3639 2354 3693 de
2374 3640 2570 3709 quibus
2593 3660 2736 3699 nunc
2775 3645 2938 3700 locuti
2965 3663 3171 3716 sumus,
3203 3649 3445 3720 lapidum
3473 3633 3577 3709 ca:-

1985 3729 2265 3792 sores;de
2291 3731 2540 3798 gentibus
2594 3732 2782 3788 Hiram
2832 3737 2946 3806 ipse
2998 3747 3052 3793 et
3100 3742 3244 3796 servi
3293 3741 3426 3811 ejus,
3487 3747 3579 3815 qui

1983 3831 2107 3871 cum
2158 3820 2332 3874 servis
2378 3820 2683 3880 Salomonis
2732 3825 2878 3897 ligna
2925 3830 3204 3891 caedebant
3232 3832 3300 3888 de
3347 3835 3576 3892 Libano.

1981 3909 2153 3965 Omne
2191 3911 2352 3980 igitur
2380 3914 2658 3970 hominum
2694 3933 2884 3986 genus,
2931 3935 3028 3988 per
3065 3925 3210 3992 quod
3260 3927 3574 3982 :ediﬁcantla

1980 4009 2096 4055 erat
2125 4002 2388 4070 Ecclesia,
2415 4005 2468 4058 in
2493 4008 2853 4065 aediﬁcatione
2877 4013 3061 4082 templi
3086 4019 3382 4083 praecessit.
3402 4017 3574 4076 Judaei

1979 4109 2236 4164 namque,
2272 4096 2528 4168 proselyti
2551 4108 2605 4154 et
2627 4101 2856 4168 gentiles
2886 4107 3133 4160 conversi
3171 4109 3239 4163 ad
3284 4111 3570 4168 veritatem

1978 4182 2254 4255 Evangelii
2296 4203 2459 4242 unam
2494 4191 2847 4263 eamdemque
2871 4193 3072 4250 Christi
3103 4198 3404 4257 Eoclesiam
3453 4205 3570 4262 sive

1977 4281 2124 4327 recte
2158 4275 2409 4343 vivendo,
2439 4280 2552 4334 sive
2582 4281 2743 4335 etiam
2768 4283 3008 4340 docendo
3029 4297 3370 4346 construunt.

2053 4406 2070 4437 ι
2096 4387 2464 4458 Prazcepitque
2504 4409 2620 4458 rex,
2670 4403 2729 4448 ut
2773 4396 3023 4452 tollerent
3065 4400 3268 4470 lapides
3309 4408 3563 4476 grandes,

1975 4475 2180 4546 lapides
2219 4480 2504 4548 pretiosos,
2563 4483 2620 4536 in
2669 4483 3081 4542 fundamentum
3113 4475 3328 4560 templi,"
3347 4505 3402 4549 et
3433 4513 3568 4565 qua-

277 4564 439 4606 versa
463 4568 698 4624 namque
727 4565 852 4613 sunt
876 4560 1015 4614 dona
1045 4560 1301 4631 Spiritus,
1346 4568 1490 4634 quod
1533 4570 1750 4637 quidam
1790 4573 1872 4628 di-
1895 4598 1950 4660 D
1977 4569 2200 4625 drarent
2224 4586 2337 4637 eos,
2364 4582 2470 4627 etc.
2495 4591 2514 4625 ι
2575 4573 3007 4632 Fundamentum
3039 4580 3222 4650 templi
3247 4560 3463 4639 nullum-
3482 4598 3567 4643 est

273 4645 439 4699 cendi
471 4661 535 4700 ac
581 4657 864 4718 protervos
921 4656 1180 4725 arguendi
1237 4661 1600 4716 constantiam
1643 4664 1864 4732 habent,

275 4739 501 4808 quidam
536 4744 779 4800 mitiores
806 4748 873 4801 ad
902 4750 1262 4808 consolandos
1276 4755 1664 4826 pusillanimes,
1690 4769 1745 4814 et
1779 4761 1866 4815 in-

274 4829 466 4886 ﬁrmos
496 4833 854 4892 sublevandos
877 4840 1138 4909 existunt,
1171 4845 1390 4913 quidam
1404 4850 1684 4921 utriusque
1698 4854 1868 4908 virtu-

274 4925 350 4978 tis
373 4941 599 4982 munere
620 4931 832 4998 praediti
843 4932 911 4986 ad
922 4949 1057 5002 opus
1071 4937 1263 4993 domus
1273 4939 1488 4995 Domini
1512 4946 1862 5015 conveniunt,

275 5017 468 5086 quales
507 5019 627 5074 ﬁeri
673 5021 842 5076 voluit
872 5039 988 5091 eos,
1034 5029 1229 5096 quibus
1267 5029 1507 5100 loquitur
1553 5033 1863 5106 Apostolus,

275 5108 466 5164 dicens
494 5128 508 5165 :
537 5129 556 5161 ‹
576 5111 844 5184 Corripite
870 5117 1158 5188 inquietos,
1192 5123 1544 5180 consolamini
1589 5129 1866 5198 pusillani-

274 5214 426 5263 mes,
457 5204 716 5272 suscipite
738 5206 1001 5271 inﬁrmos,
1036 5212 1304 5279 patientes
1343 5224 1515 5271 estote
1560 5220 1627 5273 ad
1677 5236 1865 5278 omnes

274 5287 340 5359 (Ι
374 5288 552 5345 Thess.
580 5293 674 5362 v).
700 5315 716 5346 ι
745 5293 1024 5366 Praepositi
1053 5309 1234 5356 autem
1265 5303 1356 5372 qui
1389 5316 1659 5372 praeerant
1681 5309 1866 5381 singu-

270 5378 345 5434 lis
379 5383 648 5452 operibus,
675 5386 777 5456 ipsi
813 5397 940 5444 sunt
977 5405 1148 5446 sacrae
1191 5393 1496 5450 conditores
1547 5378 1860 5470 Scripturaa,

274 5485 511 5542 quorum
533 5476 846 5546 magisterio
879 5479 935 5534 in
961 5481 1214 5538 omnibus
1238 5485 1537 5552 erudimur,
1590 5492 1859 5558 quomodo

273 5562 522 5621 mitiores
565 5567 761 5625 docere
818 5579 875 5626 et
928 5581 1330 5646 contemptores
1377 5581 1675 5653 corripere,
1725 5599 1861 5653 quo-

273 5653 439 5708 modo
469 5671 568 5712 nos
596 5660 826 5716 invicem
869 5677 1038 5719 onera
1064 5675 1249 5731 nostra
1269 5677 1515 5738 portare,
1551 5681 1612 5726 ut
1634 5673 1860 5744 implea-

272 5759 399 5802 mus
466 5749 641 5821 legem
695 5747 938 5822 Cll'risti,
996 5760 1281 5815 conveniat
1341 5760 1492 5832 (Gal.
1537 5766 1643 5835 vi).
1692 5765 1861 5824 Recte

274 5840 487 5910 praefati
545 5845 777 5912 operarii
852 5850 1190 5922 septuaginta
1247 5851 1434 5919 millia,
1478 5863 1532 5912 ct
1588 5861 1858 5932 octoginta

557 5937 832 6014 Parnm“
877 5941 1041 6005 CIX.

1975 4662 2202 4731 mystice
2250 4663 2656 4736 intelligendum
2691 4709 2706 4734 ,
2759 4684 2920 4739 quam
2971 4670 3099 4726 illud
3147 4676 3288 4744 quod
3330 4682 3569 4757 ostendit

1971 4753 2260 4824 Apostolus
2289 4757 2474 4813 dicens
2497 4775 2510 4812 :
2538 4779 2556 4811 ι
2579 4759 3012 4817 Fundamentum
3037 4766 3180 4820 enim
3208 4767 3354 4824 aliud
3400 4753 3560 4828 nemo

1971 4856 2150 4916 potest
2174 4864 2396 4919 ponere,
2426 4861 2624 4921 printer
2654 4853 2709 4907 id
2747 4854 2891 4924 quod
2920 4859 3152 4925 positum
3175 4869 3274 4923 est,
3309 4865 3451 4929 quod
3478 4873 3562 4918 est

1973 4937 2225 4994 Christus
2261 4941 2418 4997 Jesus
2457 4942 2513 5014 (Ι
2551 4943 2674 4999 Cor.
2723 4945 2830 5017 ιιι).
2854 4967 2872 4998 ι
2922 4948 3024 5014 Qui
3049 4959 3334 5019 preptcrea
3363 4953 3560 5009 funda-

1973 5038 2214 5086 mentum
2259 5033 2450 5091 domus
2488 5034 2701 5092 Domini
2744 5046 2922 5108 potest
2965 5049 3112 5094 recte
3146 5043 3369 5109 vocari;
3403 5046 3555 5115 quia,

1971 5123 2111 5177 sicut
2152 5125 2228 5178 ait
2277 5125 2471 5182 Petrus
2503 5146 2516 5182 :
2549 5128 2702 5183 «Non
2754 5139 2836 5185 est
2872 5131 3017 5185 aliud
3053 5131 3152 5184 sub
3188 5133 3328 5189 caelo
3367 5136 3554 5192 datum

1967 5230 2161 5271 nomen
2193 5218 2524 5287 hominibus,
2555 5221 2611 5274 in
2633 5237 2740 5291 quo
2776 5229 3024 5291 oporteat
3051 5223 3226 5278 salvos
3255 5225 3370 5280 ﬁeri
3409 5227 3549 5300 (Act.

1966 5307 2062 5378 tv).
2089 5327 2108 5359 ι
2159 5309 2216 5363 ln
2241 5312 2384 5380 quod
2409 5312 2820 5368 fundamentum
2846 5312 3048 5383 lapides
3075 5317 3306 5386 grandes
3348 5327 3405 5373 et
3430 5336 3553 5389 pre-

1967 5398 2091 5454 tiosi
2135 5400 2416 5470 tolluntur,
2465 5420 2586 5458 cum
2638 5404 2894 5475 praecipui
2947 5405 3106 5464 factis
3151 5423 3214 5464 ac
3264 5412 3550 5468 sanctitate

1961 5491 2066 5544 viri
2111 5490 2366 5548 familiari
2414 5495 2611 5549 mentis
2647 5495 2934 5554 sanctitate
2973 5514 3070 5554 suo
3099 5499 3380 5558 adhaerent
3403 5502 3546 5559 Con-

1961 5583 2146 5650 ditori,
2180 5595 2240 5639 ut
2269 5601 2376 5655 quo
2405 5585 2615 5642 ﬁrmius
2642 5587 2699 5642 in
2724 5588 2815 5644 illo
2845 5605 2994 5660 spem
3016 5606 3167 5646 suam
3193 5606 3435 5662 ponunt,
3479 5610 3546 5650 eo

1961 5675 2160 5732 fortius
2193 5677 2422 5732 aliorum
2445 5678 2613 5733 vitam
2641 5680 2875 5752 dirigere
2905 5683 3069 5754 (quod
3095 5691 3180 5738 est
3206 5683 3544 5740 latitudinem

1959 5767 2185 5839 parietis
2213 5768 2453 5840 portare)
2484 5768 2767 5825 suﬁiciant.
2815 5768 3045 5840 Lapides
3074 5788 3202 5842 ergo
3223 5774 3314 5841 qui
3343 5776 3397 5826 in
3425 5772 3544 5826 fun-

1963 5857 2271 5916 damentum
2303 5859 2483 5930 templi
2512 5861 2578 5916 ad
2603 5861 2928 5931 portandum
2952 5863 3238 5918 mdilicium
3264 5877 3423 5918 omne
3450 5878 3546 5934 po-

3062 5955 3101 6017 5
