4074 6476
434 444 441 447 ‘
512 426 615 483 159

1157 420 1217 473 Β.
1259 396 1519 473 unum
1555 409 1778 472 nsunt
1813 402 2134 500 ARCRlEl‘.
2174 350 2487 466 nouum.
2528 394 2817 464 ornauit
2853 392 3035 458 rans
3074 392 3119 455 ι.

3658 391 3773 450 Mi)

510 543 799 605 neban‘tur,
822 534 1035 609 proprie
1056 538 1181 588 sunt
1198 533 1475 604 pmphetm
1502 532 1557 586 et
1585 526 1832 600 apostoli,
1857 525 1948 597 qui
1976 539 2094 580 ver-
2116 530 2169 589 Α
2190 518 2363 593 pides,
2394 519 2593 593 quibus
2608 518 2810 574 factum
2836 522 2921 572 est
2945 504 3226 609 templum,
3266 509 3323 564 in
3345 504 3786 609 librofaralirpo-

509 637 639 693 bum
687 639 742 688 et
791 630 1127 686 sacramenta
1183 624 1429 681 veritatis
1477 624 1590 679 sive
1630 621 1915 677 visibiliter
1976 617 2089 674 sive

509 720 849 783 invisibiliter
872 720 938 775 ab
963 721 1077 790 ipsa
1114 714 1212 773 Del
1254 716 1515 787 sapientia
1556 718 1934 786 perceperunt.
1987 711 2089 780 Qui

507 820 645 877 bene
675 810 879 889 lapides
900 813 1078 886 primo
1106 812 1376 884 quadrati,
1424 826 1489 865 ac
1523 810 1603 865 sic
1637 808 1692 864 in
1738 806 2090 862 fundamento

508 910 635 984 poni
660 908 936 980 iubentur.
963 982 967 984 _
987 906 1317 975 Quadratum
1344 916 1572 972 namque
1592 912 1751 984 omne
1771 910 2091 969 quocunque

508 982 755 1069 vertitur,
814 982 980 1056 ﬁxum
1034 1004 1182 1054 stare
1233 994 1530 1053 consuevit.
1585 991 1682 1049 Cui
1724 982 1979 1046 nimirum
2029 987 2091 1043 ﬁ-

498 1090 656 1172 gurae
695 1096 862 1154 corda
888 1088 1270 1149 assimulantur
1291 1089 1610 1154 electorum,
1638 1101 1758 1156 quae
1787 1084 1859 1140 ita
1882 1084 1937 1138 in
1966 1080 2091 1137 ﬁdei

507 1190 765 1251 ﬁrmitate
789 1186 1087 1244 consistere
1110 1182 1431 1247 didicerunt,
1449 1187 1508 1235 ut
1520 1178 1664 1234 nulla
1692 1174 2091 1233 occurrentium

509 1296 690 1340 rerum
736 1277 1084 1343 adversitate,
1128 1290 1231 1332 nec
1262 1274 1379 1346 ipsa
1419 1274 1581 1328 etiam
1620 1276 1797 1327 morte
1825 1280 1857 1324 a
1887 1266 1971 1324 sui
2005 1278 2093 1323 re—

506 1370 767 1429 ctitudine
803 1369 1012 1442 possint
1046 1375 1217 1425 status
1252 1360 1520 1421 inclinari.

584 1483 602 1516 ι
631 1463 779 1531 Quos
821 1460 1136 1518 deleverunt
1178 1456 1510 1516 caementarii
1551 1450 1856 1512 Salomonis
1896 1458 1952 1510 et
1995 1466 2093 1508 cte-

512 1576 530 1608 ‹
551 1555 803 1613 mentarii
830 1554 1039 1610 Hiram.
1061 1572 1080 1607 ι
1101 1550 1362 1631 Dolantur
1374 1545 1824 1622 namquelapides
1841 1542 2089 1618 pretiosi,

507 1663 629 1703 cum
656 1646 813 1704 electi
840 1645 1040 1718 quique
1068 1644 1487 1717 prmeedentium
1530 1648 1841 1698 sanctorum
1891 1640 2092 1694 instru-

505 1740 684 1795 ctione
708 1744 764 1794 et
805 1736 1066 1795 instantia
1090 1736 1349 1808 quidquid
1377 1736 1433 1791 in
1462 1752 1520 1792 se
1547 1734 1748 1791 habent
1786 1732 2007 1789 noxium
2036 1737 2093 1786 et
2146 1774 2154 1781 .

507 1829 668 1886 inane
692 1829 1023 1901 relinquunt,
1047 1837 1210 1901 atque
1235 1835 1360 1885 ante
1388 1836 1734 1899 conspectum
1768 1824 1851 1882 sui
1879 1832 2091 1882 creato-

2189 629 2384 671 menon
2407 621 2592 685 aperte
2619 610 2950 666 declaratum
2979 614 3082 673 est,
3121 604 3334 659 dicente
3371 599 3543 655 David
3566 598 3636 654 sd
3665 597 3783 654 Sa~

2187 710 2387 775 lomon,
2424 722 2547 763 eum
2583 706 2635 762 ei
2672 705 2945 776 impensas
2979 699 3169 771 templi
3205 711 3345 769 quas
3370 699 3787 767 pmpsraverat

2187 798 2499 859 ostenderet
2530 818 2543 854 :
2577 798 2851 855 rOmnem
2887 796 3185 868 pretiosum
3227 788 3480 864 lapidem,
3527 794 3585 845 et
3625 802 3782 843 mar-

2188 908 2309 950 mor
2362 891 2579 948 Parium
2648 886 3110 945 abundantMe
3158 881 3461 955 prmparsvi
3522 878 3584 952 (Ι
3640 875 3781 932 Par.

2189 998 2318 1040 xxxx
2332 980 2373 1056 ).
2399 1002 2417 1035 ι
2475 979 2711 1036 Marmor
2739 987 2921 1033 autem
2946 975 3187 1040 Parium,
3221 984 3460 1027 marmor
3483 966 3785 1025 candidum

2188 1074 2340 1143 dicit,
2367 1072 2522 1146 quale
2544 1070 2733 1129 eadem
2755 1071 2930 1127 insula
2959 1070 3183 1143 gignere
3208 1064 3511 1122 consuevit.
3554 1060 3655 1117 Est
3681 1073 3786 1114 au-

2192 1176 2298 1225 tem
2329 1183 2439 1223 una
2469 1167 2535 1223 de
2571 1164 2912 1239 Cycladibus,
2956 1177 3064 1233 quo
3103 1159 3358 1216 videlicet
3402 1156 3582 1228 lepide
3629 1162 3785 1214 ιοωο

2189 1262 2337 1333 plum
2365 1258 2532 1317 fuisse
2566 1260 2789 1326 factum,
2836 1264 2890 1314 et
2938 1255 3204 1326 Josephus
3244 1251 3503 1316 insinuat,
3544 1248 3782 1304 dicens:

2196 1371 2216 1405 r
2238 1352 2480 1409 Elevavit
2504 1350 2688 1421 itaque
2716 1347 2973 1419 templum
3006 1360 3180 1416 usque
3214 1342 3281 1399 ad
3309 1354 3584 1399 cameram
3619 1348 3677 1394 et
3702 1338 3787 1393 la-

2189 1442 2314 1517 pide
2336 1442 2457 1499 albo
2491 1447 2880 1498 constructum.
2904 1457 2924 1492 ι
2977 1436 3217 1493 Altitudo
3246 1435 3348 1490 ﬁuit
3373 1432 3653 1505 sexaginta
3682 1445 3785 1486 cu—

2190 1539 2446 1596 bitorum.
2486 1535 2598 1593 Nec
2623 1533 2866 1608 mysterii
2893 1546 3085 1590 sensus
3126 1531 3180 1587 in
3215 1529 3398 1586 abdito
3437 1535 3542 1583 est.
3590 1525 3784 1581 Cuivis

2191 1631 2389 1687 etenim
2416 1636 2566 1701 patet
2590 1626 2732 1698 quod
2758 1640 3000 1682 marmor
3020 1622 3330 1689 candidum,
3362 1635 3429 1676 ex
3448 1633 3558 1690 quo
3582 1619 3785 1673 domus

2192 1718 2401 1778 Domini
2425 1727 2737 1777 constructa
2766 1724 2868 1786 est,
2907 1714 3162 1772 mundam
3190 1713 3482 1768 electorum
3507 1710 3784 1765 actionem

2192 1812 2357 1871 simul
2398 1820 2454 1868 et
2504 1809 2890 1868 conscientiam
2933 1806 3002 1864 ab
3046 1805 3194 1863 omni
3227 1818 3383 1860 naevo
3412 1800 3784 1872 corruptionis

505 1925 583 1981 ris
612 1924 790 1981 insitae
817 1891 920 1981 sibi
944 1891 1171 1994 iustitiae
1192 1914 1456 1993 regulam,
1482 1891 1636 1989 quasi
1678 1916 1925 1974 stabilem
1957 1932 2091 1989 qua-
2114 1894 2164 1961 Β
2191 1906 2509 1977 castigatam
2550 1904 2815 1975 designat,
2856 1900 3066 1994 quales
3088 1912 3212 1994 esse
3244 1894 3415 1951 voluit
3444 1893 3669 1994 sapiens
3686 1891 3784 1994 ille

506 2015 741 2072 dratura:
768 2015 1020 2080 formam,
1050 2010 1358 2069 ostendunt.
1410 2008 1742 2067 Dolaverunt
1777 2016 1956 2065 autem
1987 2009 2088 2067 hos

504 2106 713 2178 lapides
741 2123 849 2164 non
882 2106 1055 2163 solum
1084 2102 1417 2187 caementarii
1444 2102 1769 2172 salomonis,
1795 2103 1889 2159 sed
1910 2111 1967 2159 et
1988 2119 2090 2159 cae-

505 2198 758 2257 mentarii
802 2198 1014 2267 Hiram,
1061 2198 1189 2269 quia
1222 2214 1290 2255 ex
1322 2205 1553 2271 utroque
1596 2194 1792 2267 populo
1840 2195 2090 2254 doctores

502 2284 656 2347 fuere
685 2298 886 2346 sancte
922 2287 1199 2346 Ecclesiae.

540 2416 550 2431 ι
580 2404 600 2436 ι
626 2383 799 2439 Porro
825 2380 987 2439 Giblii
1028 2387 1467 2455 praeparaverunt
1503 2375 1649 2452 ligna
1687 2387 1743 2435 et
1773 2374 1982 2451 lapides
2021 2380 2091 2437 ad

510 2494 528 2527 ‹
558 2472 931 2529 aediﬁcandam
970 2473 1208 2528 domum.
1239 2493 1257 2525 ι
1318 2470 1504 2529 Gibios
1538 2478 1621 2527 est
1656 2471 1849 2527 civitas
1870 2468 2092 2527 Phoeni—

504 2565 607 2633 cis,
638 2563 791 2635 cujus
818 2566 1066 2622 meminit
1084 2560 1331 2621 Ezechiel
1361 2564 1549 2621 dicens
1579 2584 1590 2620 :
1632 2582 1650 2616 ‹
1676 2564 1960 2636 Sapientes
1990 2564 2089 2632 tui,

503 2655 665 2727 Tyre,
705 2655 833 2712 l‘aeti
869 2665 993 2714 sunt
1036 2656 1424 2729 gubernatores
1469 2655 1571 2724 tui,
1623 2669 1780 2710 senes
1825 2653 1987 2709 Giblii
2036 2661 2092 2710 et

502 2747 798 2817 prudentes
821 2746 937 2818 ejus
972 2745 1186 2820 (Ezech.
1216 2746 1407 2819 xxvu).
1430 2766 1448 2797 ι
1490 2746 1597 2801 Pro
1630 2760 1738 2817 quo
1768 2744 1823 2799 in
1861 2740 2090 2801 Hebrazo

502 2838 809 2893 continetur
852 2830 1016 2891 Gobal
1051 2836 1165 2892 sive
1196 2834 1379 2903 Gebal,
1410 2834 1551 2906 quad
1582 2834 1968 2906 interpretatur
2002 2834 2090 2888 de-

501 2931 705 3000 ﬁniens,
736 2928 847 2985 sive
869 2929 1243 2984 disterminans
1267 2928 1444 3001 :quod
1468 2926 1789 2984 vocabulum
1815 2935 1938 2997 apte
1964 2940 2093 2981 con-

500 3012 653 3073 venit
676 3018 756 3074 eis
784 3019 875 3089 qui
901 3019 1063 3074 corda
1087 3020 1367 3076 hominum
1388 3018 1456 3074 ad
1477 3017 1764 3073 aediﬁcium
1787 3015 2087 3089 spirituale,

503 3111 648 3180 quod
680 3122 748 3164 ex
778 3110 1073 3165 virtutibus
1114 3109 1308 3165 animas
1346 3107 1697 3175 construitur,
1734 3114 1928 3179 parant
1967 3125 1980 3161 :
2012 3106 2092 3162 sic

500 3200 701 3255 etenim
729 3198 1067 3255 solummodo
1089 3210 1217 3255 suos
1243 3194 1517 3253 auditores
1544 3196 1704 3253 ﬁdem
1733 3206 1788 3253 et
1810 3212 1974 3268 opera
2006 3195 2090 3267 ju-

2192 1998 2521 2055 arehitectus
2549 2010 2644 2051 eos
2687 2007 2824 2067 quos
2853 2006 3015 2063 super
3040 1989 3448 2046 fundamentum
3466 1984 3673 2040 Christi
3693 1983 3783 2038 lo—

2191 2094 2350 2147 cabat
2376 2088 2581 2163 lapides
2609 2088 2894 2160 pretiosos,
2925 2099 3059 2141 auro
3101 2091 3434 2156 argentoque
3470 2078 3780 2136 redimitos.

2196 2201 2215 2235 ι
2240 2178 2578 2247 Charissimi,
2608 2178 2805 2247 inquit,
2841 2175 3165 2231 mandemus
3191 2188 3290 2229 nos
3319 2171 3390 2227 ab
3421 2168 3568 2226 omni
3602 2170 3786 2239 inqui-

2190 2281 2448 2329 namento
2477 2268 2655 2326 carnis
2684 2276 2739 2324 et
2763 2268 3004 2340 spiritus,
3035 2265 3377 2340 perﬁciontes
3396 2262 3786 2321 sanctiﬁcatio-

2190 2377 2318 2420 nem
2345 2363 2402 2419 in
2428 2364 2626 2419 timore
2656 2360 2773 2417 Dei.
2796 2379 2816 2414 ι

2795 2470 3027 2533 CAPUT
3065 2471 3157 2531 Vl.

2193 2570 2418 2641 Quando
2456 2568 2542 2650 uel.
2570 2571 2659 2650 api
2685 2569 3005 2650 aediﬁcatum
3037 2566 3103 2623 sit
3128 2563 3597 2650 templum-acu)”
3631 2579 3787 2618 men-

2330 2659 2470 2698 sura:
2497 2642 2564 2697 sit
2592 2635 2829 2713 factum}
2862 2649 2989 2712 quot
3020 2640 3172 2694 armis
3198 2635 3264 2693 sit
3290 2635 3630 2706 aediﬁcatum.

2261 2733 2413 2807 (Car.
2438 2731 2539 2806 vr.)
2573 2750 2590 2785 ι
2609 2731 2835 2789 Factum
2862 2739 2945 2788 est
2974 2731 3141 2804 igitur
3167 2727 3698 2801 quadringentesimo
3722 2721 3787 2782 et

2197 2844 2215 2877 ι
2243 2823 2574 2895 octogesimo
2633 2836 2777 2878 anno
2835 2820 3165 2892 egressionis
3217 2819 3452 2875 ﬁliorum
3497 2816 3661 2873 lsrael
3711 2816 3787 2872 de

2196 2935 2214 2968 1
2243 2925 2390 2971 terra
2415 2912 2629 2987 Egypti
2662 2914 2719 2969 in
2748 2928 2890 2968 anno
2912 2922 3129 2983 quarto,
3169 2924 3358 2977 mense
3397 2910 3514 2976 Zio,
3560 2908 3674 2978 ipse
3693 2915 3787 2963 est

2196 3027 2216 3061 ‹
2244 3007 2448 3063 mensis
2491 3006 2761 3063 secundus
2824 3006 2967 3077 regis
3012 3003 3318 3060 Salomonis
3368 3016 3531 3072 super
3568 2998 3780 3055 Israel:

2194 3098 2216 3154 ἰ
2243 3099 2512 3157 aediﬁcare
2537 3099 2705 3169 erepit
2733 3097 2950 3153 domum
2979 3094 3228 3161 Domino,
3251 3102 3357 3149 etc.
3380 3112 3399 3146 ›
3457 3090 3610 3159 Quod
3642 3090 3784 3145 diei.

2192 3199 2298 3260 tur,
2336 3212 2354 3245 ι
2384 3192 2440 3247 in
2468 3205 2612 3245 anno
2636 3196 2831 3259 quarto
2854 3202 3039 3244 mense
3064 3186 3184 3252 Zio,
3206 3186 3324 3258 ipse
3349 3192 3433 3240 est
3461 3181 3662 3238 mensis
3690 3195 3784 3236 se-

501 3291 663 3347 stitiae
693 3286 888 3347 docere
911 3288 1204 3358 sufﬁciunt,
1236 3288 1361 3345 dum
1383 3288 1485 3361 ipsi
1504 3290 1655 3361 prius
1682 3264 1862 3345 sacris
1877 3264 2088 3362 paginis
2114 3264 2160 3335 C
2190 3284 2351 3340 eundi
2398 3284 2539 3357 regis
2578 3281 2883 3338 Salomonis
2919 3295 3084 3352 super
3124 3278 3314 3345 ismel,
3358 3292 3377 3329 ι
3416 3273 3550 3331 ordo
3587 3289 3782 3330 sensus

498 3382 697 3446 edocti,
736 3378 1027 3454 diligenter
1061 3396 1180 3449 quae
1224 3380 1297 3436 sit
1326 3380 1458 3436 ﬁdes
1492 3380 1744 3447 tenenda,
1778 3392 1885 3449 quo
1912 3379 2087 3435 virtu-

501 3482 620 3532 tum
647 3474 782 3532 calle
810 3476 1186 3540 incedendum,
1214 3482 1365 3530 certa
1388 3472 1698 3530 deﬁnitione
1726 3474 1973 3530 veritatis
2005 3471 2088 3530 di-

503 3565 751 3623 dicerint.
802 3566 937 3622 Nam
981 3567 1184 3623 frustra
1224 3567 1458 3623 cilicium
1503 3566 1605 3623 sibi
1652 3568 1890 3624 doctoris
1932 3584 2090 3624 usur-

502 3665 617 3728 pat,
646 3654 739 3725 qui
763 3654 1446 3715 diseretionemeatholicae
1472 3657 1595 3715 ﬁdei
1634 3657 1867 3733 ignorat,
1913 3674 2086 3728 neque

502 3752 871 3808 sanctuarium
888 3753 1134 3823 Domino,
1167 3756 1260 3810 sed
1290 3756 1500 3812 ruinam
1542 3754 1645 3812 sibi
1680 3754 1970 3821 aediﬁcant,
1994 3752 2088 3825 qui

499 3839 696 3898 docere
724 3842 858 3899 alios
888 3838 1152 3915 regulam,
1191 3862 1351 3917 quam
1401 3844 1505 3916 ipsi
1546 3862 1656 3902 non
1690 3844 1949 3912 didicere,
1991 3861 2084 3901 co-

502 3942 722 3992 nantur.
778 3930 839 3990 in
871 3933 1188 3992 aediﬁcanda
1226 3952 1355 4009 ergo
1397 3936 1556 3993 domo
1594 3935 1692 3993 Dei
1737 3936 1913 4008 primo
1960 3945 2089 3991 sunt

500 4024 646 4097 ligna
669 4032 725 4080 et
748 4024 954 4095 lapides
982 4025 1222 4082 caedendi
1255 4027 1319 4082 de
1348 4035 1567 4083 monte:
1594 4027 1718 4096 quia
1750 4041 1845 4082 eos
1869 4041 2008 4097 quos
2031 4025 2087 4079 in

501 4114 609 4171 ﬁde
629 4112 875 4170 veritatis
900 4115 1183 4172 instituere
1209 4117 1523 4188 quaerimus,
1554 4119 1732 4188 primo
1756 4132 1976 4174 necesse
2005 4127 2088 4175 est

500 4209 565 4259 ut
591 4204 972 4260 abrenuntiare
999 4205 1233 4271 diabolo,
1267 4222 1330 4262 ac
1356 4205 1424 4262 de
1444 4216 1588 4262 sorte
1611 4208 1801 4279 primae
1838 4208 2088 4279 praevari-

504 4292 732 4349 cationis
754 4293 809 4348 in
845 4308 949 4365 qua
976 4295 1089 4350 nati
1125 4304 1252 4351 sunt
1279 4297 1566 4353 doceamus
1591 4300 1923 4355 renascendo
1944 4297 2082 4355 erui.

503 4387 707 4445 Deinde
732 4391 1010 4459 quart'endi
1040 4398 1166 4446 sunt
1213 4390 1417 4462 lapides
1467 4390 1691 4462 pretiosi
1731 4401 1787 4449 et
1830 4394 2083 4466 grandes,

504 4492 667 4554 atque
700 4483 758 4537 in
790 4482 1195 4539 fundamentum
1218 4486 1407 4555 templi
1436 4486 1690 4556 ponendi,
1727 4494 1788 4540 ut
1826 4486 2086 4541 memine-

502 4574 677 4627 rimus
712 4574 963 4628 abdicata
1009 4578 1421 4631 conversatione
1454 4577 1645 4647 priori,
1671 4582 1857 4632 eorum
1885 4578 1939 4633 in
1966 4592 2086 4633 om-

2189 3387 2274 3435 est
2304 3392 2318 3434 :
2348 3375 2406 3434 in
2449 3392 2587 3433 anno
2623 3385 2820 3449 quarto
2861 3377 3008 3450 regis
3054 3373 3361 3432 Salomonis
3400 3386 3566 3443 super
3608 3369 3781 3427 lsrael

2189 3486 2376 3530 mense
2401 3470 2518 3538 Zio,
2550 3470 2664 3542 ipse
2691 3478 2774 3526 est
2814 3471 3017 3526 mensis
3060 3469 3347 3527 secundus.
3394 3467 3633 3522 Mensem
3677 3481 3781 3520 au-

2189 3576 2299 3623 tem
2341 3564 2634 3622 secundum
2678 3562 2876 3621 Maium
2924 3562 3072 3620 dicit.
3130 3562 3376 3633 Namque
3415 3559 3639 3632 Aprilis,
3668 3573 3780 3630 quo

2190 3657 2398 3714 Pascha
2440 3655 2765 3723 celebratur,
2810 3655 3136 3726 principium
3178 3653 3445 3709 mensium
3492 3651 3634 3722 apud
3665 3649 3777 3705 lle-

2187 3750 2364 3806 bmos
2390 3744 2600 3820 primus
2626 3755 2744 3803 erat
2768 3748 2823 3803 in
2848 3746 3127 3801 mensibus
3160 3744 3306 3800 anni.
3350 3742 3431 3798 Ex
3462 3756 3572 3812 quo
3598 3740 3781 3797 manl-

2190 3843 2328 3899 feste
2356 3841 2544 3909 claret,
2585 3842 2726 3913 quod
2764 3854 2910 3907 mox,
2941 3848 3163 3910 peracto
3185 3837 3414 3903 Pascha,
3455 3835 3620 3906 etrapit
3646 3832 3782 3890 aedi-

2190 3932 2356 3987 ﬁcare
2396 3931 2613 3988 domum
2650 3928 2888 3997 Domini,
2937 3938 2992 3985 et
3030 3937 3381 3986 consecratus
3415 3926 3644 3997 mystica
3690 3938 3782 3979 so-

2191 4022 2470 4077 lemnitate
2496 4020 2747 4093 populus,
2774 4036 2968 4076 manus
2990 4020 3060 4075 ad
3098 4018 3388 4091 mysticum
3425 4031 3560 4088 opus
3603 4013 3777 4070 misit.

2190 4112 2279 4169 Fit
2320 4120 2505 4168 autem
2552 4112 2994 4169 commemoratio
3038 4109 3365 4182 egressionis
3424 4123 3494 4164 ex
3543 4105 3781 4177 λειωμο

2192 4207 2409 4278 quando
2434 4204 2843 4263 tabernaculum
2868 4204 3124 4261 aediﬁcari
3148 4212 3385 4276 emptum
3418 4209 3526 4269 est,
3570 4208 3633 4255 ut
3674 4200 3778 4255 ad-

2184 4305 2478 4353 moneatur
2504 4298 2675 4353 leetor
2699 4306 2832 4368 quot
2855 4312 3128 4353 annorum
3158 4290 3369 4367 tempus
3419 4294 3563 4349 inter
3602 4292 3779 4347 aediﬁ-

2192 4388 2463 4442 cationem
2510 4389 2793 4458 utriusque
2838 4388 3031 4444 domus
3057 4387 3363 4452 transierit;
3397 4392 3453 4442 et
3480 4384 3608 4439 huic
3635 4399 3779 4456 quo-

2191 4496 2298 4553 que
2334 4499 2558 4539 summa:
2586 4485 2845 4553 temporis
2866 4490 3265 4540 sacramentum
3293 4484 3469 4539 inesse
3497 4480 3781 4552 spirituaie

2193 4584 2500 4647 cognoscat.
2537 4577 2737 4645 Quater
2760 4592 2995 4649 namque
3013 4578 3223 4633 centeni
3247 4586 3301 4632 et
3318 4575 3495 4632 viceni
3517 4575 3780 4645 quadrin-

502 4663 663 4717 nibus
697 4665 863 4717 vitam
905 4680 1193 4735 moresque
1221 4667 1508 4737 inspicere,
1537 4683 1632 4725 eos
1646 4669 1856 4725 nostris
1882 4669 2093 4734 audito:-
2113 4626 2168 4697 Β
2193 4681 2384 4744 gentos
2407 4680 2462 4727 et
2490 4670 2762 4744 octoginta
2787 4626 3014 4727 faciunt.
3050 4671 3295 4740 Quatuor
3331 4679 3508 4726 autem
3543 4683 3782 4738 evange-

505 4752 658 4807 ribus
681 4752 967 4809 imitandos
992 4769 1314 4824 proponere,
1342 4770 1478 4826 quos
1505 4768 1604 4827 per
1626 4757 1882 4813 virtutem
1920 4758 2092 4814 humi—

502 4843 674 4899 litatis
701 4845 1008 4915 specialiter
1036 4845 1265 4901 Domino
1303 4844 1582 4902 adhaerens
1604 4849 1937 4905 noverimus.
1987 4849 2093 4905 ΑΛ*

505 4938 715 4994 (lendus
731 4945 819 4991 est
840 4938 896 4991 in
918 4937 1083 4991 alwm
1102 4938 1285 5007 paries
1308 4951 1534 5008 operum
1554 4938 1835 5005 bonorum,
1858 4949 1915 4996 et
1934 4941 2089 5012 quasi

508 5042 670 5098 super
692 5029 961 5099 impositis
996 5029 1099 5085 sibi
1128 5030 1357 5085 invicem
1382 5024 1664 5087 ordinibus
1702 5031 1938 5103 lapidum
1975 5046 2090 5090 ama

509 5120 800 5176 bulandum
822 5129 909 5177 est
945 5136 1009 5178 ac
1047 5122 1439 5194 proﬁciendum
1464 5145 1485 5176 ι
1509 5126 1575 5181 de
1600 5126 1800 5182 virtute
1830 5129 1881 5183 in
1918 5129 2089 5184 virtu-

510 5219 619 5266 tem
651 5209 822 5281 (Psai.
844 5214 1098 5287 Lxmtt).
1125 5234 1144 5268 ι
1186 5216 1285 5273 Vel
1324 5224 1469 5273 certe
1510 5218 1716 5289 lapides
1750 5217 2085 5277 fundamenti

509 5302 770 5372 grandes,
812 5305 1037 5373 pretiosi
1060 5313 1120 5359 et
1142 5296 1399 5375 quadrati
1419 5308 1582 5378 primi
1627 5314 1753 5363 sunt
1780 5352 1795 5376 ,
1826 5320 1887 5365 ut
1926 5326 2089 5381 supra

509 5391 766 5459 diximus,
809 5393 1174 5450 Ecclesz
1214 5398 1484 5468 magistri,
1509 5401 1603 5467 qui
1632 5399 1699 5453 ab
1718 5401 1837 5470 ipso
1858 5396 2087 5459 Domino

509 5485 734 5542 vetitum
761 5488 987 5545 audiere
1024 5486 1234 5545 salutis.
1283 5492 1619 5563 Superposi‘ti
1660 5503 1841 5548 autem
1864 5495 2087 5550 ordines

506 5576 747 5649 lapidum
772 5580 888 5637 sive
912 5580 1182 5654 iratorum
1222 5592 1509 5653 sequentes
1548 5592 1697 5651 sunt,
1740 5600 1841 5640 suo
1888 5582 2086 5657 quique

508 5678 752 5740 tempore
778 5674 1094 5729 acutiores
1120 5689 1184 5729 ac
1200 5675 1470 5731 doctores.
1521 5676 1761 5747 Quorum
1785 5677 1872 5732 vel
1896 5676 2087 5747 praedi-

510 5763 725 5818 catione
762 5778 825 5819 ac
852 5765 1155 5821 ministerio
1196 5766 1400 5822 fabrica
1448 5767 1645 5822 crescit
1683 5767 1956 5835 Ecclesiae,
2005 5768 2089 5825 vel

510 5860 735 5910 Mt
774 5854 1081 5912 virtutibus.
1136 5855 1337 5923 Quales
1362 5863 1542 5912 autem
1571 5856 1748 5913 colore
1781 5856 1981 5915 fuerint
2008 5860 2086 5916 la-

2191 4764 2309 4819 licat
2322 4762 2640 4834 perfectioni
2661 4771 2785 4835 apte
2806 4762 3150 4829 conveniunt,
3175 4772 3395 4835 propter
3412 4762 3585 4832 ipsum
3607 4774 3781 4814 evan-

2195 4856 2509 4927 gelistarum
2536 4869 2842 4910 numerum.
2897 4856 3125 4911 Centum
3148 4856 3407 4911 doctrinm
3426 4853 3584 4925 legali
3603 4895 3617 4919 ,
3643 4868 3778 4923 pro-

2190 4954 2313 5016 pter
2339 4960 2510 5000 armos
2535 4945 2857 5016 legislatoris
2894 4946 3138 5001 totidem.
3205 4945 3265 4999 In
3311 4960 3416 5014 quo
3462 4945 3628 4999 etiam
3678 4958 3781 4997 nu-

2191 5052 2345 5093 mero
2370 5036 2628 5103 virorum,
2646 5038 2875 5110 gratiam
2902 5038 3074 5092 sancti
3100 5035 3624 5108 Spiritusprimitiva
3652 5051 3777 5091 sus-

2191 5130 2335 5200 cepit
2378 5129 2619 5185 Ecclesia
2645 5170 2659 5195 ,
2704 5137 2951 5201 patenter
2992 5130 3288 5185 ostendens
3342 5130 3470 5201 quia
3512 5128 3606 5200 qui
3654 5126 3777 5198 lege

2192 5222 2429 5293 legitime
2453 5232 2699 5289 utuntur,
2735 5225 2788 5279 id
2817 5232 2920 5287 est,
2948 5225 3039 5295 qui
3082 5222 3288 5280 Christi
3334 5225 3388 5278 in
3431 5237 3495 5279 ea
3542 5222 3776 5294 gratiam

2192 5323 2578 5383 cognoscentes
2622 5314 3034 5386 amplectuntur,
3083 5314 3205 5385 jure
3238 5313 3478 5386 Spiritus
3506 5310 3622 5383 ejus
3651 5326 3780 5386 gra-

2191 5407 2266 5461 tia
2298 5404 2595 5477 replentur,
2626 5422 2728 5477 qua
2778 5409 2836 5462 in
2883 5406 3149 5463 charitate
3193 5407 3310 5478 ejus
3352 5407 3585 5479 amplius
3628 5406 3780 5477 igne-

2197 5507 2369 5553 scant.
2422 5496 2669 5553 Diximus
2696 5508 2873 5553 autem
2901 5510 3001 5569 per
3023 5497 3428 5555 tabernaculum
3457 5495 3599 5568 quod
3646 5494 3780 5553 fecit

2196 5590 2408 5661 Moyses
2444 5597 2500 5643 et
2536 5589 2632 5645 ﬁlii
2666 5586 2833 5646 lsrael
2880 5588 2939 5646 in
2992 5589 3226 5657 deserto,
3278 5600 3602 5661 synagogam
3634 5604 3647 5641 :
3676 5596 3780 5658 per

2196 5682 2453 5751 templum
2478 5696 2612 5738 vero
2635 5680 2776 5755 quod
2806 5680 3061 5739 Salomon
3095 5689 3151 5737 et
3170 5679 3266 5736 ﬁlii
3296 5676 3469 5735 lsraei
3498 5692 3621 5733 eum
3649 5690 3766 5748 pro—

2197 5770 2492 5841 selytorum
2538 5784 2593 5829 et
2648 5774 2926 5846 gentilium
2976 5773 3176 5829 auxilio
3221 5770 3542 5837 construxit,
3585 5769 3777 5825 Eccle-

2199 5866 2333 5920 siam
2385 5868 2624 5939 gentium
2675 5882 2836 5941 posse
2889 5865 3178 5938 designari.
3235 5862 3540 5923 Permansit
3587 5871 3771 5919 autem
