4074 6476
234 444 327 507 ιιι

1033 443 1387 506 ωὶίΙΒΝΤ.
1425 442 1494 504 1N
1531 444 1776 506 LIBROS
1811 441 1880 507 iV
1915 441 2177 504 REGUM.
2205 472 2274 482 --
2311 441 2374 510 iN
2410 441 2539 510 LIB.
2578 440 2662 498 iii.

3376 442 3478 514 tte

233 560 404 622 cultus
443 566 500 614 et
551 557 744 630 religio
786 557 1118 616 tabernaculi
1169 577 1337 618 annos
1381 562 1804 633 quadringentos
1828 563 1881 630 Α
1906 567 2088 640 autem
2110 558 2199 624 lux,
2225 559 2280 616 in
2306 559 2534 620 Domino
2563 557 2778 629 (Ephes.
2811 556 2886 630 v).
2919 577 2936 610 ι
2987 556 3152 616 Jebus
3178 557 3366 616 eadem
3394 570 3478 618 est

233 663 286 712 et
309 651 600 720 octoginta,
633 666 697 709 ac
724 649 804 708 sic
831 651 1083 722 templum
1105 654 1358 711 tediticari
1387 655 1603 726 incepit.
1645 654 1798 721 Quod

232 750 403 803 autem
430 747 626 809 quarto
651 755 793 802 anno
821 742 965 810 regis
993 740 1295 803 Salomonis
1329 743 1584 826 aediﬁcari
1621 754 1800 815 coepta

233 835 529 898 estdomus
557 832 790 898 Domini.
821 840 995 902 potest
1029 849 1094 895 eo
1138 833 1330 895 referri
1378 836 1605 908 mystice
1656 835 1801 905 quod

231 933 347 997 post
381 923 642 994 repletam
671 925 1122 994 dispensationem
1151 926 1444 990 Dominicis
1472 928 1802 989 incarnatio-

231 1020 332 1086 nis,
378 1034 498 1088 quae
545 1019 599 1076 in
641 1028 870 1088 quatuor
909 1020 1184 1088 Evanaelii
1238 1019 1390 1081 libris
1445 1023 1648 1093 scripta
1695 1030 1797 1090 est,

232 1111 392 1173 misso
429 1112 495 1166 de
534 1109 687 1170 cmlis
734 1110 937 1178 Spiritu
983 1118 1193 1177 sancto,
1244 1110 1494 1177 Ecclesia!
1531 1119 1800 1172 structura

233 1203 407 1272 cmpit.
467 1201 536 1262 Et
561 1203 704 1272 quod
734 1218 919 1262 "tense
938 1203 1174 1263 secundo
1201 1211 1378 1274 coepta
1405 1211 1504 1268 est,
1536 1212 1714 1273 potest
1733 1205 1800 1264 ad

231 1295 541 1351 electionem
568 1295 805 1365 gentium
837 1296 1028 1356 referri
1051 1338 1066 1364 ,
1103 1315 1224 1368 qum
1249 1299 1484 1358 secundo
1523 1297 1644 1356 loco
1681 1304 1803 1366 post

228 1384 820 1450 lsraelaediﬁcationem
865 1389 919 1448 in
968 1404 1029 1444 se
1064 1389 1148 1448 sui
1186 1403 1476 1458 suscepere
1518 1389 1832 1449 creatoris.‘

232 1479 378 1536 Unde
422 1489 482 1536 et
525 1481 795 1539 secundus
840 1481 1043 1541 mensis
1073 1481 1128 1538 in
1159 1480 1276 1552 lege
1302 1495 1593 1542 concessus
1621 1488 1705 1540 est
1732 1479 1800 1539 ad

228 1571 526 1630 faciendum
576 1571 784 1635 Pascha
821 1573 928 1639 his,
982 1573 1074 1642 qui
1122 1573 1431 1636 timmuodi
1479 1588 1640 1643 super
1681 1571 1798 1634 ani—

230 1679 387 1730 mam.
415 1664 505 1720 vel
527 1665 583 1722 in
605 1665 688 1728 via
708 1665 894 1734 procul
922 1666 1081 1734 positi
1109 1665 1298 1737 (Num.
1330 1665 1428 1738 ix),
1453 1686 1472 1724 ι
1503 1667 1571 1726 ad
1601 1665 1802 1726 facien-

229 1755 346 1812 dum
383 1754 439 1810 in
482 1755 658 1825 primo
698 1769 884 1818 mense
922 1755 1131 1818 Pascha
1171 1772 1461 1818 occurrere
1494 1757 1796 1827 nequirent.

227 1846 323 1904 Ubi
365 1861 469 1908 nos
503 1850 847 1918 apertissime
883 1849 1146 1920 designati
1183 1865 1390 1917 sumus,
1419 1851 1509 1919 qui
1539 1847 1798 1908 immundi

1899 651 2089 706 civitas
2115 665 2234 722 qum
2259 659 2315 708 et
2339 650 2666 716 Jerusalem,
2692 658 2747 705 et
2773 649 2940 710 Jebus
2967 651 3183 722 quidem
3209 651 3477 723 interpres

1899 750 2056 815 tatur,
2082 741 2426 808 conculcata;
2471 742 2770 808 Jerusalem
2819 750 3000 810 autem
3046 744 3174 808 visio
3203 744 3368 813 pacis.
3418 742 3479 802 In

1899 851 2004 906 qua
2040 837 2278 908 quandiu
2317 837 2499 899 Ornan
2538 835 2754 906 gentilis
2798 837 3075 906 regnabat,
3124 834 3290 891 Johns
3333 835 3480 894 dicta

1898 933 2010 991 est;
2043 942 2166 984 cum
2194 943 2325 983 vero
2352 927 2408 982 in
2435 942 2500 986 ea
2531 926 2700 982 David
2728 925 2902 982 locum
2931 925 3230 989 holocausti
3252 933 3475 994 emeret,

1899 1032 2020 1074 cum
2053 1017 2306 1076 Salomon
2331 1019 2384 1078 in
2409 1032 2473 1076 ea
2505 1018 2764 1089 templum
2789 1017 3019 1076 Domino
3038 1018 3349 1086 aediﬁcaret,
3368 1035 3482 1078 non

1894 1107 2008 1179 jam
2036 1108 2224 1177 Jebus,
2249 1112 2344 1166 sed
2371 1109 2670 1174 Jerusalem
2699 1119 2888 1170 vocata
2917 1117 3021 1177 est,
3061 1111 3186 1180 quia
3223 1112 3483 1176 nimirum

1898 1201 2175 1273 gentilitas
2201 1205 2438 1274 quandiu
2467 1204 2634 1262 divini
2676 1203 2852 1264 cultus
2890 1202 3074 1264 nescia
3116 1203 3483 1272 perdurabat;

1899 1293 2317 1356 conculcabatur
2371 1302 2429 1358 et
2468 1295 2789 1356 illudebatur
2833 1296 2902 1352 ab
2949 1295 3241 1356 immundis
3287 1292 3486 1368 spiriti-

1897 1385 2021 1452 bus,
2049 1387 2117 1442 ad
2147 1387 2436 1448 simulacra
2465 1395 2633 1451 muta,
2664 1395 2825 1458 prout
2862 1388 3182 1453 ducebatur,
3229 1401 3482 1456 sequens.

1899 1476 2034 1533 Cum
2060 1492 2188 1532 vero
2217 1477 2361 1540 illam
2391 1479 2560 1550 gratia
2588 1477 2670 1540 sui
2695 1478 3002 1539 Conditoris
3031 1478 3287 1548 respexit,
3311 1477 3487 1540 conti-

1899 1583 2010 1630 nuo
2037 1569 2189 1639 pacis
2218 1570 2274 1630 in
2301 1585 2358 1632 se
2381 1577 2437 1628 et
2463 1569 2641 1626 locum
2671 1570 2874 1630 invenit
2901 1579 2955 1626 et
2984 1584 3201 1632 nomen.

1977 1681 1994 1713 ι
2033 1660 2234 1718 Domus
2290 1670 2470 1718 autem
2528 1677 2691 1731 quam
2745 1662 3050 1721 aediﬁcabat
3090 1679 3185 1722 rex
3228 1661 3486 1725 Salomon

1904 1770 1923 1812 ς
1953 1751 2199 1816 Domino,
2233 1753 2468 1810 habebat
2491 1754 2772 1823 sexaginta
2813 1754 3024 1812 cubitos
3052 1755 3107 1810 in
3132 1754 3482 1826 longitudine,

1905 1861 1923 1895 ι
1957 1852 2013 1899 ει
2043 1844 2232 1914 viginti
2272 1845 2484 1907 cubitos
2510 1846 2565 1902 in
2592 1847 2907 1912 latitudine,
2939 1854 2994 1902 et
3022 1848 3242 1919 triginta
3275 1849 3487 1906 cubitus

225 1953 378 2008 super
402 1947 584 2000 morte
612 1941 805 2000 animae
829 1948 1028 2001 nostrae
1055 1949 1109 1999 et
1132 1941 1319 2011 procul
1352 1941 1526 2002 adhuc
1563 1940 1724 2010 positi
1769 1954 1800 1993 a
1829 1940 1876 2002 Β
1909 1952 1927 1987 t
1956 1934 2008 1990 in
2043 1934 2347 2002 altitudine,
2377 1945 2482 1992 etc.
2512 1956 2531 1988 ι
2603 1936 2904 2010 Longitudo
2944 1939 3136 1997 domus
3175 1939 3490 2009 longanimi-

220 2030 408 2099 populo
442 2030 566 2097 Dei.
611 2047 720 2094 non
747 2031 1020 2102 potuimus
1063 2033 1297 2106 primum
1343 2032 1550 2092 Pascha
1595 2031 1797 2100 facere,

219 2120 358 2190 quod
387 2120 445 2180 in
489 2136 654 2181 carne
680 2130 735 2186 et
760 2123 1020 2193 sanguine
1050 2125 1174 2194 agni
1215 2123 1394 2185 ﬂebat.
1458 2122 1803 2184 Celebramus

219 2210 393 2274 autem
424 2213 594 2280 hodie
618 2212 827 2280 Pascha
851 2215 1170 2281 secundum,
1213 2216 1355 2284 quod
1392 2215 1448 2274 in
1488 2230 1716 2284 corpore
1748 2223 1803 2270 et

215 2305 479 2376 sanguine
507 2304 882 2375 Redemptoris
909 2307 1078 2372 nostri
1098 2347 1111 2373 .
1141 2322 1170 2372 .a
1198 2322 1304 2375 quo
1334 2307 1542 2376 quaesiti
1569 2315 1624 2362 et
1649 2323 1804 2364 mun-

217 2395 321 2452 dati
367 2411 588 2466 sumus,
641 2406 822 2465 actum
878 2407 980 2460 est.
1035 2397 1094 2462 in
1141 2413 1248 2467 quo
1291 2405 1472 2460 autem
1517 2397 1633 2452 loco
1670 2406 1804 2456 tem-

215 2486 355 2558 plum
381 2489 448 2547 sit
492 2487 836 2558 atditicatum,
868 2489 1207 2552 manifestius
1240 2491 1294 2553 in
1335 2490 1472 2553 libro
1519 2489 1800 2561 Paralipo—

216 2594 403 2649 menon
434 2581 770 2648 ostenditur,
801 2582 891 2646 ubi
923 2582 1180 2651 scriptum
1207 2589 1294 2638 est
1323 2599 1336 2634 :
1375 2601 1395 2642 ς
1417 2582 1484 2650 Et
1512 2583 1676 2652 coepit
1705 2581 1804 2644 Sa-

213 2668 388 2732 lomon
437 2672 724 2736 aediﬁcare
782 2675 998 2736 domum
1039 2674 1253 2736 Domini
1294 2675 1350 2736 in
1394 2673 1694 2738 Jerusalem
1745 2678 1802 2736 in

213 2772 388 2826 monte
433 2763 638 2830 Maria,
666 2767 760 2837 qui
805 2768 1209 2827 demonstratus
1245 2767 1423 2828 fuerat
1458 2769 1628 2828 David
1661 2771 1801 2839 patri

215 2855 324 2924 ejus
350 2857 404 2916 in
446 2859 578 2920 loco
615 2875 775 2928 (luem
803 2870 1092 2930 paraverat
1133 2861 1302 2919 David
1347 2863 1402 2918 in
1440 2878 1567 2918 area
1617 2862 1801 2924 Ornan

217 2946 445 3009 JebuSmi
482 2950 567 3024 (11
595 2950 726 3010 Par.
761 2952 866 3024 ιιι).
890 2973 910 3008 ι
971 2954 1296 3014 Ᾱῑάἱιίεειιιι·
1323 2971 1452 3028 ergo
1479 2957 1670 3012 domus
1699 2957 1803 3012 Do-

222 3040 349 3098 mini
378 3042 435 3096 in
464 3040 790 3109 Jerusalem,
825 3044 930 3102 hoc
964 3053 1068 3112 est,
1116 3046 1171 3101 in
1217 3046 1411 3101 visione
1453 3046 1618 3118 pacis,
1674 3048 1801 3117 quia

221 3134 437 3195 dilatata
464 3152 564 3207 per
591 3145 761 3194 totum
791 3139 979 3196 orbem
1005 3140 1247 3196 Ecclesia
1273 3141 1326 3196 in
1357 3157 1461 3196 una
1503 3141 1802 3212 eademque

220 3227 322 3284 ﬁde
345 3237 401 3284 et
434 3230 676 3286 veritatis
693 3232 970 3287 catholica:
982 3233 1246 3289 societate
1260 3234 1523 3290 consistit.
1563 3233 1804 3304 Diamque

1903 2031 2068 2080 tatem
2095 2026 2341 2096 designat
2367 2035 2568 2092 sancite
2596 2027 2869 2096 Ecclesiae,
2901 2044 3005 2098 qua
3042 2030 3098 2086 in
3127 2030 3316 2090 exsilio
3340 2045 3491 2100 pere-

1902 2118 2223 2187 grinationis
2254 2120 2411 2190 nujus
2439 2120 2710 2189 patienter
2732 2120 2959 2180 adversa
2993 2138 3222 2192 quaeque
3270 2123 3486 2190 tolerat,

1903 2210 2077 2268 denec
2105 2213 2171 2266 ad
2197 2213 2427 2281 patriam
2455 2228 2618 2282 quam
2648 2222 2949 2282 exspectat,
2980 2215 3278 2283 perveniat.
3337 2214 3488 2270 Lati-

1902 2302 2034 2356 tudo
2081 2303 2320 2362 insinuat
2356 2305 2696 2371 charitatem,
2745 2320 2852 2374 qua
2892 2305 3114 2363 dilatato
3143 2307 3264 2374 sinu
3293 2306 3491 2367 mentis

1899 2407 2011 2448 non
2038 2391 2209 2448 solum
2239 2393 2443 2456 amicos
2471 2395 2527 2452 in
2556 2394 2700 2461 Deo,
2742 2395 2838 2452 sed
2879 2404 2934 2452 et
2973 2396 3226 2454 inimicos
3270 2395 3490 2467 diligere

1902 2483 2101 2553 gaudet
2133 2492 2353 2556 propter
2380 2485 2570 2551 Deum,
2607 2485 2779 2540 donec
2805 2485 2988 2548 veniat
3017 2495 3249 2556 tempus,
3273 2487 3490 2556 quando

1901 2576 2018 2638 Sive
2044 2581 2114 2638 ad
2138 2594 2328 2648 pacem
2353 2595 2506 2638 suam
2527 2581 2824 2648 conversis,
2851 2583 2948 2638 seu
2976 2583 3218 2638 funditus
3237 2584 3491 2644 omnibus

1901 2671 2186 2726 exstinctis
2214 2671 2449 2726 inimicis
2477 2687 2600 2726 cum
2630 2673 2758 2728 solis
2787 2674 3019 2746 gaudeat
3055 2675 3247 2730 amicis
3274 2676 3329 2728 in
3355 2674 3485 2729 Deo.

1900 2763 2144 2825 Altitudo
2169 2780 2316 2834 spem
2345 2765 2627 2824 denuntiat
2664 2766 2858 2823 futurm
2895 2769 3287 2835 retributionis,
3338 2765 3491 2837 cujus

1901 2857 2098 2916 intuitu
2126 2858 2356 2916 libenter
2382 2859 2568 2916 intima
2594 2865 2844 2930 Quaeque,
2873 2861 2987 2916 sive
3014 2876 3133 2930 quae
3162 2860 3490 2925 demulcent,

1900 2961 1995 3008 seu
2023 2962 2142 3016 qua:
2171 2949 2548 3016 adversantur,
2581 2951 2902 3019 contemnit,
2933 2967 3102 3022 usque
3141 2952 3289 3018 dum,
3327 2953 3491 3007 utris-

1898 3052 2006 3107 que
2052 3040 2414 3106 transcensis,
2461 3040 2574 3101 sola
2619 3051 2890 3098 mereatur
2929 3063 2948 3102 ι
2979 3044 3162 3100 videre
3196 3045 3338 3099 bona
3385 3044 3490 3105 Do-

1901 3129 2036 3194 mini
2066 3129 2120 3186 in
2151 3139 2295 3191 terra
2334 3131 2630 3192 viventium
2672 3131 2846 3204 (Paul.
2877 3135 3046 3206 xxvr).
3079 3154 3098 3188 ι
3154 3135 3257 3191 Ubi
3303 3143 3494 3191 notan-

1907 3221 2034 3280 dum
2063 3225 2205 3293 quod
2236 3225 2453 3295 triginta
2482 3226 2651 3282 cubiti
2688 3226 3008 3295 altitudinis,
3047 3242 3157 3281 non
3204 3241 3378 3297 usque
3423 3230 3492 3282 ad

219 3319 272 3374 in
302 3321 546 3376 scissura
571 3323 836 3376 mentium
863 3324 1006 3378 Deus
1033 3341 1140 3380 non
1179 3333 1290 3390 est;
1332 3327 1426 3380 sed
1469 3345 1488 3377 ι
1511 3325 1684 3380 factus
1722 3311 1876 3381 estC
1908 3321 2110 3377 tectum.
2156 3315 2360 3386 templi,
2401 3318 2497 3376 sed
2539 3332 2712 3388 Itaque
2762 3320 2829 3374 ad
2876 3321 3214 3374 omnacuium
3265 3320 3492 3377 inferius

217 3407 270 3480 in
293 3424 432 3478 pace
457 3408 605 3466 locus
625 3410 778 3479 ejus,
815 3418 871 3466 et
907 3412 1170 3468 habitatio
1213 3411 1330 3481 ejus
1368 3414 1423 3468 in
1462 3412 1592 3469 Sion
1632 3413 1804 3486 (Ρειιι.

219 3501 404 3573 ων).
427 3522 448 3553 ι
465 3501 791 3560 Δὲἀὶίίεθιιιι·
808 3505 861 3558 in
879 3514 1071 3572 monte,
1095 3506 1344 3562 videlicet
1367 3506 1420 3560 in
1439 3507 1558 3576 ipso
1581 3507 1806 3563 Domino

220 3591 507 3652 Salvatore
526 3634 542 3658 ,
573 3595 639 3650 de
665 3611 773 3665 quo
801 3595 969 3652 lsaias
997 3597 1074 3651 ait
1101 3615 1113 3651 :
1149 3616 1166 3650 t
1195 3597 1262 3652 Et
1289 3598 1394 3652 erit
1417 3598 1472 3653 in
1498 3599 1805 3665 novissimis

221 3684 410 3740 diebus
446 3696 782 3756 praeparatus
827 3703 983 3745 mons
1023 3689 1214 3745 domus
1251 3690 1462 3747 Domini
1503 3693 1557 3750 in
1599 3693 1803 3748 vertice

221 3777 485 3832 montium
517 3775 689 3839 (Ptol.
720 3780 847 3850 11).:
907 3779 975 3835 Et
1020 3779 1134 3850 ipse
1177 3780 1244 3836 de
1288 3797 1346 3837 se
1398 3783 1455 3837 in
1511 3783 1802 3856 Evangelio

220 3867 336 3922 ait:
374 3887 392 3921 ι
423 3868 543 3924 Non
591 3877 786 3938 potest,
835 3871 1050 3941 inquit,
1095 3873 1285 3927 civitas
1329 3874 1585 3938 abscondi
1640 3891 1802 3944 super

220 3967 454 4014 tuentem
503 3961 678 4030 posita
727 3959 940 4032 (Matth.
989 3961 1062 4034 v).
1094 3982 1112 4015 ι
1169 3962 1288 4032 ipse
1328 3975 1411 4019 est
1453 3967 1598 4019 enim
1647 3981 1801 4022 mons

220 4049 504 4113 montium,
544 4050 636 4118 qui
667 4051 733 4104 de
763 4060 906 4106 terra
932 4051 1149 4120 quidem
1178 4069 1275 4121 per
1301 4054 1566 4124 originem
1593 4071 1800 4111 assum-

220 4145 320 4208 ptte
347 4140 532 4197 carnis
562 4149 714 4196 ortus
741 4151 842 4207 est,
874 4140 969 4196 sed
1003 4143 1244 4199 omnium
1283 4146 1675 4215 terrigenarum
1705 4163 1799 4217 po-

222 4231 441 4286 tentiam
482 4249 550 4288 ac
589 4235 934 4289 sanctitatem
973 4236 1259 4307 singularis
1298 4238 1532 4298 culmine
1566 4241 1799 4311 dignita—

223 4321 287 4378 tis
318 4325 672 4382 transcendit.
721 4326 780 4382 ln
809 4315 916 4396 quo
944 4327 1199 4384 nimirum
1237 4339 1420 4385 monte
1456 4331 1648 4388 civitas
1687 4333 1798 4388 sive

223 4413 408 4471 domus
434 4417 655 4473 Domini
684 4428 993 4475 constructa
1019 4429 1120 4486 est,
1152 4423 1278 4492 quia
1305 4423 1352 4478 si
1375 4440 1482 4478 non
1510 4426 1564 4480 in
1597 4425 1690 4481 illo
1720 4441 1799 4485 ra-

222 4505 390 4564 dicem
419 4509 576 4580 ligat,
607 4526 730 4580 spes
755 4519 810 4567 et
837 4511 968 4568 ﬁdes
996 4522 1180 4569 nostra
1219 4517 1363 4570 nulla
1403 4527 1507 4574 est.
1565 4518 1667 4585 Qui
1707 4535 1794 4574 re-

223 4604 302 4651 cte
329 4615 483 4658 mons
508 4600 700 4666 Mor-ia,
731 4602 782 4659 id
809 4614 910 4669 est,
942 4606 1175 4671 visionis,
1221 4617 1448 4664 vocatur
1475 4628 1488 4662 :
1519 4609 1647 4678 quia
1687 4609 1796 4664 ele-

223 4696 332 4746 ctos
357 4707 505 4757 suos,
538 4709 678 4762 quos
705 4695 775 4749 ad
801 4703 1057 4752 aeternam
1087 4714 1197 4753 sua:
1236 4699 1494 4756 claritatis
1531 4703 1793 4763 visionem

224 4795 520 4851 conservat,
555 4786 610 4839 in
641 4788 744 4842 hac
779 4789 996 4845 interim
1038 4793 1146 4846 vita
1178 4793 1486 4849 laborantes
1524 4797 1708 4852 videre
1744 4806 1800 4852 et

225 4874 470 4942 adjuvare
498 4879 780 4949 dignatur:
817 4902 834 4932 ι
862 4883 963 4949 Qui
989 4885 1390 4941 demonstratae
1419 4887 1596 4942 fuerat
1630 4890 1797 4945 David

226 4968 352 5031 patri
377 4969 512 5038 ejus.
544 4988 566 5021 ι
623 4969 881 5027 Ostensus
908 4988 1142 5044 namque
1168 4985 1286 5030 erat
1325 4977 1510 5043 David,
1560 4979 1699 5032 sicut
1747 4989 1802 5034 et

227 5058 428 5112 cmteris
454 5059 736 5129 prophetis
763 5073 1021 5120 venturus
1056 5067 1110 5120 in
1141 5083 1304 5122 carne
1332 5067 1607 5125 Dominus.
1656 5070 1800 5128 Bene

227 5140 359 5204 idem
389 5147 604 5206 loeutus
629 5150 682 5205 in
712 5167 838 5207 area
881 5163 1001 5209 erat
1037 5155 1220 5212 Ornan
1265 5156 1538 5214 Jcbusaei:
1571 5162 1696 5229 quia
1742 5170 1798 5216 et

229 5231 461 5321 Ecclesia
512 5256 654 5297 area
706 5244 846 5299 solet
897 5249 1158 5306 vocabulo
1212 5249 1483 5321 designari
1528 5271 1542 5307 :
1584 5253 1798 5309 dicente

227 5320 424 5384 Joanne
460 5329 528 5386 de
568 5329 798 5390 Domino
829 5353 843 5389 :
881 5335 1086 5405 «Cujus
1129 5320 1486 5405 ventilabrum
1533 5343 1588 5397 in
1633 5360 1795 5408 manu

228 5429 340 5484 sua,
368 5428 424 5476 et
445 5425 828 5492 permundahit
855 5443 1036 5484 aream
1061 5445 1214 5485 suam
1241 5431 1456 5504 (Matth.
1486 5433 1589 5507 ut).
1621 5454 1640 5487 ι
1689 5437 1793 5492 0r—

231 5521 354 5576 nan,
391 5514 484 5581 qui
521 5516 907 5587 interpretatur
932 5520 1292 5590 inminutus;
1329 5533 1386 5581 et
1423 5535 1541 5581 erat
1579 5530 1796 5589 natione

230 5597 497 5666 Jebusams
528 5627 542 5666 :
571 5612 790 5670 natione
825 5616 1044 5684 quidem
1083 5619 1310 5688 gentiles
1358 5623 1652 5693 signiﬁcat;
1700 5641 1797 5679 no-

234 5696 370 5790 mine
395 5710 578 5758 autem
611 5708 826 5763 eosdem
856 5708 1201 5769 illustrandos
1228 5728 1260 5768 a
1289 5713 1515 5772 Domino
1551 5727 1711 5790 atque
1741 5719 1796 5774 in

235 5784 363 5845 ﬁlios
389 5791 642 5852 Ecclesiae
666 5803 1075 5859 commutandos
1091 5807 1363 5862 ostendit:
1385 5809 1581 5877 quibus
1601 5784 1795 5868 merito

233 5879 358 5950 dicit
389 5885 672 5958 Apostolus
699 5910 714 5948 :
751 5912 769 5945 t
797 5893 998 5954 Fuistis
1044 5896 1330 5968 aliquando
1368 5901 1620 5970 tenebrae,
1653 5921 1794 5963 nunc

1905 3407 2303 3479 pertingebant.
2341 3406 2586 3477 Namque
2603 3408 2658 3475 in
2675 3409 2816 3464 libro
2833 3410 3279 3481 Paralipomenon
3307 3419 3493 3481 aperte

1906 3498 2169 3568 scriptum
2187 3505 2292 3564 est,
2320 3499 2466 3568 quod
2487 3499 2716 3555 altitudo
2735 3507 2953 3556 centum
2974 3501 3161 3572 viginti
3185 3502 3490 3556 cubitorum

1905 3603 2025 3646 erat
2055 3590 2141 3662 (ΙΙ
2175 3591 2307 3646 Par.
2337 3590 2464 3663 ut);
2497 3593 2564 3650 de
2587 3609 2695 3663 quo
2735 3603 2856 3663 post
2893 3594 3010 3650 base
3044 3594 3242 3649 dicturi
3281 3609 3486 3650 sumus.

1979 3701 1998 3736 ι
2021 3681 2270 3739 Porticus
2315 3692 2434 3739 erat
2475 3693 2601 3738 ante
2647 3684 2903 3754 templum
2953 3686 3142 3756 viginti
3184 3685 3487 3740 cubitorum

1909 3774 2323 3845 «longitudinis,
2367 3775 2524 3845 juxta
2571 3789 2883 3830 mensuram
2931 3775 3229 3830 latitudinis
3266 3776 3486 3845 templi;

1910 3887 1928 3920 Ι
1955 3876 2009 3924 ει
2034 3869 2270 3924 habebat
2305 3869 2493 3923 decem
2534 3868 2744 3924 cubitos
2783 3868 3086 3924 latitudinis
3125 3877 3252 3924 ante
3295 3868 3492 3923 faciem

1907 3981 1926 4015 t
1953 3961 2155 4031 templi.
2187 3979 2208 4015 ι
2277 3961 2556 4032 Templum
2604 3975 2840 4031 namque
2883 3969 3002 4017 erat
3048 3976 3369 4019 conversum
3417 3959 3486 4015 ad

1899 4056 2185 4121 orientem,
2217 4055 2357 4110 sicut
2384 4061 2440 4108 et
2467 4054 2896 4120 tabernaculum,
2926 4055 3266 4123 habebatque
3285 4053 3485 4108 ostium

1898 4150 2142 4218 porticus
2169 4149 2237 4203 ab
2262 4150 2473 4205 oriente
2503 4163 2692 4206 contra
2713 4152 2911 4206 ostium
2939 4152 3141 4222 templi,
3170 4151 3321 4220 juxta
3344 4151 3490 4222 quod

1899 4243 2192 4298 historicus
2241 4243 2547 4298 Iudaeorum
2595 4243 2858 4314 Josephus
2909 4245 3246 4315 apertissime
3291 4245 3481 4310 docet,

1898 4334 1973 4387 ita
2003 4342 2063 4387 ut
2087 4334 2167 4388 sol
2195 4334 2582 4403 aequinoctialis
2608 4335 2790 4390 oriens
2818 4335 3038 4389 directis
3068 4335 3339 4388 radiorum
3362 4347 3485 4387 suo-

1899 4440 2021 4480 rum
2048 4426 2228 4492 lineis,
2259 4442 2355 4497 per
2383 4428 2602 4481 ostiaria
2633 4429 2876 4496 porticus
2916 4428 3165 4482 videlicet
3202 4437 3257 4480 et
3302 4423 3485 4494 templi

1895 4527 1953 4574 et
2008 4519 2252 4586 oraculi,
2303 4534 2484 4575 arcam
2537 4521 2847 4576 testamenti
2897 4519 3224 4590 perfundere
3280 4529 3485 4591 posset.

1897 4611 2032 4679 Quia
2057 4629 2185 4669 vero
2212 4613 2469 4685 templum
2497 4622 2737 4669 sanctam
2760 4613 3054 4669 Ecclesiam
3075 4614 3341 4684 designat,
3370 4629 3489 4685 por-

1901 4705 2039 4760 ticus
2076 4721 2195 4776 qua:
2228 4714 2348 4760 erat
2387 4714 2512 4761 ante
2541 4705 2796 4776 templum
2822 4715 2876 4760 et
2907 4707 3126 4778 propior
3151 4707 3322 4763 lucem
3359 4706 3488 4762 solis

1902 4799 2146 4868 accipere
2173 4799 2400 4864 solebat,
2433 4801 2560 4870 quid
2587 4801 2825 4870 apertius
2849 4817 3009 4870 quam
3041 4802 3183 4856 illam
3207 4803 3324 4873 ejus
3361 4817 3487 4871 par-

1899 4900 2029 4957 tem,
2063 4908 2184 4961 quae
2211 4893 2504 4948 Dominicm
2528 4895 2914 4949 incarnationis
2964 4904 3207 4965 tempora
3254 4908 3484 4963 praeces-

1897 4982 1988 5046 sit,
2041 4983 2215 5052 typice
2259 4982 2584 5037 denuntiat?
2631 4984 2690 5037 In
2731 5000 2836 5054 qua
2887 4993 3013 5037 sunt
3057 4983 3383 5054 patriarcha:
3429 4992 3486 5038 ει

1895 5072 2198 5141 prophetae,
2227 5073 2317 5141 qui
2342 5073 2607 5127 orientem
2631 5074 2756 5127 huic
2779 5075 2978 5127 mundo
3018 5091 3036 5122 ι
3065 5072 3232 5126 solem
3259 5072 3483 5143 justitia:

1902 5163 2056 5236 (Mal.
2091 5165 2165 5237 tv)
2197 5185 2215 5217 ι
2247 5166 2406 5236 primi
2433 5175 2808 5235 susceperunt,
2847 5173 2901 5219 et
2937 5163 3178 5219 nascenti
3219 5165 3275 5217 in
3319 5180 3482 5220 carne

1900 5255 2130 5313 Domino
2157 5259 2546 5326 testimonium,
2569 5260 2684 5315 sive
2703 5259 2956 5323 vivendo,
2981 5257 3093 5312 sive
3114 5258 3478 5327 praedicando,

1900 5353 2014 5408 sive
2066 5354 2232 5408 etiam
2286 5353 2586 5418 moriendo,
2638 5351 3025 5423 praebuerunt?
3081 5350 3291 5406 Ostium
3354 5367 3481 5422 ergo

1898 5447 2080 5516 templi
2112 5447 2372 5502 Dominus
2395 5455 2499 5511 est,
2530 5447 2656 5516 quia
2685 5458 2844 5499 nemo
2870 5445 3015 5499 venit
3041 5446 3106 5500 ad
3134 5445 3347 5500 Patrem
3374 5444 3480 5499 nisi

1897 5554 1997 5608 per
2048 5539 2224 5608 ipsum
2271 5537 2452 5611 (Joan.
2504 5536 2638 5610 xiv),
2690 5545 2744 5591 ει
2789 5537 2927 5591 sicut
2964 5537 3090 5592 alibi
3120 5537 3288 5592 dicit:
3324 5555 3342 5586 ‹
3368 5535 3479 5606 Ego

1897 5648 2017 5688 sum
2064 5633 2284 5700 ostium,
2336 5645 2436 5701 per
2478 5644 2564 5686 me
2612 5630 2657 5684 si
2705 5629 2826 5701 quis
2874 5628 3141 5684 introierit
3187 5627 3478 5682 salvabitnr

1898 5721 2078 5794 (Joan.
2119 5721 2197 5797 x).
2231 5741 2249 5775 ι
2309 5721 2520 5780 Ostium
2562 5723 2836 5793 porticus,
2887 5735 3064 5776 sermo
3106 5719 3472 5790 propheticus,

1899 5813 1991 5883 qui
2018 5813 2172 5884 quasi
2219 5819 2368 5869 recto
2407 5813 2543 5869 calle
2580 5813 2941 5885 ingredientes
2977 5812 3041 5866 ad
3063 5813 3259 5866 ostium
3293 5807 3473 5877 templi

1897 5905 2245 5975 perducebat,
2275 5905 2402 5976 quia
2427 5905 2657 5976 gratiam
2690 5904 2871 5974 templi
2905 5903 3116 5959 Domini
3157 5900 3474 5969 Salvatoris,
