4074 6468
601 433 708 506 ηδ

1243 440 1304 490 Β.
1339 434 1593 491 ltABANl
1631 429 1848 489 MAURI
1885 427 2208 487 ARCHlEP.
2249 422 2556 482 MOGUNT.
2600 417 2884 481 OPERUM
2916 418 3098 478 PARS
3131 418 3174 474 l.

3735 417 3863 474 144

586 571 692 625 qua
722 551 976 607 mundum
1005 550 1544 621 eratredempturus,
1577 556 1762 620 aperte
1807 545 2154 617 praedicabat.
2183 538 2237 602 A
2260 539 2350 606 qui
2385 552 2443 593 se
2462 553 2493 591 a
2521 537 2681 592 domo
2709 535 2878 590 David
2911 538 3277 625 separaverat,
3299 545 3408 625 seu
3437 545 3537 625 per
3555 531 3866 625 cancellos

586 641 819 697 Faetura
845 655 972 709 ergo
999 639 1239 710 porticus
1271 648 1380 694 tota
1412 639 1597 694 ﬁdeles
1630 639 1773 692 illius
1805 635 2064 706 temporis
2091 634 2165 688 si-

588 742 718 804 gnat
747 753 758 786 :
791 732 988 787 ostium
1017 745 1147 786 vero
1177 732 1232 785 in
1262 731 1494 801 porticu,
1525 730 1796 794 doctores,
1834 728 1925 796 qui
1953 725 2165 782 caeteris

585 825 761 879 lucem
790 823 914 878 vita
939 823 1269 892 januamque
1295 821 1529 875 intrandi
1564 820 1631 874 ad
1658 820 1941 874 Dominum
1963 818 2166 888 pande-

585 916 716 969 bant
743 914 1015 984 exprimit.
1056 912 1138 987 ,Et
1173 913 1311 966 bene
1342 927 1506 965 unum
1544 911 1760 974 ostium,
1794 917 2012 980 propter
2037 922 2168 962 con-

587 1020 775 1061 sonam
803 1005 860 1059 in
892 1004 1142 1058 omnibus
1172 1002 1376 1057 sanctis
1405 1002 1563 1055 ﬁdem
1598 1016 1662 1055 ac
1701 1000 2042 1054 dilectionem
2082 1013 2169 1052 ve-

583 1097 784 1152 ritatis.
864 1095 992 1162 Qua
1038 1093 1287 1150 videlicet
1337 1093 1576 1164 porticus
1630 1092 1783 1162 juxta
1829 1090 2166 1145 latitudinem

586 1188 774 1258 templi
811 1188 1002 1258 viginti
1048 1187 1247 1243 cubitis
1287 1187 1442 1257 longa
1470 1193 1607 1250 erat,
1637 1187 1762 1256 quia
1789 1185 2045 1240 nimirum
2071 1199 2167 1236 an-

585 1277 871 1349 tiquijusti
891 1293 988 1348 per
1015 1278 1477 1349 longanimitatem
1500 1277 1705 1332 devota
1734 1276 1931 1331 mentis
1957 1274 2168 1329 deside-

589 1372 782 1425 rabant
815 1369 998 1425 venire
1023 1370 1090 1423 ad
1123 1369 1488 1423 dilatationem
1517 1368 1791 1434 Ecclesia,
1825 1367 1877 1421 in
1906 1366 2169 1422 charitate

587 1461 708 1528 Dei,
736 1477 858 1531 qua
883 1471 967 1516 est
993 1462 1047 1515 in
1077 1460 1293 1516 Christo
1322 1461 1549 1516 Domino
1579 1468 1784 1517 nostro.

665 1576 683 1608 ι
712 1555 971 1625 Fecitque
1008 1555 1064 1608 in
1102 1553 1300 1623 templo
1337 1553 1603 1608 fenestras
1644 1552 1910 1623 obliquas.
1939 1571 1958 1604 ›
1998 1552 2172 1607 Fene-

589 1657 720 1703 stra
767 1645 995 1716 templi,
1035 1646 1284 1700 doctores
1331 1646 1503 1700 sancti
1539 1654 1592 1698 et
1629 1643 1935 1714 spirituales
1973 1645 2172 1713 quique

589 1738 646 1790 in
685 1734 954 1801 Ecclesia,
988 1735 1184 1804 quibus
1211 1744 1393 1789 mente
1418 1734 1804 1788 excedentibus
1839 1733 1949 1790 Deo
1973 1747 2173 1786 arcana

588 1836 926 1883 secretorum
947 1826 1246 1881 caelestium
1272 1826 1560 1896 specialius
1586 1825 1796 1881 cateris
1825 1825 2009 1880 videre
2041 1841 2172 1880 con-

2263 629 2477 694 cecidit,
2517 629 2642 698 quia
2670 627 2773 682 etsi
2797 625 3057 688 haeretici,
3099 624 3212 680 sive
3235 622 3566 678 schismatiei
3608 623 3866 694 aliquam

2261 725 2416 779 bonae
2441 722 2669 776 actionis
2705 733 2885 775 arcem
2929 717 3291 774 conscendere
3313 718 3584 785 videntur,
3613 719 3744 790 quia
3773 728 3870 775 ta-

2265 832 2386 872 men
2429 829 2743 884 compagem
2789 812 3172 868 ecclesiastica
3210 812 3436 867 unitatis
3469 827 3577 867 non
3626 813 3865 877 habent,

2265 907 2420 976 quasi
2465 905 2774 976 patentibus
2823 914 2878 960 et
2920 920 3026 958 non
3073 903 3258 959 solidis
3305 904 3537 958 laterum
3586 905 3870 974 prasidiis

2265 1013 2481 1068 semper
2501 997 2567 1055 ad
2606 997 2858 1052 vitiorum
2894 996 3077 1052 inﬁma
3120 997 3456 1059 relabuntur,
3507 998 3633 1052 dum
3671 998 3868 1052 divino

2267 1089 2510 1145 destituti
2557 1088 2777 1154 auxilio,
2829 1103 2938 1142 sua
2991 1087 3302 1158 pertinacia
3357 1085 3503 1141 fastu
3559 1087 3865 1142 intereunt.

2267 1182 2384 1249 Qua
2426 1191 2609 1238 autem
2655 1190 2774 1236 arte
2813 1179 3038 1250 prafata
3078 1180 3318 1235 tabulata
3343 1179 3643 1250 parietibus
3669 1180 3869 1250 templi

2268 1275 2379 1330 sint
2404 1273 2592 1339 afﬁxa,
2624 1272 2926 1330 declaratur
2953 1287 3077 1327 eum
3106 1271 3358 1327 subditur
3387 1287 3402 1324 :

2275 1400 2281 1406 ~
2346 1387 2364 1420 ι
2394 1368 2600 1422 Trabes
2645 1375 2826 1421 autem
2874 1366 3055 1436 posuit
3103 1366 3157 1420 in
3193 1366 3412 1421 domum
3446 1379 3545 1434 per
3571 1365 3871 1420 circuitum

2275 1475 2296 1510 ‹
2324 1456 2648 1522 forinsecus,
2694 1465 2757 1511 ut
2793 1470 2900 1512 non
2946 1457 3217 1512 harerent
3251 1457 3422 1510 muris
3453 1457 3659 1526 templi,
3697 1467 3810 1512 etc.
3847 1475 3865 1506 ι

2273 1551 2478 1606 Trabes
2521 1559 2724 1617 autem,
2763 1565 2883 1621 qua
2925 1550 3254 1606 intrinsecus
3294 1551 3511 1605 domum
3547 1550 3873 1604 muniebant

2272 1651 2329 1697 et
2363 1643 2658 1707 ornabant,
2693 1649 2855 1696 tanta
2882 1650 3040 1696 erant
3067 1642 3440 1714 longitudinis,
3473 1651 3534 1696 ut
3561 1643 3744 1712 capita
3771 1658 3872 1697 ea-

2276 1749 2396 1788 rum
2417 1731 2724 1789 forinsecus
2755 1735 3142 1803 prominerent,
3195 1734 3248 1788 in
3293 1734 3480 1788 inﬁmo
3517 1734 3739 1804 quidem
3781 1751 3876 1788 or-

2278 1825 2404 1879 dine
2447 1823 2753 1880 cubitorum
2794 1833 3020 1895 septem,
3067 1826 3120 1879 in
3167 1826 3344 1881 medio
3390 1841 3510 1890 sex,
3558 1826 3611 1879 in
3651 1841 3873 1880 summo

590 1921 818 1975 ceditur.
880 1919 981 1987 Qui
1030 1920 1156 1975 dum
1205 1936 1268 1975 ea
1306 1936 1425 1990 qua
1462 1921 1517 1975 in
1553 1920 1766 1976 occulto
1802 1919 2028 1984 vident,
2068 1934 2170 1988 pu-
2201 1897 2249 1956 Β
2277 1917 2535 1987 quinque,
2567 1924 2729 1986 atque
2758 1917 2813 1972 in
2846 1917 3048 1972 eisdem
3088 1917 3356 1985 capitibus
3395 1933 3583 1972 earum
3625 1918 3872 1972 tabulata

587 2011 727 2066 blice
762 2011 1002 2066 ﬁdelibus
1038 2013 1299 2079 pandunt,
1335 2013 1489 2081 quasi
1529 2019 1778 2082 suscepto
1807 2010 2008 2064 lumine
2045 2010 2176 2064 solis

589 2099 843 2154 fenestra
894 2109 1084 2156 cuncta
1139 2101 1320 2170 templi
1382 2101 1677 2169 penetralia
1738 2101 1962 2170 replent.
2020 2100 2175 2156 Unde

586 2191 726 2245 bene
751 2189 950 2247 eadem
989 2191 1236 2246 fenestra
1271 2192 1521 2262 obliqua,
1564 2193 1617 2246 id
1657 2200 1760 2259 est,
1812 2193 1958 2247 intus
2006 2192 2177 2248 fuisse

588 2279 813 2337 latiores
837 2283 1205 2350 perhibentur,
1248 2285 1373 2351 quia
1413 2285 1666 2338 nimirum
1707 2300 1930 2340 necesse
1971 2293 2074 2352 est,
2115 2293 2178 2340 ut

591 2371 838 2440 quisquis
878 2373 1037 2442 jubar
1074 2388 1319 2442 superna
1346 2374 1814 2442 contemplationis
1840 2377 1925 2429 vel
1958 2376 2026 2429 ad
2056 2391 2175 2430 mo-

589 2469 832 2516 mentum
879 2463 1200 2531 perceperit,
1241 2479 1366 2518 mox
1406 2465 1582 2518 sinum
1625 2465 1803 2521 cordis
1830 2466 2060 2536 amplius
2087 2481 2180 2522 ca-

590 2554 841 2623 stigando
867 2552 1072 2620 dilatet,
1108 2563 1268 2622 atque
1299 2555 1368 2610 ad
1397 2555 1605 2626 majora
1630 2558 1959 2628 capessenda
1989 2555 2176 2613 solerti

591 2643 982 2698 exercitatione
1028 2654 1312 2715 praparet.

661 2755 678 2786 ι
706 2735 774 2790 Et
798 2736 1084 2792 adiﬁcavit
1113 2754 1275 2809 super
1294 2741 1556 2810 parietem
1580 2743 1764 2814 templi
1813 2743 2054 2798 tabulata
2080 2759 2179 2814 per

598 2847 616 2878 ι
645 2843 838 2900 gyrum
866 2829 921 2883 in
951 2830 1248 2899 parietibus
1290 2832 1480 2888 domus
1526 2849 1622 2903 per
1666 2835 1950 2890 circuitum
1993 2833 2180 2903 templi

600 2936 618 2968 ι
648 2928 704 2972 et
729 2919 955 2985 oraculi,
983 2929 1038 2975 et
1064 2921 1196 2976 fecit
1223 2921 1395 2978 latera
1430 2924 1486 2979 in
1527 2925 1773 2980 circuitu.
1833 2926 2180 2991 Tabulatum,

596 3029 616 3062 ι
644 3011 788 3080 quod
825 3027 985 3084 super
1009 3024 1145 3081 erat,
1183 3017 1422 3088 quinque
1447 3019 1656 3074 cubitos
1684 3021 1917 3075 habebat
1940 3018 2182 3073 latitudi-

544 3155 546 3158 .
599 3120 619 3153 ‹
651 3103 769 3170 nis;
789 3112 845 3158 et
868 3106 1103 3161 medium
1115 3108 1412 3164 tabulatum
1435 3125 1529 3165 sex
1550 3111 1758 3166 cubitos
1781 3111 2112 3175 latitudinis;
2129 3118 2184 3166 et

597 3213 619 3246 ι
649 3196 872 3251 tertium
907 3199 1203 3256 tabulatum
1245 3211 1451 3272 septem
1478 3203 1682 3259 habens
1715 3203 2185 3260 cubitoslatitudi-

598 3304 618 3336 ι
650 3287 757 3341 nis.
789 3306 807 3338 ι
844 3287 970 3344 Hac
990 3291 1301 3346 tabulatain
1327 3294 1639 3364 Evangelio,
1653 3296 1746 3350 ubi
1762 3295 2022 3352 Dominus
2037 3304 2184 3351 tenta

596 3383 686 3429 tur
707 3391 739 3429 a
760 3377 989 3440 diabolo,
1012 3380 1300 3448 pinnacula
1330 3383 1514 3452 templi
1542 3393 1806 3439 vocantur
1834 3383 2049 3454 (Matth.
2081 3384 2182 3457 ιν).

595 3464 704 3520 Sed
741 3474 796 3520 et
839 3464 1098 3521 Jacobum
1129 3508 1146 3534 ,
1198 3468 1424 3525 fratrem
1482 3473 1697 3526 Domini
1732 3512 1748 3539 ,
1787 3474 2086 3542 apostolum
2126 3475 2183 3528 in

555 3603 559 3608 .
594 3558 943 3628 pinnaculum
984 3560 1211 3631 templi,
1250 3563 1392 3617 unde
1430 3564 1497 3618 ad
1534 3564 1790 3634 populum
1831 3567 2182 3621 concionarc-

595 3656 704 3713 tur,
736 3647 972 3703 levatum
1002 3665 1123 3707 esse
1154 3651 1400 3724 legimus.
1445 3654 1637 3710 Utrum
1669 3665 1846 3712 autem
1876 3658 2046 3713 moris
2074 3658 2186 3712 fue-

597 3742 671 3795 rit
697 3741 1012 3799 doetoribus
1033 3753 1093 3799 ut
1128 3746 1183 3800 in
1220 3747 1306 3802 his
1351 3750 1602 3806 sedentes
1648 3753 1925 3819 tabulatis,
1972 3756 2040 3809 ad
2080 3754 2187 3808 cir-

597 3840 960 3888 cumstantem
1010 3834 1236 3890 inferius
1286 3837 1499 3892 turbam
1553 3838 1780 3895 fecerint
1837 3857 2184 3905 sermonem,

595 3941 864 3995 nusquam
892 3927 1151 3998 scriptum
1178 3929 1501 3995 invenimus,
1532 3940 1681 4002 patet
1707 3949 1836 3988 vero
1863 3933 2185 3989 sacramenti

596 4018 761 4083 ratio,
793 4019 936 4087 quod
966 4021 1204 4075 tabulata
1237 4023 1355 4077 hac
1385 4024 1489 4077 tria
1521 4025 1746 4079 totidem
1787 4025 2023 4079 ﬁdelium
2062 4040 2186 4096 gra-

597 4109 717 4174 dus,
751 4111 1157 4182 conjugatorum
1187 4115 1456 4182 videlicet,
1494 4117 1886 4171 continentium
1924 4125 1978 4171 et
2017 4115 2186 4186 virgi—

596 4217 730 4256 num
753 4202 1038 4271 designant
1064 4223 1076 4258 :
1109 4203 1392 4261 distinctos
1421 4207 1635 4276 quidem
1671 4207 1957 4260 altitudine
1986 4205 2190 4276 profes—

599 4293 790 4358 sionis,
825 4294 920 4348 sed
959 4295 1218 4351 societate
1259 4297 1384 4352 ﬁdei
1425 4307 1478 4352 et
1507 4299 1753 4352 veritatis
1803 4298 2044 4367 ejusdem
2077 4313 2190 4352 om-

595 4398 698 4440 nes
717 4386 788 4440 ad
807 4386 1026 4441 domum
1055 4388 1268 4442 Domini
1299 4390 1652 4459 pertinentes,
1681 4389 1838 4459 eique
1873 4390 1979 4444 ﬁxa
2008 4396 2189 4444 mente

597 4475 950 4532 inharentes.
1011 4477 1113 4533 Ubi
1171 4479 1394 4549 pulchre
1467 4481 1664 4535 dicitur
1711 4480 1839 4549 quia
1889 4479 2190 4534 tabulatum

597 4569 742 4636 quod
773 4576 1072 4637 supererat,
1112 4569 1350 4638 quinque
1370 4572 1581 4625 cubitos
1613 4571 1846 4625 habebat
1867 4569 2186 4635 latitudinis,

599 4658 836 4713 medium
863 4673 983 4724 sex,
1017 4660 1234 4713 tertium
1258 4669 1483 4730 septem.
1535 4663 1855 4731 Supremum
1885 4677 2012 4731 ergo
2034 4662 2188 4715 tabu-

598 4750 770 4806 latum
799 4759 920 4806 erat
957 4751 1168 4806 cateris
1202 4754 1500 4823 angustius,
1547 4753 1783 4806 medium
1820 4767 2070 4820 supremo
2106 4753 2186 4807 la-

599 4843 730 4908 tius,
771 4841 865 4899 sed
906 4841 1092 4896 inﬁmo
1124 4851 1244 4897 erat
1284 4841 1483 4896 factum
1520 4843 1818 4914 angustius,
1860 4843 1982 4912 quia
2025 4845 2186 4898 nimi-

599 4951 720 4990 rum
763 4937 925 4992 altior
962 4934 1229 5004 professio
1271 4938 1485 4992 virtutis
1531 4939 1818 4994 aretiorem
1858 4938 2016 4993 debet
2047 4940 2186 4993 viam

555 5063 558 5066 -
600 5039 788 5084 tenere
803 5031 1050 5084 'vivendi.
1105 5029 1326 5101 Singula
1351 5040 1531 5085 autem
1562 5031 1798 5086 tabulata
1826 5032 2097 5086 habebant
2132 5033 2186 5086 in

601 5119 832 5173 circuitu
862 5118 1054 5186 latera,
1100 5120 1157 5175 id
1191 5129 1276 5176 est
1319 5121 1591 5188 loriculas,
1637 5139 1706 5177 ne
1757 5122 1912 5177 facile
1959 5123 2080 5190 quis
2131 5122 2185 5175 in

602 5211 807 5265 eisdem
832 5210 1088 5267 tabulatis
1109 5213 1413 5268 consistens
1438 5214 1552 5268 sive
1591 5215 1852 5279 residens,
1897 5222 2084 5284 posset
2122 5213 2188 5268 ad

604 5300 860 5355 inferiora
889 5303 1160 5369 decidere,
1191 5306 1332 5374 quod
1362 5305 1606 5362 Achazia
1645 5309 1755 5378 regi
1798 5307 2089 5377 contigisse
2133 5305 2186 5360 in

603 5390 853 5446 Samaria
885 5391 1112 5463 legimus
1144 5394 1194 5464 (Ι
1215 5393 1249 5446 ν
1277 5395 1404 5464 Reg.
1433 5397 1493 5468 ι).
1551 5395 1680 5464 Qua
1706 5398 1963 5452 nimirum
1995 5397 2185 5462 latera,

602 5499 714 5538 non
745 5484 1039 5554 incongrue
1080 5486 1389 5554 quotidiana
1432 5487 1625 5541 divina
1671 5488 2022 5557 protectionis
2062 5502 2187 5557 erga

604 5598 705 5638 nos
755 5585 1055 5638 munimina
1113 5587 1414 5657 designant.
1483 5589 1556 5643 De
1608 5590 1803 5659 quibus
1854 5589 2186 5644 Psalmista:

611 5691 628 5721 ι
653 5672 933 5740 lmmittet,
964 5675 1158 5745 inquit,
1187 5679 1434 5750 angelum
1475 5679 1732 5734 Dominus
1769 5681 1826 5733 in
1855 5680 2082 5734 circuitu
2120 5679 2190 5734 ti-

607 5766 868 5820 mentium
897 5782 1039 5832 eum,
1069 5777 1122 5824 et
1155 5771 1347 5840 eripiet
1367 5787 1462 5825 eos
1483 5770 1653 5839 (Psal.
1683 5771 1897 5841 xxxiii).
1922 5791 1939 5819 ι
1988 5770 2192 5826 Ascen-

609 5859 686 5913 dit
715 5859 931 5916 uuidem
966 5861 1025 5918 iu
1071 5863 1408 5920 canaeulum
1445 5862 1707 5920 Achazias
1756 5878 1849 5919 rex
1903 5861 2185 5933 Samaria,

2279 2016 2750 2079 eomponerentur,
2779 2024 3120 2078 nequaquam
3150 2010 3322 2064 muris
3345 2009 3526 2079 templi
3549 2010 3741 2075 inﬁxa,
3775 2009 3874 2066 sed

2271 2099 2429 2171 juxta
2462 2117 2649 2156 muros
2691 2100 2934 2157 trabibus
2979 2117 3100 2172 qua
3138 2102 3205 2157 de
3237 2101 3412 2156 muris
3457 2101 3726 2166 exierant,
3778 2117 3874 2157 su-

2279 2195 2570 2265 perposita.
2619 2193 2758 2261 Quid
2787 2195 2972 2265 itaque
3000 2211 3096 2266 per
3120 2195 3305 2250 trabes
3329 2195 3540 2261 domus,
3569 2210 3693 2264 qua
3724 2195 3879 2250 tabu—

2280 2283 2386 2340 lata
2418 2287 2741 2356 portabant,
2787 2287 2891 2342 nisi
2920 2286 3304 2355 pradieatores
3331 2289 3505 2344 sancti
3531 2297 3660 2343 sunt
3694 2289 3878 2358 typioe

2282 2377 2591 2448 designati?
2637 2376 2740 2445 Qui
2771 2378 2896 2433 dum
2927 2379 3029 2447 ipsi
3057 2378 3342 2433 sublimem
3373 2387 3538 2450 atque
3577 2380 3880 2435 honorabi-

2280 2469 2385 2525 lem
2418 2469 2473 2523 in
2511 2469 2753 2524 Ecclesia
2788 2469 2883 2524 Dei
2918 2469 3094 2524 locum
3119 2477 3323 2534 tenent,
3352 2470 3682 2526 inﬁrmiores
3708 2486 3880 2540 quos-

2281 2577 2387 2633 que
2411 2577 2476 2616 ac
2501 2561 2722 2630 fragiles
2758 2561 2870 2616 suis
2913 2561 3386 2631 pradieationibus
3420 2563 3488 2618 ab
3531 2562 3880 2616 inﬁrmorum

2284 2654 2527 2724 appetitu
2565 2653 2876 2719 sustollunt,
2920 2661 3082 2722 atque
3129 2653 3194 2706 ad
3237 2652 3480 2708 calestia
3516 2653 3881 2707 desideranda

2284 2761 2349 2800 ac
2389 2744 2656 2815 speranda
2692 2743 3052 2813 suspendunt;
3095 2743 3208 2798 suis
3257 2743 3423 2798 etiam
3471 2743 3884 2798 intercessioni-

2283 2835 2409 2901 bus,
2433 2843 2496 2889 ut
2522 2835 2578 2889 in
2606 2835 2798 2904 captis
2817 2834 3128 2904 persistant,
3156 2834 3431 2904 adjuvant.
3485 2834 3741 2904 Legimus
3778 2849 3882 2888 au-

2288 2935 2394 2981 tem
2449 2927 2505 2981 in
2544 2925 2988 2995 Paralipomenon
3039 2925 3125 2997 (II
3178 2925 3307 2980 Par.
3360 2925 3444 2995 ιιι)
3495 2925 3638 2994 quod
3691 2927 3884 2980 trabes

2287 3016 2492 3088 templi,
2533 3017 2673 3071 sicut
2699 3025 2755 3070 et
2781 3025 2977 3071 catera
3007 3015 3122 3084 ejus
3174 3015 3454 3080 interiora,
3497 3014 3700 3070 fuerint
3743 3030 3884 3070 auro

2287 3109 2517 3164 vestita.
2568 3108 2719 3175 Quod
2753 3109 2828 3162 ita
2870 3108 3071 3163 factum
3109 3124 3227 3164 esse
3268 3125 3375 3164 non
3412 3107 3634 3164 dubium
3679 3117 3787 3174 est,
3826 3117 3884 3163 ut

2290 3199 2393 3254 illa
2431 3199 2646 3254 trabum
2689 3207 2892 3268 partes,
2921 3215 3041 3269 qua
3066 3199 3212 3254 intus
3240 3199 3296 3254 in
3322 3198 3520 3269 templo
3547 3206 3726 3263 erant,
3755 3199 3882 3254 auri

2211 3264 2258 3326 Ο
2290 3298 2474 3345 essent
2505 3264 2721 3344 laminis
2751 3298 2905 3344 tecta
2920 3264 2956 3355 ;_
2979 3305 3098 3359 qua
3143 3305 3272 3344 vero
3312 3264 3450 3344 foris
3471 3289 3757 3359 parebant,
3798 3289 3884 3344 ha

2289 3383 2512 3437 minime
2549 3383 2842 3446 deaurata,
2875 3383 3046 3452 ipsam
3083 3382 3230 3437 cedri
3266 3383 3498 3453 speciem
3536 3382 3885 3453 formamque

2290 3475 2498 3529 cunctis
2523 3474 2892 3538 ostenderent,
2934 3474 2986 3526 in
3012 3489 3119 3542 qua
3149 3481 3329 3528 tamen
3369 3473 3622 3543 imposita
3661 3473 3885 3528 sibimet

2292 3569 2526 3623 tabulata
2555 3569 2858 3640 gestabant.
2907 3569 3058 3634 Quod
3084 3582 3213 3636 ergo
3235 3567 3572 3621 extrinsecus
3603 3567 3885 3621 eminebat

2292 3660 2546 3724 trabium,
2573 3659 2739 3714 vitam
2771 3667 3100 3723 sanctorum,
3137 3675 3256 3728 qua
3285 3658 3442 3712 nobis
3459 3658 3513 3712 in
3537 3658 3700 3711 terris
3722 3673 3886 3712 mno-

2293 3761 2496 3806 tescere
2516 3752 2712 3822 potuit,
2732 3752 2994 3821 designat.
3027 3750 3178 3816 Quod
3199 3751 3343 3805 intus
3365 3766 3419 3803 in
3439 3748 3641 3817 templo
3655 3748 3887 3803 deaura-

2291 3853 2403 3898 tum
2431 3845 2687 3916 fulgebat,
2715 3843 3019 3899 claritatem
3047 3842 3210 3907 illam,
3239 3858 3346 3912 qua
3382 3841 3436 3895 in
3475 3838 3681 3894 calesti
3703 3840 3885 3908 patria

2289 3937 2347 3993 in
2381 3947 2600 4006 aspectu
2631 3936 2712 3991 sui
2744 3937 2979 4006 gaudent
3004 3935 3284 3999 creatoris,
3319 3934 3546 4004 ﬁgurate
3575 3930 3882 3985 denuntiat.

2369 4049 2386 4079 ι
2407 4028 2607 4083 Domus
2635 4037 2814 4082 autem
2844 4043 2966 4081 cum
2987 4025 3368 4090 adiﬁcaretur,
3403 4026 3467 4078 de
3495 4023 3766 4093 lapidibus
3788 4023 3885 4077 do-

2298 4139 2317 4171 ‹
2345 4117 2469 4172 latis
2501 4127 2663 4186 atque
2686 4116 2943 4187 perfectis
2975 4117 3238 4170 adiﬁcata
3284 4124 3386 4170 est.
3441 4115 3508 4168 Et
3551 4115 3779 4169 malleus
3826 4123 3885 4169 et

2298 4227 2316 4260 ι
2346 4208 2574 4271 securis,
2602 4217 2658 4260 et
2684 4222 2842 4261 omne
2867 4207 3273 4270 ferramentum,
3306 4221 3415 4260 non
3448 4212 3573 4260 sunt
3603 4205 3789 4259 audita
3821 4205 3883 4258 in

2298 4323 2316 4354 ι
2346 4303 2528 4368 domo,
2561 4317 2685 4356 eum
2712 4301 3090 4356 adiﬁcaretur.
3117 4317 3136 4350 ι
3186 4298 3312 4354 Hac
3344 4299 3412 4352 ad
3444 4298 3590 4353 illam
3624 4298 3884 4354 Ecclesia

2291 4403 2522 4463 partem,
2552 4408 2671 4462 qua
2702 4401 2824 4462 post
2849 4391 3009 4459 hujus
3041 4389 3223 4446 saeuli
3253 4390 3465 4446 labores
3499 4400 3555 4445 et
3583 4391 3884 4444 certamina

2292 4487 2360 4541 ad
2387 4496 2590 4541 aeterna
2619 4487 2840 4555 pramia
2875 4485 3074 4540 meruit
3106 4485 3397 4551 introduci,
3443 4485 3664 4554 proprie
3707 4484 3883 4554 perti-

2293 4587 2444 4632 nent.
2494 4576 2572 4632 lbi
2603 4578 2744 4630 enim
2788 4576 3012 4645 perfecti
3054 4575 3389 4632 solummodo
3427 4585 3482 4630 et
3522 4574 3882 4640 immaculati,

2295 4679 2456 4739 atque
2493 4669 2562 4722 ab
2599 4668 2747 4722 omni
2780 4668 2899 4722 labe
2947 4669 3246 4737 iniquitatis
3278 4667 3527 4738 castigati
3562 4667 3881 4737 ingrediun-

2295 4768 2403 4813 tur.
2468 4777 2487 4809 ι
2511 4757 2626 4811 Non
2663 4758 2806 4812 enim
2833 4758 3053 4813 intrabit
3087 4759 3142 4813 in
3170 4757 3314 4812 illam
3362 4759 3635 4812 civitatem
3678 4756 3884 4826 aliquid

2294 4847 2720 4916 coinquinatum,
2752 4849 2953 4904 faciens
2972 4847 3424 4904 abominationem
3444 4855 3499 4902 et
3513 4847 3881 4911 mendacium,

2295 4943 2435 4996 sicut
2459 4942 2515 4996 in
2535 4941 2856 5012 Apocalypsi
2877 4943 3095 5012 scripsit
3119 4941 3355 4997 Joannes
3383 4942 3564 5012 (Apoc.
3595 4939 3733 5012 xxi).
3779 4939 3881 4995 Ubi

2296 5031 2521 5086 malleus
2549 5041 2603 5086 et
2633 5033 2858 5096 securis,
2890 5040 2944 5086 et
2971 5047 3131 5086 omne
3153 5030 3541 5086 ferramentum
3580 5045 3687 5086 non
3727 5029 3883 5083 audi-

2295 5134 2402 5189 tur,
2430 5126 2556 5194 quia
2585 5126 2672 5180 hic
2708 5126 2984 5179 tundimur
3016 5123 3453 5188 adversitatibus,
3495 5133 3549 5177 et
3595 5122 3878 5191 disciplina

2295 5217 2540 5271 veritatis
2587 5230 2934 5282 exercemur,
2977 5224 3036 5270 ut
3077 5215 3186 5270 illic
3239 5215 3373 5270 locis
3419 5213 3574 5282 juxta
3624 5213 3880 5267 meritum

2295 5311 2546 5380 congruis
2601 5311 2992 5379 disponamur:
3031 5310 3386 5380 castigatione
3432 5317 3677 5364 cessante
3703 5347 3718 5374 ,
3765 5305 3880 5362 solo

2295 5402 2496 5456 amoris
2527 5401 2732 5471 glutino
2763 5417 2873 5471 quo
2903 5403 2972 5457 ad
3004 5400 3235 5457 invicem
3273 5400 3610 5472 copulemur,
3638 5414 3748 5453 uno
3777 5399 3881 5452 im—

2294 5494 2422 5562 pleti
2452 5494 2644 5563 spiritu
2667 5493 3074 5564 perfundamur.

2371 5605 2390 5638 ‹
2421 5586 2631 5641 Ostium
2657 5585 2842 5641 lateris
2871 5588 3034 5642 medii
3054 5587 3107 5642 in
3129 5594 3280 5657 parte
3299 5594 3420 5642 erat
3441 5597 3631 5642 domus
3651 5583 3876 5647 dextra,

2300 5699 2316 5726 ‹
2346 5685 2399 5730 et
2435 5691 2532 5745 per
2564 5676 2844 5731 cochleam
2883 5675 3247 5732 ascendebant
3271 5678 3326 5730 in
3356 5675 3593 5730 medium
3621 5687 3878 5728 canacn-

2298 5787 2314 5816 ι
2347 5767 2476 5831 Ιυιη,
2513 5775 2568 5822 et
2596 5782 2625 5820 a
2653 5767 2830 5820 medio
2869 5766 2921 5818 in
2958 5765 3190 5830 tertium,
3230 5775 3334 5820 etc.
3365 5782 3383 5816 ›
3436 5764 3685 5832 Quidam,
3732 5763 3878 5818 hunc

2293 5861 2466 5918 locum
2514 5860 2655 5919 male
2693 5858 3089 5929 intelligentes,
3127 5867 3316 5930 putant
3358 5857 3558 5916 ostium
3605 5855 3792 5927 templi
3844 5868 3875 5910 ιι
