4074 6482
259 444 370 503 με

1084 438 1437 504 COMMENT.
1477 445 1548 503 ΙΝ
1586 444 1832 504 LIBROS
1865 445 1934 503 IV
1971 442 2237 501 REGUM.
2276 473 2348 486 —
2383 443 2454 500 IN
2490 443 2619 502 LIB.
2654 444 2742 502 Ill.

1910 334 2009 352 νη,

3421 446 3527 503 MO

256 563 486 621 meridie
511 563 707 629 fuisse,
745 579 850 620 non
891 566 1232 621 auem-dentes
1274 565 1399 635 quia
1434 564 1482 620 si
1514 564 1619 620 hoc
1652 560 1852 634 signiﬁ-
1876 563 1929 624 Α
1951 555 2075 611 dem
2103 557 2408 611 cubitorum
2444 572 2711 612 summam
2738 556 2792 610 in
2822 556 3103 613 altitudine
3128 556 3381 615 habebat.
3426 557 3532 627 Qui

258 671 387 713 care
417 656 670 711 voluisset
699 657 997 727 Scriptura,
1038 674 1144 713 non
1198 659 1270 712 ita
1317 659 1564 714 diceret:
1605 675 1624 708 ς
1648 656 1848 712 ostium

256 748 446 806 lateris
474 748 637 804 medii
662 748 719 803 in
744 758 899 819 parte
928 758 1047 806 erat
1073 751 1267 807 domus
1308 751 1531 817 dextrae,
1562 769 1582 802 ι
1628 750 1723 805 sed
1770 749 1847 804 ita

253 841 438 912 potius
481 840 796 911 simpliciter
828 859 841 895 :
871 859 893 894 ι
924 850 980 897 et
1020 842 1256 898 habebat
1297 842 1489 897 domus
1535 841 1737 897 ostium
1778 839 1846 895 ad

254 929 558 985 meridiem.
587 949 607 982 ›
658 930 812 986 Nunc
837 939 1019 987 autem
1048 931 1206 1003 longe
1225 930 1369 987 aliud
1392 928 1678 1001 signiﬁcat.
1718 930 1849 984 Par-

253 1028 366 1077 tem
404 1036 637 1092 namque
677 1023 871 1080 domus
928 1025 1132 1081 dextrae
1188 1024 1330 1079 latus
1370 1023 1556 1093 templi
1595 1022 1850 1077 meridia-

253 1126 388 1166 num
413 1111 563 1177 dicit,
594 1112 650 1167 in
685 1114 841 1185 cujus
874 1122 1029 1184 parte
1075 1114 1337 1171 Orientali
1382 1115 1584 1170 ostium
1628 1122 1748 1168 erat
1789 1114 1845 1168 in

251 1202 376 1274 ipso
396 1204 593 1273 angulo
613 1204 818 1261 factum
836 1206 993 1276 juxta
1032 1218 1235 1265 terram
1259 1227 1273 1264 :
1302 1209 1359 1264 in
1384 1210 1527 1279 quod
1562 1209 1847 1264 introeun-

252 1302 338 1350 tes
378 1296 561 1350 statim
600 1297 669 1351 ad
704 1298 898 1353 altiora
929 1301 1196 1370 gradatim
1223 1300 1606 1367 ascendebant,
1644 1300 1848 1355 haben-

251 1392 341 1441 tes
379 1387 525 1441 viam
558 1403 815 1446 ascensus
841 1406 942 1461 per
969 1392 1084 1461 ipsa
1110 1392 1335 1463 parietis
1362 1393 1642 1457 interiora,
1673 1392 1847 1449 donec

248 1479 349 1533 tali
378 1480 575 1537 itinere
601 1484 667 1537 ad
695 1484 931 1539 medium
962 1485 1301 1541 coenacnlum
1338 1494 1394 1541 et
1435 1502 1466 1541 a
1509 1487 1689 1543 medio
1722 1502 1845 1557 per-

245 1574 530 1628 veniretur
564 1574 631 1629 ad
675 1576 917 1631 tertium.
980 1576 1091 1633 Nec
1137 1578 1509 1646 dubitandum,
1549 1579 1847 1649 quamlibet

247 1666 352 1722 hoc
399 1665 679 1737 Scriptura
716 1685 825 1724 non
850 1670 1018 1737 dicat,
1048 1671 1176 1740 quia
1211 1670 1292 1726 sic
1329 1672 1682 1734 ascendentes
1725 1687 1844 1728 cre—

244 1759 514 1817 berrimas
541 1762 814 1818 habebant
844 1779 875 1818 a
904 1763 1127 1820 Meridie
1149 1765 1437 1830 fenestras,
1466 1780 1695 1835 quarum
1721 1764 1844 1821 luce

245 1858 458 1906 certum
495 1868 592 1923 per
625 1854 804 1909 omnia
855 1863 910 1911 et
958 1856 1074 1910 sine
1117 1855 1413 1913 offensione
1453 1858 1559 1912 iter
1596 1864 1838 1928 agerent.

1948 648 2198 704 videlicet
2225 648 2363 703 liber
2395 648 2513 704 illas
2559 650 2625 704 de
2667 650 2862 719 quibus
2904 650 3251 720 praediximus
3286 650 3531 723 porticus

1948 743 2092 798 circa
2133 741 2388 812 templum
2429 743 2649 798 cellaria
2691 751 2849 799 vocat
2892 752 2947 798 et
2991 744 3256 801 cubicula.
3325 764 3345 799 ι
3373 745 3533 803 Dedit

1950 842 2150 900 autem,
2180 834 2374 904 inquit,
2403 835 2571 891 David
2599 834 2874 893 Salomoni
2922 837 3031 894 tilio
3073 852 3173 895 suo
3209 838 3534 913 descriptio-

1948 942 2072 983 nem
2100 928 2362 999 porticus,
2394 937 2447 984 et
2474 930 2681 1001 templi,
2710 938 2766 985 et
2785 929 3148 1001 cellariorum,
3183 943 3239 990 et
3265 935 3533 999 caenaculi

1947 1029 2002 1077 et
2050 1022 2419 1078 cubiculorum
2460 1024 2515 1078 in
2562 1024 2755 1095 adytis,
2796 1030 2854 1079 et
2895 1024 3087 1082 domus
3135 1027 3533 1099 propitiationis

1947 1113 2001 1187 (Ι
2030 1114 2158 1168 Par.
2188 1115 2404 1188 xxvm).
2429 1135 2448 1168 ι
2502 1114 2606 1172 Ubi
2644 1116 2809 1172 etiam
2848 1117 3181 1173 exteriorum
3227 1119 3532 1185 domorum,

1940 1219 2066 1275 qua:
2092 1213 2249 1261 erant
2278 1214 2431 1262 extra
2467 1207 2663 1263 atrium
2703 1208 3045 1265 sacerdotum
3070 1208 3124 1263 in
3146 1209 3375 1266 circuitu
3403 1219 3536 1275 tem~

1943 1298 2040 1369 pli,
2079 1297 2208 1355 fecit
2242 1301 2592 1367 mentionem,
2632 1318 2755 1359 cum
2784 1303 3031 1374 protinus
3059 1302 3304 1373 adjunxit
3336 1322 3351 1359 :
3386 1303 3537 1369 «Nec

1944 1406 2053 1446 non
2097 1401 2153 1448 et
2199 1394 2441 1448 omnium
2480 1411 2599 1464 qua:
2626 1397 2977 1468 cogitaverat,
3009 1397 3294 1464 atriorum,
3324 1405 3380 1455 et
3408 1412 3538 1457 exe-

1946 1481 2169 1539 drarum
2211 1500 2308 1554 per
2351 1485 2635 1542 circuitum
2676 1489 2733 1543 in
2768 1489 3041 1546 thesauris
3069 1491 3261 1546 domus
3294 1490 3534 1558 Domini,

1943 1583 1999 1631 et
2024 1577 2080 1631 in
2113 1578 2384 1635 thesauris
2412 1589 2742 1637 sanctorum.
2766 1600 2786 1634 ι

2015 1670 2169 1740 Quod
2199 1682 2381 1730 autem
2409 1677 2586 1732 omnis
2615 1678 2845 1734 altitudo
2872 1679 3057 1751 templi
3087 1686 3307 1735 centum
3344 1679 3537 1751 viginti

1942 1759 2044 1816 fuit
2069 1764 2394 1833 cubitorum,
2421 1768 2489 1822 ad
2516 1767 2658 1823 idem
2689 1768 3100 1826 Sacramentum
3123 1772 3367 1843 respicit,
3392 1772 3538 1841 quod

1942 1862 1998 1909 et
2038 1855 2313 1924 primitiva
2352 1858 2407 1912 in
2433 1858 2821 1932 Hierosolymis
2860 1862 3127 1927 Ecclesia,
3174 1871 3296 1932 post
3332 1862 3540 1933 passio—

242 1938 351 2007 Qui
383 1944 649 1999 nimirum.
676 1945 827 2001 locus
870 1947 1087 2016 proprie
1124 1947 1192 2002 ad
1234 1963 1432 2017 corpus
1473 1948 1832 2017 Dominieum,
1863 1940 1911 2002 B
1938 1961 2082 2012 nem,
2116 1951 2589 2017 resurrectionem,
2616 1960 2671 2007 ct
2700 1955 3075 2012 ascensionem
3101 1954 3315 2010 Domini
3342 1955 3397 2009 in
3419 1968 3537 2010 etn-

242 2040 390 2107 quod
421 2042 487 2094 de
518 2040 735 2112 Virgine
770 2043 1019 2112 sumpsit,
1060 2042 1300 2113 respicit.
1359 2042 1569 2098 Ostium
1607 2057 1840 2114 namque

244 2128 438 2186 lateris
462 2132 625 2186 medii
652 2134 706 2187 in
732 2142 887 2204 parte
912 2144 1031 2189 erat
1057 2135 1252 2191 domus
1281 2136 1506 2199 dextrae,
1553 2136 1702 2205 quia,
1745 2136 1843 2192 de-

243 2222 437 2279 functo
458 2224 513 2278 in
545 2239 708 2279 cruce
734 2226 983 2291 Domino,
1017 2245 1037 2277 ‹
1055 2241 1197 2281 unus
1218 2227 1454 2281 militum
1483 2213 1671 2281 lancea
1698 2227 1840 2283 latus

240 2315 366 2385 ejus
396 2316 603 2385 aperuit
633 2316 814 2386 (Joan.
840 2316 976 2389 xu).
1000 2338 1019 2371 ι
1073 2319 1141 2373 Et
1166 2319 1325 2383 bene,
1356 2336 1374 2369 ‹
1393 2319 1447 2372 in
1472 2327 1625 2388 parte
1650 2320 1840 2375 domus

241 2403 469 2471 dextrae,
496 2424 514 2457 ι
544 2406 671 2476 quia
705 2408 954 2462 dextrum
992 2409 1042 2463 ei
1085 2407 1227 2463 latus
1274 2423 1307 2462 a
1354 2408 1525 2463 milite
1568 2420 1838 2478 apertum,

242 2504 434 2551 sancta
458 2499 632 2553 credit
663 2498 926 2555 Ecclesia.
976 2499 1080 2556 Ubi
1127 2507 1254 2570 apto
1292 2501 1460 2555 etiam
1500 2502 1667 2556 verbo
1712 2517 1840 2558 usus

240 2596 328 2642 est
379 2591 707 2661 evangelista
733 2632 750 2659 ,
789 2599 852 2647 ut
891 2607 1001 2647 non
1035 2593 1242 2649 diceret
1275 2611 1291 2648 :
1332 2593 1646 2649 «Percussit
1699 2593 1839 2650 latus

239 2680 375 2749 ejus,
398 2700 419 2732 ι
454 2690 547 2737 aut
577 2702 590 2737 :
625 2703 643 2735 ι
665 2684 1000 2753 Vulneravit,
1026 2705 1043 2738 ι
1084 2687 1180 2741 sed
1213 2704 1227 2741 :
1262 2705 1283 2739 ‹
1308 2688 1554 2757 Aperuit,
1577 2708 1597 2740 ι
1650 2688 1841 2744 videli-

240 2782 353 2839 cet,
407 2777 562 2845 quasi
613 2796 633 2828 ‹
653 2760 849 2834 ostium
881 2780 1068 2835 lateris
1103 2781 1288 2846 medii,
1313 2802 1331 2834 ι
1379 2797 1478 2851 per
1510 2783 1654 2851 quod
1683 2783 1841 2838 nobis

241 2865 350 2919 iter
370 2867 437 2921 ad
458 2868 702 2925 ccelestia
736 2872 1085 2941 panderetur.
1147 2872 1389 2943 Denique
1414 2874 1489 2928 ita
1515 2874 1834 2942 subiunxit:

248 2976 268 3008 ι
292 2957 361 3013 Et
390 2960 646 3017 continuo
670 2963 843 3018 exivit
871 2964 1091 3035 sanguis
1115 2972 1169 3018 et
1197 2980 1333 3034 aqua
1369 2964 1578 3037 (Ibid.).
1603 2985 1620 3016 ι
1683 2965 1838 3036 Aqua

239 3050 468 3118 scilicet,
504 3068 607 3123 qua
638 3054 911 3111 abluimur
946 3056 1002 3110 in
1037 3056 1326 3127 baptismo,
1363 3066 1418 3112 et
1449 3058 1688 3128 sanguis,
1729 3073 1838 3128 quo

237 3159 628 3202 consecramur
679 3149 736 3203 in
787 3149 956 3206 calice
1008 3158 1217 3205 sancto.
1291 3149 1397 3204 Per
1432 3139 1553 3205 'hoc
1600 3165 1838 3222 namque

234 3239 441 3293 ostium
467 3240 624 3296 nobis
644 3250 730 3295 est
751 3257 1010 3297 ascensus
1037 3243 1093 3296 in
1121 3242 1360 3297 medium
1390 3242 1748 3306 ctenaculum,
1782 3251 1839 3297 et

1940 2035 2043 2101 los,
2077 2036 2133 2092 in
2165 2040 2265 2094 hoc
2292 2056 2517 2097 numero
2544 2043 2805 2109 virorum,
2845 2046 3072 2115 gratiam
3105 2044 3341 2115 Spiritus
3362 2044 3538 2100 sancti

1941 2128 2152 2198 accepit
2179 2128 2315 2202 (Act.
2343 2148 2383 2198 ι,
2417 2132 2511 2205 n);
2550 2137 2863 2204 quindecim
2886 2154 3141 2209 namque,
3171 2154 3292 2208 quae
3339 2155 3408 2194 ex
3451 2153 3538 2194 se-

1940 2226 2086 2287 ptem
2121 2228 2175 2273 et
2206 2228 2330 2275 octo
2351 2232 2623 2289 constant,
2652 2226 2830 2281 solent
2858 2242 3245 2298 nonnunquam
3272 2227 3342 2283 ad
3368 2227 3540 2299 signi-

1940 2308 2250 2366 ﬁcationem
2300 2314 2494 2368 referri
2539 2316 2663 2371 vita:
2707 2316 2922 2384 futurae,
2947 2334 3069 2387 qua:
3092 2318 3317 2372 nuncin
3347 2302 3540 2373 sabba-

1941 2399 2104 2456 tismo
2147 2402 2356 2472 geritur
2407 2405 2711 2461 animarum
2754 2408 2991 2462 ﬁdelium
3026 2426 3038 2462 :
3071 2407 3386 2478 perﬁcietur
3436 2423 3538 2463 au-

1939 2498 2049 2546 tem
2080 2493 2136 2547 in
2161 2492 2271 2549 ﬁne
2295 2494 2474 2549 saeculi
2503 2497 2901 2552 resurrectione
2932 2512 3224 2568 corporum
3251 2497 3539 2553 immorta-

1940 2583 2091 2639 lium.
2142 2584 2264 2655 lpsa
2299 2595 2481 2642 autem
2528 2589 2835 2662 quindecim
2866 2589 2923 2644 in
2951 2591 3222 2662 trigonum
3257 2574 3449 2659 ducta:
3481 2592 3539 2647 id

1939 2684 2043 2742 est,
2071 2691 2196 2732 cum
2237 2678 2489 2734 omnibus
2536 2681 2648 2736 suis
2685 2682 2934 2751 partibus
2982 2683 3361 2751 adnumerata,
3410 2699 3539 2741 cen-

1942 2776 2053 2823 tum
2090 2769 2313 2842 triginta
2356 2770 2581 2827 faciunt.
2637 2773 2979 2846 Quapropter
3005 2784 3130 2846 apte
3155 2791 3383 2831 numero
3411 2792 3540 2834 cen-

1939 2862 2150 2916 tenario
2175 2872 2229 2917 et
2257 2862 2533 2919 vicenario
2571 2880 2766 2936 magna
2804 2867 3103 2923 electorum
3150 2869 3427 2925 beatitudo
3482 2871 3540 2927 in

1937 2951 2120 3023 futura
2147 2955 2259 3009 vita
2284 2955 2616 3027 designatur,
2650 2966 2776 3028 apte
2817 2960 2872 3014 in
2920 2961 3026 3017 hoc
3078 2962 3299 3017 tertium
3344 2965 3540 3019 domus

1938 3042 2152 3100 Domini
2176 3047 2518 3103 cmuaculum
2543 3061 2972 3117 consummatur,
3003 3052 3131 3122 quia
3157 3062 3280 3123 post
3304 3069 3518 3125 praesen

1937 3143 2021 3191 tes
2050 3135 2290 3193 ﬁdelium
2332 3138 2566 3206 labores,
2615 3149 2740 3211 post
2784 3150 3065 3214 acceptam
3111 3144 3169 3199 in
3214 3144 3398 3200 futuro
3445 3161 3535 3201 re-

1939 3226 2123 3295 quiem
2156 3232 2483 3299 animarum,
2524 3234 2685 3304 plena
2715 3239 2879 3293 totius
2913 3239 3171 3296 Ecclesia:
3195 3240 3431 3297 felicitas
3479 3241 3538 3297 in

234 3345 269 3385 a
295 3329 477 3384 medio
504 3331 559 3384 in
586 3332 826 3398 tertium,
853 3333 978 3401 quia
998 3348 1097 3402 per
1124 3332 1284 3388 ﬁdem
1302 3341 1357 3388 et
1384 3334 1643 3405 mysteria
1665 3334 1838 3389 nostri

1942 3323 2359 3379 resurrectionis
2388 3300 2560 3395 gloria
2588 3329 2965 3399 complebitur.

233 3419 624 3489 Redemptoris
647 3422 713 3475 de
736 3422 988 3491 praesenti
1030 3422 1286 3478 Ecclesiae
1324 3425 1735 3482 conversatione
1772 3425 1841 3481 ad

235 3513 488 3583 requiem
536 3514 840 3569 animarum
868 3523 990 3585 post
1035 3523 1266 3572 mortem
1304 3516 1679 3584 ascendimus;
1717 3533 1840 3572 rur-

232 3617 468 3673 sumque
496 3604 564 3659 de
592 3606 781 3676 requie
805 3607 1133 3673 animarum,
1168 3608 1487 3663 adveniente
1516 3609 1602 3663 die
1621 3608 1836 3679 judicii,

234 3694 307 3749 ad
355 3693 819 3750 immortalitatem
865 3710 1081 3768 quoque
1114 3713 1423 3770 corporum,
1457 3700 1612 3771 quasi
1644 3702 1699 3757 in
1734 3711 1839 3760 ter-

235 3786 377 3841 tium
406 3788 764 3854 cmnaculum,
794 3790 1106 3849 sublimiore
1135 3792 1380 3865 profectu
1404 3797 1834 3867 penetrabimus,

236 3893 305 3934 ex
337 3895 444 3950 quo
468 3880 524 3936 in
555 3896 749 3954 magna
776 3885 1077 3953 amborum,
1116 3893 1171 3942 et
1202 3887 1448 3957 corporis
1494 3888 1743 3945 videlicet
1782 3899 1839 3947 et

238 3969 457 4038 animae,
490 3973 824 4031 beatitudine
847 3984 1110 4046 perpetuo
1137 3977 1402 4033 vivamus.

309 4060 464 4131 Quod
514 4066 734 4135 quidem
780 4067 886 4123 iter
934 4068 1279 4124 invisibiliter
1321 4071 1598 4139 agebatur,
1642 4070 1717 4127 ita
1773 4082 1837 4130 ut

237 4155 339 4211 soli
370 4156 494 4223 hoc,
541 4158 631 4227 qui
675 4159 1027 4225 intraverant,
1080 4169 1321 4228 nossent,
1367 4165 1614 4233 quamvis
1656 4164 1835 4235 ipsum

238 4249 440 4304 ostium
489 4252 651 4305 etiam
703 4250 835 4307 foris
885 4253 1046 4323 positi
1087 4253 1354 4320 viderent,
1404 4256 1530 4327 quia
1577 4257 1834 4313 nimirum

239 4347 395 4396 actus
421 4340 656 4397 ﬁdelium
686 4343 737 4397 in
767 4344 871 4399 hoc
900 4344 1116 4411 smculo,
1152 4354 1207 4402 et
1232 4347 1625 4405 celebrationes
1653 4365 1835 4405 sacra-

238 4428 568 4500 mentorum,
609 4435 771 4489 etiam
822 4437 1037 4507 reprobi
1084 4446 1312 4509 possunt
1356 4440 1573 4496 intueri.
1633 4442 1833 4497 Verum

240 4541 441 4581 arcana
468 4525 615 4592 ﬁdei,
645 4527 846 4581 intima:
866 4529 1096 4599 gratiam
1144 4529 1462 4597 dilectionis,
1505 4531 1683 4588 nullus
1726 4532 1833 4588 nisi

239 4617 333 4686 qui
382 4631 482 4685 per
528 4617 658 4681 haec,
715 4616 946 4672 Domino
993 4619 1150 4686 duce,
1194 4610 1264 4675 ad
1312 4621 1549 4677 caelestia
1600 4623 1828 4688 scandit,

240 4709 505 4779 agnoscit.
569 4728 588 4760 ‹
617 4710 717 4776 Qui
754 4712 899 4765 enim
940 4712 1070 4767 dicit
1094 4727 1154 4768 se
1182 4729 1343 4770 nosse
1377 4715 1570 4783 Deum,
1602 4726 1658 4772 et
1682 4732 1836 4771 man-

238 4800 365 4854 data
410 4798 528 4868 ejus
574 4816 682 4856 non
726 4803 981 4870 custodit,
1029 4804 1261 4860 mendax
1304 4813 1389 4862 est
1429 4806 1483 4880 (I
1510 4805 1671 4862 Joan.
1701 4808 1785 4882 ιι).
1811 4828 1830 4862 ι

238 4888 546 4945 Notandum
577 4907 709 4947 sane
739 4894 883 4963 quod
929 4895 1150 4966 triginta
1194 4897 1362 4953 cubiti
1403 4897 1722 4965 altitudinis,
1769 4903 1838 4957 de

239 4982 438 5051 quibus
465 4996 629 5052 supra
656 4983 875 5055 legitur,
903 5001 1076 5057 usque
1104 4988 1169 5043 ad
1210 4988 1446 5044 medium
1496 4992 1836 5049 coenaeulum

237 5075 651 5147 pertingebant;
692 5077 886 5134 deinde
934 5079 1023 5134 alii
1075 5080 1295 5150 triginta
1336 5082 1504 5137 cubiti
1552 5098 1723 5153 usque
1768 5085 1836 5141 ad

241 5167 461 5221 tertium
519 5168 855 5223 cmuacnlum
912 5170 1289 5238 addebantur,
1342 5187 1624 5245 quousque
1669 5174 1838 5246 portiv

240 5273 426 5325 eumn,
457 5274 578 5329 qua:
605 5269 760 5315 erant
785 5260 929 5316 circa
960 5262 1219 5332 templum
1251 5264 1319 5319 ab
1342 5265 1558 5331 Austro,
1591 5274 1647 5321 et
1670 5266 1839 5337 Aqui-

239 5347 386 5415 lone,
446 5358 501 5406 et
553 5348 762 5407 Occasu
814 5361 1014 5409 tectum
1066 5355 1437 5425 perveniebat,
1490 5366 1551 5411 ut
1603 5357 1837 5428 Josepbo

241 5448 506 5497 narrante
555 5442 863 5501 didicimus.
921 5445 1125 5502 Deinde
1179 5462 1352 5518 usque
1404 5448 1473 5503 ad
1525 5463 1835 5518 supremum

244 5534 431 5605 templi
453 5542 654 5591 tectum
679 5536 770 5593 alii
802 5538 1085 5610 sexaginta
1112 5539 1280 5594 cubiti
1304 5541 1749 5605 numerabantur,
1779 5547 1836 5595 et

243 5626 324 5682 sic
350 5633 463 5681 tota
490 5627 717 5684 altitudo
742 5630 935 5686 domus
971 5630 1126 5701 juxta
1162 5630 1359 5685 librum
1381 5630 1833 5701 Paralipomenon

245 5717 304 5772 in
346 5726 569 5773 centum
611 5720 802 5791 viginti
842 5723 1052 5778 cubitus
1081 5731 1453 5778 consummata
1476 5732 1559 5777 est
1584 5722 1667 5794 (Il
1701 5723 1831 5777 Par.

247 5809 358 5882 tn).
409 5810 659 5869 Porticus
679 5828 914 5884 quoque,
943 5830 1062 5884 quae
1089 5824 1211 5869 erat
1234 5822 1361 5870 ante
1386 5815 1620 5869 frontem
1651 5815 1834 5884 templi

250 5898 321 5963 ad
347 5903 650 5973 Orientem,
674 5906 828 5977 juxta
868 5906 1028 5963 ﬁdem
1072 5907 1278 5978 praefati
1331 5906 1638 5973 voluminis,
1687 5921 1836 5962 eam-

2014 3413 2376 3471 uEdiﬁcavit
2415 3419 2633 3475 domum
2668 3429 2724 3475 et
2758 3424 3156 3480 consummavit
3179 3439 3321 3481 eam.
3379 3425 3541 3482 Texit

1947 3523 1966 3557 ‹
1996 3521 2212 3577 quoque
2252 3510 2472 3565 domum
2522 3512 2870 3582 laquearibus
2915 3516 3170 3582 cedrinis,
3219 3525 3326 3574 etc.
3358 3537 3377 3570 ι
3437 3518 3542 3575 La-

1939 3599 2165 3669 quearia
2188 3608 2314 3655 sunt
2338 3603 2600 3671 tabulata,
2631 3621 2753 3676 quae
2786 3622 2983 3677 magno
3011 3609 3209 3666 decore
3234 3612 3538 3682 composita

1938 3699 1995 3746 et
2021 3701 2235 3760 ornata,
2278 3695 2347 3750 ab
2371 3694 2629 3753 inferiore
2656 3706 2812 3770 parte
2839 3701 3085 3757 trabibus
3113 3700 3424 3774 adiguntur.
3468 3703 3541 3760 Et

1938 3783 2065 3853 quia
2085 3793 2169 3839 ter
2190 3786 2427 3855 geminat
2442 3787 2743 3845 altitudinis
2769 3790 2961 3847 domus
2990 3790 3206 3849 Domini
3230 3791 3373 3849 facta
3394 3802 3533 3861 erat,

1938 3882 2091 3931 terna
2114 3877 2374 3933 nimi-rum
2405 3878 2638 3936 habebat
2656 3881 2952 3952 laquearia.
2995 3882 3135 3951 Quid
3165 3893 3347 3940 autem
3378 3900 3538 3956 aper-

1939 3969 2048 4025 tius
2088 3985 2187 4041 per
2237 3970 2544 4042 laquearia,
2591 3989 2753 4044 quam
2800 3959 3158 4032 sublimiores
3188 3991 3434 4048 quosque
3477 3978 3538 4034 in

1937 4072 2126 4120 sancta
2175 4064 2417 4121 Ecclesia
2448 4064 2627 4135 justos
2667 4067 2963 4138 signiﬁcari
3008 4068 3340 4125 credamus?
3392 4068 3540 4137 Quo-

1935 4172 2058 4212 rum
2083 4173 2219 4228 opus
2249 4168 2305 4214 et
2334 4160 2578 4215 doctrina
2615 4162 2825 4218 cunctis
2856 4163 2910 4217 in
2948 4162 3197 4234 exemplo
3230 4164 3535 4235 proposita,

1937 4251 2092 4320 quasi
2119 4250 2332 4321 longius
2361 4252 2415 4306 in
2442 4252 2553 4306 alto
2570 4254 3125 4324 praeeminet,quique
3146 4254 3262 4310 suis
3279 4255 3539 4311 interces-

1935 4342 2179 4399 sionibus
2207 4352 2260 4398 et
2290 4344 2758 4401 exhortationibus
2787 4347 2998 4405 animos
3049 4346 3409 4413 inﬁrmorum,
3464 4363 3537 4403 ne

1936 4433 1993 4488 in
2023 4432 2414 4488 tentationibus
2446 4434 2724 4501 deﬁciant,
2749 4444 3060 4506 protegunt.
3112 4436 3244 4502 Quae
3272 4438 3534 4492 nimirum

1935 4527 2211 4598 laquearia
2250 4534 2402 4582 recte
2446 4526 2669 4582 cedrina
2709 4541 2831 4581 esse
2880 4527 3281 4581 describuntur.
3324 4526 3536 4583 Cedrus

1936 4634 2172 4690 namque
2201 4620 2364 4676 arbor
2388 4626 2470 4675 est
2500 4619 2851 4690 imputribilis
2874 4619 3097 4675 omnino
3134 4626 3361 4687 naturae,
3403 4618 3538 4676 odo»

1938 4713 2276 4784 risjucundi,
2300 4721 2549 4785 aspectus
2574 4712 2751 4779 nitidi,
2782 4721 3062 4783 serpentes
3090 4727 3318 4769 accensa
3342 4712 3559 4785 nidoref

1938 4805 2130 4878 fugans
2158 4822 2222 4863 ac
2250 4806 2541 4877 perimens.
2590 4805 2721 4874 Quae
2744 4805 2998 4861 universa
3025 4804 3281 4877 perfectis
3309 4788 3562 4876 quibus-'

1936 4915 2041 4970 que
2069 4899 2416 4964 conveniunt,
2443 4912 2673 4968 quorum
2704 4897 3086 4968 insuperabilis
3115 4905 3202 4953 est
3242 4898 3530 4967 patientia,

1936 4988 2079 5044 fama
2109 4990 2373 5043 virtutum
2400 4988 2618 5054 eximia,
2655 4989 2944 5058 praesentia
2979 4987 3194 5043 cunctis
3219 4986 3532 5057 gratissima

1935 5083 2112 5149 bonis,
2143 5082 2438 5138 auctoritas
2466 5080 2535 5135 ad
2563 5080 2919 5137 revincendos
2940 5077 3406 5148 confutandosque
3434 5093 3533 5136 eos

1921 5175 2028 5244 ‘qui
2054 5174 2271 5230 veritati
2306 5173 2585 5239 resistunt,
2617 5170 3075 5235 constantissima,
3121 5169 3215 5239 qui
3247 5175 3303 5225 et
3333 5170 3388 5224 in
3423 5169 3528 5226 hac

1935 5266 2048 5321 vita
2073 5274 2128 5322 et
2152 5267 2206 5321 in
2230 5266 2410 5321 futura
2436 5263 2697 5336 singulari
2722 5277 2834 5334 prae
2859 5261 3069 5316 caeteris
3087 5262 3384 5318 eminentia
3418 5261 3529 5316 ful~

1936 5366 2084 5427 gent.

2015 5470 2033 5503 ‹
2063 5450 2132 5505 Et
2167 5448 2453 5505 aediﬁcavit
2492 5446 2793 5503 tabulatum
2843 5459 3009 5516 super
3047 5460 3265 5501 omnem
3303 5445 3526 5501 domum

1947 5562 1966 5595 ι
1992 5544 2230 5613 quinque
2257 5541 2453 5597 cubitis
2489 5538 2805 5593 altitudinis.
2840 5557 2860 5591 ι
2914 5536 3196 5593 Loriculas
3233 5536 3525 5610 signiﬁcat,

1941 5650 2062 5706 quae
2093 5635 2149 5689 in
2172 5647 2423 5704 supremo
2461 5632 2653 5687 domus
2699 5638 2842 5686 tecto
2889 5646 2989 5701 per
3032 5630 3322 5686 circuitum
3367 5635 3528 5685 erant

1942 5726 2115 5787 factm,
2140 5739 2208 5777 ne
2230 5723 2351 5792 quis
2380 5722 2450 5777 ad
2477 5721 2669 5776 altiora
2694 5723 3037 5793 perveniens,
3066 5729 3287 5793 repente
3315 5720 3527 5775 labere-

1942 5824 2030 5870 tur
2066 5815 2134 5870 ad
2158 5814 2265 5869 ima
2293 5831 2306 5868 :
2337 5813 2482 5884 quod
2514 5813 2572 5868 in
2598 5814 2747 5868 omni
2773 5814 2933 5869 domo
2956 5828 3121 5883 quam
3147 5814 3375 5882 quisque
3400 5807 3529 5864 tedi-

1942 5907 2131 5963 ﬁcaret
2161 5906 2371 5978 Moyses
2410 5906 2531 5962 ﬁeri
2576 5906 2874 5976 praecepit:
2910 5924 2931 5959 ε
2971 5903 3105 5961 Cum
3150 5900 3527 5971 aediﬁcaveris,
