4074 6470
578 388 678 444 147

1220 384 1281 439 Β.
1324 384 1577 474 asttle
1613 385 1833 443 unum
1868 385 2125 471 sucum

2229 384 2538 446 MOGUNT.
2574 389 2863 450 OPERUI
2897 391 3079 450 PARS
3113 394 3157 450 Ι.

575 505 846 576 inquiens,
893 503 1110 561 domum
1164 514 1379 571 novam,
1428 503 1595 562 facies
1637 522 1848 563 murum
1887 506 2017 562 tecti
2055 519 2154 577 per
2176 502 2445 574 Μειδίας.
2498 511 2601 578 Qui
2616 513 2774 583 quasi
2797 513 2853 569 in
2874 530 3087 570 summo
3114 515 3308 585 domus
3331 513 3429 572 Dei
3449 518 3737 575 cacumine
3766 519 3852 577 lo-

572 598 876 659 circuitum,
922 608 991 652 ne
1025 593 1332 651 eﬂ‘undatur
1361 598 1581 669 sanguis
1608 598 1664 654 in
1692 599 1854 656 domo
1879 605 1969 653 tua
1991 607 2047 653 et
2072 599 2148 655 sis

575 704 701 747 reus
721 689 933 745 labente
964 686 1072 742 alio
1104 686 1238 742 etin
1265 702 1506 758 praeceps
1528 696 1717 744 ruente
1735 687 1914 761 (Deut.
1938 694 2093 761 χχιι).
2120 707 2142 743 ι

570 780 697 838 Haec
724 786 903 836 autem
940 777 1179 834 tabulata
1201 778 1315 834 sive
1341 779 1560 835 oriculae
1599 795 1760 850 supra
1808 788 1935 835 sunt
1976 781 2146 836 latera

568 883 779 941 vocata,
807 873 901 930 ubi
928 888 1054 930 cum
1084 873 1285 928 dictum
1308 880 1452 935 esset
1478 892 1490 927 :
1519 891 1541 924 ι
1561 872 1630 927 Et
1662 872 1947 929 aediﬁcavit
1986 888 2147 943 super

558 968 831 1040 parietem
862 966 1050 1037 templi
1087 967 1323 1022 tabulata
1365 981 1462 1035 per
1505 981 1696 1037 gyrum
1743 966 1799 1020 in
1849 967 2147 1038 parietibus

565 1060 761 1118 domus
792 1073 892 1129 per
923 1058 1211 1115 circuitum
1252 1056 1435 1127 templi
1476 1065 1530 1111 et
1556 1058 1791 1125 oraculi,
1834 1077 1854 1111 ι
1887 1059 2145 1117 continuo

565 1154 870 1231 subjectum
916 1159 1004 1209 est
1034 1168 1050 1207 :
1084 1170 1106 1205 ι
1147 1150 1371 1207 Εινΐθοὶι
1419 1150 1589 1206 latera
1632 1151 1690 1206 in
1745 1151 1997 1207 circuitu.
2031 1171 2049 1205 ι
2084 1151 2144 1207 ln

564 1248 762 1319 quibus
805 1246 1061 1302 nimirum
1108 1244 1367 1302 lateribus
1412 1244 1776 1301 intelleximus
1806 1245 1987 1301 divina
2025 1259 2144 1301 esse

562 1340 811 1410 praesidia
846 1339 1124 1411 designata
1157 1356 1171 1393 ι
1204 1354 1324 1408 quae
1350 1353 1451 1393 nos
1477 1338 1529 1392 in
1571 1339 1673 1393 hoc
1720 1339 1898 1394 adhuc
1942 1338 2143 1395 saeculo

563 1429 891 1495 laborantes,
922 1444 987 1483 ac
1023 1443 1120 1499 pro
1147 1437 1307 1498 captu
1338 1436 1526 1483 nostro
1554 1428 1624 1482 ad
1651 1428 1933 1499 superiora
1963 1430 2142 1484 niten-

562 1528 665 1587 tes,
695 1519 932 1591 quotidie
964 1536 1033 1575 ne
1068 1518 1400 1586 deﬁciamus,
1444 1519 1716 1589 adjuvant.
1769 1518 1915 1576 Bene
1959 1528 2142 1577 autem

559 1613 617 1669 in
651 1614 754 1668 hoc
780 1627 1033 1683 supremo
1061 1611 1318 1678 tabulato,
1363 1612 1419 1666 in
1470 1618 1613 1667 tecto
1657 1612 1849 1667 domus
1901 1611 2136 1679 Domini,

558 1704 796 1774 quinque
828 1701 1039 1758 cubitus
1077 1702 1242 1757 altum
1277 1717 1397 1757 esse
1438 1709 1788 1765 memoratur,
1820 1702 1947 1772 quia
1980 1702 2140 1758 nimi-

559 1806 678 1844 rum
705 1789 779 1845 ita
809 1806 908 1845 nos
938 1790 990 1844 in
1019 1790 1106 1844 illa
1136 1789 1311 1860 patria
1341 1789 1537 1845 divina:
1563 1790 1851 1861 praesentia
1876 1791 2136 1847 claritatis

2247 612 2354 660 catt
2382 603 2642 662 docentur
2667 606 2885 677 quidem
2920 615 2976 663 et
2997 616 3281 677 portantur
3309 608 3380 664 ab
3405 609 3549 676 aliis,
3576 612 3673 667 sed
3699 629 3850 684 quius

2245 694 2475 753 doceant
2498 713 2795 768 quorumve
2825 699 3167 772 fragilitatem
3202 702 3434 758 tolerent
3462 702 3565 773 ipsi
3595 720 3703 762 non
3730 707 3843 761 ha-

2246 786 2391 843 bent.
2468 787 2572 857 Qui
2619 791 2868 848 videlicet
2906 794 3144 863 parietes
3189 795 3517 852 intrinsecus
3574 798 3848 856 tabulatis

2244 883 2479 940 cedrinis
2506 886 2841 954 operiuntur,
2865 901 2991 943 cum
3021 888 3183 943 corda
3222 888 3459 944 ﬁdelium
3499 904 3688 947 amore
3717 893 3844 948 vir-

2246 985 2421 1031 tutum
2446 978 2767 1033 redundant.
2823 980 2976 1035 Sicut
2999 981 3146 1038 enim
3165 982 3312 1038 cedri
3339 992 3536 1039 natura
3563 984 3846 1053 perfectos

2244 1070 2490 1126 homines
2534 1071 2617 1143 (ut
2648 1082 2811 1142 supra
2853 1073 3133 1147 Dominus)
3182 1074 3361 1146 typice
3412 1077 3715 1143 denuntiat,
3760 1079 3844 1134 ita

2242 1161 2405 1215 etiam
2432 1160 2565 1217 locis
2596 1163 2912 1233 opportunis
2941 1163 3314 1220 celsitudinem
3340 1165 3603 1222 virtutum
3629 1166 3842 1237 quibus

2241 1250 2310 1306 ad
2337 1253 2582 1309 eamdem
2610 1252 2996 1322 perfectionem
3024 1255 3271 1321 venitur,
3299 1271 3408 1311 non
3436 1258 3707 1313 immerito
3737 1260 3842 1314 de.

2240 1346 2437 1417 signat.
2487 1346 2762 1417 Teguntur
2800 1354 2981 1402 autem
3024 1347 3207 1403 omnia
3256 1347 3415 1416 lignis
3453 1364 3487 1403 a
3521 1350 3844 1419 pavimento

2241 1442 2434 1496 domus
2455 1456 2629 1510 usque
2656 1441 2722 1496 ad
2751 1442 3115 1498 summitatem
3146 1442 3435 1513 parietum,
3468 1460 3640 1514 lisque
3665 1447 3733 1501 ad
3760 1446 3844 1500 la-

2239 1534 2480 1603 quearia,
2507 1549 2632 1589 cum
2659 1533 2816 1590 electi
2845 1548 2877 1589 a
2906 1535 3095 1604 primis
3123 1534 3245 1592 ﬁdei
3276 1534 3629 1601 rudimentis,
3660 1555 3841 1609 usque

2239 1624 2307 1679 ad
2339 1622 2726 1693 perfectionem
2765 1625 2919 1680 bona:
2944 1625 3190 1691 actionis,
3219 1637 3276 1681 et
3305 1642 3475 1696 usque
3513 1630 3581 1684 ad
3622 1631 3839 1701 ingies.

2236 1728 2357 1769 sum
2399 1716 2589 1785 patriae
2624 1715 2880 1782 ccelestis,
2921 1716 3079 1772 bonis
3116 1717 3369 1774 insudare
3415 1734 3523 1774 non
3559 1720 3837 1776 desistunt

2238 1807 2511 1875 operibus,
2552 1823 2675 1863 cum
2711 1823 2742 1863 a
2786 1809 2977 1878 primis
3008 1807 3173 1877 justis
3210 1825 3382 1880 usque
3409 1815 3477 1866 ad
3502 1813 3729 1870 ultimos
3771 1817 3830 1871 in

558 1880 832 1951 adimplet,
874 1889 932 1935 ut
966 1881 1099 1936 nihil
1143 1880 1289 1936 aliud
1328 1881 1476 1936 visus
1506 1888 1708 1947 noster,
1736 1880 1871 1941 nihil
1900 1881 2126 1950 auditus,

2240 1901 2703 1957 consummatione
2753 1901 2964 1970 saeculi,
3017 1917 3208 1960 omnes
3250 1878 3542 1961 virtutibus
3582 1908 3828 1973 student,

557 1972 691 2026 nihil
717 1971 965 2038 olfactus,
995 1972 1131 2027 nihil
1156 1980 1364 2042 gustus,
1388 1971 1522 2027 nihil
1550 1980 1726 2028 tactus
1746 1972 1899 2027 dulce
1922 1973 2134 2039 habeat,

554 2062 659 2117 nisi
685 2064 906 2135 diligere
930 2063 1213 2119 Dominum
1238 2062 1406 2119 Deum
1427 2070 1695 2129 nostrum,
1725 2079 1788 2119 ex
1822 2071 1933 2119 toto
1952 2066 2135 2133 corde,

553 2160 669 2209 tota
695 2154 898 2220 anima,
937 2162 1047 2209 tota
1093 2155 1315 2221 virtute,
1354 2155 1578 2227 diligere
1604 2162 1659 2210 et
1679 2155 1987 2227 proximum
2019 2165 2137 2212 tan-

553 2259 717 2315 quam
752 2245 1107 2316 nosmetipsos
1147 2246 1324 2319 (Deut.
1358 2244 1455 2320 vi).

631 2354 650 2387 ι
674 2336 743 2392 Ει
772 2338 985 2397 operuit
1020 2337 1238 2391 domum
1278 2336 1440 2408 lignis
1468 2337 1725 2394 cedrinis.
1744 2357 1766 2392 ι
1814 2338 1916 2396 Hic
1942 2354 2134 2411 supre-

551 2442 701 2484 mum
743 2428 920 2498 ipsum
956 2429 1149 2485 domus
1193 2436 1398 2484 tectum
1434 2429 1588 2496 dicit,
1615 2430 1669 2487 id
1692 2439 1799 2498 est,
1834 2431 2135 2489 tabulatum

548 2516 676 2572 illud
703 2518 842 2588 quod
861 2519 1128 2589 supremis
1156 2520 1399 2576 trabibus
1422 2524 1822 2594 superpositum
1846 2532 1982 2579 erat.
2016 2524 2133 2581 Non

549 2609 694 2663 enim
727 2609 958 2664 habebat
980 2621 1087 2666 tem
1116 2611 1482 2682 plumculmen
1508 2613 1565 2669 in
1592 2616 1989 2685 superioribus,
2029 2619 2135 2675 siem

546 2707 607 2754 ut
650 2714 752 2755 nec
796 2701 1233 2772 tabernaculum,
1279 2704 1375 2760 sed
1419 2713 1541 2760 erat
1577 2706 1822 2776 aequale,
1861 2711 2132 2778 quomodo

545 2791 799 2847 omnibus
829 2792 885 2848 in
912 2791 1200 2851 Palaestina
1242 2803 1297 2852 et
1334 2790 1570 2868 Egypto
1600 2799 1791 2854 domus
1820 2796 2133 2857 aediﬁcanti-

544 2883 646 2939 bus
672 2881 850 2940 facere
892 2887 1060 2942 moris
1101 2895 1203 2943 est.
1251 2888 1310 2945 Id
1355 2889 1531 2960 ipsum
1568 2899 1751 2948 autem
1784 2893 1888 2949 hoc
1925 2894 2131 2951 tabula-

547 2984 680 3044 tum,
722 2993 829 3049 quo
863 2987 1051 3051 operta
1093 2989 1179 3038 est
1220 2982 1430 3051 domus,
1476 2983 1752 3055 laquearia
1787 2986 2051 3059 designat,
2074 2989 2129 3046 id

543 3078 649 3136 est,
692 3070 922 3127 eximios
964 3088 1206 3145 quosque
1237 3075 1293 3131 in
1322 3080 1739 3136 resurrectionis
1760 3081 1932 3153 gloria
1956 3083 2123 3151 viros,

543 3166 599 3217 et
627 3162 882 3233 singulari
908 3165 1196 3220 sanctitate
1223 3166 1291 3222 ad
1322 3167 1498 3238 ipsum
1528 3169 1748 3226 virtutis
1772 3172 1980 3242 apicem
2003 3189 2128 3244 per-

542 3251 838 3307 venientes.
887 3253 961 3309 De
992 3270 1225 3325 quorum
1250 3272 1357 3313 una
1383 3272 1511 3313 voce
1534 3258 1733 3316 dicitur
1763 3279 1777 3315 :
1812 3279 1831 3314 ι
1859 3261 2005 3319 Inter
2028 3280 2125 3320 na-
2152 3244 2196 3306 Ο

541 3355 629 3404 tos
660 3348 945 3425 mulierum
977 3352 1089 3407 non
1133 3353 1374 3409 surrexit
1413 3354 1587 3425 major
1630 3354 1839 3411 Joanne
1882 3357 2127 3428 Baptista

543 3436 758 3507 (Matth.
791 3439 890 3513 ιι).
918 3461 935 3493 ι
981 3442 1144 3511 Cujus
1171 3446 1215 3499 si
1242 3460 1548 3515 comparem
1573 3449 1955 3517 magnitudinis
1984 3454 2127 3512 scire

540 3525 792 3592 vis,audi
831 3527 959 3599 quid
1004 3530 1152 3587 Patri
1204 3534 1373 3603 ipsius
1406 3535 1629 3607 angelus
1676 3539 1752 3593 ait
1801 3557 1816 3594 :
1856 3541 1963 3598 «Et
2010 3544 2126 3613 ipse

539 3619 811 3695 praecedet
868 3630 992 3680 ante
1032 3624 1319 3683 Dominum
1352 3627 1409 3684 in
1441 3626 1647 3701 Spiritu
1681 3639 1735 3688 et
1763 3632 1963 3692 virtute
1992 3636 2125 3694 Elite

540 3708 693 3781 (Luc.
718 3713 780 3787 ι).
806 3735 828 3770 ι

619 3824 640 3859 ‹
666 3806 736 3862 Ει
769 3808 1057 3866 aediﬁcavit
1078 3813 1315 3882 parietes
1344 3815 1536 3874 domus
1560 3819 1887 3877 intrinsecus
1912 3823 2123 3879 tabula-

544 3913 567 3951 ί
593 3896 666 3954 tis
700 3899 935 3955 cedrinis
966 3916 996 3956 a
1030 3903 1339 3972 pavimento
1380 3907 1570 3964 domus
1610 3926 1782 3981 usque
1805 3913 1873 3967 ad
1898 3915 2122 3970 summi-

543 4008 566 4045 ι
593 3997 757 4047 tatem
781 3992 1074 4062 parietum,
1104 4005 1159 4050 et
1187 4012 1359 4068 usque
1398 3996 1465 4054 ad
1504 3999 1779 4071 laquearia
1807 4004 2019 4075 operuit
2054 4005 2121 4060 li-

545 4100 565 4136 ι
590 4082 713 4156 guis
738 4083 1084 4152 intrinsecus,
1115 4096 1219 4144 etc.
1256 4108 1274 4142 ι
1325 4086 1655 4149 lntriusecus
1684 4096 1899 4165 quidem
1927 4097 2118 4154 domus

537 4176 702 4232 cedro
730 4185 849 4232 erat
877 4181 1091 4235 vestita.
1155 4181 1288 4237 Nam
1328 4184 1628 4242 forinsecus
1658 4196 1808 4244 tanto
1835 4191 2012 4246 nitore
2039 4191 2117 4245 la-

534 4269 622 4341 pis
645 4268 750 4334 ille,
784 4271 849 4326 de
884 4288 989 4341 quo
1026 4272 1169 4329 facta
1206 4275 1401 4343 fuerat,
1432 4276 1689 4349 fulgebat,
1731 4296 1795 4336 ac
1828 4282 1875 4338 si
1906 4281 2116 4340 calculo

537 4367 682 4416 esset
709 4360 936 4418 candido
961 4373 1124 4418 tecta.
1165 4362 1326 4420 Juxta
1352 4382 1544 4425 sensus
1562 4385 1689 4425 vero
1715 4374 1987 4443 mysticos,
2020 4390 2116 4446 pa-

534 4452 699 4509 rietes
729 4454 912 4526 templi
946 4463 1069 4512 sunt
1097 4456 1331 4515 ﬁdelium
1365 4462 1565 4533 populi,
1602 4480 1669 4519 ex
1694 4467 1890 4535 quibus
1923 4477 2114 4524 sancta

2237 2009 2464 2065 quarum
2510 1995 2703 2051 merito
2723 1995 2848 2066 jure
2876 1995 3090 2053 valeant
3108 1999 3397 2067 protestari
3422 1999 3551 2069 quia
3579 2018 3598 2050 ι
3618 1999 3832 2057 Christi

2235 2088 2410 2146 bonus
2439 2090 2574 2145 odor
2599 2103 2786 2146 sumus
2812 2089 2923 2146 Deo
2940 2110 2961 2145 ι
2996 2091 3052 2146 in
3079 2090 3223 2146 omni
3256 2090 3375 2146 loco
3396 2090 3482 2163 (11
3505 2089 3628 2147 Cor.
3659 2093 3748 2164 ιι).

2312 2199 2330 2232 ι
2353 2180 2422 2237 Et
2442 2181 2575 2237 texit
2598 2182 2964 2252 pavimentum
2989 2180 3184 2237 tabulis
3211 2181 3472 2253 abiegnis.
3499 2201 3520 2235 ι
3555 2182 3672 2239 Hoc
3693 2199 3831 2254 quo-

2235 2273 2395 2329 modo
2423 2272 2623 2330 factum
2648 2275 2739 2339 sit,
2764 2273 2977 2344 plenius
3006 2274 3063 2328 in
3085 2274 3224 2329 libro
3248 2273 3696 2346 Paralipomenon
3726 2292 3828 2334 ex-

2232 2364 2468 2435 plicatur
2508 2364 2602 2421 ubi
2648 2365 2909 2434 scriptum
2945 2371 3072 2421 eat:
3107 2383 3125 2414 ι
3157 2364 3364 2420 Stravit
3407 2380 3621 2437 quoque
3666 2368 3826 2437 pavi-

2232 2464 2472 2511 mentum
2514 2454 2907 2527 pretiosissimo
2953 2468 3223 2517 marmore
3276 2455 3472 2513 decore
3511 2446 3685 2514 multo
3728 2458 3823 2531 (II

2232 2544 2363 2601 Par.
2392 2546 2499 2618 ιιι).
2524 2566 2543 2599 ι
2568 2545 2722 2602 Unde
2743 2553 2893 2616 patet
2910 2546 3051 2615 quod
3081 2546 3291 2602 tabulas
3317 2548 3592 2618 abiegnas,
3620 2549 3829 2619 quibus

2229 2639 2595 2709 pavimentum
2638 2645 2877 2705 texerat,
2924 2652 3263 2708 nequaquam
3305 2639 3362 2694 in
3410 2648 3558 2696 terra
3600 2643 3823 2711 posuit;

2228 2734 2323 2791 sed
2349 2734 2579 2806 primum
2606 2733 2734 2789 illud
2763 2747 3031 2789 marmore
3057 2734 3324 2803 prtetexit,
3355 2749 3420 2790 ac
3444 2733 3638 2791 deinde
3660 2737 3822 2792 tabu-

2227 2823 2308 2881 las
2329 2825 2585 2879 marmori
2612 2824 2979 2896 superposuit,
3008 2838 3074 2880 ac
3100 2824 3318 2879 tertium
3346 2824 3431 2879 his
3454 2824 3664 2881 duobus
3693 2827 3820 2881 auri

2227 2916 2477 2972 vestitum
2506 2916 2891 2986 superaddidit,
2916 2923 2979 2971 ut
2998 2916 3052 2971 in
3078 2918 3428 2987 sequentibus
3453 2917 3668 2988 legitur.
3696 2917 3826 2976 Sic-

2226 3014 2285 3064 ut
2328 3015 2508 3064 autem
2537 3007 2764 3064 altitudo
2788 3008 3011 3079 parietis
3044 3009 3099 3065 in
3126 3009 3295 3065 altum
3321 3024 3619 3083 exsurgens
3648 3022 3823 3085 atque

2225 3113 2395 3169 usque
2435 3099 2504 3154 ad
2545 3099 2820 3169 laquearia
2851 3100 3187 3170 perveniens,
3226 3101 3504 3172 profectus
3526 3104 3819 3171 virtutum,

2227 3190 2423 3260 quibus
2465 3189 2625 3245 electi
2671 3190 2742 3246 ad
2798 3205 3024 3261 regnum
3064 3191 3286 3248 caeleste
3329 3194 3669 3262 perveniunt,
3724 3198 3818 3252 vel

2230 3288 2379 3337 certe
2416 3280 2560 3351 ipsos
2604 3280 2899 3337 electorum
2942 3282 3139 3337 choros
3176 3282 3393 3338 sibimet
3430 3298 3530 3353 per
3567 3292 3820 3355 tempora

2227 3373 2491 3429 variantia
2531 3374 2883 3430 succedentes
2922 3374 3210 3446 signiﬁcat,
3243 3376 3316 3430 ita
3345 3376 3627 3446 aequalitas
3657 3380 3821 3448 pavi-

2226 3466 2395 3520 menti
2440 3466 2763 3521 concordem
2807 3467 3118 3522 eorumdem
3168 3467 3545 3535 humilitatem,
3595 3484 3704 3539 qua
3752 3470 3816 3525 in

2228 3554 2508 3624 temporali
2545 3555 2723 3611 adhuc
2744 3555 2851 3611 vita
2872 3556 3032 3627 positi
3062 3557 3337 3614 socialiter
3367 3558 3598 3615 invicem
3630 3560 3821 3617 chari-

2225 3652 2337 3701 tate
2385 3646 2627 3703 dictante
2667 3649 3083 3717 c'onversantur,
3126 3665 3234 3706 non
3276 3650 3548 3707 immerito
3579 3651 3814 3709 demon-

2224 3743 2380 3792 strat.

2292 3823 2445 3893 Quod
2503 3825 2754 3885 videlicet
2813 3828 3180 3901 pavimentum
3232 3832 3629 3904 prctiosissimo
3688 3845 3815 3891 erat

2222 3933 2493 3975 marmore
2530 3928 2760 3976 stratum
2805 3922 3001 3978 decore
3042 3923 3228 3990 multo,
3271 3926 3522 3996 idemque
3564 3942 3814 3983 marmor

2219 4027 2345 4067 mox
2374 4013 2568 4070 tabulis
2592 4023 2795 4072 tectum
2822 4016 3082 4089 abiegnis,
3113 4017 3236 4088 quia
3261 4018 3515 4073 nimirum
3542 4019 3653 4074 vita
3678 4033 3813 4074 san-

2218 4112 2429 4160 ctorum
2462 4106 2638 4176 primo
2663 4107 2787 4163 ﬁdei
2815 4107 3071 4164 ﬁrmitate
3104 4111 3506 4180 prtemunienda
3529 4111 3584 4166 in
3613 4113 3806 4179 corde,

2217 4212 2282 4252 ac
2304 4196 2496 4252 deinde
2517 4198 2800 4269 spirituum
2824 4200 3081 4256 virtutum
3106 4201 3386 4258 latitudine
3399 4211 3481 4259 est
3492 4204 3809 4260 adornanda

2217 4288 2271 4344 in
2334 4305 2516 4360 opere.
2580 4291 2834 4363 Alioquin
2882 4294 3010 4365 quid
3061 4294 3307 4351 utilitatis
3356 4296 3592 4352 habebat
3637 4298 3808 4354 decor

2216 4384 2503 4440 marmoris
2534 4385 2910 4455 pretiosissimi
2936 4385 3203 4457 lignorum
3231 4388 3428 4444 tabulis
3456 4389 3728 4456 obtectus,
3754 4391 3799 4446 si

2213 4490 2323 4530 non
2352 4476 2639 4547 mysticum
2675 4476 2891 4547 aliquod
2922 4478 3084 4534 tacite
3119 4479 3387 4549 signabat,
3434 4495 3500 4535 ac
3528 4481 3799 4536 honorum

532 4545 1132 4655 universalisiconsijstit
1165 4549 1425 4618 Ecclesia,
1463 4569 1693 4624 quorum
1748 4557 2113 4615 dilatationem
2138 4595 2192 4655 Β
2218 4545 2622 4639 amplitudinem
2667 4545 2890 4639 operum
2936 4545 3254 4625 fortitudine
3294 4545 3417 4626 ﬁdei
3460 4570 3801 4628 intemerata:

530 4647 629 4734 per
655 4635 841 4734 orbem
868 4634 1092 4693 latitudo
1115 4640 1359 4734 designat
1381 4645 1668 4714 parietum,
1696 4662 1848 4718 spem
1893 4665 2022 4705 vero
2060 4661 2116 4707 et
2138 4634 2191 4655 ν
2217 4634 2641 4716 subfulciendam
2665 4634 2786 4716 esse
2815 4660 3081 4716 docebat?
3124 4660 3289 4716 Abies
3312 4675 3440 4717 vero
3474 4671 3697 4734 propter
3728 4664 3804 4718 al-

532 4723 891 4807 intentionem
922 4742 1140 4784 onmem
1185 4732 1254 4785 ad
1302 4733 1543 4790 coelestia
1589 4744 1825 4793 erectam
1864 4737 2108 4797 altitudo.

532 4815 629 4872 Vel
665 4825 813 4875 certe
850 4818 1074 4876 altitudo
1110 4822 1355 4892 parietis,
1402 4840 1627 4896 quaa'ex
1664 4831 1943 4887 ordinibus
1974 4832 2111 4905 lapi-

529 4908 656 4991 dum
682 4924 843 4981 super
870 4910 1101 4968 invicem
1125 4917 1316 4986 positis
1340 4927 1571 4986 constat,
1596 4926 1878 4993 prmsentis
1906 4935 2110 4985 statum

528 4995 785 5056 Ecclesiae
816 5001 1106 5073 signiﬁcat,
1156 5005 1243 5060 ubi
1288 5007 1469 5076 electi,
1512 5027 1673 5083 super
1700 5013 2110 5076 fundamentum

527 5087 727 5143 Christi
752 5106 938 5146 omnes
964 5093 1238 5162 :ediﬁcati,
1279 5098 1380 5153 sibi
1424 5100 1655 5159 invicem
1697 5106 1750 5160 in
1790 5110 1983 5166 ordine
2012 5126 2109 5181 per

526 5184 829 5246 temporum
883 5184 1151 5239 curricula
1201 5188 1535 5257 succedunt,
1591 5208 1816 5266 seseque
1877 5199 2107 5257 invicem

524 5275 824 5362 portantes,
852 5269 1022 5343 legem
1051 5274 1269 5343 Christi,
1292 5293 1411 5347 qua:
1432 5293 1514 5336 est
1533 5284 1786 5353 Charitas,
1814 5291 2107 5362 adimplent

525 5354 727 5430 (Galat.
755 5359 851 5435 vi).
912 5363 1048 5418 Dum
1094 5369 1236 5422 enim
1285 5371 1377 5440 qui
1417 5389 1560 5430 nunc
1606 5392 1638 5432 a
1680 5354 2105 5450 prmccdenlibus

521 5451 845 5508 erudiuntur
881 5458 1155 5527 magistris
1181 5501 1197 5526 ,
1246 5478 1458 5519 rursum
1505 5467 1607 5538 ipsi
1650 5469 1784 5527 alios
1826 5475 2100 5546 erudiunt,

522 5546 679 5618 quasi
724 5562 886 5619 super
930 5551 1159 5609 invicem
1198 5557 1389 5626 positis
1434 5561 1711 5618 ordinibus
1747 5565 1944 5635 quique
1967 5567 2102 5639 lapi-

440 5677 446 5683 .
523 5635 648 5691 dum
675 5637 912 5694 virorum
938 5642 995 5696 in
1022 5644 1179 5700 domo
1212 5648 1330 5715 Dei,
1364 5650 1443 5705 sic
1466 5651 1534 5705 ab
1565 5652 1686 5707 aliis
1715 5654 1819 5709 ﬁxa
1846 5635 2100 5715 constan-

523 5728 595 5783 tia
619 5739 900 5800 portantur
917 5776 931 5800 ,
959 5741 1020 5791 ut
1042 5736 1109 5791 ad
1131 5736 1422 5807 portandas
1448 5742 1582 5798 alios
1613 5754 1666 5799 et
1702 5745 1801 5815 ipsi
1830 5748 2099 5807 sufﬁciant

442 5852 447 5903 ς
524 5838 689 5901 usque
730 5826 793 5877 ad
831 5825 1069 5894 ultimos,
1103 5832 1193 5905 qui
1226 5831 1279 5885 in
1306 5833 1413 5887 ﬁne
1442 5835 1626 5891 mundi
1655 5839 1913 5897 nascituri
1944 5851 2091 5911 sunt,

2216 4752 2499 4808 titudinem
2518 4753 2606 4808 sui
2643 4761 2699 4808 et
2739 4752 2903 4808 robur
2923 4752 3013 4808 diu
3041 4751 3304 4820 durabile,
3329 4762 3565 4809 mentem
3596 4754 3802 4811 electo-

2215 4860 2335 4899 rum
2360 4844 2544 4899 inﬁma
2566 4860 2794 4916 quaeque
2830 4846 3099 4902 desideria
3132 4857 3495 4918 spernentem,
3538 4857 3596 4904 et
3631 4850 3800 4906 coele-

2213 4938 2377 4993 stium
2414 4938 2854 5009 contemplationi
2884 4953 3098 5009 semper
3126 4939 3408 5007 intentam,
3440 4941 3643 5003 virtute
3662 4958 3801 5011 quo-

2212 5043 2317 5098 que
2358 5028 2632 5099 patientiae
2668 5027 3013 5099 singulariter
3052 5028 3427 5096 excellentem,
3462 5045 3570 5085 non
3606 5032 3798 5086 incon-

2211 5133 2344 5189 grue
2387 5118 2740 5174 demonstrat.
2796 5116 2926 5173 Auri
2974 5126 3155 5173 autem
3205 5119 3438 5187 laminae,
3484 5136 3606 5190 quae
3647 5137 3797 5176 mar-

2210 5210 2347 5265 mori
2387 5224 2452 5265 ac
2496 5209 2690 5264 tabulis
2728 5218 2852 5266 sunt
2882 5210 3125 5282 abiegnis
3161 5211 3534 5283 superpositae,
3563 5213 3681 5284 ipsa
3706 5222 3798 5271 est

2207 5302 2433 5357 latitudo
2466 5322 2485 5353 ι
2507 5303 2806 5369 cbaritatis,
2826 5322 2845 5355 ι
2872 5306 3033 5360 decor
3062 5325 3080 5357 ε
3100 5307 3168 5361 de
3193 5307 3356 5362 corde
3388 5323 3551 5378 puro,
3580 5319 3638 5365 et
3666 5325 3796 5366 con-

2208 5394 2433 5449 scientia
2453 5393 2612 5457 bona,
2644 5402 2700 5449 et
2720 5393 2825 5449 fide
2851 5410 2956 5451 non
2985 5394 3110 5453 ﬁcta
3137 5396 3189 5469 (I
3215 5397 3350 5452 Tim.
3379 5400 3420 5472 ι)
3447 5416 3460 5454 :
3485 5418 3504 5451 ι
3527 5415 3650 5471 qua!
3677 5402 3790 5456 sic-

2204 5490 2264 5537 ut
2289 5498 2480 5537 aurum
2520 5483 2640 5538 aliis
2680 5484 2972 5553 pretiosius
3017 5493 3102 5541 est
3145 5487 3407 5553 metallis,
3453 5490 3529 5544 ita
3572 5492 3791 5548 caeteris

2201 5573 2431 5627 eximior
2448 5573 2739 5629 virtutibus
2762 5575 2818 5629 in
2848 5576 3045 5646 templo
3057 5576 3149 5632 Dei
3166 5579 3422 5650 singulari
3448 5580 3564 5636 luce
3591 5580 3783 5652 fulget.

2277 5685 2293 5716 ι
2316 5665 2855 5739 Aidiﬁcavitquoque
2877 5670 3063 5739 viginti
3088 5672 3391 5727 cubitorum
3416 5673 3484 5728 ad
3506 5675 3785 5744 posterio-

2202 5774 2222 5807 ι
2250 5771 2363 5811 rem
2403 5765 2612 5825 partem
2660 5759 2841 5830 templi
2883 5759 3118 5815 tabulata
3162 5762 3382 5819 cedrina
3408 5766 3780 5835 apavituento

2199 5868 2219 5902 ι
2249 5863 2417 5925 usque
2464 5848 2533 5905 ad
2578 5852 2884 5925 superiora;
2930 5859 2989 5908 et
3031 5851 3161 5915 fecit
3198 5855 3513 5917 interion
3551 5859 3774 5922 (ιοωωυ
