4074 6482
1140 426 1500 487 nouum.
1536 426 1605 482 IN
1640 421 1885 481 LIBROS
1919 421 1988 481 IV
2022 419 2290 480 ηοω.
2322 436 2399 464 ‘-‘--
2422 423 2499 480 IN
2533 421 2663 481 ω.
2692 422 2787 481 ra.

338 575 357 608 ι
383 549 591 610 oraculi
639 550 695 604 iu
731 546 932 603 Sancto
957 551 1292 612 sanctorum,
1335 551 1446 600 etc.
1474 562 1495 597 ι
1546 543 1911 599 Posteriorem
1936 544 1992 605 Α
2015 543 2308 613 accipiunt.
2323 542 2668 600 Beneautem
2692 544 2920 601 interior
2944 546 3139 603 domus
3156 540 3350 617 viginti
3374 538 3594 603 cubitus

326 650 540 719 partem
577 640 763 711 ἰθυφὶὶ
810 637 1207 695 Occidentalem
1254 637 1407 692 dicit.
1464 636 1548 692 Ab
1593 643 1716 690 ortu
1761 634 1911 690 enim

324 735 463 793 solis
489 734 789 804 iussissem
818 728 1049 784 nubebat
1082 727 1366 796 templum,
1394 734 1453 781 et
1485 727 1556 781 ab
1578 741 1778 781 occasu
1810 724 1908 780 do-

328 840 480 883 mum
516 822 853 886 ulteriorem,
886 820 990 875 hoc
1016 827 1116 884 est,
1156 817 1358 874 Sancta
1390 827 1720 873 sanctorum.
1756 815 1911 884 Quod

329 924 512 973 autem
534 914 793 979 tabulata,
824 922 945 983 quin
972 912 1283 967 interiorem
1307 913 1526 967 domum
1548 913 1617 966 ab
1636 910 1911 966 exteriore

328 1009 691 1081 separabant,
728 1021 761 1059 a
796 1005 1104 1077 pavimento
1136 1018 1307 1073 usque
1356 1005 1424 1058 ad
1470 1003 1755 1074 superiora
1790 1017 1913 1057 esse

329 1104 584 1159 dicuntur
620 1099 884 1155 aediﬁcata
908 1139 923 1164 ,
965 1114 1071 1154 non
1115 1113 1287 1168 usque
1322 1098 1391 1152 ad
1426 1097 1704 1168 laquearia
1740 1094 1910 1167 signi-

330 1195 492 1261 ﬁcat,
532 1209 652 1264 qua:
687 1193 906 1265 triginta
938 1194 1138 1249 cubitis
1170 1202 1329 1248 erant
1362 1194 1418 1247 in
1457 1192 1688 1248 sublime
1731 1206 1765 1248 α
1816 1206 1912 1263 pa-

328 1290 570 1343 vimento
617 1296 904 1355 suspensa,
956 1293 1017 1340 ut
1052 1302 1215 1357 supra
1240 1286 1444 1340 dictum
1480 1294 1594 1351 est,
1648 1285 1745 1340 sed
1794 1291 1914 1340 tan-

327 1389 446 1435 tum
492 1392 665 1447 usque
714 1379 781 1431 ad
830 1378 1043 1433 cubitus
1090 1378 1279 1449 viginti
1318 1378 1655 1445 altitudinis,
1706 1378 1763 1432 in
1824 1390 1912 1433 se-

326 1471 621 1542 quentibus
662 1476 850 1539 aperte
881 1469 1097 1540 legitur.
1166 1471 1433 1525 Relictam
1481 1482 1611 1525 veru
1658 1477 1781 1525 erat
1828 1478 1915 1525 su-

327 1578 428 1634 per
454 1564 571 1618 haec
597 1562 836 1618 tabulata
865 1575 1112 1633 apertum
1138 1572 1191 1617 et
1213 1564 1375 1618 inane
1398 1570 1571 1633 usque
1598 1558 1666 1617 ad
1692 1564 1914 1634 laquea-

327 1657 406 1711 ria
440 1658 745 1712 cubitorum
785 1657 971 1711 decem
1020 1656 1337 1723 altitudinis,
1389 1665 1443 1712 et
1484 1657 1790 1712 cubitorum
1833 1656 1915 1711 vi-

326 1748 463 1816 ginti
523 1747 905 1816 longitudinis,
952 1745 1106 1815 juxta
1158 1747 1495 1801 latitudinem
1539 1748 1730 1802 domus
1766 1766 1778 1801 :
1812 1754 1912 1815 per

326 1857 490 1913 quam
514 1842 774 1896 nimirum
792 1840 1013 1910 ianuam
1058 1840 1234 1895 fumus
1261 1841 1603 1895 incensorum
1641 1842 1709 1895 de
1752 1839 1912 1893 altari

2015 639 2171 710 longa
2206 638 2348 696 facta
2374 649 2479 707 est,
2504 649 2730 711 propter
2764 644 3081 713 mysterium
3114 642 3327 698 scilicet
3366 643 3594 713 geminae

2013 733 2320 790 dilectionis
2351 772 2367 798 ,
2416 732 2485 788 de
2526 746 2635 803 quo
2662 743 2721 787 et
2747 744 2910 804 supra
2952 735 3211 790 diximus.
3243 735 3373 802 Quae
3399 735 3458 789 in
3488 735 3594 791 hac

2014 824 2229 884 interim
2276 824 2386 879 vita
2435 838 2502 877 ex
2551 832 2706 893 parte
2754 822 2989 877 maxima
3033 819 3337 879 electorum
3386 831 3596 879 mentes

2009 918 2270 983 illustrat,
2307 916 2401 972 sed
2426 930 2479 970 m
2508 916 2600 971 illa
2634 916 2830 987 patria,
2858 917 3200 972 cessantibus
3224 917 3453 973 aliarum
3485 916 3597 971 vir-

2012 1018 2194 1067 tutum
2239 1008 2514 1079 operibus,
2549 1008 2663 1063 sola
2694 1016 2953 1078 perpetuo
2979 1016 3170 1077 regnat
3198 1008 3253 1080 (Ι
3289 1009 3411 1063 Cor.
3452 1007 3595 1079 turi).

2092 1120 2113 1155 ‹
2142 1104 2314 1159 Porro
2338 1102 2692 1172 quadraginta
2723 1101 3028 1156 cubiculum
3078 1109 3197 1156 erat
3232 1102 3411 1172 ipsum
3458 1106 3600 1157 tem-

2020 1215 2042 1250 ι
2081 1197 2229 1268 plum
2263 1211 2363 1267 pro
2400 1194 2609 1251 foribus
2652 1194 2877 1250 oraculi.
2909 1213 2928 1247 ι
2981 1194 3226 1249 Diximus
3259 1195 3436 1264 ipsum
3464 1200 3601 1250 tem-

2013 1288 2161 1362 plum
2213 1294 2313 1357 pro
2341 1287 2548 1343 foribus
2572 1286 2798 1353 oraculi,
2822 1286 3105 1357 praesentis
3132 1286 3386 1342 Ecclesia:
3414 1294 3602 1357 typum

2012 1380 2267 1452 gessisse.
2324 1377 2476 1433 Unde
2523 1385 2672 1433 recte
2718 1378 3074 1447 quadraginta
3120 1378 3224 1432 fuit
3267 1377 3600 1433 cubitorum.

2016 1473 2120 1542 Qui
2142 1487 2398 1528 numerus
2425 1482 2566 1541 saape
2588 1471 2643 1526 in
2665 1470 3058 1542 signiﬁcatione
3077 1472 3298 1541 ponitur
3317 1470 3602 1540 praesentis

2017 1564 2254 1621 ﬁdelium
2282 1564 2501 1630 laboris,
2530 1565 2799 1635 quomodo
2827 1564 3321 1635 quinquagenarius
3347 1564 3403 1619 in
3430 1562 3605 1635 signi-

2016 1657 2271 1713 ﬁcatione
2298 1658 2491 1713 futurae
2521 1656 2720 1727 quietis
2760 1665 2817 1711 et
2858 1657 3031 1727 pacis.
3086 1656 3323 1711 Denario
3366 1662 3603 1724 namque

2015 1763 2248 1805 numero
2272 1757 2523 1803 tenentur
2549 1756 2835 1820 prtecepta,
2871 1758 3101 1818 quorum
3125 1748 3508 1804 observatione
3534 1747 3604 1802 ad

2018 1841 2189 1895 vitam
2217 1841 2549 1910 pervenitur.
2596 1841 2828 1896 Denario
2868 1852 3021 1910 teque
3066 1839 3406 1911 signiﬁcatur
3442 1839 3557 1908 ipsa
3587 1878 3602 1904 ,

326 1934 697 2007 thymiamatis
718 1934 929 1990 sciebat
953 1934 1009 1988 in
1038 1932 1235 1989 Sancta
1260 1942 1571 1987 sanctorum
1596 1932 1909 1997 ascendere,
1940 1917 1988 1979 Β
2014 1944 2177 2002 quam
2205 1932 2575 1987 desideramus
2592 1973 2606 1997 ,
2657 1940 2714 1987 et
2744 1946 2842 2001 pro
2869 1944 2973 2002 qua
3006 1931 3335 1997 laboramus,
3362 1931 3474 1985 vita
3503 1938 3603 1999 ped-

326 2037 491 2099 atque
527 2028 597 2083 ad
634 2040 820 2083 arcam
863 2026 1075 2082 Domini
1110 2025 1459 2096 operiendam
1502 2033 1805 2096 penetrare.
1852 2024 1912 2080 In

324 2134 435 2192 qua
460 2120 804 2177 distinctione
825 2119 1015 2174 domus
1035 2118 1246 2173 Domini
1278 2125 1427 2187 patet
1453 2117 1622 2188 ﬁgura
1643 2114 1911 2188 mysterii,

324 2212 584 2283 Apostolo
601 2219 925 2282 θιῃυηιηθ,
959 2210 1077 2265 luce
1100 2208 1300 2264 clarior
1329 2209 1494 2278 :quia
1517 2208 1669 2276 prior
1699 2209 1911 2272 domus,

328 2302 386 2358 in
420 2318 582 2373 quam
602 2316 819 2373 seraper
834 2302 1134 2357 introibant
1155 2302 1487 2367 sacerdotes,
1514 2299 1911 2356 sacriﬁciorum

327 2393 501 2449 oiiicia
532 2403 991 2459 conisummautes,
1011 2407 1253 2463 prmsens
1268 2400 1355 2448 est
1373 2392 1636 2457 Ecclesia,
1662 2392 1751 2447 ubi
1781 2404 1915 2462 quo-

329 2486 459 2540 tidie
490 2485 596 2555 piis
614 2486 929 2541 insistentes
950 2485 1227 2554 operibus,
1254 2485 1483 2540 Domine
1503 2483 1776 2541 sacriﬁcia
1800 2483 1916 2540 lau-

331 2575 416 2630 dis
451 2574 749 2630 oﬂ'erimus.

400 2668 629 2722 interior
651 2682 780 2722 vero
808 2668 1018 2734 domus,
1057 2680 1179 2738 quae
1212 2668 1281 2724 ad
1318 2668 1680 2740 posteriorem
1700 2675 1916 2739 partem

324 2760 515 2830 templi
543 2768 664 2816 erat
699 2759 839 2817 facta
870 2800 888 2827 ,
938 2762 1059 2831 ipsa
1097 2770 1182 2818 est
1225 2764 1495 2833 promissa
1523 2764 1684 2819 nobis
1712 2764 1825 2818 vita
1859 2764 1915 2819 in

327 2854 509 2912 uelis.
538 2853 769 2910 Interior
797 2854 1037 2925 quidem,
1072 2858 1251 2926 quoad
1297 2857 1771 2913 conversationem
1818 2870 1919 2913 no-

324 2946 432 3003 stri
458 2946 637 3001 exsilii
661 2987 676 3013 ,
699 2948 829 3017 quia
858 2947 913 3003 in
947 2950 1235 3018 prteseutia
1287 2950 1450 3021 Regis
1482 2951 1685 3006 summi
1714 2964 1917 3021 perpes

332 3039 407 3095 ibi
442 3040 722 3096 beatorum
748 3050 806 3096 et
832 3042 1170 3115 angelorum,
1202 3051 1261 3099 et
1294 3045 1578 3101 hominum
1598 3045 1917 3103 solemnitas

331 3132 531 3203 agitur.
563 3132 718 3188 Unde
742 3132 811 3189 de
847 3149 910 3189 ea
932 3136 1073 3190 bene
1102 3137 1295 3191 merito
1316 3138 1475 3194 servo
1498 3138 1740 3194 dicitur:
1775 3146 1797 3191 δι
1829 3137 1917 3194 ln-

2017 2025 2224 2078 renuis.
2248 2023 2557 2091 Quadratus
2581 2036 2713 2079 vero
2743 2032 2827 2077 est
2854 2026 3116 2091 mundus,
3151 2025 3206 2079 in
3238 2038 3348 2094 quo
3376 2036 3477 2094 pro
3509 2023 3607 2078 ad-

2014 2117 2278 2186 quirenda
2325 2117 2512 2171 eadem
2560 2117 2672 2171 vita
2728 2125 3017 2172 certamus.
3076 2117 3228 2172 Unde
3274 2116 3560 2171 Psalmista
3588 2157 3604 2181 ,

2016 2209 2453 2279 congregaudam
2508 2208 2805 2263 Ecclesium
2849 2210 2914 2263 de
2965 2209 3214 2279 gentibus
3253 2207 3559 2277 praevidens
3585 2249 3603 2275 ,
3663 2237 3673 2246 -

2017 2299 2241 2354 aiebat:
2278 2317 2297 2349 ι
2334 2298 2410 2353 De
2439 2299 2754 2368 regionibus
2803 2299 3154 2370 congregabit
3203 2310 3297 2352 eos
3321 2337 3336 2363 ,
3393 2313 3426 2352 a
3474 2294 3609 2351 solis

2016 2399 2145 2447 ortu
2171 2402 2227 2448 et
2253 2400 2449 2447 occasu
2476 2432 2490 2457 ,
2529 2392 2597 2445 ab
2628 2390 2880 2460 aquilone
2900 2399 2956 2445 et
2975 2390 3113 2444 mari
3136 2387 3307 2461 (Psal.
3342 2384 3475 2459 cvi).
3513 2405 3533 2441 ν

2096 2501 2117 2535 ι
2157 2484 2225 2539 Et
2248 2484 2412 2539 cedro
2444 2484 2622 2538 omnis
2647 2484 2839 2538 domus
2871 2483 3198 2538 intrinsecus
3232 2480 3568 2535 vestiebatur
3594 2520 3610 2545 ,

2025 2592 2047 2627 ι
2084 2576 2293 2631 habens
2330 2582 2642 2631 tornaturas
2669 2588 2795 2631 suas
2830 2582 2888 2629 et
2922 2574 3211 2644 iuncturas
3240 2570 3571 2630 fabrefactas
3593 2613 3609 2641 ,

2024 2684 2045 2721 ι
2091 2676 2148 2724 et
2169 2669 2453 2724 caelaturas
2478 2670 2782 2725 eminentes
2806 2710 2821 2735 ,
2855 2675 2963 2724 etc.
2996 2684 3014 2720 ι
3048 2666 3297 2722 Diximus
3323 2664 3388 2721 de
3413 2664 3606 2730 cedro,

2014 2763 2163 2832 quod
2208 2762 2627 2831 insuperabilem
2656 2762 2920 2816 virtutum
2949 2767 3289 2814 venustatem
3338 2759 3609 2830 signaret,

2022 2863 2131 2923 quo
2158 2852 2412 2907 nimirum
2440 2852 2581 2922 ligna
2613 2852 2789 2906 omnis
2822 2851 3016 2906 domus
3041 2849 3254 2905 Domini
3284 2848 3613 2904 intrinsecus

2018 2941 2360 3006 vestiuntur;
2391 2952 2513 2995 cum
2539 2938 2704 2995 corda
2738 2939 3010 3010 iustorum
3038 2936 3155 2992 solo
3193 2938 3459 2991 bonorum
3486 2946 3615 3005 ope-

2019 3046 2142 3088 rum
2162 3046 2347 3087 amore
2366 3032 2658 3086 nitescunt.
2686 3028 2967 3099 liabetque
2993 3027 3186 3082 domus
3207 3026 3263 3081 in
3284 3025 3485 3081 tabulis
3517 3040 3608 3080 ce-

2016 3125 2193 3180 drinis
2210 3131 2523 3180 tomaturas
2546 3139 2691 3189 suas,
2722 3129 2776 3177 et
2795 3120 3081 3191 iuncturas
3106 3118 3452 3185 fabrefactus,
3478 3128 3604 3173 cum

333 3230 417 3277 ιη
446 3223 502 3277 in
529 3223 785 3294 sandillm
808 3224 1015 3279 domini
1042 3227 1122 3280 tui
1145 3225 1361 3298 (Matth.
1394 3228 1705 3301 xxv).ised
1730 3237 1912 3298 poste-
1949 3283 1990 3301 ﬂ
2026 3218 2190 3275 iidem
2212 3218 2375 3274 electi
2404 3232 2525 3273 sese
2556 3217 2623 3271 ad
2651 3216 2885 3270 invicem
2922 3213 3287 3285 pulcherrima
3322 3209 3609 3301 charitatis

329 3314 448 3369 rior
492 3283 739 3384 tempore
770 3355 786 3382 ,
826 3316 955 3384 quia
999 3326 1123 3387 post
1151 3283 1333 3389 ‘hujus
1385 3283 1566 3375 seculi
1606 3283 1820 3376 labores
1848 3283 1917 3377 ad
1946 3283 1991 3347 Ο
2023 3311 2214 3381 eupula
2244 3316 2591 3374 connectunt,
2625 3308 2700 3363 ita
2729 3315 2790 3362 ut
2822 3283 2945 3362 cum
2972 3306 3262 3361 innumera
3308 3303 3380 3358 sit
3424 3298 3612 3356 multi-

329 3403 480 3458 illius
506 3404 814 3475 ingressum
843 3404 1209 3475 perducimur.
1254 3409 1520 3466 Tabulata
1558 3420 1759 3479 autem,
1796 3428 1920 3483 qum
2024 3403 2156 3459 ωάο
2181 3401 2442 3466 ﬁdelium.
2478 3416 2645 3463 unum
2683 3410 2864 3455 tamen
2896 3411 3015 3465 001⁵,
3047 3412 3210 3452 “nam
3250 3394 3452 3450 habere
3496 3395 3616 3450 mi-

328 3502 625 3567 utramque
648 3497 866 3553 domum
896 3501 966 3555 ab
1006 3500 1242 3556 invicem
1291 3502 1558 3571 dividunt,
1615 3505 1733 3576 ipsa
1789 3515 1916 3563 sum
2024 3510 2191 3560 mam,
2232 3506 2332 3565 pro
2358 3493 2663 3550 communis
2703 3491 2827 3547 ﬁdei
2878 3506 2941 3547 ac
2994 3489 3301 3546 dilectionis
3352 3487 3612 3544 societate

330 3585 569 3642 claustra
616 3589 764 3655 emli,
801 3600 1033 3659 quorum
1071 3594 1227 3649 nobis
1288 3597 1628 3664 apertionem
1678 3596 1922 3668 quotidie

2026 3588 2222 3643 merito
2258 3586 2510 3642 dicantur
2535 3585 2673 3659 (Act.
2722 3585 2817 3656 iv).
2876 3584 3120 3654 Namque
3146 3590 3461 3647 tornaturaa,
3488 3588 3614 3650 quae

331 3679 688 3747 suspiramus,
699 3687 759 3736 et
774 3689 1038 3751 quantum
1054 3684 1209 3739 nobis
1220 3685 1479 3743 Dominus
1506 3689 1809 3756 donaverit,
1831 3691 1921 3761 pia

2019 3677 2287 3749 iuncturis
2315 3677 2617 3733 tabularum
2643 3677 3068 3748 apponebautur,
3100 3682 3160 3730 ut
3191 3684 3355 3729 unum
3396 3686 3466 3728 ex
3500 3687 3618 3727 om-

330 3779 546 3835 semper
574 3765 849 3834 instantia,
878 3768 1051 3825 donec
1074 3772 1410 3842 aperiantur,
1431 3782 1488 3829 et
1504 3775 1709 3833 intrare
1736 3777 1916 3846 liccat,
2024 3773 2188 3829 nibus
2219 3771 2372 3827 ﬁeret
2398 3770 2717 3837 tabulatum,
2760 3771 2874 3840 ipsa
2916 3777 3042 3825 sum
3089 3766 3264 3824 oliicia
3307 3766 3614 3832 charitatis,

328 3856 630 3928 pulsamas.
666 3858 766 3914 Ubi
803 3860 908 3918 etsi
960 3862 1188 3918 necdum
1218 3872 1345 3919 ante
1373 3866 1696 3923 solutionem
1725 3883 1920 3941 corpo-
2022 3865 2223 3937 quibus
2250 3865 2319 3919 ad
2346 3864 2582 3919 invicem
2614 3861 2926 3918 Fraternitas
2963 3869 3151 3917 sancta
3184 3860 3491 3930 copulatur,
3524 3866 3611 3913 at-

334 3964 458 4003 rum
508 3950 711 4006 intrare
756 3949 1109 4021 permittitur,
1156 3966 1401 4026 apertam
1430 3966 1612 4015 tamen
1647 3961 1916 4018 habemth
2024 3972 2132 4030 que
2177 3957 2235 4012 in
2282 3970 2451 4012 unam
2500 3954 2705 4011 Christi
2765 3956 2985 4012 domum
3016 3963 3131 4010 toto
3170 3963 3440 4009 terrarum
3478 3952 3616 4008 orbe

327 4036 557 4109 ianuam
594 4040 798 4098 divinae
830 4046 1069 4114 pietatis,
1100 4060 1209 4117 qua
1236 4051 1545 4108 orationum
1564 4062 1877 4110 nostrarum
1905 4099 1921 4125 ,
2024 4054 2388 4124 componitur.
2438 4051 2570 4120 Qua:
2620 4053 2789 4108 etiam
2852 4053 3044 4107 domm
3100 4050 3267 4108 habet
3326 4050 3614 4106 caelatur-as

332 4132 821 4205 eleemosynarum,
829 4134 1179 4207 ieiuniorum,
1198 4150 1629 4218 cteterorumque
1655 4147 1921 4205 bonorum

2019 4145 2342 4209 eminentes,
2374 4160 2500 4201 cum
2543 4160 2709 4216 opera
2754 4144 3012 4200 virtutum
3048 4143 3222 4199 sancti
3270 4152 3614 4213 nequaquam

330 4239 562 4297 operum
586 4228 943 4299 thymiamata
968 4236 1381 4301 pragmittamus.
2024 4237 2236 4293 occulta
2261 4244 2470 4309 tegunt,
2498 4237 2596 4293 sed
2621 4236 2910 4292 manifesta
2947 4238 3300 4308 expressione
3335 4234 3468 4291 foris
3495 4246 3616 4290 om-

411 4317 550 4375 Binc
577 4327 660 4375 est
697 4323 841 4377 enim
873 4325 1017 4394 quod
1042 4327 1227 4396 paries
1259 4329 1514 4387 cedi-inus
1548 4330 1739 4390 domus
1787 4334 1925 4392 inte.
2024 4328 2208 4394 nibus,
2257 4327 2445 4398 quales
2488 4327 2599 4383 sint
2648 4326 2774 4397 ipsi,
2828 4327 2962 4398 quid
2998 4338 3185 4397 agant,
3220 4327 3273 4383 in
3307 4325 3615 4397 exemplum

334 4411 502 4469 rioris
537 4412 763 4482 ianuam
809 4416 1044 4474 habebat
1086 4420 1141 4475 in
1172 4422 1544 4492 superioribus
1570 4438 1670 4496 per
1704 4435 1873 4483 totum
1905 4470 1922 4497 ,
2025 4420 2243 4475 νίνεηάἱ
2280 4419 2584 4491 ιποῖθτιιηῑο

332 4504 431 4559 ubi
459 4504 636 4565 fumus
665 4507 1008 4564 incensorum
1035 4512 1287 4580 intraret,
1314 4514 1443 4584 quia
1475 4534 1497 4569 ι
1520 4517 1676 4574 Oculi
1710 4520 1924 4577 Domini

2100 4530 2123 4564 ι
2148 4510 2342 4566 Omnia
2373 4509 2610 4566 cedrinis
2628 4508 2830 4565 tabulis
2847 4506 3236 4577 vestiebantur,
3264 4520 3364 4564 nec
3393 4508 3615 4563 omnino

333 4598 514 4668 aperti
539 4606 665 4653 sunt
690 4615 852 4671 super
875 4602 1093 4659 domum
1121 4605 1240 4676 ejus
1275 4615 1435 4663 nocte
1459 4623 1524 4666 ac
1550 4611 1655 4678 die,
1680 4618 1738 4668 et
1766 4628 1926 4672 aures

335 4686 457 4756 ejus
508 4687 569 4743 iu
628 4691 904 4747 orationes
956 4704 1234 4751 servorum
1290 4710 1515 4755 suorum
1578 4702 1923 4762 tumentes
1950 4686 2003 4707 ν
2037 4716 2057 4749 ι
2085 4696 2240 4752 rietis
2279 4696 2396 4752 sive
2434 4696 2729 4767 pavimenti
2756 4702 2814 4751 et
2850 4697 3049 4753 tabulze
3092 4702 3152 4754 et
3195 4706 3410 4763 aurum,
3444 4703 3552 4751 etc.
3588 4712 3609 4748 ι

336 4773 516 4848 (Puri.
550 4778 779 4851 xxxiii);
817 4799 838 4834 ι
865 4790 925 4837 et
948 4782 1053 4839 hoc
1080 4797 1177 4853 per
1203 4794 1376 4843 totam
1423 4790 1765 4849 latitudinem
1814 4793 1923 4850 dif-
2030 4786 2358 4843 Sanctorum
2387 4788 2443 4842 in
2482 4788 2723 4843 Ecclesia
2748 4789 2917 4844 vitam
2944 4790 3126 4845 omnia
3153 4788 3460 4859 designant,
3516 4787 3612 4843 sed
3670 4846 3678 4859 ,

334 4865 475 4923 ἔνθα»
500 4884 600 4939 per
631 4872 818 4927 orbem
868 4873 1145 4930 Ecclesiae.
1198 4877 1383 4936 Altare
1422 4892 1655 4953 namque
1694 4886 1925 4957 thymia-
2024 4897 2096 4937 ea
2130 4883 2317 4952 utique
2337 4881 2703 4950 distinctione,
2730 4896 2854 4939 cum
2879 4884 3083 4955 pariter
3118 4891 3414 4953 ponuntur,
3442 4888 3502 4935 ut
3532 4881 3613 4935 la-
3673 4875 3681 4894 '

340 4959 503 5015 matis
530 4994 548 5026 ι
597 4962 741 5031 quod
786 4962 842 5018 in
870 4965 1029 5021 domo
1051 4968 1267 5036 quidem
1302 4973 1559 5029 exteriori
1584 5015 1599 5039 ,
1628 4977 1726 5030 sed
1761 4990 1926 5048 prope
2022 4975 2179 5045 rides
2202 4976 2311 5030 vivi
2334 4976 2444 5030 sint
2468 4974 2666 5043 sancti,
2697 4974 3013 5033 fortitudine
3045 4976 3169 5031 ﬁdei
3200 4976 3254 5031 in
3276 4986 3443 5030 unam
3461 4986 3613 5030 eam.

341 5050 543 5106 ostium
572 5052 751 5109 stabat
782 5053 977 5111 domus
1008 5058 1311 5126 interioris,
1342 5070 1503 5133 typus
1531 5063 1631 5118 fuit
1656 5067 1925 5135 perfecto—
2032 5066 2266 5137 demque
2290 5067 2532 5136 regulam
2571 5068 2789 5123 sibimet
2823 5066 3158 5139 agglutinati.
3196 5065 3411 5120 Tabula!
3439 5065 3612 5120 cedri-

318 5156 486 5203 .rum,
516 5143 610 5212 qui
635 5157 799 5223 came
824 5146 1042 5215 quidem
1072 5150 1247 5205 adhuc
1269 5151 1322 5206 in
1349 5154 1550 5208 mundo
1580 5157 1801 5224 retenti,
1826 5160 1925 5215 sed
2032 5173 2114 5211 me
2138 5158 2252 5213 sive
2292 5158 2546 5230 abiegnis,
2602 5167 2731 5216 sunt
2775 5159 2970 5225 sancti,
3023 5158 3307 5214 latitudine
3334 5159 3611 5215 vari-arum

344 5233 493 5287 omni
514 5232 783 5291 desiderio
810 5244 938 5291 sunt
971 5239 1039 5292 ad
1072 5240 1313 5295 omlestia
1347 5245 1615 5313 suspensi,
1650 5254 1735 5311 et,
1780 5249 1928 5304 velut
2032 5250 2292 5305 virtutum
2332 5251 2631 5307 secundum
2676 5252 2992 5307 donationes
3042 5249 3278 5320 Spiritus
3310 5250 3504 5318 sancti,
3556 5251 3612 5305 in

342 5323 568 5380 incenso
597 5326 755 5382 thure
778 5367 794 5393 ,
842 5325 1049 5384 fumum
1080 5332 1461 5390 ascendentem
1486 5335 1543 5391 in
1573 5335 1774 5393 Sancta
1803 5349 1928 5395 san-
2028 5355 2139 5396 una
2184 5342 2483 5412 eademque
2554 5343 2660 5398 ﬁde
2722 5342 2944 5397 sibimet
2985 5342 3305 5398 altemtrum
3360 5340 3607 5398 connexi.

2036 4622 2055 4656 ι
2081 4603 2218 4674 lapis
2268 4616 2527 4673 apparere
2554 4609 2769 4672 poterat
2802 4602 2857 4657 in
2898 4601 3124 4674 pariete.
3174 4598 3242 4657 Et
3278 4599 3483 4672 lapides
3517 4613 3615 4669 pa-
3698 4646 3701 4649 .

347 5426 559 5473 ctorum
592 5422 847 5493 emittunt
871 5463 886 5489 ,
939 5424 1066 5493 quia
1115 5440 1347 5495 superno
1374 5441 1563 5484 amore
1590 5430 1885 5503 ﬂagrantes
1906 5476 1921 5500 ,

347 5511 556 5567 crebris
580 5514 882 5570 orationum
908 5517 1131 5573 vocibus
1168 5533 1327 5576 aures
1363 5522 1446 5576 sui
1480 5520 1715 5592 pulsavit
1738 5534 1927 5581 aucto-

348 5603 447 5658 ris.
475 5603 837 5678 Apertamque
884 5608 993 5665 late
1031 5611 1257 5682 ianuam
1292 5612 1473 5672 fumus
1496 5617 1842 5673 incensorum
1871 5619 1927 5675 in

346 5696 721 5767 superioribus
756 5702 981 5769 invenit,
1008 5704 1139 5774 quia
1160 5718 1362 5775 quanto
1390 5710 1701 5767 mundiores
1727 5713 1929 5783 quique

353 5786 412 5843 in
442 5790 605 5845 terris
631 5799 687 5846 et
708 5793 862 5863 quasi
887 5794 1179 5852 viciniores
1223 5800 1433 5855 cmlesti
1478 5803 1667 5870 patriae
1691 5818 1925 5860 commo-

348 5891 547 5957 rantur
563 5918 584 5950 .
620 5891 771 5943 tanto
794 5884 955 5947 citius
982 5902 1016 5944 a
1041 5886 1271 5947 Domino
1296 5899 1510 5958 uncta,
1532 5907 1655 5964 qua:
1679 5904 1923 5970 poscunt,

2028 5433 2164 5487 Auri
2191 5432 2400 5489 lamina
2424 5443 2552 5490 sunt
2593 5434 2786 5501 sancti,
2832 5434 3094 5491 habentes
3120 5435 3611 5506 super-eminentem

2028 5527 2275 5583 scientim
2326 5526 2672 5593 charitatem,
2724 5526 2990 5599 huiusque
3039 5527 3252 5602 fulgore
3296 5528 3611 5601 gratissimo

2028 5619 2098 5674 ad
2120 5619 2349 5675 invicem
2370 5621 2786 5688 congaudentes.
2816 5622 2948 5689 Quae
2972 5623 3082 5678 tria
3107 5622 3296 5678 beatus
3321 5618 3610 5692 Apostolus

2026 5725 2137 5766 una
2164 5712 2430 5766 sententia
2460 5712 2770 5782 complexus
2794 5722 2893 5777 est,
2920 5715 3143 5770 dicens:
3167 5730 3187 5765 r
3220 5711 3355 5767 Nam
3376 5712 3433 5767 in
3459 5709 3610 5767 Chri-

2026 5812 2116 5859 sto
2166 5800 2293 5856 Jesu
2340 5814 2516 5872 neque
2564 5805 2907 5860 circumcisio
2961 5803 3166 5873 aliquid
3216 5804 3379 5866 valet,
3430 5806 3606 5868 neque

2026 5893 2370 5969 praeputium,
2412 5894 2507 5951 sed
2534 5894 2687 5963 ﬁdes,
2715 5905 2835 5967 quo
2872 5904 2973 5966 per
3012 5893 3357 5950 dilectionem
3405 5900 3601 5952 onera.
