4074 6482
478 410 585 468 σω

1131 411 1195 467 Β.
1237 409 1497 468 RABAM
1528 409 1751 469 MAURl
1787 409 2073 468 ARCHIEI

2176 409 2457 469 IOGUNI‘.
2498 407 2789 469 οΡΕιωκ
2814 408 3000 467 PARS
3037 408 3080 465 Ι.

3645 411 3767 473 159

479 534 591 582 tun
624 544 645 579 ι
670 524 1081 596 FHei-namque
1106 524 1322 581 invictas
1350 524 1491 597 lapis
1514 524 1742 597 figuram
1769 526 1962 591 tenuit,
1983 543 2068 582 σε·
2091 529 2151 593 Α
2169 533 2224 580 et
2260 524 2548 595 specialem
2583 524 2835 596 praedixit
2877 525 3141 580 honorem
3191 536 3314 581 esse
3359 523 3703 583 tribuendum
3738 544 3758 582 :

477 617 608 672 dtus
635 615 1187 682 actionisodorifem,
1212 633 1406 672 aurum
1430 617 1863 673 transcendentis
1883 618 2065 672 omnia

478 710 800 768 dilectionis.
841 710 1192 780 Vestiturque
1232 710 1480 781 lapideus
1519 710 1705 782 paries
1749 710 1947 766 tabulis
1974 725 2066 767 ce-

478 801 673 870 drinis,
699 818 824 858 eum
868 803 1137 874 professio
1164 802 1290 858 fidei
1326 804 1486 859 bonis
1524 812 1754 859 ornatur
1789 805 2065 874 Operibus,

478 906 549 948 ne
580 894 755 950 otiosa
776 893 1051 965 iudicetur
1073 894 1161 950 vel
1185 908 1308 950 esse
1329 902 1564 950 mortua.
1598 895 1797 950 Verum
1824 895 1950 965 quia
1979 893 2068 952 lex

478 982 538 1041 in
578 984 756 1055 lapide
782 985 1078 1057 descripta,
1123 986 1372 1042 doctrina
1398 1001 1529 1041 vero
1556 986 1837 1058 Evangelii
1879 1002 1978 1057 per
2002 987 2070 1041 li-

477 1092 644 1149 gnum
671 1085 756 1131 est
782 1076 1079 1133 Dominicaa
1119 1078 1391 1148 passionis
1438 1077 1777 1144 confirmata,
1829 1079 1972 1134 unde
2015 1087 2072 1135 et

479 1168 710 1240 populus
735 1168 829 1224 ille
854 1169 1031 1241 lapide
1063 1170 1629 1226 circumcidebaturin
1653 1170 1940 1242 praeputio,
1970 1187 2071 1227 nos

477 1260 636 1331 signa
669 1260 848 1317 crucis
867 1276 1255 1317 consecramur
1282 1261 1340 1316 in
1370 1260 1570 1326 fronte,
1602 1269 1829 1331 possunt
1855 1276 1962 1316 non
1988 1260 2072 1316 in-

478 1366 720 1423 congrue
754 1354 988 1423 parietes
1035 1353 1220 1424 templi
1276 1352 1493 1422 lapidci,
1540 1354 1657 1410 sive
1701 1355 2071 1425 pavimentum

476 1444 874 1515 pretiosissimo
896 1462 1172 1501 marmore
1202 1453 1454 1513 stratum,
1499 1461 1708 1514 eorum,
1743 1449 1837 1518 qui
1870 1449 1927 1503 in
1954 1452 2071 1519 lege

477 1535 713 1592 ﬁdeliter
734 1552 799 1593 ac
821 1536 1063 1607 perfecte
1084 1538 1360 1603 vixerunt,
1406 1548 1593 1609 typum
1622 1546 1841 1606 tenere;
1877 1540 2072 1595 tabulas

477 1644 613 1685 vero
643 1629 879 1685 cedrium
925 1630 1042 1685 sive
1078 1630 1321 1700 abiegnae
1349 1629 1483 1687 Novi
1517 1629 1851 1687 Testamenti
1892 1630 2074 1699 iustos

476 1720 760 1776 indicare:
793 1721 886 1790 qui
912 1721 1156 1776 volentes
1193 1729 1319 1789 post
1342 1720 1631 1776 Dominum
1658 1722 1864 1788 venire,
1896 1722 2068 1777 abne-

478 1822 609 1883 gant
645 1814 984 1883 semetipsos,
1043 1821 1120 1879 et,
1174 1820 1390 1883 sumpta
1438 1828 1602 1868 cruce
1654 1828 1771 1879 sua,
1827 1813 2072 1884 quotidie

2171 636 2191 669 ι
2226 616 2401 671 Amen
2429 617 2549 672 dico
2577 616 2751 683 vobis,
2779 617 2925 688 quod
2951 630 3049 672 vos
3105 616 3197 687 qui
3233 616 3406 687 secuti
3458 616 3593 672 estis
3639 632 3761 684 me,

2168 708 2223 762 in
2276 708 2710 778 regeneratioue,
2763 722 2889 763 cum
2939 707 3146 764 sederit
3186 706 3357 764 Filius
3413 707 3653 765 hominis
3697 708 3768 765 in

2167 797 2298 854 sede
2343 798 2644 870 majestatis
2687 813 2818 863 suae,
2866 798 3127 855 sedebitis
3153 808 3210 855 et
3252 813 3351 855 vos
3400 813 3567 870 super
3593 802 3767 858 sedes

2168 889 2471 957 duodecim,
2496 890 2805 962 iudicantes
2823 889 3108 946 duodecim
3136 890 3309 947 tribus
3330 889 3501 946 lsrael
3529 890 3762 962 (Matth.

2167 981 2308 1052 nx).
2354 1000 2374 1033 ι
2399 981 2468 1037 lli
2495 982 2564 1038 ad
2588 982 2824 1054 parietes
2855 982 3039 1054 templi
3063 982 3187 1039 albo
3229 983 3295 1038 de
3331 982 3509 1054 lapide
3552 985 3762 1051 factos,

2170 1072 2247 1128 illi
2276 1072 2574 1145 ﬁguraliter
2597 1073 2665 1129 ad
2687 1075 2939 1130 cedrinas
2958 1075 3236 1145 pertinent
3260 1076 3507 1145 tabulas;
3534 1079 3767 1149 utrique

2170 1166 2393 1236 praemia
2430 1182 2463 1221 a
2501 1166 2732 1224 Domino
2760 1176 3037 1239 perpetua:
3079 1168 3237 1235 lucis,
3273 1169 3430 1239 quasi
3457 1170 3577 1225 auri
3606 1171 3770 1227 lami-

2173 1270 2293 1323 nas,
2322 1256 2519 1328 quibus
2547 1257 2896 1325 decorentur,
2946 1267 3283 1330 exspectant.
3335 1260 3477 1317 Sunt
3529 1262 3589 1317 iu
3637 1262 3770 1319 aliis

2171 1344 2378 1416 lapides
2400 1348 2643 1417 pretiosi,
2674 1358 2800 1405 sunt
2825 1349 3020 1405 tabulae
3045 1350 3178 1422 ligni
3198 1352 3503 1419 aromatici,
3529 1362 3770 1424 utraque

2174 1453 2309 1495 auro
2335 1449 2614 1511 cooperta,
2658 1442 2785 1513 quia
2830 1450 2884 1497 et
2913 1442 2989 1497 illi
3031 1444 3125 1513 qui
3173 1443 3230 1499 in
3258 1442 3376 1516 lege
3407 1444 3624 1501 Domini
3660 1447 3768 1501 im-

2173 1530 2430 1586 maculati
2474 1532 2906 1598 ambulaverant,
2952 1542 3009 1590 et
3061 1535 3156 1604 qui
3204 1536 3436 1605 gratiam
3481 1536 3769 1608 Evangelii

2173 1621 2414 1695 perfecte
2437 1634 2806 1696 susceperant,
2843 1626 3047 1696 pariter
3083 1635 3290 1683 mterna
3330 1628 3444 1684 vita
3467 1628 3771 1700 perfruun-

2174 1724 2280 1771 tur.

2250 1827 2269 1860 ‹
2296 1808 2588 1866 Oraculum
2633 1818 2817 1867 autem
2868 1812 2923 1867 in
2968 1812 3148 1868 medio
3192 1812 3385 1869 domus
3426 1812 3482 1867 in
3516 1812 3771 1869 interiori

478 1912 781 1972 sequuntur
806 1903 958 1958 illum
980 1900 1198 1977 (Matth.
1231 1904 1366 1975 xvr).
1402 1904 1468 1958 Et
1506 1904 1762 1974 quoniam
1792 1905 2076 1975 utriusque
2101 1906 2151 1969 Β
2184 1918 2203 1952 ‹
2230 1908 2386 1970 parte
2408 1900 2633 1968 fecerat,
2664 1911 2727 1958 ut
2750 1912 2977 1972 poneret
3005 1903 3079 1958 ibi
3109 1919 3294 1960 arcam
3324 1903 3550 1961 fmderis
3575 1905 3769 1960 Domi-

479 1997 743 2065 temporis
783 1994 965 2064 iustos
1013 1998 1317 2053 communis
1372 1998 1544 2068 gloria
1599 2013 1849 2068 supernas
1891 2005 2076 2053 manet

479 2086 873 2154 retributionis,
905 2088 1176 2158 lapidibus
1203 2104 1268 2143 ac
1305 2089 1468 2160 lignis
1490 2089 1745 2159 pretiosis
1772 2089 1929 2145 tertia
1954 2105 2077 2160 spe-

400 2227 408 2235 .
476 2176 590 2233 cies
619 2186 703 2232 est
735 2192 1027 2233 aurearum
1058 2179 1316 2247 adjuncta
1342 2180 1689 2235 laminarum.
1724 2180 1838 2236 Nec
1862 2191 2078 2236 contra-

477 2264 623 2320 rium
671 2266 833 2322 debet
882 2267 1057 2323 videri
1111 2270 1255 2339 quod
1307 2270 1743 2340 supradiximus:
1781 2272 2075 2341 porticum,

479 2368 600 2421 quae
628 2366 748 2410 erat
772 2364 898 2413 ante
921 2358 1200 2427 templum,
1235 2360 1583 2429 antiquorum
1612 2360 1836 2431 figuram
1859 2372 2078 2433 gestare

479 2444 754 2512 fidelium;
783 2447 965 2517 ipsum
992 2458 1175 2504 autem
1204 2452 1466 2521 templum
1512 2468 1701 2507 eorum
1728 2455 1822 2523 qui
1851 2465 1974 2524 post
1999 2455 2081 2509 ln-

480 2539 816 2594 carnatiouis
839 2539 1135 2598 Dominicaz
1160 2550 1373 2614 tempus
1401 2544 1457 2598 in
1488 2546 1751 2601 mundum
1777 2556 2075 2613 venerunt;

479 2643 648 2698 porro
675 2630 895 2687 domum
923 2634 1235 2691 interiorem
1258 2637 1410 2707 regni
1438 2637 1676 2694 ctelestis
1701 2639 1918 2711 gaudia,
1957 2655 2078 2710 qua

485 2724 774 2795 utriusque
793 2726 958 2796 justis
987 2729 1203 2795 dantur,
1242 2728 1508 2800 figurare;
1548 2747 1693 2787 nunc
1716 2740 1899 2787 autem
1929 2733 2080 2789 dica-

478 2828 605 2869 mus
638 2816 877 2885 parietes
899 2818 1141 2889 lapideos
1173 2821 1455 2891 antiquum
1478 2821 1576 2877 Dei
1604 2823 1882 2893 populum,
1918 2825 2078 2880 tabu-

476 2902 592 2959 lata
625 2906 844 2963 cedriua
895 2925 1115 2976 novum,
1165 2926 1359 2966 aureas
1406 2911 1637 2968 laminas
1688 2914 1969 2984 utriusque
2020 2916 2079 2971 in

481 2996 638 3052 caelis
671 3000 892 3067 praemia
921 3002 1229 3074 designare,
1267 3018 1391 3059 cum
1421 3005 1587 3060 iidem
1626 3006 1865 3075 parietes
1894 3007 2078 3078 templi

481 3093 539 3141 et
562 3086 619 3141 in
646 3090 882 3157 porticu,
908 3099 962 3146 et
991 3092 1047 3146 in
1070 3093 1185 3163 ipso
1216 3092 1441 3164 templo,
1466 3101 1522 3150 et
1551 3094 1607 3150 in
1632 3096 1838 3151 sanctis
1862 3103 2081 3153 sancto-

484 3194 608 3235 rum
637 3182 758 3251 pari
786 3181 988 3240 fuerint
1016 3185 1200 3243 modo.

2186 2009 2205 2041 α
2232 1992 2306 2045 ni.
2339 2011 2359 2044 ›
2388 1991 2501 2047 Hoc
2551 1993 2801 2064 superius
2845 1995 3270 2065 praeoccupando
3310 1994 3617 2065 expositum
3661 2007 3771 2050 est.

2180 2083 2315 2151 Quia
2343 2083 2596 2140 videlicet
2620 2084 2848 2140 interior
2890 2085 3104 2152 domus,
3152 2094 3365 2142 secreta
3390 2087 3578 2158 patria:
3604 2086 3775 2142 coale-

2180 2178 2311 2245 stis;
2339 2193 2468 2234 arca
2504 2176 2746 2246 foederis,
2796 2178 3086 2235 Dominum
3138 2178 3498 2246 Salvatorem,
3554 2180 3612 2235 in
3661 2194 3776 2249 quo

2178 2271 2295 2329 solo
2320 2270 2497 2328 foedus
2527 2271 2679 2343 pacis
2704 2272 2845 2342 apud
2869 2271 3087 2327 Patrem
3118 2273 3401 2338 habemus,
3427 2271 3772 2343 designaret;

2179 2364 2273 2435 qui
2296 2372 2420 2434 post
2446 2364 2901 2420 resurrectionem
2934 2380 3109 2431 suam,
3138 2365 3438 2421 ascendens
3462 2365 3517 2419 in
3543 2364 3774 2432 coelum,

2178 2468 2423 2520 carnem,
2452 2471 2615 2524 quam
2637 2469 2705 2511 ex
2739 2454 2955 2526 Virgine
2986 2463 3313 2528 sumpserat,
3338 2456 3397 2511 in
3423 2454 3604 2511 Patris
3634 2457 3775 2512 dex-

2181 2552 2297 2600 tera
2329 2544 2635 2600 collocavit.

2258 2658 2275 2690 (
2303 2638 2473 2694 Porro
2506 2639 2786 2713 oraculum
2808 2640 3044 2696 habebat
3068 2640 3259 2713 viginti
3284 2641 3498 2713 qubitos
3529 2641 3776 2714 longitu-

2186 2748 2206 2781 ι
2234 2728 2376 2785 diuis
2399 2770 2415 2795 ,
2452 2738 2507 2784 et
2530 2724 2723 2801 viginti
2749 2731 2960 2787 subitos
2988 2731 3307 2800 latitudinis,
3359 2742 3417 2790 et
3445 2734 3642 2806 viginti
3669 2749 3777 2789 cu-

2187 2841 2207 2874 t
2232 2822 2374 2878 bitos
2402 2822 2726 2888 altitudinis,
2765 2832 2870 2881 etc.
2906 2844 2925 2876 ι
2975 2825 3129 2892 Quod
3155 2825 3305 2889 dicit,
3341 2826 3523 2896 viginti
3562 2825 3776 2881 cubito:

2182 2914 2500 2980 altitudinis,
2531 2916 2794 2986 parietem
2821 2916 3090 2987 significat
3116 2916 3420 2984 cedrinum,
3455 2917 3549 2987 qui
3573 2933 3778 2975 oracu-

2181 3004 2318 3073 lum,
2347 3007 2400 3062 id
2425 3014 2530 3073 est,
2558 3005 2759 3064 Sancta
2782 3019 3095 3065 sanctorum
3123 3010 3192 3067 ab
3235 3009 3352 3066 aede
3381 3012 3640 3068 exteriori
3680 3029 3774 3068 se-

2179 3099 2456 3171 gregabat,
2496 3099 2640 3155 sicut
2691 3107 2749 3156 et
2797 3102 3221 3172 supradiximus.
3277 3100 3571 3158 Oraculum
3614 3119 3773 3172 vero,

2181 3191 2273 3247 ubi
2302 3199 2422 3246 erat
2441 3205 2591 3258 arca,
2609 3190 2846 3255 habebat
2859 3192 3077 3249 vicenos
3095 3192 3307 3249 cubitus
3330 3194 3385 3248 in
3406 3194 3770 3265 longitudine,

561 3311 581 3345 α
607 3293 686 3351 De
714 3295 986 3367 lapidibus
1012 3306 1069 3354 et
1098 3299 1261 3371 lignis
1285 3307 1340 3356 et
1364 3316 1500 3357 auro
1527 3300 1813 3371 compacti.
1850 3321 1869 3354 ι
1905 3300 2073 3357 Multi-

2183 3290 2239 3338 et
2288 3281 2572 3339 latitudine
2619 3290 2677 3338 et
2725 3283 3029 3349 altitudine,
3082 3284 3136 3339 id
3185 3294 3288 3351 est,
3335 3300 3434 3356 per
3478 3286 3773 3355 quadrum,

478 3384 607 3454 plex
634 3401 870 3458 namque
896 3390 1062 3445 estin
1092 3391 1322 3447 diversis
1349 3393 1514 3449 rebus
1534 3390 1847 3448 earumdem
1884 3391 2080 3461 repeti-

479 3476 559 3530 tio
586 3474 901 3547 figurarum.
936 3477 1046 3534 Sed
1085 3488 1142 3534 et
1187 3481 1292 3536 hoc
1330 3481 1642 3548 dicendum,
1680 3482 1807 3553 quia
1859 3481 2080 3539 fuerunt

472 3576 537 3625 ἐι
562 3569 619 3624 in
652 3568 770 3641 lege
790 3579 847 3625 ct
868 3580 995 3627 ante
1023 3573 1281 3644 scriptam
1305 3573 1481 3644 legem
1509 3572 1730 3645 plurimi
1768 3574 1865 3644 qui
1887 3574 2076 3647 legali-

479 3668 569 3717 ter
596 3660 827 3719 Domino
857 3664 1213 3732 deservireut,
1243 3682 1353 3722 non
1386 3668 1719 3734 occidentes,
1768 3684 1876 3723 non
1905 3669 2076 3725 fomi-

468 3752 693 3819 cantes,
726 3770 837 3811 non
882 3756 1087 3812 furtum
1129 3756 1409 3825 facientes,
1454 3775 1563 3815 non
1602 3759 1797 3816 falsum
1828 3763 2076 3818 testimo-

468 3846 641 3903 ‘nium
668 3857 859 3904 contra
882 3850 1188 3921 proximum
1200 3847 1503 3921 loquentes,
1524 3853 1854 3908 honorantes
1864 3860 2076 3923 patrem

483 3947 539 3995 et
556 3949 788 3996 matrem
798 3982 814 4006 ,
846 3950 902 3996 et
923 3941 1208 4014 diligentes
1218 3944 1495 4013 proximos
1505 3943 1648 3998 sicut
1660 3943 1870 4017 seipsos
1887 3962 1900 3998 :
1926 3944 1983 3998 hi
2011 3944 2080 4000 ad

482 4030 724 4101 parietes
764 4041 819 4086 et
847 4033 1089 4102 porticus
1127 4033 1369 4104 lapideos
1412 4034 1779 4104 pertinebant.
1830 4034 2078 4090 Fuerunt

482 4118 652 4190 aliqui
672 4121 879 4191 majore
889 4122 1243 4192 perfectione,
1260 4125 1374 4193 qui,
1389 4122 1592 4180 relictis
1615 4124 1803 4179 mundi
1824 4125 2075 4195 negotiis,

464 4219 547 4268 ἐι
564 4221 841 4284 assumpta
864 4229 1031 4271 cruce
1064 4231 1184 4283 sua,
1217 4216 1589 4287 sequebantur
1618 4216 1929 4283 Dominum,
1959 4217 2075 4288 qui,

491 4312 554 4361 ut
569 4305 861 4377 Apostolus
900 4306 1111 4374 scribit,
1144 4327 1164 4360 ι
1195 4306 1453 4364 Ludibria
1496 4317 1551 4365 et
1578 4310 1807 4365 verbera
1844 4310 2074 4379 experti,

492 4398 716 4470 insuper
741 4407 796 4454 ct
822 4400 1035 4455 vincula
1070 4408 1127 4455 et
1170 4414 1439 4468 carceres,
1463 4401 1687 4473 lapidati
1735 4409 1897 4469 sunt,
1943 4402 2077 4458 secti

493 4497 641 4555 sunt,
669 4492 864 4547 tentati
892 4500 1054 4558 sunt,
1095 4492 1151 4547 in
1187 4495 1459 4551 occisione
1497 4494 1659 4566 gladii
1689 4495 1890 4550 mortui
1924 4504 2072 4551 sunt.

483 4581 888 4640 Clrcumierunt
903 4585 957 4638 in
972 4586 1210 4651 melotis,
1232 4587 1287 4640 in
1306 4586 1534 4656 pellibus
1555 4587 1813 4657 caprinis,
1831 4595 2071 4656 egentes,

2181 3374 2307 3446 quia
2331 3374 2389 3429 in
2423 3390 2659 3445 superna
2683 3373 2775 3429 illa
2808 3374 3003 3445 patria,
3035 3376 3130 3431 ubi
3173 3375 3376 3447 Regem
3410 3375 3686 3431 Christum
3716 3376 3778 3431 in

2181 3465 2377 3521 decore
2405 3480 2504 3521 suo
2530 3466 2716 3520 vident
2741 3466 2884 3522 oculi
2931 3474 3264 3534 sanctorum,
3318 3466 3436 3524 sola
3481 3467 3776 3523 charitatis

2181 3555 2377 3611 divinat
2414 3570 2481 3612 ac
2519 3554 2774 3612 fraternae
2801 3556 2974 3628 gratia
3016 3571 3114 3626 per
3151 3556 3334 3612 omnia
3378 3554 3566 3627 fulget.
3616 3556 3777 3623 Quod

2181 3648 2536 3719 sequentibus
2560 3663 2775 3720 quoque
2795 3647 2974 3704 verbis
2997 3647 3280 3715 astruitur,
3302 3662 3427 3703 cum
3449 3647 3651 3703 dicitur
3676 3666 3691 3702 :

2256 3758 2277 3791 ι
2303 3739 2370 3793 Ει
2396 3738 2611 3809 operuit
2640 3739 2767 3794 illud
2794 3749 2957 3809 atque
2981 3739 3201 3795 vestivit
3238 3753 3374 3794 auro
3397 3739 3715 3809 purissimo.
3746 3761 3766 3794 ι

2181 3830 2336 3899 Quod
2365 3840 2451 3888 est
2477 3838 2666 3902 aperte
2701 3831 2919 3887 dicere:
2968 3832 3098 3903 quia
3129 3845 3377 3902 supernae
3403 3831 3609 3888 mania
3634 3833 3772 3889 civi.

2184 3923 2329 3990 tatis,
2366 3923 2543 3995 gratia
2571 3923 2855 3980 charitatis
2888 3923 3155 3994 implevit.

2257 4032 2278 4066 ι
2314 4013 2422 4071 Sed
2476 4024 2533 4071 et
2584 4014 2753 4071 altare
2785 4015 3003 4072 vestivit
3049 4016 3232 4073 cedro.
3271 4036 3291 4071 ι
3335 4016 3521 4074 Altare
3569 4019 3775 4077 dicitur

2183 4106 2579 4179 thymiamatis,
2607 4107 2751 4177 quod
2774 4116 2895 4164 erat
2915 4114 3044 4163 ante
3064 4108 3365 4177 oraculum,
3390 4110 3459 4167 de
3477 4126 3585 4181 quo
3605 4111 3771 4182 paulo

2179 4203 2305 4265 post
2337 4195 2711 4251 subinfertur:
2756 4216 2773 4248 ι
2811 4196 2919 4253 Sed
2962 4205 3137 4253 totum
3182 4200 3357 4256 altare
3398 4201 3604 4257 oraculi
3634 4204 3773 4259 texit

2181 4304 2335 4345 auro.
2371 4308 2389 4339 ι
2426 4288 2579 4345 Unde
2607 4287 2829 4361 intelligi
2856 4289 3016 4345 datur
3038 4290 3183 4361 quod
3219 4292 3360 4348 idem
3391 4293 3560 4348 altare
3594 4294 3661 4350 de
3690 4294 3771 4350 la-

2180 4383 2303 4454 pide
2333 4382 2550 4453 quidem
2591 4380 2754 4435 fuerit
2798 4380 3021 4448 factum,
3073 4391 3131 4438 et
3174 4384 3340 4441 cedro
3386 4385 3663 4453 vestitum,
3697 4401 3768 4442 ac

2180 4474 2374 4531 deinde
2402 4486 2535 4528 auro
2559 4482 2892 4544 coopertum.
2919 4472 3202 4545 Significat
3224 4485 3403 4534 autem
3440 4479 3618 4549 typice
3643 4495 3770 4550 per-

2181 4571 2446 4627 fectorum
2486 4570 2656 4625 vitam
2687 4570 2981 4639 justorum,
3009 4572 3102 4642 qui
3127 4574 3284 4643 quasi
3313 4573 3369 4629 in
3396 4575 3597 4629 vicinia
3638 4592 3769 4633 ora-

482 4679 794 4749 angustiati,
843 4678 1048 4746 alllicti,
1098 4681 1294 4749 quibus
1308 4638 1520 4750 rdignus
1549 4638 1658 4737 non
1689 4638 1813 4736 erat
1835 4638 2071 4738 mundus,
2100 4638 2155 4701 Β
2180 4663 2287 4720 ⁰υ¹ί
2326 4672 2453 4720 sum
2476 4664 2661 4736 Ροείιίν
2693 4665 2843 4734 (lilia:
2893 4665 3124 4723 deseri-is
3154 4667 3356 4723 inﬁmis
3393 4669 3768 4727 delecmlioni-

480 4766 672 4839 (Hebr.
704 4770 807 4839 xl).
839 4789 859 4821 ι
886 4769 952 4824 lli
975 4771 1068 4840 qui
1098 4778 1227 4825 ante
1244 4771 1535 4827 manifesta
1561 4780 1806 4843 tempora
1826 4771 2072 4844 Evange-

478 4859 561 4927 lii,
592 4862 760 4917 vitam
791 4862 994 4917 duxere
1029 4862 1418 4934 evangelicam,
1466 4863 1617 4933 quid,
1661 4862 1771 4917 uisi
1803 4870 1931 4919 ante
1983 4864 2070 4919 in-

478 4966 727 5021 gressum
759 4952 943 5021 templi
973 4959 1033 5005 ut
1054 4950 1294 5006 tabulata
1315 4951 1539 5007 cedriua
1573 4952 1626 5006 in
1649 4952 1866 5023 porticu
1898 4951 2070 5024 fulge-

478 5039 631 5105 bant,
660 5050 716 5095 et
743 5056 881 5112 quos
918 5050 1181 5112 utrosque
1214 5042 1343 5112 quia
1388 5042 1530 5097 idem
1575 5057 1802 5114 regnum
1848 5043 2070 5100 caeleste

481 5134 867 5197 communiter,
898 5135 1146 5203 quamvis
1190 5134 1247 5190 in
1276 5134 1652 5191 mansionibus
1677 5135 1947 5202 discretis,
1974 5151 2067 5192 re-

480 5222 644 5293 cepit,
674 5225 830 5294 quasi
872 5227 1113 5295 porticus
1160 5226 1370 5296 templi,
1425 5236 1549 5297 post
1596 5227 1829 5299 lapidem
1878 5236 1936 5284 et
1976 5243 2071 5284 ce-

481 5314 662 5379 drum,
695 5316 1022 5373 intrinsecus
1062 5326 1143 5373 cst
1182 5334 1318 5374 auro
1359 5328 1633 5389 cooperta.
1679 5319 1818 5375 Sunt
1862 5320 1918 5374 in
1968 5320 2072 5376 hoc

483 5413 728 5473 tempore
753 5406 1052 5476 perplures,
1079 5408 1173 5477 qui
1208 5407 1471 5479 legalibus
1496 5410 1735 5465 contenti
1762 5411 2069 5480 praeceptis,

481 5504 604 5563 qua:
633 5508 796 5564 supra
825 5497 1388 5567 commemoravimus,
1416 5498 1664 5556 sufﬁcere
1686 5499 1789 5556 sibi
1814 5500 2067 5566 credunt,

483 5592 697 5640 tantum
726 5585 773 5641 si
807 5588 876 5642 ad
900 5588 1068 5643 vitam
1094 5591 1283 5648 venire
1313 5601 1646 5648 mereantur.
1676 5591 1817 5647 Sunt
1841 5592 1933 5647 alii
1973 5593 2067 5662 qui

485 5679 555 5734 ad
580 5677 971 5747 perfectionem
1012 5681 1270 5748 nitentes,
1296 5684 1528 5738 venditis
1570 5697 1691 5752 qua:
1719 5682 1922 5738 habent
1946 5699 2068 5738 om-

488 5770 668 5837 nibus,
686 5773 972 5829 D0mlnum
986 5788 1308 5847 sequuntur,
1331 5793 1600 5834 memores
1624 5778 1880 5849 promissi
1903 5778 2067 5846 illius,

494 5880 602 5936 quo
631 5867 827 5925 talibus
870 5868 926 5925 in
968 5872 1370 5928 resurrectione
1402 5885 1510 5926 non
1545 5869 1722 5926 solum
1747 5869 1937 5934 vitam,
1976 5871 2071 5927 sed

2178 4756 2302 4821 bus,
2329 4754 2398 4809 de
2422 4754 2537 4810 solo
2566 4755 2717 4825 regni
2757 4755 2995 4812 caelestis
3028 4757 3275 4829 ingressu
3311 4775 3501 4815 curam
3543 4778 3765 4820 omnem

2177 4846 2512 4917 impendunt.
2557 4846 2708 4904 Unde
2734 4846 2870 4903 bene
2895 4848 2951 4902 in
2987 4848 3092 4905 hoc
3125 4849 3282 4907 altari
3327 4865 3433 4907 non
3462 4867 3656 4909 carnes
3682 4856 3765 4910 vi-

2177 4941 2487 5005 ctimarum,
2515 4940 2609 4995 sed
2635 4939 2748 4996 sola
2777 4940 3202 4997 incendebantur
3230 4944 3602 5015 thymiamata,
3631 4947 3762 5018 quia

2177 5032 2313 5088 tales
2342 5047 2449 5087 non
2473 5031 2651 5088 adhuc
2668 5040 2890 5104 peccata
2913 5032 3095 5089 carnis
3127 5042 3183 5088 et
3231 5034 3514 5093 illecebras
3554 5040 3765 5110 c0gita-

2174 5124 2383 5180 tionum
2412 5124 2467 5178 in
2490 5139 2550 5179 se
2581 5130 2821 5179 mactare
2850 5138 2985 5194 opus
3017 5123 3240 5192 habent,
3269 5127 3362 5182 sed
3394 5135 3601 5183 tantum
3643 5146 3765 5186 ora-

2173 5216 2383 5272 tionum
2423 5214 2781 5284 spiritualium
2813 5222 2867 5269 et
2894 5213 3197 5270 omlestium
3217 5216 3608 5275 desideriorum
3630 5221 3761 5278 odo-

2172 5314 2416 5362 ramenta
2441 5322 2540 5377 per
2561 5307 2738 5378 ignem
2766 5306 2940 5361 intimi
2984 5308 3187 5365 amoris
3231 5309 3285 5364 in
3334 5322 3629 5384 conspectu
3675 5318 3761 5373 sui

2170 5398 2464 5455 conditoris
2486 5397 2736 5456 offerunt.

2246 5521 2265 5553 ι
2292 5500 2520 5557 Domum
2547 5514 2760 5571 quoque
2784 5508 2910 5557 ante
2936 5502 3215 5559 oraculum
3238 5505 3453 5576 operuit
3488 5523 3625 5565 auro
3655 5526 3760 5581 pu-

2172 5614 2194 5648 ‹
2218 5594 2455 5659 rissimo,
2484 5602 2541 5650 et
2570 5592 2738 5649 aliixit
2771 5593 3002 5650 laminas
3027 5595 3196 5653 clavis
3235 5600 3434 5656 aureis.
3466 5621 3485 5653 ι
3522 5602 3755 5660 Domum

2168 5694 2295 5741 ante
2340 5684 2621 5744 oraculum
2674 5685 2957 5756 praesentis
3012 5670 3268 5745 Ecclesiae
3330 5698 3513 5761 typum
3567 5702 3754 5753 tenere

2168 5779 2438 5841 diximus;
2470 5779 2563 5837 ubi
2604 5778 2685 5833 ita
2736 5778 3113 5848 Redemptoris
3142 5781 3316 5836 nostri
3347 5797 3533 5840 amore
3560 5784 3753 5857 ﬂagra-

2170 5884 2311 5934 mus,
2338 5876 2398 5926 ut
2424 5879 2604 5929 tamen
2641 5869 2871 5926 necdum
2900 5868 3076 5938 ipsum
3098 5871 3283 5928 videre
3308 5871 3447 5933 facie
3469 5876 3748 5947 valeamus
