4074 6470
315 443 425 501 155
494 416 505 421 ’

1128 432 1481 493 COMMENT.
1521 433 1590 491 IN
1628 428 1873 490 LIBROS
1908 429 1980 489 Ν
2012 426 2275 486 REGUM.
2316 457 2386 471 —
2418 428 2490 486 IN
2524 426 2655 486 LIB.
2691 429 2780 487 III.

3477 428 3579 483 156

314 562 387 617 ad
409 556 623 614 faciem.
656 553 810 613 Unde
831 560 953 624 apte
970 552 1162 609 domus
1184 552 1301 608 haec
1321 567 1453 608 auro
1466 551 1687 621 quidem
1709 549 1888 619 puris-
1912 548 1967 609 Α
1990 546 2239 601 eumdem
2268 559 2485 600 sensum
2514 545 2756 614 respicit.
2780 542 2935 601 Sicut
2952 543 3099 601 enim
3128 540 3358 599 interior
3381 542 3577 598 domus

313 654 457 709 simo
478 656 755 720 c00perta,
780 645 874 702 sed
903 643 1219 715 interposita
1250 650 1369 698 erat
1394 642 1570 698 medio
1591 639 1798 711 pariete
1825 639 1895 695 ab

312 741 538 800 oraculo
593 748 823 794 secreta.
870 735 1159 793 Oraculum
1208 748 1443 804 namque
1478 740 1725 804 vocatur,
1772 744 1898 786 cum

310 835 400 892 vel
421 833 604 888 divina
642 831 971 896 hominibus,
993 827 1078 883 vel
1099 826 1340 898 angelica
1369 825 1642 890 allocutio,
1665 839 1789 879 cum
1816 837 1900 879 se-

311 936 594 984 cretorum
621 936 959 996 quorumque
997 920 1327 977 revelatione
1368 919 1704 976 conceditur.
1743 917 1898 975 Unde

310 1021 451 1077 bene
477 1018 756 1074 oraculum
782 1017 840 1071 in
866 1015 1061 1087 adytis,
1086 1013 1191 1069 hoc
1224 1021 1329 1080 est,
1370 1014 1426 1067 in
1466 1010 1710 1068 interiori
1738 1011 1900 1067 domo

312 1109 517 1164 factum
543 1116 645 1173 est,
677 1108 805 1179 quia
859 1108 915 1161 in
952 1121 1186 1176 superna
1229 1105 1425 1176 patria,
1471 1111 1526 1159 et
1583 1102 1896 1173 angelorum

312 1203 474 1259 nobis
497 1202 635 1257 visio
657 1208 820 1272 atque
843 1199 1120 1265 allocutio,
1142 1206 1199 1253 et
1233 1198 1349 1269 ipsa
1374 1197 1469 1252 Dei
1496 1196 1788 1267 praesentia
1817 1209 1899 1250 re-

308 1294 597 1349 velabitur.
630 1291 833 1347 Domus
858 1307 987 1363 ergo
1015 1299 1139 1346 ante
1162 1288 1442 1346 oraculum
1467 1303 1600 1343 auro
1630 1293 1769 1343 tecta
1791 1293 1893 1349 est,

308 1386 437 1455 quia
462 1384 685 1456 perfecti
715 1384 915 1454 quique
937 1381 1072 1452 justi
1101 1383 1157 1437 in
1202 1383 1307 1437 hac
1343 1382 1477 1447 vita,
1524 1379 1616 1435 ubi
1660 1379 1895 1436 necdum

308 1475 490 1547 palam
516 1475 582 1529 de
628 1473 790 1529 Patre
838 1473 1045 1539 audire,
1088 1472 1141 1527 id
1180 1480 1285 1539 est,
1322 1473 1549 1527 necdum
1584 1470 1765 1540 palam
1795 1469 1899 1526 Pa-

310 1574 451 1620 trem
488 1566 674 1621 videre
706 1571 931 1635 queunt,
979 1563 1138 1617 ﬁdem
1185 1570 1241 1618 et
1282 1576 1418 1633 opus
1450 1559 1676 1630 iustitia:
1715 1559 1897 1616 divino

306 1665 506 1713 ornant
531 1672 736 1722 amore,
762 1672 859 1727 per
886 1671 1047 1726 quem
1074 1656 1143 1711 ad
1174 1654 1389 1726 plenam
1416 1653 1510 1709 Dei
1534 1652 1898 1724 cognitionem

306 1759 623 1806 mereantur
651 1751 934 1822 attingere.
974 1748 1218 1804 Lamina:
1267 1749 1411 1813 auri,
1464 1747 1662 1817 quibus
1705 1754 1896 1816 operta

305 1850 392 1899 est
449 1843 661 1909 domus,
722 1842 1063 1912 operationes
1110 1848 1237 1896 sunt
1291 1837 1603 1895 multifaria
1647 1837 1891 1908 pietatis,

305 1950 444 2004 quas
474 1936 529 1991 in
553 1935 874 2006 obsequium
907 1934 992 1990 vel
1043 1934 1127 1989 sui
1172 1932 1459 1997 creatoris,
1505 1930 1593 1987 vel
1639 1928 1893 1987 fraternae

304 2027 666 2093 necessitatis,
700 2041 853 2081 amor
892 2034 1076 2081 castus
1113 2024 1354 2080 exhibet.
1384 2022 1535 2078 Clavi
1565 2022 1736 2087 aurei,
1765 2021 1891 2092 qui-

304 2120 409 2176 bus
432 2128 589 2175 erant
612 2118 784 2175 afﬁxa:
810 2119 1044 2185 laminze,
1064 2118 1180 2188 ipsa
1200 2126 1327 2172 sunt
1346 2123 1618 2187 praecepta
1646 2115 1890 2169 charita-

304 2211 402 2277 tis,
448 2212 564 2268 sive
606 2212 878 2284 promissa
928 2219 1143 2266 mternm
1180 2208 1466 2275 claritatis,
1517 2223 1618 2277 per
1663 2223 1783 2278 quae
1836 2207 1892 2262 in

306 2305 570 2360 exercitio
595 2305 881 2375 studioque
903 2304 1171 2359 virtutum
1192 2316 1261 2356 ne
1294 2300 1630 2366 deﬁciamus,
1658 2299 1892 2355 donante

303 2397 509 2453 Christi
551 2397 747 2471 gratia,
775 2397 1137 2453 continemur.
1195 2393 1350 2451 Unde
1394 2392 1533 2448 bene
1577 2391 1645 2447 de
1686 2391 1892 2447 eisdem

306 2491 474 2548 clavis
507 2493 563 2548 in
606 2493 744 2549 libro
772 2491 1215 2562 Paralipomenon
1254 2488 1514 2559 scriptum
1558 2494 1642 2543 est
1679 2504 1693 2542 :
1727 2505 1747 2538 ‹
1785 2485 1894 2542 Sed

306 2592 363 2639 et
392 2585 575 2640 clavos
622 2583 756 2640 fecit
808 2598 1021 2649 aureos,
1070 2583 1146 2637 ita
1198 2588 1258 2636 ut
1308 2580 1505 2652 singuli
1553 2580 1692 2637 clavi
1732 2580 1895 2637 siclos

306 2678 712 2749 quinquagenos
746 2677 1109 2746 appenderent
1140 2674 1193 2747 (Ι
1199 2674 1224 2729 I
1256 2672 1389 2728 Par.
1431 2673 1538 2741 ιιι).
1572 2693 1590 2725 ›
1625 2672 1896 2744 Quinqua-

306 2769 530 2839 genario
568 2784 803 2838 namque
832 2781 1059 2823 numero
1101 2766 1237 2822 solet
1278 2766 1336 2820 in
1370 2764 1670 2834 Scripturis
1702 2764 1896 2819 remis-

308 2862 390 2917 sio
418 2872 762 2934 peccatorum
791 2869 847 2917 et
871 2860 1045 2933 gratia
1093 2858 1329 2930 Spiritus
1355 2856 1548 2925 sancti,
1587 2864 1644 2912 et
1668 2856 1895 2927 'requies

307 2962 511 3010 :eterna
540 2953 780 3025 ﬁgurari.

385 3063 403 3094 ε
432 3043 500 3098 Et
516 3044 1021 3115 quinquagenorum
1045 3047 1204 3097 erant
1226 3039 1485 3096 siclorum
1509 3038 1649 3095 clavi
1670 3038 1889 3110 singuli,
1928 3094 1934 3099 .

315 3155 334 3188 σ
361 3136 556 3206 quibus
582 3135 784 3190 lamina
829 3135 948 3190 auri
974 3132 1329 3205 aﬂigebantur
1374 3132 1431 3187 in
1459 3132 1761 3202 parietibus
1799 3133 1896 3186 do-

314 3249 333 3280 ι
362 3243 484 3283 mus
504 3227 739 3283 Domini.
779 3246 798 3278 ›
832 3226 970 3294 Quia
1008 3225 1265 3280 nimirum
1292 3225 1460 3280 verba
1482 3223 1750 3288 coelestia,
1776 3222 1897 3292 qui-
1923 3264 1970 3329 ϐ

306 3319 413 3375 bus
440 3320 498 3373 in
535 3332 719 3372 amore
742 3321 1005 3372 bonorum
1033 3330 1259 3385 operum
1302 3314 1620 3385 proﬁcimus
1662 3322 1719 3369 et
1768 3328 1897 3369 con-

309 3422 622 3475 servamur,
674 3407 890 3463 veniam
954 3405 1109 3462 nobis
1158 3406 1480 3476 promittunt
1526 3414 1898 3474 peccatorum,

308 3499 545 3573 gratiam
571 3498 745 3555 sancti
785 3498 1034 3569 Spiritus,
1077 3504 1134 3553 et
1178 3496 1568 3554 sabbatismum
1617 3496 1673 3552 in
1719 3495 1901 3552 futuro

309 3589 637 3663 pollicentur
660 3598 925 3646 aeternum
974 3587 1108 3654 (Isa.
1136 3587 1251 3661 ως).
1303 3588 1369 3643 Et
1395 3588 1450 3643 hi
1497 3588 1714 3658 quidem
1765 3598 1899 3646 sunt

311 3681 453 3737 clavi
483 3680 809 3737 dilectionis.
859 3679 999 3736 Sunt
1015 3694 1145 3735 vero
1167 3678 1258 3733 alii
1281 3678 1418 3736 clavi
1450 3679 1681 3745 timoris,
1703 3679 1902 3751 quibus

310 3771 632 3842 incipientes
671 3773 871 3845 quique
907 3778 962 3829 et
999 3772 1228 3827 necdum
1271 3773 1337 3827 ad
1367 3772 1753 3843 perfectionem
1778 3788 1905 3845 per-

311 3789 632 3842 ιηοιριεηιεε
707 3789 871 3843 utque
907 3789 962 3829 et
999 3789 1228 3827 necdum
1271 3789 1337 3827 aa
1367 3789 1753 3843 pertecuonem
1778 3789 1903 3845 per—

311 3865 612 3933 venientes,
657 3789 942 3921 iﬁecebras
968 3864 1247 3933 vitiorum,
1295 3864 1707 3935 carnaliumque
1747 3864 1903 3921 volu-

310 3966 521 4030 ptatum
551 3958 883 4014 mortiﬁcant
912 3976 927 4011 :
950 3956 1031 4012 illi
1055 3956 1309 4013 videlicet
1334 3970 1612 4012 sermones
1634 3956 1900 4025 veritatis,

314 4067 546 4124 quorum
601 4051 942 4107 institutione
998 4066 1217 4107 carnem
1282 4058 1524 4106 nostram
1583 4051 1904 4123 cruciﬁgere

300 4144 442 4201 ‘cum
467 4142 615 4199 vitiis
635 4150 689 4198 et
710 4143 1162 4213 concupiscentiis
1188 4140 1478 4199 edocemur
1506 4162 1518 4196 :
1549 4158 1686 4212 quos
1702 4145 1905 4199 habere

317 4235 659 4293 desiderabat
702 4235 994 4307 Propheta,
1048 4252 1171 4292 cum
1201 4238 1278 4291 ait
1307 4255 1318 4291 :
1358 4256 1377 4289 ε
1413 4236 1632 4306 Conﬁge
1667 4236 1835 4292 clavis
1871 4253 1903 4293 a

318 4330 512 4385 timore
544 4338 636 4385 tuo
661 4343 853 4385 carnes
897 4344 1065 4394 meas,
1099 4344 1129 4382 a
1172 4328 1393 4399 judiciis
1436 4328 1583 4382 enim
1613 4328 1722 4383 tuis
1746 4327 1903 4383 timui

320 4421 491 4494 (Psal.
523 4421 735 4495 cxvm).
786 4442 805 4473 ι
856 4420 958 4489 Qui
992 4437 1207 4477 rursum
1256 4420 1324 4476 ad
1355 4418 1679 4492 perfectiora
1715 4435 1907 4490 perve-

318 4521 498 4586 niens,
536 4518 668 4576 dicit
697 4519 764 4574 de
795 4517 964 4575 clavis
1001 4516 1308 4573 dilectionis
1335 4531 1351 4571 :
1385 4536 1404 4569 ι
1435 4515 1566 4573 Mihi
1594 4522 1775 4572 autem
1802 4516 1903 4572 ad-

319 4612 529 4667 haerere
552 4610 663 4666 Deo
686 4610 888 4665 bonum
916 4616 1001 4664 est
1026 4606 1200 4680 (Psal.
1232 4607 1428 4679 Lxxu).
1462 4626 1482 4659 ι

292 4773 300 4780 _
397 4723 415 4756 ι
442 4701 695 4773 Nihilque
730 4709 850 4757 erat
878 4701 936 4756 in
976 4700 1196 4770 templo,
1226 4701 1372 4770 quod
1404 4715 1513 4757 non
1540 4714 1673 4755 auro
1698 4706 1902 4770 tegere-

327 4818 345 4850 ‹
368 4804 477 4861 tur,
494 4796 589 4851 sed
609 4803 782 4851 totum
811 4794 980 4849 altare
1004 4793 1208 4849 oraculi
1232 4792 1368 4847 texit
1395 4807 1549 4847 auro.
1580 4810 1598 4843 ι
1629 4790 1901 4846 Deaurata

321 4896 407 4945 cst
434 4888 630 4957 quippe
648 4886 889 4957 porticus
919 4892 1047 4940 ante
1081 4884 1364 4954 templum,
1394 4883 1520 4953 quia
1546 4890 1731 4953 patres
1747 4880 1903 4936 Vete-

324 4982 399 5038 ris
412 4980 743 5036 Testamenti
770 4979 879 5034 Deo
894 4993 990 5049 per
1014 4977 1335 5032 charitatem
1358 4974 1698 5045 placuerunt.
1722 4971 1902 5026 Dcau-

326 5084 502 5131 ratum
529 5082 611 5130 est
653 5074 829 5143 ipsum
856 5070 1135 5141 templum,
1181 5068 1306 5138 quia
1341 5066 1531 5121 eadem
1560 5065 1676 5133 ipsa
1712 5083 1729 5115 ‹
1765 5064 1898 5117 cha-

326 5153 463 5223 ritas~
477 5166 576 5222 Dei
603 5164 797 5221 diﬁ‘usa
821 5172 905 5219 est
930 5163 985 5217 in
1011 5161 1263 5217 cordibus
1295 5157 1495 5212 nostris
1520 5171 1617 5226 per
1645 5153 1907 5225 Spiritum

327 5270 575 5320 sanctum
608 5260 702 5331 qui
739 5260 896 5315 datus
936 5264 1021 5312 est
1056 5255 1214 5311 nobis
1257 5252 1428 5326 (Rom.
1468 5250 1546 5323 v).
1586 5269 1604 5302 ›
1639 5249 1908 5304 Deaurata

304 5346 413 5410 est
443 5354 633 5409 domus
660 5349 909 5415 interior,
932 5347 1059 5418 quia
1094 5346 1149 5400 in
1179 5358 1411 5413 superna
1440 5340 1618 5412 patria
1645 5338 1757 5394 sola
1785 5338 1909 5393 cha-

330 5447 463 5502 ritas
481 5452 703 5515 regnat;
737 5442 831 5499 sed
862 5440 939 5497 ibi
977 5454 1043 5494 eo
1069 5436 1250 5493 verius
1272 5442 1327 5489 et
1354 5432 1617 5497 securius,
1643 5445 1749 5500 quo
1771 5443 1911 5500 prae-

331 5554 455 5595 sens
475 5538 590 5609 ipse
624 5538 791 5601 Deus,
819 5535 912 5606 qui
940 5539 1024 5587 est
1037 5527 1525 5594 charitas,videtur
1545 5523 1596 5597 (Ι
1615 5522 1736 5578 Cor.
1764 5520 1907 5592 xui);

328 5631 407 5688 ibi
433 5645 498 5685 eo
523 5630 744 5694 certius,
783 5641 890 5697 quo
928 5626 1044 5695 ipse
1090 5621 1356 5677 mediator
1394 5618 1491 5673 Dei
1527 5625 1583 5671 et
1609 5614 1907 5679 hominum,

266 5048 292 5081 J

1998 638 2171 693 sancti
2206 646 2541 702 sanctorum,
2569 636 2661 691 ubi
2703 644 2824 691 erat
2852 652 3002 703 arca,
3044 636 3318 691 internam
3357 642 3580 691 sancto-

1998 744 2120 784 rum
2147 728 2316 783 vitam
2341 727 2397 782 in
2434 734 2729 798 conspectu
2757 726 2844 783 sui
2870 727 3166 783 conditoris
3185 734 3240 782 et
3269 727 3580 798 redemptoo

2000 820 2078 875 ris
2117 819 2404 891 signiﬁcat,
2440 818 2599 890 juxta
2642 818 2773 873 illud
2824 817 3126 875 Psalmistae
3157 838 3172 874 :
3210 838 3229 872 ς
3259 817 3585 876 Abscondes

1999 928 2093 973 eos
2125 914 2180 968 in
2207 913 2521 969 abscondito
2541 911 2720 967 vultus
2758 911 2835 966 tui
2880 927 2911 966 a
2953 914 3363 969 conturbatione
3408 914 3586 969 homi-

1998 1022 2133 1063 num
2174 1003 2348 1079 (Psal.
2380 1004 2549 1076 xxx);
2590 1023 2609 1056 ι
2644 1004 2722 1059 ita
2758 1003 3039 1060 cmuacula
3093 1004 3148 1061 in
3183 1003 3293 1060 alto
3333 1006 3584 1062 eamdem

2001 1102 2187 1166 vitam,
2210 1101 2315 1155 hoc
2343 1109 2447 1165 est,
2487 1099 2540 1153 in
2569 1098 2723 1154 caelis
2756 1113 2900 1163 esse,
2926 1106 2982 1152 et
3005 1112 3113 1153 non
3145 1097 3200 1153 in
3230 1098 3336 1154 hoc
3359 1100 3584 1168 mundo,

2000 1193 2306 1264 designant,
2354 1191 2567 1247 dicente
2608 1189 2907 1261 Apostolo:
2955 1208 2973 1242 ι
3019 1189 3151 1258 Quae
3189 1206 3404 1245 sursum
3436 1202 3584 1259 sunt,

2000 1286 2245 1356 quaerite,
2291 1284 2383 1339 ubi
2430 1283 2680 1339 Christus
2733 1290 2817 1338 est
2859 1283 2917 1337 in
2952 1282 3176 1338 dextera
3224 1283 3319 1337 Dei
3368 1285 3582 1339 sedens.

1999 1376 2130 1445 Quae
2157 1390 2370 1431 sursum
2418 1382 2563 1439 sunt,
2618 1374 2811 1445 sapite,
2862 1387 2970 1429 non
3001 1388 3123 1445 quae
3175 1388 3339 1444 super
3384 1383 3585 1430 terram

1999 1467 2137 1541 (Col.
2170 1467 2275 1538 ιιι).
2312 1485 2332 1518 ι

2075 1579 2095 1613 ‹
2123 1559 2193 1615 Et
2222 1557 2352 1615 fecit
2376 1558 2431 1614 in
2459 1557 2679 1614 oraculo
2720 1557 2828 1614 duo
2865 1556 3148 1613 cherubim
3189 1558 3256 1613 de
3299 1555 3462 1629 lignis
3488 1555 3588 1611 oli-

2001 1668 2023 1703 ι
2048 1664 2259 1716 varum,
2299 1650 2487 1705 decem
2526 1648 2835 1704 cubitorum
2879 1647 3204 1713 altitudinis,
3241 1656 3348 1704 etc.
3384 1668 3403 1699 ι
3451 1647 3593 1703 Che-

1996 1740 2177 1796 ruhim
2235 1739 2418 1813 (sicut
2471 1740 2735 1811 propheta
2803 1739 3054 1795 Ezechiel
3106 1748 3293 1811 aperte
3353 1739 3593 1796 declarat

2000 1831 2219 1906 [Ezech.
2254 1833 2352 1907 x])
2387 1834 2645 1903 angelica:
2683 1833 2962 1905 dignitatis
2992 1833 3316 1889 vocabulum
3342 1842 3447 1901 est,
3489 1850 3590 1888 nu-

1920 1911 1968 1972 Β
1996 1941 2255 1997 meroque
2298 1927 2779 1998 singulari‘cherub
2809 1927 3029 1992 dicitur,
3070 1926 3267 1998 plurali
3297 1927 3586 1981 cherubim.

1996 2018 2147 2075 Unde
2166 1992 2302 2089 apte
2326 1992 2597 2091 in‘ﬁguri's
2621 2018 2926 2083 cherubim,
2957 2019 3051 2089 qui
3070 1992 3242 2074 erant
3267 2017 3321 2071 in
3364 2017 3588 2073 oraculo

1993 2110 2143 2178 facti,
2177 2111 2417 2181 angelica
2445 2111 2769 2176 ministeria,
2801 2126 2922 2182 quae
2950 2109 3222 2165 conditori
3248 2122 3347 2163 suo
3377 2108 3433 2162 in
3463 2122 3579 2163 ca:-

1993 2204 2061 2260 lis
2087 2219 2303 2275 semper
2323 2205 2603 2271 assistunt,
2642 2209 2869 2274 possunt
2894 2201 3121 2273 intelligi
3155 2218 3169 2256 :
3201 2200 3294 2271 qui
3336 2207 3485 2255 recte
3522 2200 3591 2255 de

1993 2295 2156 2366 lignis
2198 2295 2462 2351 olivarum
2510 2294 2641 2350 facti
2673 2310 2793 2350 esse
2833 2293 3211 2364 perhibentur,
3264 2291 3392 2362 quia
3427 2290 3591 2346 nimi-

1994 2405 2117 2445 rum
2146 2390 2374 2445 virtutes
2400 2388 2657 2459 angelicae
2678 2387 2853 2457 gratia
2882 2385 3118 2457 Spiritus
3156 2384 3350 2449 sancti,
3390 2398 3461 2437 ne
3481 2397 3557 2436 un

1993 2497 2157 2554 quam
2183 2482 2253 2538 ab
2281 2494 2469 2537 amore
2520 2480 2615 2536 Dei
2644 2486 2916 2543 arescant,
2967 2485 3143 2532 unctae
3194 2482 3342 2531 sunt.
3390 2472 3591 2528 Decem

1995 2585 2175 2632 autem
2199 2585 2326 2632 sunt
2350 2575 2656 2631 cubitorum
2695 2570 3016 2635 altitudinis,
3046 2569 3174 2639 quia
3211 2567 3436 2624 denario
3469 2566 3591 2621 vitae

1994 2673 2212 2723 aeternae
2244 2665 2516 2730 fruuntur,
2543 2664 2804 2719 habentes
2827 2660 3143 2715 inviolatam
3169 2658 3225 2713 in
3255 2673 3315 2713 se
3342 2657 3427 2713 sui
3454 2670 3585 2713 con-

1996 2760 2190 2815 ditoris
2215 2759 2529 2830 imaginem,
2557 2763 2771 2831 servata
2804 2762 3068 2826 perpetuo
3102 2753 3393 2809 sanctitate
3416 2759 3471 2807 et
3491 2749 3580 2821 ju-

1997 2850 2145 2906 stitia
2175 2856 2232 2905 et
2258 2849 2489 2905 veritate
2533 2863 2697 2919 quam
2744 2846 2921 2919 prima
2972 2844 3283 2901 conditione
3336 2856 3593 2916 percepe-

1997 2947 2145 2996 runt.
2205 2939 2473 2995 Denarius
2517 2952 2755 3008 namque
2801 2937 2990 2992 decem
3026 2935 3201 2991 obolis
3253 2941 3487 2999 constat,
3538 2940 3594 2987 et

1997 3035 2278 3091 continere
2305 3035 2361 3089 in
2388 3048 2447 3088 se
2474 3047 2673 3088 nomen
2704 3030 2869 3103 Regis
2894 3038 2949 3085 et
2968 3028 3260 3101 imaginem
3287 3027 3571 3083 consuevit

2000 3126 2342 3198 Quapropter
2367 3134 2421 3180 et
2449 3126 2637 3196 ﬁgurae
2679 3123 2834 3193 regni
2874 3121 3115 3177 ccelestis
3142 3118 3425 3191 aptissime
3463 3134 3566 3174 con

2002 3219 2169 3291 gruit,
2201 3219 2295 3273 ubi
2316 3226 2371 3272 ct
2405 3217 2584 3287 angeli
2612 3215 2789 3270 sancti
2818 3213 3113 3285 imaginem
3141 3212 3226 3267 sui
3268 3210 3596 3271 conditoris,

2002 3313 2070 3367 ad
2095 3326 2261 3383 quam
2282 3309 2414 3366 facti
2448 3316 2592 3374 sunt,
2616 3322 2833 3377 semper
2858 3305 3121 3372 retinent,
3164 3312 3220 3359 et
3241 3303 3400 3359 electi
3422 3300 3568 3357 homi

2002 3417 2101 3458 nes
2129 3400 2418 3473 imaginem
2439 3399 2577 3470 ejus,
2605 3412 2767 3469 quam
2792 3395 3069 3468 peccando
3095 3393 3413 3459 amiserant,
3448 3391 3594 3446 reci--

1998 3494 2173 3567 piunt.

2078 3603 2097 3636 ‹
2125 3581 2373 3653 Quinque
2400 3579 2707 3636 cubitorum
2745 3576 2830 3633 ala
2858 3573 3065 3633 cherub
3097 3590 3225 3642 una,
3256 3580 3312 3631 et
3352 3572 3595 3644 quinque

2006 3690 2029 3726 ‹
2057 3671 2362 3728 cubitorum
2391 3669 2477 3725 ala
2521 3667 2726 3725 cherub
2769 3666 2976 3732 altera;
3008 3665 3066 3721 id
3092 3672 3198 3732 est,
3229 3664 3417 3721 decem
3447 3660 3601 3718 cubi-

2008 3785 2027 3819 ι
2056 3775 2140 3821 tos
2165 3765 2374 3820 habens
2396 3779 2428 3817 a
2455 3760 2766 3817 summitate
2800 3757 2898 3815 alae
2923 3771 3100 3829 usque
3137 3755 3207 3811 ad
3236 3753 3336 3811 alae
3365 3750 3597 3808 alterius

2008 3880 2029 3914 r
2055 3858 2447 3916 summitatem.
2485 3875 2505 3909 ι
2538 3853 2652 3909 Alae
2688 3867 2816 3909 cum
2861 3851 2918 3907 in
2956 3856 3272 3905 sanctorum
3311 3844 3597 3902 hominum

2003 3952 2175 4025 ﬁgura
2201 3957 2493 4022 ponuntur,
2522 3947 2753 4001 virtutes
2799 3941 3111 4016 signiﬁcant
3150 3953 3340 3995 eorum
3397 3935 3596 4007 quibus

2004 4045 2073 4100 ad
2102 4042 2347 4102 caelestia
2372 4054 2588 4110 semper
2607 4037 2795 4095 volare
2831 4044 2996 4108 atque
3022 4035 3079 4090 in
3104 4033 3192 4089 his
3223 4028 3599 4088 conversatio-

2004 4156 2129 4197 nem
2168 4139 2508 4195 delectantur
2530 4135 2754 4192 habere.
2783 4132 2918 4191 Cum
2945 4146 3079 4189 vero
3110 4130 3167 4185 in
3196 4126 3599 4200 signiﬁcatione

2005 4233 2317 4305 angelorum
2353 4238 2633 4301 ponuntur
2660 4228 2782 4294 alae,
2813 4226 2944 4298 quid
2967 4225 3146 4296 aptius
3172 4237 3335 4293 quam
3362 4218 3599 4292 gratiam

2006 4326 2387 4381 demonstrant
2411 4328 2688 4392 perpetuae
2714 4325 2772 4375 et
2804 4315 3164 4373 indeﬁectivaa
3194 4311 3472 4368 felicitatis
3501 4322 3597 4365 eo-

2008 4431 2129 4471 rum
2155 4414 2248 4484 qui
2277 4426 2494 4481 semper
2518 4410 2573 4464 in
2604 4407 2914 4464 coelestibus
2941 4407 3000 4461 in
3027 4402 3331 4459 ministerio
3360 4400 3446 4456 sui
3471 4414 3603 4469 per-

2008 4509 2208 4565 sistunt
2244 4501 2526 4567 auctoris;
2563 4499 2651 4555 vel
2695 4503 2844 4553 certe
2870 4495 2998 4566 quia
3046 4493 3268 4548 levitate
3296 4488 3597 4561 spiritualis

2007 4606 2217 4656 naturae
2242 4601 2368 4650 sunt
2411 4589 2641 4664 praediti,
2700 4588 2774 4643 ita
2823 4594 2903 4653 ut,
2952 4583 3260 4651 ubicunque
3296 4576 3593 4642 voluerint,

1942 4664 1981 4707 υ
2006 4688 2190 4746 statim
2214 4684 2371 4757 quasi
2395 4681 2628 4738 volando
2654 4677 3010 4751 perveniant;
3042 4681 3098 4729 et
3126 4671 3217 4728 hic
3247 4685 3372 4726 cum
3409 4666 3510 4722 alis
3546 4664 3604 4720 ﬁ-

2008 4783 2206 4857 gurati,
2238 4787 2292 4837 et
2315 4776 2594 4850 prophetis
2622 4780 2751 4830 sunt
2772 4787 2898 4829 cum
2937 4769 3037 4825 alis
3065 4765 3294 4824 ostensi.
3321 4763 3469 4819 Bene
3505 4775 3601 4814 au—

2008 4852 2119 4928 iem
2160 4870 2359 4927 dicitur
2383 4866 2528 4939 quod
2549 4865 2787 4936 quinque
2810 4861 3116 4918 cubitorum
3159 4855 3326 4911 fuerit
3352 4853 3440 4907 ala
3469 4852 3597 4907 che-

2013 5158 2119 5216 que
2142 5142 2299 5198 libris
2327 5139 2599 5210 descripta
2626 5145 2729 5202 est,
2776 5131 3046 5189 indefessa
3090 5126 3375 5185 devotione
3418 5131 3602 5179 custo-

2015 5237 2189 5303 diunt,
2229 5231 2503 5305 diligendo
2531 5228 2788 5286 videlicet
2814 5223 3104 5279 Dominum
3132 5220 3301 5275 Deum
3338 5230 3493 5271 suum
3532 5228 3601 5269 cx

2014 5327 2266 5383 omnibus
2292 5324 2501 5378 viribus
2547 5320 2680 5383 suis,
2728 5312 2997 5385 diligendo
3050 5317 3106 5366 et
3149 5307 3429 5380 proximos
3481 5309 3603 5357 tan-

2015 5433 2178 5491 quam
2206 5417 2433 5487 seipsos.
2464 5432 2482 5465 ‹
2516 5409 2801 5467 Plenitudo
2831 5405 2978 5460 enim
3007 5402 3144 5472 legis
3166 5399 3408 5455 charitas
3435 5402 3539 5451 est.
3575 5412 3594 5445 ι

2013 5514 2255 5571 Proximi
2295 5519 2475 5567 autem
2497 5521 2684 5563 eorum
2718 5513 2774 5559 et
2811 5501 2915 5574 ipsi
2941 5497 3245 5556 adinvicem
3286 5498 3412 5548 sunt
3437 5503 3602 5559 ange-

2016 5608 2105 5664 lici
2137 5606 2391 5678 Spiritus,
2425 5610 2480 5657 et
2521 5597 2766 5654 homines
2802 5592 2963 5650 electi
2999 5603 3188 5647 eorum
3226 5598 3380 5654 aeque
3420 5577 3602 5638 conci-

334 5724 427 5795 qui
457 5722 604 5778 solus
644 5679 994 5790 pater-borum
1029 5723 1113 5773 est
1144 5712 1397 5770 conscius
1435 5716 1789 5771 secretorum,
1816 5720 1912 5761 ve-
2016 5716 2143 5765 ves;
2191 5698 2334 5753 unde
2380 5692 2584 5795 cherub
2616 5698 2864 5795 nti-vique
2911 5683 2997 5795 εἷα
3050 5679 3598 5795 θὶιξεάθωλίηθῐξξῖξῗ

334 5816 417 5870 lut
458 5826 586 5869 arca
614 5807 945 5873 testamenti,
984 5818 1199 5875 semper
1226 5802 1483 5873 aspicitur
1525 5799 1576 5872 (Ι
1605 5799 1763 5855 Joan.
1810 5795 1909 5869 ιν).

338 5864 1003 5972 διλοᾶ-ᾇέηὲῆιοωηθοιίια
1038 5864 1254 5967 quoque
1288 5864 1437 5947 tecta
1488 5864 1615 5947 sunt
1658 5903 1812 5955 auro,
1844 5864 1914 5943 ad
2019 5898 2124 5953 qua
2154 5894 2273 5936 sese
2300 5877 2621 5932 alterutrum
2656 5873 2713 5927 in
2751 5873 2863 5925 Deo
2899 5864 3154 5935 diligunt,

2019 5763 2350 5863 perhibetur,
2406 5784 2530 5855 quia
2579 5782 2829 5839 videlicet
2879 5774 3071 5834 eadem
3114 5772 3230 5841 ipsa
3295 5763 3597 5826 devotione,

3187 5864 3428 5916 nostram
3471 5863 3611 5923 (ιιιοο
