4074 6460
1457 267 1464 275 ’
1519 281 1545 300 ο.

507 367 612 434 155
1141 369 1200 425 Β.
1240 370 1493 426 RABANI
1531 367 1750 446 MAURI
1787 367 2107 428 ABGHIEP.
2147 363 2460 424 MOGUNT.
2495 360 2784 422 OPEBUM
2818 359 3002 424 PARS
3030 359 3070 417 Ι.
3585 401 3590 404 -
3655 365 3776 422 I56

505 494 610 552 que
631 480 699 536 ad
725 494 786 538 se
819 482 1221 542 ascendentium
1255 486 1570 542 societatem
1597 486 1928 548 desiderant.
1970 483 2077 538 sic-
2101 483 2154 546 Α
2177 486 2341 550 atque
2386 477 2688 534 imitatores
2731 476 2896 534 fuisse
2939 477 2993 531 in
3043 475 3146 533 hac
3175 476 3300 550 lvita
3351 491 3462 534 suae
3507 479 3776 550 puritatis

505 585 609 642 que
635 573 793 630 simul
835 575 930 630 ala;
959 575 1143 632 decem
1177 578 1388 634 cubitos
1417 579 1710 649 complent,
1743 595 1865 636 cum
1909 581 1964 636 in
1993 597 2080 652 ge.
2178 570 2467 626 exsultant.
2501 569 2648 626 Duos
2689 577 2870 624 autem
2895 576 3048 639 atque
3075 568 3316 640 parietes
3362 569 3464 627 alis
3495 563 3606 627 suis
3633 579 3770 628 tau-

503 665 649 722 mina
673 667 950 724 charitatis
973 669 1307 727 exhibitione
1343 671 1519 744 angeli
1565 672 1632 728 de
1663 673 1960 730 conditoris
1991 673 2076 730 sui
2145 669 2330 732 sunt.
2355 662 2480 733 quia
2510 659 2695 717 ﬁdeles
2723 661 3002 731 utriusque
3040 662 3242 732 populi,
3272 658 3441 718 iudici
3468 660 3678 721 sciiicet
3703 671 3772 721 et

501 758 788 824 praesentia
814 757 1084 816 laetamur.
2173 753 2421 825 gentilis,
2462 769 2804 826 possessores
2843 769 3026 810 secum
3068 754 3270 810 habent
3299 755 3436 811 aulae
3483 755 3762 815 caelestis:

575 863 593 894 ι
625 843 818 900 Decem
847 864 1062 920 quoque
1081 852 1385 908 cubitorum
1415 863 1534 910 erat
1555 856 1759 912 cherub
1783 858 2074 928 secundus.
2173 862 2281 902 non
2325 845 2468 916 quod
2497 846 2551 900 in
2596 845 2686 900 illa
2725 847 2900 917 patria
2949 845 3226 902 distinctio
3273 847 3346 902 sit
3384 847 3574 904 localis
3613 850 3769 906 inter

503 951 522 984 ‹
557 950 809 993 mensura
852 941 998 1012 pari;
1032 951 1090 998 et
1115 959 1249 1014 opus
1283 962 1448 1000 unum
1473 957 1592 1003 erat
1619 948 1675 1002 in
1711 949 1920 1006 duobus
1947 951 2075 1008 che-

2172 947 2461 1010 utrumque
2502 937 2786 1010 populum,
2827 935 2921 995 sed
2957 939 3083 1010 quia
3123 937 3298 1010 major
3341 937 3434 994 llat
3485 934 3764 997 festivitas

499 1045 518 1077 ί
553 1026 748 1094 rubim,
805 1039 908 1087 etc.
936 1052 955 1084 ι
996 1035 1111 1089 Duo
1155 1045 1310 1092 erant
1358 1037 1486 1094 facti
1527 1041 1804 1098 cherubim
1852 1054 2074 1116 propter
2173 1032 2402 1088 interna:
2447 1033 2796 1090 beatitudinis
2843 1033 2910 1088 de
2936 1033 3214 1088 consortio
3263 1034 3512 1088 adunatae
3555 1033 3608 1088 in
3644 1033 3765 1090 Deo

493 1123 822 1178 consortium
851 1123 1112 1196 ejusdem,
1144 1129 1210 1184 de
1239 1146 1343 1201 qua
1369 1129 1660 1202 loquimur,
1693 1137 1978 1192 charitatis
1998 1139 2073 1195 si-

2170 1122 2548 1180 fratcrnitatis.
2601 1121 2912 1178 Extendunt
2949 1139 3078 1195 ergo
3127 1124 3409 1178 cherubim
3451 1123 3519 1178 ad
3548 1133 3763 1180 utrum-

490 1213 871 1285 gnilicandum,
905 1221 1030 1290 quia
1072 1223 1248 1280 minus
1283 1241 1445 1295 quam
1485 1227 1627 1282 inter
1658 1229 1792 1286 duos
1831 1233 2072 1291 clm-itas
2171 1235 2278 1290 que
2319 1221 2581 1291 parietem
2627 1217 2831 1276 oraculi
2885 1219 3000 1276 alas
3052 1236 3200 1287 suas,
3242 1221 3369 1293 quia
3422 1221 3670 1278 lietantes
3702 1223 3760 1278 in

488 1313 634 1362 stare
663 1325 768 1364 non
797 1321 991 1382 potest.
1043 1314 1193 1372 Unde
1223 1326 1277 1372 et
1306 1316 1556 1374 Salvator
1604 1321 1762 1376 binos
1788 1321 1854 1378 ad
1881 1327 2074 1395 praadi-

2171 1313 2380 1369 ctelesti
2427 1314 2602 1384 patria
2634 1312 2812 1384 justos
2859 1315 3138 1385 utriusque
3185 1315 3356 1384 plebis
3385 1317 3592 1370 visione
3645 1331 3759 1371 suae

487 1402 718 1456 candum
743 1404 1030 1476 discipulos
1057 1409 1272 1464 mittere
1315 1413 1546 1478 curavit,
1576 1423 1635 1468 ut
1659 1417 1818 1471 tacite
1847 1417 2068 1475 doceret

2170 1404 2354 1478 gloriae
2382 1406 2448 1460 ad
2473 1405 2688 1461 laudem
2722 1405 2804 1461 sui
2835 1406 3099 1462 creatoris
3139 1407 3400 1462 excitant.
3440 1407 3552 1462 Nec
3580 1407 3757 1462 solum

485 1493 564 1547 eis
587 1494 676 1562 qui
702 1496 922 1552 verbum
951 1497 1074 1552 ﬁdei
1101 1501 1460 1569 praedicarent
1485 1504 1740 1561 virtutem
1763 1507 2068 1569 dilectionis
2169 1499 2237 1553 de
2263 1497 2474 1555 illorum
2496 1514 2632 1568 (Ιιιοε
2663 1513 2850 1553 secum
2878 1498 3026 1553 Ῐηῑυε
3050 1497 3256 1554 habent
3283 1499 3562 1553 hOiiiiiium
3581 1497 3761 1566 Ιυειο-

484 1593 610 1637 ante
623 1585 801 1640 omnia
817 1601 937 1642 esse
955 1589 1256 1644 tenendam.
1281 1591 1986 1665 Uniuscnjusquemensurae
2013 1610 2068 1657 et

2167 1603 2286 1642 rum
2339 1587 2596 1644 felicitate
2646 1588 2899 1644 laetantur
2951 1589 3167 1660 agmina
3221 1589 3510 1654 cmlestia,
3564 1604 3758 1644 verum

483 1675 664 1744 Operis
703 1685 860 1732 erant
897 1679 1003 1734 duo
1023 1679 1320 1749 cherubim,
1357 1685 1482 1754 quia
1511 1686 1838 1758 disparilitas
1870 1692 2063 1748 voiun-
2167 1675 2332 1732 etiam
2360 1677 2550 1744 ηοείΐίς
2581 1679 2670 1750 qui
2713 1678 2847 1734 Ῐονίδ
2869 1677 3046 1734 adh“?-
3087 1679 3248 1750 Ροείῑί
3277 1677 3342 1734 de
3363 1677 3643 1749 l’l'or'mdis
3689 1679 3760 1734 ad

482 1772 652 1821 tatum
697 1768 811 1824 sive
841 1771 1170 1842 cogitantum
1216 1775 1272 1829 in
1309 1791 1542 1847 superna
1577 1781 1751 1850 pan-ia
1787 1783 1931 1839 nulla
1956 1795 2061 1853 εει,
2091 1845 2132 1853 _
2167 1768 2450 1823 Dominum
2495 1767 2812 1838 clamamus,
2848 1785 3032 1824 curam
3065 1778 3259 1842 gerunt
3293 1771 3556 1825 sedulam.
3601 1769 3763 1826 Unde

478 1856 571 1912 ubi
619 1875 726 1914 una
753 1877 942 1918 omnes
969 1867 1266 1937 eademque
1312 1845 1408 1926 υέί
1457 1845 1742 1941 ριηωέρηιίε
1771 1876 1978 1934 visione
2009 1845 2065 1936 εί
2090 1845 2138 1908 Β
2165 1858 2302 1914 bene
2341 1857 2408 1914 de
2443 1857 2646 1914 eisdem
2691 1859 2970 1915 cherubim
3012 1860 3065 1915 in
3100 1857 3248 1922 libro
3300 1855 3760 1931 Paralipomenon

479 1945 646 2020 gloria
671 1951 1027 2009 illustrantur.
1507 1977 1520 1988 κ
2165 1952 2427 2024 scriptum
2455 1959 2576 2008 est:
2613 1971 2631 2004 ι
2666 1951 2774 2024 lpsi
2808 1960 2988 2008 autem
3029 1953 3248 2008 stabant
3274 1949 3472 2008 er'cctis
3499 1951 3756 2024 pedibus,

555 2059 572 2092 ι
601 2039 894 2114 Posuitque
919 2043 1198 2102 cherubim
1227 2049 1283 2103 in
1318 2051 1495 2108 medio
1525 2054 1705 2124 templi
1749 2055 2056 2128 interim-is;
2163 2054 2219 2100 et
2244 2043 2414 2102 iacies
2441 2061 2630 2101 eorum
2664 2051 2836 2101 versae
2870 2050 3028 2102 erant
3059 2045 3126 2100 ad
3155 2043 3482 2100 exteriorem
3526 2040 3754 2100 domum

481 2149 500 2183 ι
530 2135 900 2225 extendebant
928 2148 1109 2194 autem
1146 2140 1259 2196 alas
1301 2158 1428 2199 suas
1473 2147 1754 2203 cherubim
1782 2159 1837 2205 et
1867 2160 2058 2225 tange-

2163 2135 2228 2209 (I
2255 2135 2386 2193 Par.
2424 2136 2529 2211 ιιι),
2562 2158 2580 2189 ι
2611 2139 2738 2210 quia
2783 2153 2884 2193 nos
2925 2135 2994 2192 ab
3021 2134 3182 2206 hujus
3226 2151 3470 2192 aerumna
3511 2135 3757 2207 peregri-

479 2238 498 2272 ι
530 2219 625 2277 bat
662 2221 744 2278 ala
774 2243 878 2281 una
905 2229 1190 2298 parietem,
1220 2240 1277 2288 et
1317 2231 1399 2288 ala
1433 2234 1636 2292 cherub
1666 2241 1889 2298 secundi
1935 2219 2057 2300 ιᾷη-
2159 2229 2396 2286 nationis
2424 2239 2636 2286 erectos
2665 2227 2732 2286 ad
2770 2246 2924 2286 suum
2953 2227 3266 2311 desiderant
3295 2229 3582 2299 pervenire
3625 2241 3758 2284 con-

477 2329 496 2364 t
529 2309 690 2384 gebat
716 2317 977 2385 parietem
1007 2321 1254 2377 alterum.
1283 2321 1396 2379 Alae
1429 2335 1610 2382 autem
1646 2329 1829 2386 alterae
1855 2332 1912 2388 in
1938 2349 2058 2390 me-

2159 2323 2409 2379 sortium.
2456 2321 2550 2378 Sic
2599 2338 2731 2394 ergo
2767 2319 2994 2394 pedibus
3039 2309 3188 2376 stant
3233 2321 3452 2387 erectis,
3506 2319 3586 2376 sic
3639 2319 3758 2376 alas

478 2401 623 2490 odio
645 2405 850 2473 pariete
889 2411 1072 2482 templi
1106 2429 1165 2469 se
1191 2414 1422 2470 invicem
1452 2419 1856 2490 contingebant.
1893 2442 1911 2474 ι
1947 2423 2058 2480 Ma-

2159 2427 2286 2468 suas
2318 2411 2386 2466 ad
2427 2427 2562 2466 auro
2609 2419 2786 2468 textos
2825 2409 3033 2467 oraculi
3058 2411 3293 2482 parietes
3327 2411 3650 2478 extendunt,
3691 2417 3757 2466 ut

470 2487 725 2549 nifestum
753 2504 837 2551 est
866 2516 931 2553 ex
953 2499 1036 2555 his
1062 2517 1182 2572 quze
1215 2505 1474 2574 praedicta
1501 2518 1626 2564 sunt
1645 2487 1829 2580 quare
1862 2514 2058 2570 cheru-
2157 2503 2326 2560 fades
2347 2503 2585 2560 habeam
2624 2505 2691 2559 ad
2722 2505 2939 2560 domum
2967 2519 3153 2560 versas
3199 2505 3549 2572 θιῑθνίοτθιη»
3601 2500 3754 2574 (lilia.

469 2582 579 2638 bim
613 2586 666 2641 in
699 2589 874 2646 medio
903 2593 1086 2663 templi
1115 2595 1388 2655 interioris
1431 2609 1559 2654 sunt
1591 2603 1774 2673 positi,
1821 2622 2054 2677 quorum
2157 2593 2237 2651 sic
2275 2595 2448 2666 angeli
2500 2611 2653 2651 suam
2690 2605 2952 2670 perpetuo
2993 2597 3359 2653 Innocentiam
3398 2606 3753 2662 conservant.

469 2673 736 2734 habitatio
773 2691 855 2737 est
897 2699 1109 2756 semper
1146 2685 1200 2742 in
1243 2687 1414 2746 caelis.
1465 2673 1856 2750 Extendebant—
1873 2705 2053 2753 autem
2156 2683 2237 2743 sic
2275 2682 2343 2741 de
2397 2687 2700 2741 animarum
2755 2697 3066 2744 sanctarum
3111 2690 3167 2746 in
3211 2688 3364 2746 etelis
3411 2685 3758 2744 beatitudine

470 2762 584 2822 alas
607 2766 912 2841 cherubim,
937 2778 1092 2846 quasi
1123 2779 1191 2833 ad
1214 2781 1527 2848 velandum,
1558 2785 1684 2854 quia
1707 2786 1934 2856 spiritus
1961 2805 2054 2845 an-

2153 2779 2518 2851 cougaudent,
2547 2785 2606 2833 ut
2635 2779 2714 2834 eis
2743 2795 2960 2852 quoque
3001 2793 3138 2852 quos
3159 2781 3216 2836 in
3257 2778 3421 2837 terris
3449 2781 3626 2836 adhuc
3653 2793 3753 2850 pe-

469 2857 623 2930 geliei
653 2877 867 2934 semper
894 2865 1095 2924 habent
1129 2871 1369 2926 animum
1405 2871 1470 2929 ad
1503 2875 1823 2946 obsequium
1855 2878 2053 2938 divina:

2154 2870 2422 2941 regrinari
2458 2871 2800 2940 conspiciunt
2844 2868 3032 2928 electis
3077 2883 3234 2944 Opem
3265 2871 3408 2926 ferre
3455 2887 3560 2926 non
3604 2870 3753 2926 desi-

466 2951 758 3010 voluntatis
785 2967 1054 3028 paratum.
1089 2958 1242 3029 Quod
1269 2979 1396 3021 vero
1430 2963 1516 3020 ala
1543 2983 1650 3022 una
1683 2967 1940 3038 tangebat
1957 2987 2052 3043 pa-
2153 2968 2310 3026 nant,
2339 2962 2510 3016 donec
2553 2969 2610 3016 et
2640 2961 2760 3018 illos
2803 2963 2872 3018 ad
2900 2965 3179 3020 caelestem
3223 2963 3458 3036 patriam
3499 2961 3756 3016 introdu-

467 3043 684 3114 rictem,
713 3058 767 3102 et
804 3043 886 3104 ala
916 3047 1122 3110 cherub
1149 3053 1371 3110 secundi
1399 3056 1628 3113 alterum
1666 3061 1954 3130 parietem,
1985 3061 2051 3118 ad
2154 3061 2301 3108 cant.
2335 3073 2352 3105 ι
2388 3053 2590 3110 Omnes
2616 3057 2764 3112 enim
2794 3065 2921 3112 sunt
2947 3056 3395 3116 administratorii
3423 3055 3664 3128 Spiritus
3693 3054 3750 3111 in

465 3131 615 3190 illam
641 3133 924 3196 charitatis
959 3140 1485 3202 administrationem
1515 3165 1678 3220 quam
1712 3151 1867 3208 nobis
1900 3153 2053 3210 exhi-

2153 3142 2516 3200 ministcrium
2546 3145 2698 3202 missi
2744 3150 2964 3218 propter
2991 3163 3088 3204 eos
3117 3150 3208 3221 qui
3252 3148 3627 3206 haereditatem
3653 3163 3747 3204 ea-

463 3225 594 3284 bent
619 3229 796 3302 angeli
821 3235 1078 3306 pertinet.
1107 3235 1258 3304 Quod
1283 3237 1382 3294 alte
1411 3213 1597 3296 altera:
1620 3241 1675 3296 in
1702 3245 1878 3300 medio
1903 3253 2044 3301 tem-
2075 3213 2122 3278 ϐ
2149 3237 2309 3308 piunt
2359 3238 2550 3296 salutis
2603 3213 2800 3313 (Heb'r.
2833 3213 2904 3315 ι’).
2937 3262 2955 3294 ι
2987 3213 3224 3298 Ροεεῦηῑ
3278 3243 3441 3298 etiam
3491 3257 3592 3312 per
3637 3239 3747 3297 ὐιιο

461 3317 538 3410 pli
575 3335 634 3376 se
679 3321 912 3380 invicem
949 3327 1354 3400 contingebant,
1407 3346 1528 3386 eam
1567 3333 1872 3392 dilectionis
1928 3354 2050 3410 gra-
2149 3331 2430 3388 cherubim
2477 3331 2584 3387 duo
2633 3339 2954 3390 testamenta
3013 3333 3235 3407 ligurari
3263 3376 3279 3402 ,
3332 3334 3424 3404 qui
3479 3331 3743 3389 nimirum

462 3409 598 3502 tiam
649 3429 753 3485 qua
797 3432 856 3472 se
909 3417 1230 3475 alterutrum
1281 3421 1716 3494 complectuntur
1768 3409 2046 3502 exprimit,
2151 3423 2436 3478 cherubim
2468 3423 2522 3478 in
2553 3425 2774 3481 oraculo
2813 3433 2940 3481 sunt
2983 3425 3136 3494 facti,
3163 3427 3288 3496 quia
3313 3423 3370 3480 in
3397 3421 3627 3482 consilio
3653 3423 3742 3478 di:-

463 3501 610 3558 Bene
637 3515 819 3562 autem
850 3510 1132 3579 sequitur:
1173 3555 1178 3558 .
1283 3553 1288 3558 .
1849 3501 1852 3502 ⁷
2147 3512 2289 3568 vina:
2310 3513 2640 3582 provisionis
2671 3516 2827 3572 nobis
2852 3517 3039 3587 utique
3065 3506 3430 3570 inaccessibili
3467 3523 3632 3584 atque
3655 3513 3746 3568 in-

545 3612 564 3646 ι
597 3589 755 3651 Tcxit
780 3614 995 3670 (lumine
1022 3597 1304 3658 cherubim
1327 3618 1510 3660 auro.)
1551 3603 1688 3675 Quia
1713 3617 1768 3665 et
1798 3619 2046 3670 naturam
2148 3605 2622 3674 comprebettsibili
2659 3613 2784 3662 ante
2825 3609 3021 3664 saecula
3059 3607 3379 3678 dispositum
3412 3611 3495 3661 est
3527 3603 3747 3676 quando

465 3700 653 3744 eorum
699 3687 960 3747 Conditor
995 3689 1285 3750 immortali
1329 3695 1576 3755 claritate
1614 3702 1944 3772 sublimavit,
1991 3717 2047 3764 et
2147 3704 2204 3752 ει
2247 3695 2503 3768 (idaliter,
2553 3699 2815 3770 quibusve
2873 3697 3186 3754 θυεῑοΐῖδυε
3238 3711 3396 3754 είλενὲ
3453 3692 3742 3766 Scriptura

464 3789 714 3864 nienth
744 3797 868 3837 vera
899 3773 1202 3842 dilectionis
1233 3796 1394 3858 atque
1425 3791 1746 3849 humilitatis
1789 3797 1908 3852 luce
1953 3814 2044 3856 re-
2145 3789 2492 3845 conderetur.
2523 3789 2601 3847 De
2625 3792 2818 3864 linguis
2848 3792 3105 3847 olivarum
3139 3801 3261 3848 sunt
3297 3791 3448 3863 facti,
3495 3787 3621 3860 quia
3653 3787 3743 3843 lu-

461 3859 647 3941 plevit.
698 3861 1002 3932 Notandum
1033 3892 1162 3934 sane
1195 3879 1336 3950 quod
1383 3879 1594 3954 Moyses
1621 3884 1747 3941 dum
1786 3888 2041 3945 taberna-
2145 3896 2265 3937 cem
2299 3879 2454 3938 nobis
2495 3859 2738 3940 scientiae
2770 3880 3276 3954 tribuunt,juvante
3297 3859 3532 3938 ’παιηωᾲ
3561 3881 3748 3938 chari—

462 3961 644 4017 culum
676 3963 902 4034 faceret,
934 3966 1065 4022 fecit
1099 3977 1152 4024 et
1179 3965 1314 4026 duos
1343 3971 1621 4029 cherubim
1653 3992 1868 4046 aureos,
1907 3995 2044 4051 quos
2147 3975 2274 4030 tatis
2295 3973 2391 4031 Dei
2412 4017 2426 4042 ,
2448 3993 2568 4048 qua:
2597 3994 2694 4050 per
2745 3978 3008 4050 Spiritum
3057 3985 3303 4034 sanctum
3335 3971 3653 4033 diiiunditur
3683 3973 3744 4031 iu

463 4053 643 4122 posuit
671 4055 723 4110 in
751 4055 1148 4135 propitiatorio,
1181 4061 1325 4134 quod
1358 4071 1473 4118 erat
1510 4081 1672 4138 super
1699 4083 1904 4135 arcam,
1940 4071 2041 4127 Sa-
2143 4069 2402 4124 cordibus
2446 4069 2663 4124 nostris.
2707 4065 2896 4124 Decem
2924 4069 3112 4124 cubitis
3156 4073 3275 4123 sunt
3315 4068 3433 4135 alti,
3473 4064 3599 4140 quia
3637 4081 3743 4140 per

462 4141 642 4200 lomon
669 4155 848 4202 autem
875 4145 1078 4205 addidit
1105 4151 1240 4208 alios
1263 4155 1396 4209 duos
1432 4155 1600 4212 multo
1621 4158 1874 4229 majores,
1906 4179 2042 4232 quos
2143 4163 2543 4218 observantiam
2573 4161 2814 4234 decalogi
2846 4158 2982 4234 legis
3019 4163 3128 4217 Deo
3167 4161 3512 4217 serviendum
3544 4157 3743 4232 ιιι-διάε-

462 4235 519 4290 in
547 4235 745 4310 templo
771 4253 1027 4314 poneret;
1058 4245 1159 4301 sub
1191 4263 1423 4318 quorum
1449 4250 1550 4306 alis
1573 4267 1755 4308 arcam
1781 4253 1834 4309 in
1862 4257 2042 4312 medio
2145 4265 2294 4324 cant,
2315 4258 2444 4329 quia
2470 4258 2582 4314 Deo
2625 4257 2854 4314 ﬁdeliter
2883 4257 3180 4312 servientes
3221 4257 3447 4320 denario
3481 4266 3738 4312 remune-

457 4338 687 4421 poneret
723 4347 848 4387 cuin
901 4336 1282 4408 propitiatorio
1331 4347 1386 4396 et
1435 4341 1716 4398 cherubim
1769 4344 2041 4417 prioribus
2146 4349 2346 4404 randos
2393 4363 2513 4404 esse
2536 4350 2686 4421 regni
2739 4349 2978 4419 perpetis
3011 4347 3320 4402 ostendunt.
3359 4343 3608 4400 Geminus
3638 4345 3737 4400 Ita-

461 4416 658 4494 (Exod.
687 4423 917 4498 xxxv").
949 4425 1147 4499 Sicque
1175 4429 1375 4486 factum
1409 4441 1493 4488 est
1523 4443 1582 4489 ut
1611 4435 1664 4490 in
1695 4416 2040 4498 tabernaculo
2145 4442 2264 4497 bent
2316 4441 2454 4508 alas,
2481 4416 2623 4512 quiav
2637 4416 2947 4496 testamenti
2969 4439 3052 4494 sui
3079 4437 3388 4494 conditores
3412 4451 3512 4508 per
3537 4451 3734 4507 aspera

459 4514 674 4636 quidem
699 4529 886 4636 essent
913 4521 1196 4578 cherubim
1229 4525 1353 4593 duo,
1387 4526 1440 4581 in
1476 4529 1672 4601 templo
1695 4541 1876 4588 autem
1907 4553 2039 4606 qua-
2066 4573 2123 4636 Β
2146 4549 2300 4604 atque
2323 4541 2382 4588 ut
2409 4543 2668 4604 prospera
2697 4525 2964 4586 indefesso
2989 4530 3274 4636 proposito
3301 4538 3515 4598 semper
3535 4528 3603 4632 ad
3627 4541 3741 4636 ete-

459 4613 614 4674 tuor;
665 4606 732 4663 ad
783 4627 944 4666 unam
995 4629 1122 4670 vero
1183 4617 1539 4690 eamdemque
1592 4606 2302 4694 significationemulestia
2350 4625 2644 4679 tetendisse
2695 4637 2758 4678 ac
2803 4622 3115 4693 pervenisse
3161 4613 3458 4686 declarant,
3507 4618 3600 4690 qui
3631 4618 3738 4674 hoc

459 4700 677 4794 utrique
721 4704 1013 4794 pertinent.
1063 4706 1172 4763 Sed
1221 4713 1506 4780 repetitum
1556 4725 1642 4771 est
1689 4734 1825 4788 opus
1879 4729 2044 4794 atque
2145 4719 2287 4773 idem
2319 4718 2430 4772 suis
2467 4713 2803 4770 auditoribus
2848 4711 3154 4768 faciendum
3181 4727 3305 4767 esse
3339 4712 3732 4766 demonstrant.

459 4789 739 4860 augustius
763 4789 964 4848 factum
989 4810 1087 4866 per
1129 4795 1496 4868 Salomonem,
1526 4813 1584 4859 ut
1612 4806 1787 4878 typice
1821 4789 2044 4868 docere-
2147 4807 2388 4880 Quinque
2418 4809 2713 4862 cubitorum
2745 4803 2832 4861 aia
2865 4803 3054 4861 cherub
3080 4815 3203 4868 una,
3241 4813 3288 4859 et
3317 4803 3546 4876 quinque
3578 4803 3732 4858 cubi-

459 4891 548 4969 tur
573 4885 721 4954 quia,
765 4885 1118 4958 multiplicata
1162 4899 1284 4959 post
1325 4891 1757 4954 incarnationem
1801 4899 2041 4959 Domini-
2143 4917 2315 4957 torum
2341 4900 2428 4955 ala
2453 4897 2644 4953 cherub
2669 4898 2834 4952 altera
2855 4937 2869 4958 .
2901 4895 3026 4966 quia
3053 4896 3105 4950 in
3135 4893 3282 4950 omni
3317 4893 3616 4949 labentium
3649 4908 3736 4948 re-

457 4987 576 5028 cam
608 4975 868 5043 Ecclesia,
921 4977 1085 5034 latius
1127 4989 1274 5036 esset
1299 4985 1550 5054 gentibus
1585 4987 1889 5048 sublimitas
1914 4993 2036 5050 caeli
2143 5007 2264 5046 rum
2307 4991 2568 5045 varietate
2599 4987 2771 5043 sancti
2807 4987 3092 5042 universos
3129 4983 3210 5040 sui
3258 4985 3501 5056 corporis
3540 4995 3734 5040 sensus

455 5063 651 5131 civium
680 5069 982 5135 pandenda.
1015 5070 1116 5138 Qui
1147 5074 1226 5128 sic
1247 5074 1591 5135 Conditorem
1617 5082 1682 5138 de
1711 5084 1908 5142 collato
1930 5087 2034 5145 sibi
2142 5085 2198 5140 in
2214 5084 2532 5154 obsequium
2559 5083 2641 5137 sui
2671 5081 2966 5136 conditoris
2981 5079 3298 5135 extendunt.
3323 5077 3388 5134 Et
3415 5093 3542 5152 opus
3566 5093 3730 5134 unum

454 5171 678 5212 munere
706 5159 1054 5218 beatitudinis
1079 5165 1406 5236 collaudant,
1435 5178 1494 5225 ut
1516 5172 1580 5227 de
1605 5183 1789 5229 nostra
1820 5192 2034 5250 quoque
2140 5181 2252 5228 erat
2280 5172 2334 5226 in
2370 5171 2573 5226 duobus
2603 5170 2890 5225 cherubim.
2919 5169 3054 5237 Quia
3090 5171 3376 5239 utriusque
3418 5167 3729 5223 testamenti

455 5251 731 5320 ereptione
777 5260 940 5324 atque
967 5253 1036 5310 ad
1073 5258 1320 5314 eamdem
1367 5259 1754 5320 beatitudinem
1795 5267 2037 5323 introdu-
2140 5266 2436 5335 scriptorcs
2460 5278 2565 5318 una
2594 5259 2892 5332 eademque
2920 5265 3171 5318 castitate
3194 5266 3377 5332 operis
3401 5265 3458 5314 et
3493 5259 3732 5316 charit‘a-

453 5338 634 5394 ctioue
653 5341 1056 5411 congaudeant;
1090 5349 1389 5405 extendunt
1413 5352 1556 5407 enim
1581 5353 1695 5410 alas
1719 5357 1784 5410 ad
1803 5357 2034 5412 invicem
2140 5357 2212 5411 tis
2251 5355 2535 5411 devotione
2574 5353 2684 5408 Deo
2721 5353 2986 5421 serviunt,
3031 5370 3138 5408 una
3174 5361 3230 5408 ct
3272 5365 3505 5408 consona
3557 5351 3727 5405 [tcum

455 5448 617 5503 super
640 5449 844 5504 arcam,
870 5453 994 5494 cum
1034 5439 1102 5494 ad
1133 5441 1345 5500 laudem
1381 5443 1592 5503 Domini
1625 5448 1922 5504 Salvatoris
1949 5466 2033 5505 re-
2139 5462 2272 5502 voce
2305 5463 2368 5501 ac
2395 5445 2498 5500 lidc
2536 5445 2850 5514 praedicant.
2875 5445 2988 5501 Atra
3024 5446 3188 5517 igitur
3215 5444 3478 5500 cherubim
3507 5443 3728 5496 interio-

452 5525 634 5582 fcrunt
675 5526 874 5584 bonum
923 5545 1085 5590 omne
1131 5539 1274 5606 quod
1323 5549 1679 5610 acceperunt;
1731 5541 2032 5596 extendunt
2139 5556 2218 5594 res
2257 5555 2412 5610 super
2439 5555 2617 5594 arcam
2642 5555 2697 5594 se
2723 5539 2939 5594 invicem
2967 5539 3356 5610 contingebant,
3397 5537 3519 5607 quia
3556 5541 3724 5591 testa-

453 5617 650 5672 alteras
677 5617 791 5676 alas
817 5620 885 5676 ad
913 5624 1148 5694 parietes
1188 5628 1415 5695 oraculi,
1461 5647 1584 5686 cum
1617 5639 1836 5688 sanctos
1865 5631 2029 5686 etiam
2134 5637 2318 5687 menta
2376 5630 2492 5700 pari
2547 5629 2613 5685 de
2663 5627 2894 5685 Domino
2945 5630 3296 5684 attestatione
3349 5626 3716 5682 consentiunt.

453 5708 700 5768 homines
730 5728 911 5771 secum
952 5717 1134 5774 videre
1182 5717 1467 5786 iactantur,
1514 5737 1714 5793 eosque
1744 5721 1891 5778 velut
1919 5721 2030 5778 ala—
2133 5721 2265 5777 Item
2303 5717 2402 5774 alis
2429 5719 2788 5775 exterioribus
2819 5721 2920 5775 iste
2947 5731 3114 5773 unum
3143 5717 3422 5789 parietem,
3469 5714 3559 5769 ille
3583 5713 3721 5768 ulte-

452 5814 578 5869 τω
605 5817 827 5868 suarum
865 5809 1268 5870 summitatibus
1291 5820 1544 5889 tangunt,
1584 5823 2032 5899 quosconsortes
2133 5819 2256 5876 r'um
2301 5809 2662 5884 contingebat,
2711 5811 2836 5884 quia
2879 5817 3034 5868 vetus
3062 5813 3447 5867 testamentum
3497 5805 3718 5890 proprio
