4074 6466
1193 410 1546 477 comm.
1586 415 1657 474 IN
1689 406 1936 476 LIBROS
1972 409 2043 477 IV
2078 406 2343 478 neeum.
2380 432 2455 473 ιο-
2485 408 2556 477 IN
2592 406 2722 478 lilii.
2758 404 2847 480 illi:
2916 412 2921 417 ’

3521 418 3629 488 958

372 532 597 602 antiquo
636 528 734 586 Dei
775 528 976 603 popqu
1006 529 1290 617 scriptum,
1341 544 1542 588 novum
1584 544 1716 588 vero
1761 533 1941 601 nobis,
1970 530 2025 598 Α
2045 533 2179 589 toris
2222 538 2279 588 et
2313 534 2545 603 proximi
2573 536 2795 606 geritur.
2834 533 3051 592 Palinas
3080 528 3232 619 facit,
3273 524 3396 596 cum
3422 546 3629 601 memo-

368 629 466 700 qui
507 630 632 699 post
667 626 1093 682 incarnationem
1140 628 1476 685 Dominicam
1511 629 1579 684 ad
1606 626 1767 683 ﬁdem
1794 626 1946 683 veni-

369 734 524 785 mus,
574 726 630 773 et
675 720 913 775 secundo
951 720 1176 791 parieti,
1227 722 1331 777 hoc
1384 729 1484 785 est,
1539 718 1943 790 septentrionali

371 816 519 865 recte
570 823 968 878 comparamur,
1005 811 1221 881 quibus,
1284 818 1406 882 post
1442 812 1643 883 frigora
1693 821 1759 867 ac
1796 818 1947 867 tene-

370 902 502 957 bras
545 901 884 967 idololatriae,
916 904 1089 960 lucem
1112 906 1358 960 veritatis
1385 916 1711 975 cognoscere
1759 906 1944 961 datum

369 1001 471 1050 est.
532 993 722 1051 Versae
765 997 955 1052 habent
990 999 1154 1069 facies
1203 998 1465 1053 cherubim
1514 1000 1584 1054 ad
1637 1000 1945 1053 exteriorem

369 1088 603 1154 domum,
642 1088 766 1158 quia
806 1090 978 1144 nostri
1005 1091 1200 1161 gratia,
1232 1092 1324 1160 qui
1355 1091 1530 1145 adhuc
1559 1089 1691 1145 foris
1717 1098 1942 1158 stamus,

367 1192 545 1248 neque
586 1192 645 1233 re
680 1179 792 1249 ipsa
813 1214 829 1245 ,
870 1181 971 1241 sed
1014 1200 1034 1233 ‹
1064 1190 1159 1252 spe
1193 1180 1326 1237 salvi
1359 1180 1487 1237 facti
1529 1194 1715 1237 sumus
1743 1187 1764 1253 (
1792 1179 1941 1235 Rom.

366 1268 547 1341 Vlli)t,
585 1270 748 1325 divini
791 1278 918 1325 sunt
954 1271 1073 1327 libri
1109 1268 1340 1339 conditi,
1374 1274 1499 1344 quia
1531 1272 1821 1341 scriptores
1848 1284 1944 1327 eo-

367 1378 490 1419 rum
513 1361 626 1431 jam
662 1372 948 1435 regnantes
991 1376 1113 1419 cum
1143 1366 1387 1431 Domino,
1438 1365 1696 1434 illumque
1740 1363 1942 1418 collau-

368 1460 557 1514 dantes
586 1459 642 1513 in
672 1459 842 1525 crelis,
881 1474 1064 1515 curam
1101 1466 1299 1514 nostrm
1334 1465 1527 1530 gerunt
1570 1457 1785 1523 salutis,
1820 1472 1945 1527 pro-

366 1566 473 1624 que
508 1554 708 1609 nostris
753 1554 1022 1608 erratibus
1060 1553 1200 1624 apud
1242 1553 1358 1624 ejus
1394 1553 1649 1623 pietatem
1687 1549 1947 1622 interpel-

364 1646 495 1702 lant.

2047 626 2181 680 riam
2202 631 2418 682 aeternas
2443 627 2814 684 retributionis
2836 640 3024 685 eorum
3044 630 3316 687 mentibus
3344 632 3538 706 inﬁgit,
3562 643 3624 692 nt

2045 732 2110 775 eo
2134 721 2310 776 minus
2337 722 2406 777 ab
2434 726 2559 777 arce
2590 719 2815 790 iustitiae
2852 721 2958 779 labi
2989 733 3227 795 queant,
3273 732 3383 797 qu‘o
3421 741 3631 787 merce-

2047 812 2166 867 dem
2219 812 2447 884 justitiae
2497 828 2711 884 semper
2763 821 2891 869 ante
2940 816 3119 871 cordis
3168 812 3358 874 oculos
3404 819 3626 875 habent.

2045 900 2203 960 Facit
2228 908 2690 977 picturda,uarius,
2733 906 2884 980 quasi
2922 910 3294 980 prominentes,
3336 906 3401 967 de
3430 915 3626 983 pariete

2045 1001 2389 1071 egredientes,
2435 1010 2559 1056 cum
2607 1001 2927 1058 multifarias
2967 1004 3228 1059 virtutum
3285 1007 3627 1077 Operationes

2047 1092 2293 1149 ﬁdelibus
2324 1095 2529 1150 tribuit.
2564 1096 2724 1152 Verbi
2752 1097 2944 1164 gratia,
2984 1098 3188 1153 viscera
3218 1099 3624 1169 misericordiae,

2042 1180 2451 1257 benignitatem,
2482 1185 2862 1254 humilitatem,
2894 1186 3233 1259 patientiam,
3284 1192 3624 1248 modestiam.

2122 1274 2524 1333 «Pavimentum
2549 1278 2739 1336 domus
2768 1280 2904 1336 texit
2928 1288 3062 1336 atiro
3080 1282 3407 1339 intrinsecus
3427 1325 3440 1350 ,
3462 1291 3519 1338 et
3538 1300 3631 1338 ex-
3663 1294 3671 1303 '

2044 1366 2485 1435 trinsecus,etc.i
2512 1370 2843 1427 Intrinsecus
2864 1379 2919 1428 et
2949 1372 3288 1430 extrinsecus
3330 1375 3385 1429 in
3408 1375 3628 1432 oraculo

2046 1468 2101 1517 et
2115 1462 2169 1516 in
2193 1463 2309 1531 ipso
2333 1462 2531 1533 templo
2551 1462 2837 1534 signiﬁcat.
2855 1465 3015 1520 Texit
3042 1481 3171 1538 ergo
3202 1466 3458 1522 Salomon
3478 1468 3631 1537 pavi-

2045 1560 2289 1612 mentum
2339 1558 2530 1614 domus
2586 1574 2718 1615 auro
2774 1560 3099 1616 intrinsecus
3151 1570 3205 1618 et
3257 1563 3626 1630 extrinsecus,

2045 1649 2171 1719 quia
2208 1644 2324 1704 Rex
2346 1654 2532 1705 noster
2576 1648 2832 1721 pacificus
2861 1654 2917 1706 et
2945 1653 3165 1724 angelos
3211 1659 3373 1723 atque
3418 1655 3631 1711 animas

441 1756 459 1788 c
487 1736 553 1791 Et
584 1750 773 1793 omnes
800 1737 1037 1807 parietes
1061 1737 1245 1809 templi
1279 1752 1375 1807 per
1410 1736 1697 1793 circuitum
1721 1733 1947 1806 sculpsit
2039 1740 2310 1812 justorum
2334 1743 2387 1797 in
2418 1742 2571 1798 caelis
2601 1742 2839 1814 perfecte
2864 1760 2928 1801 ac
2956 1742 3196 1817 plenarie
3222 1746 3361 1801 dono
3387 1740 3633 1803 dilectio-

362 1826 530 1882 variis
584 1826 855 1883 czelaturis
903 1836 958 1883 et
1008 1834 1205 1895 torno,
1249 1836 1356 1884 etc.
1398 1847 1415 1880 ι
1466 1828 1664 1884 Omnes
1708 1827 1946 1897 parietes

2046 1834 2133 1890 nis
2159 1846 2189 1888 a
2231 1841 2549 1890 ceterorum
2572 1835 2881 1891 mortalium
2907 1836 3115 1891 vilitate
3143 1838 3376 1892 secrevit

363 1916 545 1989 templi
572 1934 670 1991 per
702 1921 1012 2005 circuitum,
1044 1930 1232 1977 omnes
1262 1926 1462 1976 sanctae
1491 1916 1744 1975 Ecclesia:
1767 1917 1947 1989 populi
1974 1912 2022 1977 B
2124 1945 2144 1979 ι
2178 1926 2245 1982 Et
2272 1926 2327 1982 in
2355 1926 2597 1999 ingressu
2636 1927 2838 1982 oraculi
2870 1927 3001 1983 fecit
3027 1928 3221 2008 ostiola
3249 1926 3315 1983 de
3347 1928 3510 2000 lignis
3532 1928 3633 1984 oli—

364 2016 511 2071 sunt.
552 2009 748 2080 quibus
780 2020 942 2082 Super
979 2007 1384 2066 fundamentum
1415 2010 1611 2065 Christi
1642 2009 1832 2065 locatis
1866 2015 1948 2063 to-

362 2103 470 2160 tius
498 2104 757 2159 ambitum
788 2102 936 2160 orbis
969 2103 1215 2175 replevit,
1251 2111 1590 2174 coeptumque
1618 2101 1741 2156 ﬁdei
1776 2099 1945 2155 aediﬁ-

362 2197 505 2254 cium
538 2196 778 2268 quotidie
824 2210 963 2253 nova
1004 2196 1366 2252 membrorum
1407 2196 1628 2249 suorum
1667 2190 1944 2263 progenie,

361 2289 517 2362 quasi
560 2288 798 2360 lapidum
838 2289 1201 2361 pretiosorum
1250 2287 1618 2358 appositione,
1658 2298 1949 2356 superaug-

362 2384 605 2439 mentare
642 2395 750 2439 non
794 2382 1022 2438 desistit.
1075 2378 1176 2448 Qui
1212 2380 1467 2435 nimirum
1508 2377 1743 2449 parietes
1777 2374 1947 2430 variis

361 2472 633 2530 catlaturis
677 2470 1011 2545 sculpuntur,
1037 2484 1160 2528 eum
1192 2491 1211 2523 ‹
1240 2471 1327 2527 alii
1369 2473 1527 2525 datur
1560 2480 1658 2540 per
1685 2467 1946 2537 Spiritum

363 2578 541 2621 sermo
595 2565 908 2636 sapientia,
954 2564 1046 2621 alii
1103 2574 1282 2620 sermo
1327 2561 1592 2625 scientias,
1648 2556 1946 2616 secundum

363 2657 608 2712 eumdem
660 2648 956 2727 Spiritum,
1008 2654 1163 2711 alteri
1210 2650 1341 2710 ﬁdes
1378 2652 1436 2708 in
1476 2652 1665 2708 eodem
1716 2649 1942 2721 Spiritu,

363 2747 452 2801 alii
483 2747 655 2818 gratia
690 2747 1029 2802 curationum
1062 2746 1120 2800 in
1153 2754 1261 2800 uno
1291 2743 1529 2815 Spiritu,
1576 2741 1668 2796 alii
1702 2740 1947 2811 operatio

362 2839 646 2906 virtutum,
670 2837 758 2895 alii
783 2839 1087 2910 prophetia,
1111 2836 1204 2894 alii
1233 2838 1486 2894 discretio
1514 2834 1823 2906 spirituum,
1854 2833 1945 2888 alii

365 2942 563 3001 genera
629 2929 936 3003 linguarum
961 2972 976 2998 ,
1044 2922 1137 2986 alii
1196 2926 1574 2998 interpretatio
1632 2930 1946 2980 sermonum

365 3019 429 3096 (I
447 3022 571 3078 Cor.
597 3022 730 3097 xu);
766 3042 785 3076 ι
817 3032 873 3080 et
906 3026 967 3079 ut
994 3018 1065 3077 ad
1105 3021 1241 3077 alias
1266 3021 1566 3085 veniamus,
1595 3018 1731 3088 quas
1757 3024 1948 3071 omnes

364 3113 566 3171 habere
612 3117 918 3182 valeamus,
965 3115 1217 3180 virtutes,
1268 3128 1290 3166 ι
1324 3110 1606 3174 Charitas,
1670 3107 1944 3179 gaudium,

363 3220 491 3281 pax,
536 3202 935 3280 longanimitas,
980 3205 1270 3278 patientia,
1325 3204 1661 3274 benignitas,
1712 3199 1944 3262 bonitas,

2053 2022 2072 2072 i
2099 2032 2309 2085 varum,
2334 2025 2623 2091 postesque
2649 2019 2965 2092 angulorum
2990 2020 3252 2091 quinque,
3279 2028 3334 2076 et
3363 2019 3470 2076 duo
3494 2021 3633 2076 ostia

2053 2130 2073 2164 ‹
2102 2111 2168 2166 de
2211 2110 2372 2182 lignis
2418 2111 2700 2166 olivarum.
2737 2131 2755 2163 ι
2787 2110 2940 2179 Quod
2970 2113 3144 2183 primo
3181 2113 3411 2178 dixerat,
3454 2132 3473 2164 ‹
3504 2110 3636 2166 fecit

2047 2194 2334 2259 'ostlolade
2354 2202 2512 2272 lignis
2532 2203 2813 2268 olivarum,
2854 2225 2872 2255 ι
2902 2206 3005 2260 hoc
3039 2204 3216 2275 ipsum
3238 2196 3455 2260 videtur
3483 2218 3635 2274 aper-

2049 2294 2153 2349 tius
2179 2294 2449 2365 explicare
2473 2293 2725 2359 voluisse,
2756 2311 2879 2350 cum
2906 2292 3149 2363 adjunxit
3179 2313 3195 2348 :
3234 2314 3253 2347 ι
3286 2296 3341 2349 et
3364 2292 3469 2349 duo
3494 2293 3634 2349 ostia

2047 2386 2114 2441 de
2166 2376 2329 2457 lignis
2376 2384 2661 2441 olivarum.
2700 2406 2719 2439 ι
2752 2378 2904 2442 Unus
2943 2386 3140 2456 quippe
3193 2392 3309 2440 erat
3358 2385 3636 2455 ingressus

2046 2476 2279 2544 oraculi,
2308 2476 2402 2534 sed
2430 2477 2571 2532 idem
2602 2476 2879 2548 ingressus
2905 2466 3112 2530 duobus
3150 2473 3305 2530 OStiis
3344 2472 3634 2528 claudeba-

2046 2578 2156 2638 tur,
2188 2574 2515 2642 rursumque
2558 2570 2813 2625 reseratis
2839 2556 3043 2623 eisdem
3091 2562 3456 2637 aperiebatur,
3495 2572 3637 2625 sicut

2047 2663 2211 2719 etiam
2242 2660 2520 2732 templum,
2560 2658 2700 2716 sicut
2728 2661 2970 2731 porticus
3015 2666 3140 2714 ante
3180 2654 3440 2729 templum
3468 2672 3633 2712 unum

2047 2768 2154 2810 non
2185 2753 2413 2825 amplius
2450 2747 2725 2809 habebant
2754 2752 3054 2819 introitum,
3096 2750 3228 2807 certi
3257 2749 3444 2820 utique
3470 2762 3635 2803 causa

2047 2849 2312 2919 mysterii,
2359 2848 2484 2918 quia
2513 2866 2532 2899 ί
2567 2840 2719 2903 Unus
2776 2846 3058 2912 Dominus,
3102 2860 3207 2899 una
3260 2840 3414 2907 ﬁdes,
3466 2856 3634 2895 unum

2048 2940 2339 3009 baptisma,
2374 2952 2515 2994 unus
2539 2926 2682 2993 Deus
2708 2932 2924 3008 (Ephes.
2958 2935 3056 3008 tv).
3093 2956 3111 2988 ι
3147 2920 3298 2989 Unus
3342 2934 3398 2988 i'n
3443 2930 3634 2986 Eccle-

2047 3028 2183 3087 siam
2213 3034 2536 3102 praesentem
2556 3036 2655 3101 per
2680 3031 2974 3100 baptisma,
3016 3040 3157 3084 unus
3187 3032 3242 3082 in
3271 3040 3499 3096 regnum
3528 3038 3637 3079 coe—

2046 3120 2181 3178 leste
2222 3134 2322 3194 per
2356 3130 2517 3192 opera
2552 3120 2674 3178 ﬁdei
2702 3129 2787 3177 est
2833 3121 3130 3192 sperandus
3174 3116 3447 3174 introitus.
3498 3110 3636 3171 Nam

2050 3215 2193 3284 quod
2244 3228 2386 3269 unus
2430 3221 2577 3269 esset
2637 3215 2914 3284 ingressus
2968 3210 3194 3276 oraculi,
3256 3216 3486 3265 testatur
3531 3207 3637 3265 hoc

365 3296 519 3368 ﬁdes,
566 3298 850 3367 modestia,
888 3298 1220 3354 cuntinentia
1264 3293 1464 3368 (Galat.
1498 3306 1532 3348 v
1557 3290 1598 3365 ),
1627 3298 1645 3345 δ
1681 3298 1735 3348 et
1766 3289 1948 3347 caeteri
1976 3304 2020 3369 ρ
2052 3306 2195 3376 quod
2225 3304 2454 3361 inferius
2483 3306 2549 3360 de
2576 3316 2701 3360 arca
2728 3306 2987 3373 scriptum
3012 3312 3100 3373 ἐει
3128 3323 3141 3358 τ
3176 3321 3194 3355 ι
3231 3302 3472 3372 Cumque
3502 3301 3638 3356 emi-

365 3393 577 3448 fructus
621 3390 878 3462 Spiritus,
911 3389 1040 3461 quid
1070 3389 1175 3444 nisi
1209 3387 1482 3443 caelatura:
1520 3391 1647 3440 sunt
1677 3382 1947 3454 parietum

367 3480 573 3553 templi,
630 3482 754 3553 quia
807 3488 1031 3537 ornatus
1077 3482 1201 3534 sunt
1255 3476 1517 3533 mentium
1573 3471 1755 3545 populi
1808 3470 1949 3528 Dei?

366 3570 696 3647 Sculpuntur
741 3575 899 3629 iidem
950 3571 1173 3645 parietes
1214 3574 1263 3626 et
1309 3581 1479 3635 torno,
1528 3574 1653 3624 cum
1699 3566 1949 3636 prompto

364 3668 566 3740 pollent
585 3654 765 3723 animo
795 3658 981 3721 ﬁdeles
1009 3657 1075 3719 ad
1104 3654 1408 3718 iaciendum
1446 3658 1640 3715 cuncta
1679 3658 1800 3728 qua
1842 3655 1948 3709 Do-

366 3758 546 3813 minus
574 3752 847 3828 pneeiplt,
900 3750 966 3810 ad
998 3746 1311 3825 patiendum
1350 3756 1543 3805 cuncta
1568 3756 1690 3819 qua:
1726 3745 1951 3818 permit-

368 3854 455 3922 tit,
492 3852 730 3909 dicentes
765 3864 829 3908 ex
861 3850 1040 3907 animo
1085 3865 1182 3921 per
1219 3842 1429 3920 singula
1462 3861 1581 3918 quae
1605 3850 1897 3901 occurrunt
1930 3856 1945 3897 :

375 3968 393 4000 r
422 3944 739 4002 Benedicam
758 3932 985 4000 Domino
1001 3944 1053 3999 in
1070 3944 1477 4012 omnitempore
1498 3934 1669 4011 (Paul.
1693 3933 1943 4008 xxxtu).t

368 4036 480 4093 Et:
513 4055 532 4088 ‹
587 4037 839 4091 Paratum
890 4046 986 4090 cor
1038 4046 1218 4089 meum
1248 4075 1262 4100 ,
1318 4028 1500 4095 Deus,
1557 4034 1807 4099 paratum
1855 4038 1950 4081 cor

372 4144 580 4196 meum;
608 4130 839 4185 cantabo
869 4135 924 4183 et
961 4122 1232 4198 psalmum
1279 4120 1456 4180 dicam
1498 4121 1765 4192 Domino(
1796 4110 1945 4173 Pani.

372 4221 500 4296 Lvt).
544 4243 562 4275 ι
598 4220 926 4294 Sculpunlur
957 4226 1144 4285 torno,
1185 4233 1308 4273 eum
1338 4216 1393 4272 in
1425 4224 1632 4272 tantum
1661 4206 1950 4268 virtutibus

373 4331 589 4387 operam
622 4312 958 4384 impendunt,
990 4316 1049 4366 ut
1088 4304 1155 4365 ab
1184 4311 1375 4364 harum
1417 4307 1633 4361 tramite
1660 4301 1821 4359 nullis
1846 4302 1951 4358 cir-

374 4407 755 4464 cumstantium
793 4416 973 4459 rerum
1007 4400 1503 4465 contrarietatibus,
1547 4396 1710 4452 nullis
1741 4393 1953 4465 possint

372 4496 754 4558 blandimentis
803 4499 992 4556 averti.
1044 4492 1179 4567 Quia
1224 4499 1366 4553 enim
1418 4498 1695 4550 tornatura
1744 4490 1952 4546 ceteris

376 4595 583 4650 artibus
629 4592 909 4650 velocitate
951 4588 1246 4662 praecellit,
1288 4597 1344 4645 et
1380 4589 1495 4658 ipsa
1545 4584 1647 4642 sibi
1689 4581 1948 4655 regulam,

2049 3400 2241 3455 iterent
2264 3403 2466 3463 vectes,
2503 3407 2558 3451 et
2578 3402 2904 3465 apparerent
2924 3394 3265 3450 summitates
3292 3406 3478 3461 eorum
3502 3389 3638 3446 foris

2050 3489 2416 3548 ’sanctuarium
2465 3495 2591 3543 ante
2632 3484 2934 3553 oraculum,
2983 3488 3092 3541 non
3134 3484 3466 3555 apparebant
3494 3480 3636 3537 ultra

2050 3582 2411 3638 extrinsecus.
2444 3596 2463 3631 ι
2514 3576 2615 3634 Ubi
2670 3583 2939 3648 patenter,
2991 3577 3050 3632 ni
3100 3573 3279 3641 fallor,
3331 3573 3637 3631 ostenditur

2050 3666 2195 3744 quod
2235 3678 2354 3726 erat
2390 3684 2530 3725 unus
2569 3669 2847 3741 ingressus
2885 3666 3108 3731 oraculi,
3156 3675 3212 3723 et
3240 3665 3330 3721 hic
3359 3678 3391 3720 e
3418 3665 3638 3734 regione

2049 3758 2227 3820 factus
2265 3772 2405 3818 arcte
2435 3776 2555 3833 qute
2584 3760 2640 3815 in
2691 3759 2869 3815 medio
2904 3756 3144 3827 ejusdem
3186 3756 3365 3813 stabat
3404 3754 3634 3821 oraculi,
3740 3800 3747 3803 _

2050 3854 2204 3925 cujus
2232 3853 2510 3925 ingressus
2537 3850 2732 3907 ostiola
2770 3862 2869 3922 per
2906 3848 3361 3921 signiﬁcationem
3400 3845 3637 3901 multifa-

2050 3946 2131 4002 rie
2158 3952 2383 4017 possunt
2424 3943 2614 4016 accipi.
2644 3940 2780 3997 Nam
2811 3946 2866 3997 et
2906 3939 3173 4012 angelicos
3216 3939 3458 4011 spiritus,
3503 3950 3637 4007 quo-

2050 4048 2172 4093 rum
2201 4036 2506 4092 ministerio
2550 4035 2604 4089 in
2640 4030 3029 4089 habitatibnem
3058 4029 3250 4101 patriae
3287 4027 3524 4085 ccclesiis
3550 4026 3635 4081 in-

2050 4130 2410 4195 troducimur,
2464 4126 2744 4199 aptissime
2798 4124 3104 4196 designant,
3155 4130 3211 4179 et
3265 4121 3637 4193 apostolorum

2050 4234 2221 4293 teque,
2255 4218 2781 4291 apostolicorumque
2810 4216 3069 4281 virorum,
3104 4212 3301 4286 quibus
3330 4211 3513 4268 claves
3552 4225 3637 4267 re-

2048 4314 2140 4386 gni
2169 4313 2429 4368 malorum
2454 4317 2581 4365 sunt
2607 4310 2747 4364 datae
2786 4304 2952 4381 (Luc.
2996 4306 3126 4376 xw),
3162 4314 3347 4360 tenent
3374 4303 3632 4375 ﬁguram;

2052 4406 2164 4476 qui,
2203 4411 2424 4474 accepta
2454 4416 2487 4456 a
2516 4402 2747 4455 Domino
2784 4405 3054 4470 potestate
3094 4396 3293 4465 ligandi
3323 4400 3487 4465 atque
3528 4392 3637 4448 sol-

2048 4493 2231 4560 Vendi,
2270 4498 2327 4547 et
2363 4491 2555 4564 dignos
2599 4489 2742 4544 intra
2783 4488 2934 4558 regni
2975 4488 3195 4557 januam
3223 4483 3534 4547 admittunt,
3582 4490 3639 4537 et

2052 4595 2421 4652 contumaces,
2452 4584 2695 4655 impuros
2722 4594 2785 4638 ac
2813 4580 3095 4652 superbos,
3119 4574 3637 4634 excommunicando

376 4700 480 4756 qua
510 4685 626 4740 sine
653 4698 836 4739 errore
862 4688 996 4752 Opus
1021 4680 1285 4751 perﬁciat,
1318 4685 1517 4743 servat,
1548 4681 1670 4746 apte
1695 4688 1793 4744 per
1814 4668 1948 4728 hanc

2056 4678 2171 4740 sive
2197 4676 2703 4736 anathematizando
2732 4675 2800 4732 ab
2837 4675 3087 4746 ingressu
3113 4672 3239 4728 vitm
3260 4670 3516 4743 perennis
3540 4667 3636 4725 eli-

374 4776 462 4849 pia
486 4784 793 4831 sanctorum
818 4775 924 4829 vita
958 4776 1220 4846 signatur,
1252 4782 1371 4843 quae
1398 4780 1452 4826 et
1481 4776 1671 4841 parata
1700 4775 1783 4822 est
1814 4776 1957 4821 sem-

375 4884 474 4940 per
499 4864 565 4922 ad
594 4866 908 4936 obsequium
948 4862 1141 4919 divinae
1167 4862 1460 4917 voluntatis
1478 4903 1491 4927 ,
1538 4868 1591 4914 et
1618 4858 1723 4915 hoc
1752 4852 1956 4925 absque

378 4958 698 5016 diverticulo
735 4956 952 5014 errandi
993 4950 1265 5028 complere
1292 4953 1454 5026 longo
1480 4953 1741 5009 virtutum
1771 4948 1958 5005 didicit

377 5070 475 5110 usu
508 5050 822 5108 exercitata.

455 5163 472 5194 ε
502 5139 569 5198 Ει
611 5140 737 5197 i'ecit
762 5140 816 5194 in
854 5132 935 5195 eis
963 5136 1241 5193 cherubim
1286 5140 1342 5190 et
1380 5132 1589 5205 palmas
1626 5132 1681 5188 et
1712 5131 1956 5203 picturas

383 5257 403 5291 ‹
434 5235 631 5300 varias,
670 5232 825 5305 quasi
860 5230 1228 5301 prominentes
1267 5226 1332 5282 de
1361 5227 1565 5297 pariete
1594 5233 1649 5281 et
1677 5224 1957 5297 egredien-

385 5349 403 5383 ι
436 5338 536 5384 tes.
573 5348 592 5381 ι
634 5322 925 5382 Cherubim
956 5334 1185 5391 namque
1212 5319 1265 5374 in
1291 5319 1582 5389 parietibus
1612 5317 1795 5388 templi
1826 5318 1959 5373 facit

381 5422 654 5489 Salomon,
707 5434 831 5474 cum
880 5414 1080 5471 electos
1130 5429 1256 5469 suos
1289 5411 1550 5468 Dominus
1600 5412 1667 5468 ad
1713 5411 1956 5483 regulam

383 5514 789 5585 Scripturarum
822 5518 1151 5573 sanctarum,
1200 5507 1254 5561 i'n
1303 5506 1497 5576 quibus
1536 5514 1620 5561 est
1666 5500 1955 5561 multitudo

382 5598 639 5672 scientia},
665 5606 833 5662 vitam
858 5619 1009 5659 suam
1029 5600 1261 5673 dirigere
1283 5600 1473 5664 donat;
1503 5595 1780 5654 Cherubim
1804 5592 1952 5667 facit,

384 5713 506 5755 cum
533 5711 626 5751 eos
654 5696 707 5749 in
741 5696 843 5749 hoc
875 5693 1075 5749 mundo
1118 5686 1418 5748 castitatem
1450 5690 1705 5759 angelica:
1736 5700 1960 5744 conver-

386 5789 611 5849 sationis
640 5803 738 5860 pro
767 5782 983 5842 modulo
1004 5800 1100 5845 suo
1127 5784 1282 5839 docet
1304 5783 1529 5851 imitari,
1552 5781 1696 5853 quod
1724 5780 1959 5836 maxime

389 5880 585 5967 vigiliis
619 5894 682 5937 ac
701 5866 950 5935 laudibus
969 5868 1186 5947 divinis,
1217 5870 1503 5933 dilectione
1530 5872 1741 5932 sincera
1770 5864 1963 5932 Condi-

2053 4771 2283 4829 minant.

2129 4864 2238 4920 Sed
2276 4870 2331 4919 et
2356 4876 2520 4934 opera
2546 4859 2791 4930 iustitiae,
2821 4864 3051 4930 quorum
3076 4852 3275 4911 merito
3304 4855 3372 4907 ad
3408 4858 3635 4921 regnum

2058 4957 2280 5014 cmleste
2325 4954 2659 5024 pervenitur,
2708 4960 2856 5007 recte
2905 4964 3004 5021 per
3046 4948 3203 5011 ostia,
3256 4956 3355 5012 per
3408 4957 3529 5013 quas
3578 4944 3635 4997 in

2058 5055 2246 5103 sancta
2273 5052 2583 5100 sanctorum
2608 5040 3031 5114 ingrediebatur,
3075 5041 3303 5106 possunt
3330 5034 3509 5105 typice
3537 5033 3633 5088 de-

2058 5137 2281 5209 signari,
2308 5136 2462 5207 juxta
2490 5135 2593 5191 hoc
2616 5134 2759 5204 quod
2800 5133 2856 5188 in
2886 5130 3025 5184 libro
3054 5126 3347 5197 Sapientiae
3375 5125 3633 5194 scriptum

2056 5236 2183 5289 est:
2219 5249 2238 5281 α
2269 5228 2567 5285 Custoditio
2599 5233 2779 5280 autem
2806 5223 2985 5292 legum
3024 5217 3417 5275 consummatio
3452 5216 3635 5269 incor—

2056 5322 2325 5392 ruptionis
2367 5324 2481 5385 est;
2531 5313 2863 5382 incorruptio
2909 5316 3088 5366 autem
3135 5308 3265 5364 facit
3297 5316 3420 5363 esse
3450 5305 3636 5375 proxi-

2058 5428 2210 5470 mum
2233 5411 2362 5467 Deo.
2392 5404 2840 5476 Concupiscentia
2881 5404 3069 5472 itaque
3090 5399 3367 5470 sapientiae
3406 5396 3637 5452 deducet

2060 5504 2126 5562 ad
2153 5518 2377 5576 regnum
2408 5506 2726 5573 perpetuum
2759 5493 2919 5567 (Sap.
2954 5492 3054 5566 vi).
3089 5509 3108 5544 ι
3142 5488 3347 5559 Quibus
3379 5487 3632 5544 omnibus

2060 5602 2187 5666 apte
2206 5593 2456 5665 congruit
2488 5589 2634 5662 quod
2654 5587 2842 5644 eadem
2868 5586 3065 5643 ostiola
3088 5585 3155 5640 de
3181 5583 3340 5654 lignis
3368 5580 3506 5635 ﬁunt
3529 5577 3634 5632 olio-

2062 5700 2272 5752 varum,
2309 5683 2434 5754 quia
2464 5680 2719 5737 nimirum
2747 5687 2805 5737 et
2830 5677 3006 5749 angeli
3033 5682 3088 5731 et
3113 5674 3360 5730 homines
3400 5667 3635 5740 perfecti

2063 5778 2244 5834 fructu
2289 5766 2671 5830 misericordia
2693 5778 2751 5827 et
2776 5769 3031 5842 operibus
3069 5764 3211 5821 lucis
3249 5776 3369 5817 sese
3392 5761 3448 5813 in
3474 5757 3639 5814 domu

2066 5868 2164 5927 Bel
2194 5866 2461 5944 gloriosos
2490 5863 2784 5930 abibat,
2814 5863 2927 5920 uno
2950 5868 3141 5915 omnes
3171 5850 3636 5929 deciperent
3701 5855 3707 5863 ‘
