  <div class='ocr_page' id='page_1' title='image "/cluster/home/n/w/nwhite01/storage/ocr_20150623/109/hvd.32044015466857/085.png"; bbox 0 0 4074 6464; ppageno 0'>
   <div class='ocr_carea' id='block_1_1' title="bbox 460 384 583 461">
    <p class='ocr_par' dir='ltr' id='par_1_1' title="bbox 460 384 583 461">
     <span class='ocr_line' id='line_1_1' title="bbox 460 384 583 461; baseline -0.008 -2"><span class='ocrx_word' id='word_1_1' title='bbox 460 384 583 461; x_wconf 61' lang='grc' dir='ltr'><strong>με)</strong></span> 
     </span>
    </p>
   </div>
   <div class='ocr_carea' id='block_1_2' title="bbox 1127 384 3075 455">
    <p class='ocr_par' dir='ltr' id='par_1_2' title="bbox 1127 384 3075 455">
     <span class='ocr_line' id='line_1_2' title="bbox 1127 384 3075 455; baseline 0.007 -14"><span class='ocrx_word' id='word_1_2' title='bbox 1127 386 1188 441; x_wconf 90' lang='grc' dir='ltr'><strong>Β.</strong></span> <span class='ocrx_word' id='word_1_3' title='bbox 1228 384 1741 455; x_wconf 62' lang='grc' dir='ltr'><strong>ωλιπωωιυ</strong></span> <span class='ocrx_word' id='word_1_4' title='bbox 1777 386 2451 449; x_wconf 67' lang='lat' dir='ltr'><strong>mmeuuocum.</strong></span> <span class='ocrx_word' id='word_1_5' title='bbox 2493 393 2777 452; x_wconf 74' lang='lat' dir='ltr'><strong>OPEBUM</strong></span> <span class='ocrx_word' id='word_1_6' title='bbox 2812 395 2994 454; x_wconf 75' lang='lat' dir='ltr'><strong>PARS</strong></span> <span class='ocrx_word' id='word_1_7' title='bbox 3030 395 3075 455; x_wconf 83' lang='grc' dir='ltr'><strong>Ι.</strong></span> 
     </span>
    </p>
   </div>
   <div class='ocr_carea' id='block_1_3' title="bbox 3610 398 3728 456">
    <p class='ocr_par' dir='ltr' id='par_1_3' title="bbox 3610 398 3728 456">
     <span class='ocr_line' id='line_1_3' title="bbox 3610 398 3728 456; baseline 0 0"><span class='ocrx_word' id='word_1_8' title='bbox 3610 398 3728 456; x_wconf 64' lang='grc' dir='ltr'><strong>ιω</strong></span> 
     </span>
    </p>
   </div>
   <div class='ocr_carea' id='block_1_4' title="bbox 473 499 2037 581">
    <p class='ocr_par' dir='ltr' id='par_1_4' title="bbox 473 499 2037 573">
     <span class='ocr_line' id='line_1_4' title="bbox 473 499 2037 573; baseline -0.005 -15"><span class='ocrx_word' id='word_1_9' title='bbox 473 499 987 573; x_wconf 42' lang='grc' dir='ltr'><strong>ιμρῖεηθιννρξθιειεει</strong></span> <span class='ocrx_word' id='word_1_10' title='bbox 1013 499 1365 573; x_wconf 59' lang='grc' dir='ltr'><strong>εάὶίυωηβίω</strong></span> <span class='ocrx_word' id='word_1_11' title='bbox 1392 502 1595 572; x_wconf 76' lang='lat' dir='ltr'><strong>patriae</strong></span> <span class='ocrx_word' id='word_1_12' title='bbox 1637 500 1874 558; x_wconf 76' lang='lat' dir='ltr'><strong>caelestis</strong></span> <span class='ocrx_word' id='word_1_13' title='bbox 1914 517 2037 573; x_wconf 68' lang='lat' dir='ltr'><strong>ape-</strong></span> 
     </span>
    </p>
   </div>
   <div class='ocr_carea' id='block_1_5' title="bbox 2138 499 3725 581">
    <p class='ocr_par' dir='ltr' id='par_1_5' title="bbox 2153 503 3725 581">
     <span class='ocr_line' id='line_1_5' title="bbox 2153 503 3725 581; baseline 0.008 -23"><span class='ocrx_word' id='word_1_14' title='bbox 2153 503 2259 567; x_wconf 74' lang='lat' dir='ltr'><strong>tho,</strong></span> <span class='ocrx_word' id='word_1_15' title='bbox 2310 518 2565 576; x_wconf 82' lang='lat' dir='ltr'><strong>purpura,</strong></span> <span class='ocrx_word' id='word_1_16' title='bbox 2618 509 2866 574; x_wconf 84' lang='lat' dir='ltr'><strong>coccino,</strong></span> <span class='ocrx_word' id='word_1_17' title='bbox 2916 518 2970 565; x_wconf 89' lang='lat' dir='ltr'><strong>et</strong></span> <span class='ocrx_word' id='word_1_18' title='bbox 3014 510 3178 581; x_wconf 84' lang='lat' dir='ltr'><strong>bysso</strong></span> <span class='ocrx_word' id='word_1_19' title='bbox 3224 510 3434 568; x_wconf 63' lang='lat' dir='ltr'><strong>factam</strong></span> <span class='ocrx_word' id='word_1_20' title='bbox 3480 527 3622 581; x_wconf 86' lang='lat' dir='ltr'><strong>esse,</strong></span> <span class='ocrx_word' id='word_1_21' title='bbox 3670 517 3725 571; x_wconf 88' lang='lat' dir='ltr'><strong>ei</strong></span> 
     </span>
    </p>
   </div>
   <div class='ocr_carea' id='block_1_6' title="bbox 474 591 2047 664">
    <p class='ocr_par' dir='ltr' id='par_1_6' title="bbox 474 591 2047 664">
     <span class='ocr_line' id='line_1_6' title="bbox 474 591 2047 664; baseline 0 -15"><span class='ocrx_word' id='word_1_22' title='bbox 474 592 644 655; x_wconf 84' lang='lat' dir='ltr'><strong>riunt,</strong></span> <span class='ocrx_word' id='word_1_23' title='bbox 696 591 827 657; x_wconf 79' lang='lat' dir='ltr'><strong>Duo,</strong></span> <span class='ocrx_word' id='word_1_24' title='bbox 846 600 967 649; x_wconf 72' lang='lat' dir='ltr'><strong>sunt</strong></span> <span class='ocrx_word' id='word_1_25' title='bbox 994 591 1424 659; x_wconf 69' lang='lat' dir='ltr'><strong>autemouiola,</strong></span> <span class='ocrx_word' id='word_1_26' title='bbox 1465 593 1581 648; x_wconf 87' lang='lat' dir='ltr'><strong>sive</strong></span> <span class='ocrx_word' id='word_1_27' title='bbox 1607 594 1735 664; x_wconf 85' lang='lat' dir='ltr'><strong>quia</strong></span> <span class='ocrx_word' id='word_1_28' title='bbox 1770 593 1951 650; x_wconf 24' lang='lat' dir='ltr'><strong>Deum.</strong></span> <span class='ocrx_word' id='word_1_29' title='bbox 1982 610 2047 653; x_wconf 90' lang='lat' dir='ltr'><strong>ac</strong></span> 
     </span>
    </p>
   </div>
   <div class='ocr_carea' id='block_1_7' title="bbox 467 682 2048 763">
    <p class='ocr_par' dir='ltr' id='par_1_7' title="bbox 467 682 2048 763">
     <span class='ocr_line' id='line_1_7' title="bbox 467 682 2048 763; baseline 0.001 -23"><span class='ocrx_word' id='word_1_30' title='bbox 467 683 747 757; x_wconf 64' lang='lat' dir='ltr'><strong>proximis</strong></span> <span class='ocrx_word' id='word_1_31' title='bbox 779 682 1008 754; x_wconf 88' lang='lat' dir='ltr'><strong>diligunt</strong></span> <span class='ocrx_word' id='word_1_32' title='bbox 1026 690 1091 741; x_wconf 74' lang='lat' dir='ltr'><strong>et</strong></span> <span class='ocrx_word' id='word_1_33' title='bbox 1126 682 1307 763; x_wconf 67' lang='lat' dir='ltr'><strong>angeli</strong></span> <span class='ocrx_word' id='word_1_34' title='bbox 1338 691 1405 745; x_wconf 78' lang='lat' dir='ltr'><strong>et</strong></span> <span class='ocrx_word' id='word_1_35' title='bbox 1434 684 1681 741; x_wconf 81' lang='lat' dir='ltr'><strong>homines</strong></span> <span class='ocrx_word' id='word_1_36' title='bbox 1722 686 1922 751; x_wconf 85' lang='lat' dir='ltr'><strong>sancti,</strong></span> <span class='ocrx_word' id='word_1_37' title='bbox 1952 702 2048 742; x_wconf 77' lang='lat' dir='ltr'><strong>ne-</strong></span> 
     </span>
    </p>
   </div>
   <div class='ocr_carea' id='block_1_8' title="bbox 468 772 2047 849">
    <p class='ocr_par' dir='ltr' id='par_1_8' title="bbox 468 772 2047 849">
     <span class='ocr_line' id='line_1_8' title="bbox 468 772 2047 849; baseline 0.004 -23"><span class='ocrx_word' id='word_1_38' title='bbox 468 772 756 845; x_wconf 35' lang='lat' dir='ltr'><strong>quehuuus</strong></span> <span class='ocrx_word' id='word_1_39' title='bbox 789 772 1017 844; x_wconf 68' lang='lat' dir='ltr'><strong>ianuam</strong></span> <span class='ocrx_word' id='word_1_40' title='bbox 1036 773 1179 831; x_wconf 72' lang='lat' dir='ltr'><strong>vitm.</strong></span> <span class='ocrx_word' id='word_1_41' title='bbox 1207 773 1315 849; x_wconf 73' lang='lat' dir='ltr'><strong>nisi</strong></span> <span class='ocrx_word' id='word_1_42' title='bbox 1352 788 1448 843; x_wconf 81' lang='lat' dir='ltr'><strong>per</strong></span> <span class='ocrx_word' id='word_1_43' title='bbox 1483 775 1756 845; x_wconf 87' lang='lat' dir='ltr'><strong>geminam</strong></span> <span class='ocrx_word' id='word_1_44' title='bbox 1799 775 2047 833; x_wconf 82' lang='lat' dir='ltr'><strong>dilectio-</strong></span> 
     </span>
    </p>
   </div>
   <div class='ocr_carea' id='block_1_9' title="bbox 466 863 2045 941">
    <p class='ocr_par' dir='ltr' id='par_1_9' title="bbox 466 863 2045 941">
     <span class='ocr_line' id='line_1_9' title="bbox 466 863 2045 941; baseline 0.002 -21"><span class='ocrx_word' id='word_1_45' title='bbox 466 879 592 920; x_wconf 89' lang='lat' dir='ltr'><strong>nem</strong></span> <span class='ocrx_word' id='word_1_46' title='bbox 618 863 757 917; x_wconf 89' lang='lat' dir='ltr'><strong>hanc</strong></span> <span class='ocrx_word' id='word_1_47' title='bbox 783 863 981 933; x_wconf 89' lang='lat' dir='ltr'><strong>poterit</strong></span> <span class='ocrx_word' id='word_1_48' title='bbox 1008 863 1250 929; x_wconf 86' lang='lat' dir='ltr'><strong>intrare;</strong></span> <span class='ocrx_word' id='word_1_49' title='bbox 1274 863 1532 933; x_wconf 71' lang='lat' dir='ltr'><strong>seuquia</strong></span> <span class='ocrx_word' id='word_1_50' title='bbox 1558 865 2045 941; x_wconf 71' lang='lat' dir='ltr'><strong>utriusquepopuli</strong></span> 
     </span>
    </p>
   </div>
   <div class='ocr_carea' id='block_1_10' title="bbox 466 934 2043 1029">
    <p class='ocr_par' dir='ltr' id='par_1_10' title="bbox 466 934 2043 1029">
     <span class='ocr_line' id='line_1_10' title="bbox 466 934 2043 1029; baseline 0.001 -16"><span class='ocrx_word' id='word_1_51' title='bbox 466 952 737 1029; x_wconf 71' lang='lat' dir='ltr'><strong>ﬁdelibus,</strong></span> <span class='ocrx_word' id='word_1_52' title='bbox 782 960 841 1010; x_wconf 84' lang='lat' dir='ltr'><strong>et</strong></span> <span class='ocrx_word' id='word_1_53' title='bbox 870 952 1039 1013; x_wconf 77' lang='lat' dir='ltr'><strong>Judaei</strong></span> <span class='ocrx_word' id='word_1_54' title='bbox 1081 934 1651 1025; x_wconf 66' lang='lat' dir='ltr'><strong>scilicetetgentilis,</strong></span> <span class='ocrx_word' id='word_1_55' title='bbox 1685 934 2043 1015; x_wconf 23' lang='lat' dir='ltr'><strong>eademin—vitae</strong></span> 
     </span>
    </p>
   </div>
   <div class='ocr_carea' id='block_1_11' title="bbox 458 1044 1413 1119">
    <p class='ocr_par' dir='ltr' id='par_1_11' title="bbox 458 1044 1413 1119">
     <span class='ocr_line' id='line_1_11' title="bbox 458 1044 1413 1119; baseline 0.003 -5"><span class='ocrx_word' id='word_1_56' title='bbox 458 1044 623 1117; x_wconf 62' lang='lat' dir='ltr'><strong>ianua</strong></span> <span class='ocrx_word' id='word_1_57' title='bbox 655 1051 987 1119; x_wconf 29' lang='lat' dir='ltr'><strong>reseratum.</strong></span> <span class='ocrx_word' id='word_1_58' title='bbox 1120 1101 1125 1107; x_wconf 91' lang='lat'><strong>.</strong></span> <span class='ocrx_word' id='word_1_59' title='bbox 1302 1094 1307 1105; x_wconf 82' lang='grc'><em>.</em></span> <span class='ocrx_word' id='word_1_60' title='bbox 1352 1096 1356 1101; x_wconf 61' lang='grc' dir='ltr'><em>ρ</em></span> <span class='ocrx_word' id='word_1_61' title='bbox 1409 1098 1413 1103; x_wconf 78' lang='lat'><strong>.</strong></span> 
     </span>
    </p>
   </div>
   <div class='ocr_carea' id='block_1_12' title="bbox 434 1132 2044 1211">
    <p class='ocr_par' dir='ltr' id='par_1_12' title="bbox 434 1132 2044 1211">
     <span class='ocr_line' id='line_1_12' title="bbox 434 1132 2044 1211; baseline 0.009 -27"><span class='ocrx_word' id='word_1_62' title='bbox 434 1150 439 1155; x_wconf 61' lang='grc' dir='ltr'><strong>ο</strong></span> <span class='ocrx_word' id='word_1_63' title='bbox 498 1151 559 1201; x_wconf 55' lang='grc' dir='ltr'><strong>,ς</strong></span> <span class='ocrx_word' id='word_1_64' title='bbox 583 1132 776 1207; x_wconf 76' lang='lat' dir='ltr'><strong>Postcs</strong></span> <span class='ocrx_word' id='word_1_65' title='bbox 810 1133 1011 1211; x_wconf 77' lang='lat' dir='ltr'><strong>habent</strong></span> <span class='ocrx_word' id='word_1_66' title='bbox 1051 1133 1366 1207; x_wconf 76' lang='lat' dir='ltr'><strong>angulorum</strong></span> <span class='ocrx_word' id='word_1_67' title='bbox 1408 1136 1667 1208; x_wconf 91' lang='lat' dir='ltr'><strong>quinque,</strong></span> <span class='ocrx_word' id='word_1_68' title='bbox 1707 1157 1726 1192; x_wconf 85' lang='grc'><strong>›</strong></span> <span class='ocrx_word' id='word_1_69' title='bbox 1760 1140 1887 1211; x_wconf 86' lang='lat' dir='ltr'><strong>quia</strong></span> <span class='ocrx_word' id='word_1_70' title='bbox 1933 1156 2044 1198; x_wconf 86' lang='lat' dir='ltr'><strong>non</strong></span> 
     </span>
    </p>
   </div>
   <div class='ocr_carea' id='block_1_13' title="bbox 408 1223 2047 1301">
    <p class='ocr_par' dir='ltr' id='par_1_13' title="bbox 408 1223 2047 1301">
     <span class='ocr_line' id='line_1_13' title="bbox 408 1223 2047 1301; baseline 0.007 -24"><span class='ocrx_word' id='word_1_71' title='bbox 408 1272 419 1283; x_wconf 78' lang='lat'>.</span> <span class='ocrx_word' id='word_1_72' title='bbox 463 1223 640 1295; x_wconf 76' lang='lat' dir='ltr'><strong>solum</strong></span> <span class='ocrx_word' id='word_1_73' title='bbox 671 1225 882 1285; x_wconf 89' lang='lat' dir='ltr'><strong>animas</strong></span> <span class='ocrx_word' id='word_1_74' title='bbox 928 1224 1225 1287; x_wconf 80' lang='lat' dir='ltr'><strong>electorum</strong></span> <span class='ocrx_word' id='word_1_75' title='bbox 1274 1225 1399 1291; x_wconf 75' lang='lat' dir='ltr'><strong>aula</strong></span> <span class='ocrx_word' id='word_1_76' title='bbox 1449 1228 1572 1284; x_wconf 87' lang='lat' dir='ltr'><strong>coeli</strong></span> <span class='ocrx_word' id='word_1_77' title='bbox 1607 1231 1823 1301; x_wconf 85' lang='lat' dir='ltr'><strong>recipit,</strong></span> <span class='ocrx_word' id='word_1_78' title='bbox 1862 1233 1959 1290; x_wconf 82' lang='lat' dir='ltr'><strong>sed</strong></span> <span class='ocrx_word' id='word_1_79' title='bbox 1987 1240 2047 1289; x_wconf 89' lang='lat' dir='ltr'><strong>et</strong></span> 
     </span>
    </p>
   </div>
   <div class='ocr_carea' id='block_1_14' title="bbox 462 1315 2044 1391">
    <p class='ocr_par' dir='ltr' id='par_1_14' title="bbox 462 1315 2044 1391">
     <span class='ocr_line' id='line_1_14' title="bbox 462 1315 2044 1391; baseline 0.006 -20"><span class='ocrx_word' id='word_1_80' title='bbox 462 1315 781 1391; x_wconf 75' lang='lat' dir='ltr'><strong>corporibus</strong></span> <span class='ocrx_word' id='word_1_81' title='bbox 806 1316 1099 1373; x_wconf 78' lang='lat' dir='ltr'><strong>immortali</strong></span> <span class='ocrx_word' id='word_1_82' title='bbox 1130 1317 1313 1389; x_wconf 73' lang='lat' dir='ltr'><strong>gloria,</strong></span> <span class='ocrx_word' id='word_1_83' title='bbox 1330 1319 1570 1390; x_wconf 75' lang='lat' dir='ltr'><strong>praeditis</strong></span> <span class='ocrx_word' id='word_1_84' title='bbox 1607 1320 1661 1376; x_wconf 88' lang='lat' dir='ltr'><strong>in</strong></span> <span class='ocrx_word' id='word_1_85' title='bbox 1679 1320 1887 1390; x_wconf 89' lang='lat' dir='ltr'><strong>judicio</strong></span> <span class='ocrx_word' id='word_1_86' title='bbox 1915 1338 2044 1383; x_wconf 84' lang='lat' dir='ltr'><strong>suas</strong></span> 
     </span>
    </p>
   </div>
   <div class='ocr_carea' id='block_1_15' title="bbox 460 1403 1355 1479">
    <p class='ocr_par' dir='ltr' id='par_1_15' title="bbox 460 1403 1355 1479">
     <span class='ocr_line' id='line_1_15' title="bbox 460 1403 1355 1479; baseline 0.002 -22"><span class='ocrx_word' id='word_1_87' title='bbox 460 1403 604 1479; x_wconf 74' lang='lat' dir='ltr'><strong>fores</strong></span> <span class='ocrx_word' id='word_1_88' title='bbox 642 1407 869 1479; x_wconf 46' lang='lat' dir='ltr'><strong>aperit,</strong></span> <span class='ocrx_word' id='word_1_89' title='bbox 956 1476 957 1479; x_wconf 19' lang='grc' dir='ltr'><strong>η</strong></span> <span class='ocrx_word' id='word_1_90' title='bbox 1208 1452 1213 1455; x_wconf 92' lang='grc'>.</span> <span class='ocrx_word' id='word_1_91' title='bbox 1352 1454 1355 1459; x_wconf 88' lang='grc'>.</span> 
     </span>
    </p>
   </div>
   <div class='ocr_carea' id='block_1_16' title="bbox 480 1497 2043 1578">
    <p class='ocr_par' dir='ltr' id='par_1_16' title="bbox 480 1497 2043 1578">
     <span class='ocr_line' id='line_1_16' title="bbox 480 1497 2043 1578; baseline 0.01 -29"><span class='ocrx_word' id='word_1_92' title='bbox 480 1516 563 1575; x_wconf 31' lang='grc' dir='ltr'><strong>,με</strong></span> <span class='ocrx_word' id='word_1_93' title='bbox 590 1497 658 1551; x_wconf 89' lang='lat' dir='ltr'><strong>Et</strong></span> <span class='ocrx_word' id='word_1_94' title='bbox 680 1497 905 1569; x_wconf 68' lang='lat' dir='ltr'><strong>sculpsit</strong></span> <span class='ocrx_word' id='word_1_95' title='bbox 930 1498 989 1557; x_wconf 91' lang='lat' dir='ltr'><strong>in</strong></span> <span class='ocrx_word' id='word_1_96' title='bbox 1018 1500 1097 1565; x_wconf 88' lang='lat' dir='ltr'><strong>eis</strong></span> <span class='ocrx_word' id='word_1_97' title='bbox 1117 1501 1385 1575; x_wconf 78' lang='lat' dir='ltr'><strong>picturam</strong></span> <span class='ocrx_word' id='word_1_98' title='bbox 1429 1502 1732 1571; x_wconf 82' lang='lat' dir='ltr'><strong>cherubim,</strong></span> <span class='ocrx_word' id='word_1_99' title='bbox 1760 1513 1817 1561; x_wconf 87' lang='lat' dir='ltr'><strong>et</strong></span> <span class='ocrx_word' id='word_1_100' title='bbox 1841 1505 2043 1578; x_wconf 83' lang='lat' dir='ltr'><strong>palma-</strong></span> 
     </span>
    </p>
   </div>
   <div class='ocr_carea' id='block_1_17' title="bbox 458 1588 2043 1667">
    <p class='ocr_par' dir='ltr' id='par_1_17' title="bbox 458 1588 2043 1667">
     <span class='ocr_line' id='line_1_17' title="bbox 458 1588 2043 1667; baseline 0.011 -28"><span class='ocrx_word' id='word_1_101' title='bbox 458 1599 578 1653; x_wconf 81' lang='lat' dir='ltr'><strong>rum</strong></span> <span class='ocrx_word' id='word_1_102' title='bbox 629 1588 863 1661; x_wconf 81' lang='lat' dir='ltr'><strong>species,</strong></span> <span class='ocrx_word' id='word_1_103' title='bbox 900 1597 958 1645; x_wconf 89' lang='lat' dir='ltr'><strong>et</strong></span> <span class='ocrx_word' id='word_1_104' title='bbox 1006 1591 1304 1665; x_wconf 72' lang='lat' dir='ltr'><strong>anaglypha</strong></span> <span class='ocrx_word' id='word_1_105' title='bbox 1351 1594 1508 1651; x_wconf 82' lang='lat' dir='ltr'><strong>valde</strong></span> <span class='ocrx_word' id='word_1_106' title='bbox 1555 1596 1939 1667; x_wconf 76' lang='lat' dir='ltr'><strong>prominentia,</strong></span> <span class='ocrx_word' id='word_1_107' title='bbox 1986 1607 2043 1657; x_wconf 89' lang='lat' dir='ltr'><strong>et</strong></span> 
     </span>
    </p>
   </div>
   <div class='ocr_carea' id='block_1_18' title="bbox 461 1678 2039 1758">
    <p class='ocr_par' dir='ltr' id='par_1_18' title="bbox 461 1678 2039 1758">
     <span class='ocr_line' id='line_1_18' title="bbox 461 1678 2039 1758; baseline 0.008 -23"><span class='ocrx_word' id='word_1_108' title='bbox 461 1678 591 1751; x_wconf 73' lang='lat' dir='ltr'><strong>texit</strong></span> <span class='ocrx_word' id='word_1_109' title='bbox 637 1693 701 1737; x_wconf 89' lang='lat' dir='ltr'><strong>ea</strong></span> <span class='ocrx_word' id='word_1_110' title='bbox 738 1694 894 1746; x_wconf 87' lang='lat' dir='ltr'><strong>auro,</strong></span> <span class='ocrx_word' id='word_1_111' title='bbox 920 1689 1025 1738; x_wconf 90' lang='lat' dir='ltr'><strong>etc.</strong></span> <span class='ocrx_word' id='word_1_112' title='bbox 1050 1702 1068 1733; x_wconf 77' lang='grc' dir='ltr'><strong><em>ι</em></strong></span> <span class='ocrx_word' id='word_1_113' title='bbox 1096 1682 1414 1757; x_wconf 82' lang='lat' dir='ltr'><strong>Anaglypha</strong></span> <span class='ocrx_word' id='word_1_114' title='bbox 1445 1685 1650 1753; x_wconf 77' lang='lat' dir='ltr'><strong>Graece,</strong></span> <span class='ocrx_word' id='word_1_115' title='bbox 1700 1705 1820 1758; x_wconf 71' lang='lat' dir='ltr'><strong>quae</strong></span> <span class='ocrx_word' id='word_1_116' title='bbox 1850 1691 2039 1749; x_wconf 85' lang='lat' dir='ltr'><strong>Latine</strong></span> 
     </span>
    </p>
   </div>
   <div class='ocr_carea' id='block_1_19' title="bbox 456 1771 2039 1854">
    <p class='ocr_par' dir='ltr' id='par_1_19' title="bbox 456 1771 2039 1854">
     <span class='ocr_line' id='line_1_19' title="bbox 456 1771 2039 1854; baseline 0.01 -30"><span class='ocrx_word' id='word_1_117' title='bbox 456 1771 707 1827; x_wconf 89' lang='lat' dir='ltr'><strong>dicuntur</strong></span> <span class='ocrx_word' id='word_1_118' title='bbox 737 1775 1033 1841; x_wconf 65' lang='lat' dir='ltr'><strong>caelatum,</strong></span> <span class='ocrx_word' id='word_1_119' title='bbox 1085 1778 1213 1847; x_wconf 83' lang='lat' dir='ltr'><strong>quia</strong></span> <span class='ocrx_word' id='word_1_120' title='bbox 1242 1779 1503 1851; x_wconf 84' lang='lat' dir='ltr'><strong>virtutum</strong></span> <span class='ocrx_word' id='word_1_121' title='bbox 1542 1782 1796 1852; x_wconf 86' lang='lat' dir='ltr'><strong>operibus</strong></span> <span class='ocrx_word' id='word_1_122' title='bbox 1843 1786 2039 1854; x_wconf 88' lang='lat' dir='ltr'><strong>quibus</strong></span> 
     </span>
    </p>
   </div>
   <div class='ocr_carea' id='block_1_20' title="bbox 2142 601 3727 677">
    <p class='ocr_par' dir='ltr' id='par_1_20' title="bbox 2142 601 3727 677">
     <span class='ocr_line' id='line_1_20' title="bbox 2142 601 3727 677; baseline 0.006 -24"><span class='ocrx_word' id='word_1_123' title='bbox 2142 614 2356 670; x_wconf 87' lang='lat' dir='ltr'><strong>quoque</strong></span> <span class='ocrx_word' id='word_1_124' title='bbox 2379 601 2659 657; x_wconf 77' lang='lat' dir='ltr'><strong>cherubim</strong></span> <span class='ocrx_word' id='word_1_125' title='bbox 2704 604 2897 658; x_wconf 77' lang='lat' dir='ltr'><strong>intexti</strong></span> <span class='ocrx_word' id='word_1_126' title='bbox 2924 617 3045 660; x_wconf 88' lang='lat' dir='ltr'><strong>esse</strong></span> <span class='ocrx_word' id='word_1_127' title='bbox 3070 614 3464 674; x_wconf 86' lang='lat' dir='ltr'><strong>memorantur,</strong></span> <span class='ocrx_word' id='word_1_128' title='bbox 3496 607 3727 677; x_wconf 77' lang='lat' dir='ltr'><strong>hyacin-</strong></span> 
     </span>
    </p>
   </div>
   <div class='ocr_carea' id='block_1_21' title="bbox 2143 691 3726 769">
    <p class='ocr_par' dir='ltr' id='par_1_21' title="bbox 2143 691 3726 769">
     <span class='ocr_line' id='line_1_21' title="bbox 2143 691 3726 769; baseline 0.007 -25"><span class='ocrx_word' id='word_1_129' title='bbox 2143 691 2273 745; x_wconf 82' lang='lat' dir='ltr'><strong>thus</strong></span> <span class='ocrx_word' id='word_1_130' title='bbox 2297 692 2515 762; x_wconf 84' lang='lat' dir='ltr'><strong>quippe,</strong></span> <span class='ocrx_word' id='word_1_131' title='bbox 2537 693 2630 762; x_wconf 89' lang='lat' dir='ltr'><strong>qui</strong></span> <span class='ocrx_word' id='word_1_132' title='bbox 2657 694 2777 750; x_wconf 84' lang='lat' dir='ltr'><strong>coeii</strong></span> <span class='ocrx_word' id='word_1_133' title='bbox 2801 694 3036 751; x_wconf 91' lang='lat' dir='ltr'><strong>colorem</strong></span> <span class='ocrx_word' id='word_1_134' title='bbox 3061 696 3325 764; x_wconf 82' lang='lat' dir='ltr'><strong>imitatur,</strong></span> <span class='ocrx_word' id='word_1_135' title='bbox 3361 712 3726 769; x_wconf 82' lang='lat' dir='ltr'><strong>supernorum</strong></span> 
     </span>
    </p>
   </div>
   <div class='ocr_carea' id='block_1_22' title="bbox 2143 781 3727 861">
    <p class='ocr_par' dir='ltr' id='par_1_22' title="bbox 2143 781 3727 861">
     <span class='ocr_line' id='line_1_22' title="bbox 2143 781 3727 861; baseline 0.006 -25"><span class='ocrx_word' id='word_1_136' title='bbox 2143 781 2428 838; x_wconf 83' lang='lat' dir='ltr'><strong>desideriis</strong></span> <span class='ocrx_word' id='word_1_137' title='bbox 2454 791 2578 853; x_wconf 86' lang='lat' dir='ltr'><strong>apte</strong></span> <span class='ocrx_word' id='word_1_138' title='bbox 2599 794 2966 857; x_wconf 87' lang='lat' dir='ltr'><strong>comparatur.</strong></span> <span class='ocrx_word' id='word_1_139' title='bbox 3006 787 3251 859; x_wconf 88' lang='lat' dir='ltr'><strong>Purpura</strong></span> <span class='ocrx_word' id='word_1_140' title='bbox 3267 829 3283 856; x_wconf 92' lang='lat'><strong>,</strong></span> <span class='ocrx_word' id='word_1_141' title='bbox 3314 803 3435 859; x_wconf 70' lang='lat' dir='ltr'><strong>quae</strong></span> <span class='ocrx_word' id='word_1_142' title='bbox 3457 791 3727 861; x_wconf 74' lang='lat' dir='ltr'><strong>sanguine</strong></span> 
     </span>
    </p>
   </div>
   <div class='ocr_carea' id='block_1_23' title="bbox 2140 873 3726 953">
    <p class='ocr_par' dir='ltr' id='par_1_23' title="bbox 2140 873 3726 953">
     <span class='ocr_line' id='line_1_23' title="bbox 2140 873 3726 953; baseline 0.006 -25"><span class='ocrx_word' id='word_1_143' title='bbox 2140 873 2546 945; x_wconf 83' lang='lat' dir='ltr'><strong>conchyliorum</strong></span> <span class='ocrx_word' id='word_1_144' title='bbox 2589 876 2895 945; x_wconf 91' lang='lat' dir='ltr'><strong>conﬁcitur,</strong></span> <span class='ocrx_word' id='word_1_145' title='bbox 2941 886 2998 935; x_wconf 89' lang='lat' dir='ltr'><strong>et</strong></span> <span class='ocrx_word' id='word_1_146' title='bbox 3031 881 3382 952; x_wconf 78' lang='lat' dir='ltr'><strong>sanguineam</strong></span> <span class='ocrx_word' id='word_1_147' title='bbox 3419 882 3535 953; x_wconf 87' lang='lat' dir='ltr'><strong>ipsa</strong></span> <span class='ocrx_word' id='word_1_148' title='bbox 3579 898 3726 952; x_wconf 70' lang='lat' dir='ltr'><strong>prae-</strong></span> 
     </span>
    </p>
   </div>
   <div class='ocr_carea' id='block_1_24' title="bbox 2140 964 3724 1037">
    <p class='ocr_par' dir='ltr' id='par_1_24' title="bbox 2140 964 3724 1037">
     <span class='ocr_line' id='line_1_24' title="bbox 2140 964 3724 1037; baseline 0.006 -17"><span class='ocrx_word' id='word_1_149' title='bbox 2140 964 2247 1021; x_wconf 84' lang='lat' dir='ltr'><strong>fert</strong></span> <span class='ocrx_word' id='word_1_150' title='bbox 2277 968 2527 1037; x_wconf 89' lang='lat' dir='ltr'><strong>speciem,</strong></span> <span class='ocrx_word' id='word_1_151' title='bbox 2558 984 2667 1024; x_wconf 88' lang='lat' dir='ltr'><strong>non</strong></span> <span class='ocrx_word' id='word_1_152' title='bbox 2695 971 2966 1028; x_wconf 85' lang='lat' dir='ltr'><strong>immerito</strong></span> <span class='ocrx_word' id='word_1_153' title='bbox 2990 982 3391 1029; x_wconf 82' lang='lat' dir='ltr'><strong>sacramentum</strong></span> <span class='ocrx_word' id='word_1_154' title='bbox 3421 974 3724 1031; x_wconf 65' lang='lat' dir='ltr'><strong>Dominicae</strong></span> 
     </span>
    </p>
   </div>
   <div class='ocr_carea' id='block_1_25' title="bbox 2142 1055 3722 1131">
    <p class='ocr_par' dir='ltr' id='par_1_25' title="bbox 2142 1055 3722 1131">
     <span class='ocr_line' id='line_1_25' title="bbox 2142 1055 3722 1131; baseline 0.006 -20"><span class='ocrx_word' id='word_1_155' title='bbox 2142 1055 2322 1125; x_wconf 84' lang='lat' dir='ltr'><strong>signat</strong></span> <span class='ocrx_word' id='word_1_156' title='bbox 2348 1059 2635 1126; x_wconf 87' lang='lat' dir='ltr'><strong>passionis,</strong></span> <span class='ocrx_word' id='word_1_157' title='bbox 2664 1076 2772 1131; x_wconf 91' lang='lat' dir='ltr'><strong>quo</strong></span> <span class='ocrx_word' id='word_1_158' title='bbox 2805 1077 2907 1117; x_wconf 90' lang='lat' dir='ltr'><strong>nos</strong></span> <span class='ocrx_word' id='word_1_159' title='bbox 2950 1063 3178 1131; x_wconf 87' lang='lat' dir='ltr'><strong>initiari,</strong></span> <span class='ocrx_word' id='word_1_160' title='bbox 3212 1078 3435 1121; x_wconf 84' lang='lat' dir='ltr'><strong>crucem</strong></span> <span class='ocrx_word' id='word_1_161' title='bbox 3471 1075 3722 1121; x_wconf 84' lang='lat' dir='ltr'><strong>nostram</strong></span> 
     </span>
    </p>
   </div>
   <div class='ocr_carea' id='block_1_26' title="bbox 2140 1149 3722 1226">
    <p class='ocr_par' dir='ltr' id='par_1_26' title="bbox 2140 1149 3722 1226">
     <span class='ocr_line' id='line_1_26' title="bbox 2140 1149 3722 1226; baseline 0.008 -25"><span class='ocrx_word' id='word_1_162' title='bbox 2140 1149 2404 1218; x_wconf 83' lang='lat' dir='ltr'><strong>portando</strong></span> <span class='ocrx_word' id='word_1_163' title='bbox 2423 1191 2440 1215; x_wconf 93' lang='lat'><strong>,</strong></span> <span class='ocrx_word' id='word_1_164' title='bbox 2485 1150 2759 1208; x_wconf 88' lang='lat' dir='ltr'><strong>debemus.</strong></span> <span class='ocrx_word' id='word_1_165' title='bbox 2802 1151 3069 1221; x_wconf 80' lang='lat' dir='ltr'><strong>Coccina,</strong></span> <span class='ocrx_word' id='word_1_166' title='bbox 3122 1157 3268 1226; x_wconf 90' lang='lat' dir='ltr'><strong>quod</strong></span> <span class='ocrx_word' id='word_1_167' title='bbox 3313 1157 3483 1212; x_wconf 90' lang='lat' dir='ltr'><strong>rubeo</strong></span> <span class='ocrx_word' id='word_1_168' title='bbox 3532 1158 3722 1213; x_wconf 90' lang='lat' dir='ltr'><strong>colore</strong></span> 
     </span>
    </p>
   </div>
   <div class='ocr_carea' id='block_1_27' title="bbox 2140 1236 3725 1315">
    <p class='ocr_par' dir='ltr' id='par_1_27' title="bbox 2140 1236 3725 1315">
     <span class='ocr_line' id='line_1_27' title="bbox 2140 1236 3725 1315; baseline 0.008 -23"><span class='ocrx_word' id='word_1_169' title='bbox 2140 1236 2480 1306; x_wconf 85' lang='lat' dir='ltr'><strong>ﬁammescit,</strong></span> <span class='ocrx_word' id='word_1_170' title='bbox 2529 1257 2765 1312; x_wconf 83' lang='lat' dir='ltr'><strong>congrue</strong></span> <span class='ocrx_word' id='word_1_171' title='bbox 2807 1244 2981 1299; x_wconf 84' lang='lat' dir='ltr'><strong>virtus</strong></span> <span class='ocrx_word' id='word_1_172' title='bbox 3018 1245 3341 1315; x_wconf 76' lang='lat' dir='ltr'><strong>exprimitur</strong></span> <span class='ocrx_word' id='word_1_173' title='bbox 3379 1247 3619 1302; x_wconf 89' lang='lat' dir='ltr'><strong>amoris:</strong></span> <span class='ocrx_word' id='word_1_174' title='bbox 3652 1249 3725 1304; x_wconf 86' lang='lat' dir='ltr'><strong>de</strong></span> 
     </span>
    </p>
   </div>
   <div class='ocr_carea' id='block_1_28' title="bbox 2141 1318 3725 1404">
    <p class='ocr_par' dir='ltr' id='par_1_28' title="bbox 2141 1318 3725 1404">
     <span class='ocr_line' id='line_1_28' title="bbox 2141 1318 3725 1404; baseline 0.006 -21"><span class='ocrx_word' id='word_1_175' title='bbox 2141 1344 2249 1399; x_wconf 88' lang='lat' dir='ltr'><strong>quo</strong></span> <span class='ocrx_word' id='word_1_176' title='bbox 2293 1330 2552 1387; x_wconf 84' lang='lat' dir='ltr'><strong>mirantes</strong></span> <span class='ocrx_word' id='word_1_177' title='bbox 2596 1332 2803 1398; x_wconf 84' lang='lat' dir='ltr'><strong>dixere,</strong></span> <span class='ocrx_word' id='word_1_178' title='bbox 2851 1334 3097 1404; x_wconf 91' lang='lat' dir='ltr'><strong>quicum</strong></span> <span class='ocrx_word' id='word_1_179' title='bbox 3138 1318 3367 1391; x_wconf 85' lang='lat' dir='ltr'><strong>Domino</strong></span> <span class='ocrx_word' id='word_1_180' title='bbox 3409 1336 3725 1392; x_wconf 88' lang='lat' dir='ltr'><strong>ambulave-</strong></span> 
     </span>
    </p>
   </div>
   <div class='ocr_carea' id='block_1_29' title="bbox 2140 1420 3723 1492">
    <p class='ocr_par' dir='ltr' id='par_1_29' title="bbox 2140 1420 3723 1492">
     <span class='ocr_line' id='line_1_29' title="bbox 2140 1420 3723 1492; baseline 0.004 -17"><span class='ocrx_word' id='word_1_181' title='bbox 2140 1427 2286 1485; x_wconf 88' lang='lat' dir='ltr'><strong>rant,</strong></span> <span class='ocrx_word' id='word_1_182' title='bbox 2323 1420 2613 1492; x_wconf 89' lang='lat' dir='ltr'><strong>discipuli:</strong></span> <span class='ocrx_word' id='word_1_183' title='bbox 2646 1443 2666 1474; x_wconf 87' lang='grc'><em>‹</em></span> <span class='ocrx_word' id='word_1_184' title='bbox 2703 1423 2890 1479; x_wconf 86' lang='lat' dir='ltr'><strong>Nonne</strong></span> <span class='ocrx_word' id='word_1_185' title='bbox 2928 1440 3027 1480; x_wconf 90' lang='lat' dir='ltr'><strong>cor</strong></span> <span class='ocrx_word' id='word_1_186' title='bbox 3073 1434 3322 1481; x_wconf 87' lang='lat' dir='ltr'><strong>nostrum</strong></span> <span class='ocrx_word' id='word_1_187' title='bbox 3365 1427 3566 1481; x_wconf 87' lang='lat' dir='ltr'><strong>ardens</strong></span> <span class='ocrx_word' id='word_1_188' title='bbox 3597 1437 3723 1483; x_wconf 87' lang='lat' dir='ltr'><strong>erat</strong></span> 
     </span>
    </p>
   </div>
   <div class='ocr_carea' id='block_1_30' title="bbox 2140 1512 3723 1588">
    <p class='ocr_par' dir='ltr' id='par_1_30' title="bbox 2140 1512 3723 1588">
     <span class='ocr_line' id='line_1_30' title="bbox 2140 1512 3723 1588; baseline 0.003 -19"><span class='ocrx_word' id='word_1_189' title='bbox 2140 1512 2196 1569; x_wconf 90' lang='lat' dir='ltr'><strong>in</strong></span> <span class='ocrx_word' id='word_1_190' title='bbox 2226 1514 2400 1581; x_wconf 90' lang='lat' dir='ltr'><strong>nobis,</strong></span> <span class='ocrx_word' id='word_1_191' title='bbox 2444 1513 2575 1570; x_wconf 88' lang='lat' dir='ltr'><strong>dum</strong></span> <span class='ocrx_word' id='word_1_192' title='bbox 2598 1516 2911 1587; x_wconf 91' lang='lat' dir='ltr'><strong>loqueretur</strong></span> <span class='ocrx_word' id='word_1_193' title='bbox 2948 1518 3004 1572; x_wconf 91' lang='lat' dir='ltr'><strong>in</strong></span> <span class='ocrx_word' id='word_1_194' title='bbox 3042 1518 3152 1585; x_wconf 87' lang='lat' dir='ltr'><strong>via,</strong></span> <span class='ocrx_word' id='word_1_195' title='bbox 3180 1525 3237 1573; x_wconf 90' lang='lat' dir='ltr'><strong>et</strong></span> <span class='ocrx_word' id='word_1_196' title='bbox 3271 1518 3510 1588; x_wconf 82' lang='lat' dir='ltr'><strong>aperiret</strong></span> <span class='ocrx_word' id='word_1_197' title='bbox 3558 1519 3723 1575; x_wconf 89' lang='lat' dir='ltr'><strong>nobis</strong></span> 
     </span>
    </p>
   </div>
   <div class='ocr_carea' id='block_1_31' title="bbox 2143 1602 3725 1679">
    <p class='ocr_par' dir='ltr' id='par_1_31' title="bbox 2143 1602 3725 1679">
     <span class='ocr_line' id='line_1_31' title="bbox 2143 1602 3725 1679; baseline 0.001 -19"><span class='ocrx_word' id='word_1_198' title='bbox 2143 1602 2485 1675; x_wconf 85' lang='lat' dir='ltr'><strong>Scripturas?</strong></span> <span class='ocrx_word' id='word_1_199' title='bbox 2514 1604 2677 1677; x_wconf 83' lang='lat' dir='ltr'><strong>(Luc.</strong></span> <span class='ocrx_word' id='word_1_200' title='bbox 2702 1606 2875 1679; x_wconf 75' lang='lat' dir='ltr'><strong>XXIV.)</strong></span> <span class='ocrx_word' id='word_1_201' title='bbox 2906 1626 2924 1660; x_wconf 76' lang='grc' dir='ltr'><strong><em>ι</em></strong></span> <span class='ocrx_word' id='word_1_202' title='bbox 2954 1607 3173 1679; x_wconf 86' lang='lat' dir='ltr'><strong>Byssus,</strong></span> <span class='ocrx_word' id='word_1_203' title='bbox 3206 1623 3326 1677; x_wconf 76' lang='lat' dir='ltr'><strong>quae</strong></span> <span class='ocrx_word' id='word_1_204' title='bbox 3369 1610 3435 1664; x_wconf 93' lang='lat' dir='ltr'><strong>de</strong></span> <span class='ocrx_word' id='word_1_205' title='bbox 3464 1616 3609 1662; x_wconf 88' lang='lat' dir='ltr'><strong>terra</strong></span> <span class='ocrx_word' id='word_1_206' title='bbox 3644 1610 3725 1662; x_wconf 81' lang='lat' dir='ltr'><strong>vi-</strong></span> 
     </span>
    </p>
   </div>
   <div class='ocr_carea' id='block_1_32' title="bbox 2140 1697 3723 1770">
    <p class='ocr_par' dir='ltr' id='par_1_32' title="bbox 2140 1697 3723 1770">
     <span class='ocr_line' id='line_1_32' title="bbox 2140 1697 3723 1770; baseline 0.001 -18"><span class='ocrx_word' id='word_1_207' title='bbox 2140 1697 2278 1752; x_wconf 83' lang='lat' dir='ltr'><strong>renti</strong></span> <span class='ocrx_word' id='word_1_208' title='bbox 2299 1698 2542 1768; x_wconf 76' lang='lat' dir='ltr'><strong>germine</strong></span> <span class='ocrx_word' id='word_1_209' title='bbox 2574 1700 2848 1766; x_wconf 87' lang='lat' dir='ltr'><strong>nascitur,</strong></span> <span class='ocrx_word' id='word_1_210' title='bbox 2871 1707 2926 1754; x_wconf 90' lang='lat' dir='ltr'><strong>et</strong></span> <span class='ocrx_word' id='word_1_211' title='bbox 2954 1699 3113 1770; x_wconf 88' lang='lat' dir='ltr'><strong>longo</strong></span> <span class='ocrx_word' id='word_1_212' title='bbox 3140 1699 3409 1755; x_wconf 89' lang='lat' dir='ltr'><strong>artiﬁcum</strong></span> <span class='ocrx_word' id='word_1_213' title='bbox 3450 1699 3723 1755; x_wconf 80' lang='lat' dir='ltr'><strong>exercitio</strong></span> 
     </span>
    </p>
   </div>
   <div class='ocr_carea' id='block_1_33' title="bbox 2136 1788 3701 1861">
    <p class='ocr_par' dir='ltr' id='par_1_33' title="bbox 2136 1788 3701 1861">
     <span class='ocr_line' id='line_1_33' title="bbox 2136 1788 3701 1861; baseline 0.002 -20"><span class='ocrx_word' id='word_1_214' title='bbox 2136 1788 2377 1843; x_wconf 87' lang='lat' dir='ltr'><strong>nativum</strong></span> <span class='ocrx_word' id='word_1_215' title='bbox 2431 1790 2581 1844; x_wconf 85' lang='lat' dir='ltr'><strong>exuit</strong></span> <span class='ocrx_word' id='word_1_216' title='bbox 2628 1791 2893 1857; x_wconf 86' lang='lat' dir='ltr'><strong>virorem,</strong></span> <span class='ocrx_word' id='word_1_217' title='bbox 2954 1799 3117 1861; x_wconf 89' lang='lat' dir='ltr'><strong>atque</strong></span> <span class='ocrx_word' id='word_1_218' title='bbox 3163 1791 3231 1845; x_wconf 89' lang='lat' dir='ltr'><strong>ad</strong></span> <span class='ocrx_word' id='word_1_219' title='bbox 3276 1790 3566 1846; x_wconf 87' lang='lat' dir='ltr'><strong>albentem</strong></span> <span class='ocrx_word' id='word_1_220' title='bbox 3594 1806 3701 1861; x_wconf 87' lang='lat' dir='ltr'><strong>per</strong></span> 
     </span>
    </p>
   </div>
   <div class='ocr_carea' id='block_1_34' title="bbox 454 1868 3721 1952">
    <p class='ocr_par' dir='ltr' id='par_1_34' title="bbox 454 1868 3721 1952">
     <span class='ocr_line' id='line_1_34' title="bbox 454 1868 3721 1952; baseline 0.004 -29"><span class='ocrx_word' id='word_1_221' title='bbox 454 1878 553 1932; x_wconf 79' lang='lat' dir='ltr'><strong>per</strong></span> <span class='ocrx_word' id='word_1_222' title='bbox 578 1872 749 1925; x_wconf 85' lang='lat' dir='ltr'><strong>totum</strong></span> <span class='ocrx_word' id='word_1_223' title='bbox 777 1870 962 1924; x_wconf 89' lang='lat' dir='ltr'><strong>orbem</strong></span> <span class='ocrx_word' id='word_1_224' title='bbox 985 1870 1223 1928; x_wconf 86' lang='lat' dir='ltr'><strong>Ecclesia</strong></span> <span class='ocrx_word' id='word_1_225' title='bbox 1253 1872 1306 1928; x_wconf 86' lang='lat' dir='ltr'><strong>in</strong></span> <span class='ocrx_word' id='word_1_226' title='bbox 1327 1875 1531 1930; x_wconf 81' lang='lat' dir='ltr'><strong>sanctis</strong></span> <span class='ocrx_word' id='word_1_227' title='bbox 1556 1876 1668 1931; x_wconf 89' lang='lat' dir='ltr'><strong>suis</strong></span> <span class='ocrx_word' id='word_1_228' title='bbox 1693 1893 1759 1931; x_wconf 90' lang='lat' dir='ltr'><strong>ac</strong></span> <span class='ocrx_word' id='word_1_229' title='bbox 1782 1878 2035 1948; x_wconf 74' lang='lat' dir='ltr'><strong>perfectis</strong></span> <span class='ocrx_word' id='word_1_230' title='bbox 2060 1868 2110 1929; x_wconf 85' lang='grc' dir='ltr'><strong>Β</strong></span> <span class='ocrx_word' id='word_1_231' title='bbox 2136 1878 2349 1933; x_wconf 89' lang='lat' dir='ltr'><strong>ducitur</strong></span> <span class='ocrx_word' id='word_1_232' title='bbox 2408 1881 2643 1949; x_wconf 88' lang='lat' dir='ltr'><strong>speciem</strong></span> <span class='ocrx_word' id='word_1_233' title='bbox 2663 1921 2681 1948; x_wconf 96' lang='lat'><strong>,</strong></span> <span class='ocrx_word' id='word_1_234' title='bbox 2742 1895 2980 1951; x_wconf 86' lang='lat' dir='ltr'><strong>congrue</strong></span> <span class='ocrx_word' id='word_1_235' title='bbox 3046 1882 3459 1952; x_wconf 84' lang='lat' dir='ltr'><strong>castigationem</strong></span> <span class='ocrx_word' id='word_1_236' title='bbox 3526 1882 3721 1937; x_wconf 86' lang='lat' dir='ltr'><strong>carnis</strong></span> 
     </span>
    </p>
   </div>
   <div class='ocr_carea' id='block_1_35' title="bbox 453 1959 2039 2032">
    <p class='ocr_par' dir='ltr' id='par_1_35' title="bbox 453 1959 2039 2032">
     <span class='ocr_line' id='line_1_35' title="bbox 453 1959 2039 2032; baseline 0.012 -24"><span class='ocrx_word' id='word_1_237' title='bbox 453 1965 759 2023; x_wconf 82' lang='lat' dir='ltr'><strong>exercetur,</strong></span> <span class='ocrx_word' id='word_1_238' title='bbox 808 1959 883 2014; x_wconf 88' lang='lat' dir='ltr'><strong>illi</strong></span> <span class='ocrx_word' id='word_1_239' title='bbox 912 1962 1203 2032; x_wconf 83' lang='lat' dir='ltr'><strong>praecipue,</strong></span> <span class='ocrx_word' id='word_1_240' title='bbox 1246 1963 1441 2032; x_wconf 87' lang='lat' dir='ltr'><strong>quibus</strong></span> <span class='ocrx_word' id='word_1_241' title='bbox 1474 1964 1713 2023; x_wconf 86' lang='lat' dir='ltr'><strong>ﬁdelium</strong></span> <span class='ocrx_word' id='word_1_242' title='bbox 1735 1983 1863 2023; x_wconf 88' lang='lat' dir='ltr'><strong>cura</strong></span> <span class='ocrx_word' id='word_1_243' title='bbox 1893 1986 2039 2026; x_wconf 92' lang='lat' dir='ltr'><strong>com-</strong></span> 
     </span>
    </p>
   </div>
   <div class='ocr_carea' id='block_1_36' title="bbox 454 2045 2038 2125">
    <p class='ocr_par' dir='ltr' id='par_1_36' title="bbox 454 2045 2038 2125">
     <span class='ocr_line' id='line_1_36' title="bbox 454 2045 2038 2125; baseline 0.009 -22"><span class='ocrx_word' id='word_1_244' title='bbox 454 2045 638 2111; x_wconf 82' lang='lat' dir='ltr'><strong>missa,</strong></span> <span class='ocrx_word' id='word_1_245' title='bbox 669 2057 722 2102; x_wconf 91' lang='lat' dir='ltr'><strong>et</strong></span> <span class='ocrx_word' id='word_1_246' title='bbox 747 2048 923 2105; x_wconf 81' lang='lat' dir='ltr'><strong>claves</strong></span> <span class='ocrx_word' id='word_1_247' title='bbox 962 2053 1112 2122; x_wconf 87' lang='lat' dir='ltr'><strong>regni</strong></span> <span class='ocrx_word' id='word_1_248' title='bbox 1139 2052 1399 2110; x_wconf 74' lang='lat' dir='ltr'><strong>caelorum</strong></span> <span class='ocrx_word' id='word_1_249' title='bbox 1429 2065 1557 2111; x_wconf 91' lang='lat' dir='ltr'><strong>sunt</strong></span> <span class='ocrx_word' id='word_1_250' title='bbox 1583 2059 1744 2125; x_wconf 82' lang='lat' dir='ltr'><strong>datae,</strong></span> <span class='ocrx_word' id='word_1_251' title='bbox 1774 2062 1921 2116; x_wconf 91' lang='lat' dir='ltr'><strong>omni</strong></span> <span class='ocrx_word' id='word_1_252' title='bbox 1945 2064 2038 2118; x_wconf 89' lang='lat' dir='ltr'><strong>de-</strong></span> 
     </span>
    </p>
   </div>
   <div class='ocr_carea' id='block_1_37' title="bbox 450 2133 2038 2221">
    <p class='ocr_par' dir='ltr' id='par_1_37' title="bbox 450 2133 2038 2221">
     <span class='ocr_line' id='line_1_37' title="bbox 450 2133 2038 2221; baseline 0.014 -34"><span class='ocrx_word' id='word_1_253' title='bbox 450 2133 580 2190; x_wconf 92' lang='lat' dir='ltr'><strong>bent</strong></span> <span class='ocrx_word' id='word_1_254' title='bbox 616 2137 830 2194; x_wconf 90' lang='lat' dir='ltr'><strong>solertia</strong></span> <span class='ocrx_word' id='word_1_255' title='bbox 870 2140 1157 2221; x_wconf 80' lang='lat' dir='ltr'><strong>insistere,</strong></span> <span class='ocrx_word' id='word_1_256' title='bbox 1197 2152 1257 2198; x_wconf 93' lang='lat' dir='ltr'><strong>ut</strong></span> <span class='ocrx_word' id='word_1_257' title='bbox 1291 2154 1555 2215; x_wconf 91' lang='lat' dir='ltr'><strong>quantum</strong></span> <span class='ocrx_word' id='word_1_258' title='bbox 1593 2151 1762 2218; x_wconf 88' lang='lat' dir='ltr'><strong>gradu</strong></span> <span class='ocrx_word' id='word_1_259' title='bbox 1788 2155 2038 2221; x_wconf 61' lang='lat' dir='ltr'><strong>preemi-</strong></span> 
     </span>
    </p>
   </div>
   <div class='ocr_carea' id='block_1_38' title="bbox 450 2224 2031 2306">
    <p class='ocr_par' dir='ltr' id='par_1_38' title="bbox 450 2224 2031 2306">
     <span class='ocr_line' id='line_1_38' title="bbox 450 2224 2031 2306; baseline 0.015 -28"><span class='ocrx_word' id='word_1_260' title='bbox 450 2234 580 2280; x_wconf 87' lang='lat' dir='ltr'><strong>nent</strong></span> <span class='ocrx_word' id='word_1_261' title='bbox 605 2228 834 2292; x_wconf 83' lang='lat' dir='ltr'><strong>caeteris,</strong></span> <span class='ocrx_word' id='word_1_262' title='bbox 881 2237 1090 2286; x_wconf 88' lang='lat' dir='ltr'><strong>tantum</strong></span> <span class='ocrx_word' id='word_1_263' title='bbox 1111 2234 1307 2289; x_wconf 90' lang='lat' dir='ltr'><strong>merito</strong></span> <span class='ocrx_word' id='word_1_264' title='bbox 1335 2237 1649 2306; x_wconf 73' lang='lat' dir='ltr'><strong>praecellant</strong></span> <span class='ocrx_word' id='word_1_265' title='bbox 1678 2224 1833 2297; x_wconf 79' lang='lat' dir='ltr'><strong>bonae</strong></span> <span class='ocrx_word' id='word_1_266' title='bbox 1857 2245 2031 2300; x_wconf 84' lang='lat' dir='ltr'><strong>actio-</strong></span> 
     </span>
    </p>
   </div>
   <div class='ocr_carea' id='block_1_39' title="bbox 451 2316 2031 2397">
    <p class='ocr_par' dir='ltr' id='par_1_39' title="bbox 451 2316 2031 2397">
     <span class='ocr_line' id='line_1_39' title="bbox 451 2316 2031 2397; baseline 0.014 -28"><span class='ocrx_word' id='word_1_267' title='bbox 451 2316 556 2395; x_wconf 73' lang='lat' dir='ltr'><strong>nis.</strong></span> <span class='ocrx_word' id='word_1_268' title='bbox 605 2317 814 2375; x_wconf 79' lang='lat' dir='ltr'><strong>Habent</strong></span> <span class='ocrx_word' id='word_1_269' title='bbox 852 2338 1075 2393; x_wconf 83' lang='lat' dir='ltr'><strong>namque</strong></span> <span class='ocrx_word' id='word_1_270' title='bbox 1110 2325 1164 2377; x_wconf 86' lang='lat' dir='ltr'><strong>in</strong></span> <span class='ocrx_word' id='word_1_271' title='bbox 1188 2342 1243 2381; x_wconf 80' lang='lat' dir='ltr'><strong>se</strong></span> <span class='ocrx_word' id='word_1_272' title='bbox 1280 2328 1542 2397; x_wconf 81' lang='lat' dir='ltr'><strong>picturam</strong></span> <span class='ocrx_word' id='word_1_273' title='bbox 1582 2332 1850 2388; x_wconf 82' lang='lat' dir='ltr'><strong>cherubim</strong></span> <span class='ocrx_word' id='word_1_274' title='bbox 1883 2335 2031 2390; x_wconf 77' lang='lat' dir='ltr'><strong>scul-</strong></span> 
     </span>
    </p>
   </div>
   <div class='ocr_carea' id='block_1_40' title="bbox 449 2414 2037 2494">
    <p class='ocr_par' dir='ltr' id='par_1_40' title="bbox 449 2414 2037 2494">
     <span class='ocr_line' id='line_1_40' title="bbox 449 2414 2037 2494; baseline 0.017 -35"><span class='ocrx_word' id='word_1_275' title='bbox 449 2419 614 2477; x_wconf 78' lang='lat' dir='ltr'><strong>ptnm,</strong></span> <span class='ocrx_word' id='word_1_276' title='bbox 644 2426 766 2466; x_wconf 91' lang='lat' dir='ltr'><strong>cum</strong></span> <span class='ocrx_word' id='word_1_277' title='bbox 796 2414 1094 2486; x_wconf 82' lang='lat' dir='ltr'><strong>angelicam</strong></span> <span class='ocrx_word' id='word_1_278' title='bbox 1121 2417 1179 2473; x_wconf 91' lang='lat' dir='ltr'><strong>in</strong></span> <span class='ocrx_word' id='word_1_279' title='bbox 1222 2419 1383 2475; x_wconf 89' lang='lat' dir='ltr'><strong>terris</strong></span> <span class='ocrx_word' id='word_1_280' title='bbox 1407 2422 1575 2477; x_wconf 88' lang='lat' dir='ltr'><strong>vitam</strong></span> <span class='ocrx_word' id='word_1_281' title='bbox 1602 2433 1865 2494; x_wconf 90' lang='lat' dir='ltr'><strong>quantum</strong></span> <span class='ocrx_word' id='word_1_282' title='bbox 1889 2444 2037 2485; x_wconf 92' lang='lat' dir='ltr'><strong>mor-</strong></span> 
     </span>
    </p>
   </div>
   <div class='ocr_carea' id='block_1_41' title="bbox 453 2501 2030 2593">
    <p class='ocr_par' dir='ltr' id='par_1_41' title="bbox 453 2501 2030 2593">
     <span class='ocr_line' id='line_1_41' title="bbox 453 2501 2030 2593; baseline 0.015 -37"><span class='ocrx_word' id='word_1_283' title='bbox 453 2501 642 2557; x_wconf 75' lang='lat' dir='ltr'><strong>taliva</strong></span> <span class='ocrx_word' id='word_1_284' title='bbox 692 2506 948 2575; x_wconf 90' lang='lat' dir='ltr'><strong>possibile</strong></span> <span class='ocrx_word' id='word_1_285' title='bbox 980 2518 1084 2577; x_wconf 91' lang='lat' dir='ltr'><strong>est,</strong></span> <span class='ocrx_word' id='word_1_286' title='bbox 1115 2519 1172 2566; x_wconf 90' lang='lat' dir='ltr'><strong>et</strong></span> <span class='ocrx_word' id='word_1_287' title='bbox 1199 2520 1383 2568; x_wconf 91' lang='lat' dir='ltr'><strong>mente</strong></span> <span class='ocrx_word' id='word_1_288' title='bbox 1426 2513 1711 2571; x_wconf 89' lang='lat' dir='ltr'><strong>imitantur</strong></span> <span class='ocrx_word' id='word_1_289' title='bbox 1752 2528 1806 2574; x_wconf 91' lang='lat' dir='ltr'><strong>et</strong></span> <span class='ocrx_word' id='word_1_290' title='bbox 1844 2537 2030 2593; x_wconf 90' lang='lat' dir='ltr'><strong>opere.</strong></span> 
     </span>
    </p>
   </div>
   <div class='ocr_carea' id='block_1_42' title="bbox 452 2594 2034 2682">
    <p class='ocr_par' dir='ltr' id='par_1_42' title="bbox 452 2594 2034 2682">
     <span class='ocr_line' id='line_1_42' title="bbox 452 2594 2034 2682; baseline 0.016 -36"><span class='ocrx_word' id='word_1_291' title='bbox 452 2594 656 2650; x_wconf 80' lang='lat' dir='ltr'><strong>Habent</strong></span> <span class='ocrx_word' id='word_1_292' title='bbox 686 2599 981 2668; x_wconf 81' lang='lat' dir='ltr'><strong>palmarum</strong></span> <span class='ocrx_word' id='word_1_293' title='bbox 1005 2606 1220 2674; x_wconf 78' lang='lat' dir='ltr'><strong>species,</strong></span> <span class='ocrx_word' id='word_1_294' title='bbox 1259 2621 1383 2663; x_wconf 91' lang='lat' dir='ltr'><strong>cum</strong></span> <span class='ocrx_word' id='word_1_295' title='bbox 1410 2606 1552 2669; x_wconf 91' lang='lat' dir='ltr'><strong>dona</strong></span> <span class='ocrx_word' id='word_1_296' title='bbox 1583 2624 1828 2682; x_wconf 85' lang='lat' dir='ltr'><strong>supernae</strong></span> <span class='ocrx_word' id='word_1_297' title='bbox 1874 2616 2034 2670; x_wconf 90' lang='lat' dir='ltr'><strong>retri-</strong></span> 
     </span>
    </p>
   </div>
   <div class='ocr_carea' id='block_1_43' title="bbox 450 2686 2031 2766">
    <p class='ocr_par' dir='ltr' id='par_1_43' title="bbox 450 2686 2031 2766">
     <span class='ocr_line' id='line_1_43' title="bbox 450 2686 2031 2766; baseline 0.013 -25"><span class='ocrx_word' id='word_1_298' title='bbox 450 2686 683 2745; x_wconf 86' lang='lat' dir='ltr'><strong>butionis</strong></span> <span class='ocrx_word' id='word_1_299' title='bbox 732 2690 834 2747; x_wconf 82' lang='lat' dir='ltr'><strong>ﬁxa</strong></span> <span class='ocrx_word' id='word_1_300' title='bbox 864 2706 1077 2766; x_wconf 88' lang='lat' dir='ltr'><strong>semper</strong></span> <span class='ocrx_word' id='word_1_301' title='bbox 1119 2697 1421 2756; x_wconf 88' lang='lat' dir='ltr'><strong>intentione</strong></span> <span class='ocrx_word' id='word_1_302' title='bbox 1449 2702 1803 2758; x_wconf 85' lang='lat' dir='ltr'><strong>meditantur.</strong></span> <span class='ocrx_word' id='word_1_303' title='bbox 1844 2703 2031 2761; x_wconf 88' lang='lat' dir='ltr'><strong>Palma</strong></span> 
     </span>
    </p>
   </div>
   <div class='ocr_carea' id='block_1_44' title="bbox 450 2785 2033 2868">
    <p class='ocr_par' dir='ltr' id='par_1_44' title="bbox 450 2785 2033 2868">
     <span class='ocr_line' id='line_1_44' title="bbox 450 2785 2033 2868; baseline 0.012 -37"><span class='ocrx_word' id='word_1_304' title='bbox 450 2794 682 2852; x_wconf 88' lang='lat' dir='ltr'><strong>namque</strong></span> <span class='ocrx_word' id='word_1_305' title='bbox 723 2799 916 2841; x_wconf 88' lang='lat' dir='ltr'><strong>manus</strong></span> <span class='ocrx_word' id='word_1_306' title='bbox 937 2785 1162 2844; x_wconf 84' lang='lat' dir='ltr'><strong>victoris</strong></span> <span class='ocrx_word' id='word_1_307' title='bbox 1190 2799 1414 2850; x_wconf 89' lang='lat' dir='ltr'><strong>ornatus</strong></span> <span class='ocrx_word' id='word_1_308' title='bbox 1436 2802 1539 2849; x_wconf 87' lang='lat' dir='ltr'><strong>est.</strong></span> <span class='ocrx_word' id='word_1_309' title='bbox 1569 2794 1780 2849; x_wconf 83' lang='lat' dir='ltr'><strong>Habent</strong></span> <span class='ocrx_word' id='word_1_310' title='bbox 1820 2796 2033 2868; x_wconf 83' lang='lat' dir='ltr'><strong>anagly-</strong></span> 
     </span>
    </p>
   </div>
   <div class='ocr_carea' id='block_1_45' title="bbox 448 2871 2035 2960">
    <p class='ocr_par' dir='ltr' id='par_1_45' title="bbox 448 2871 2035 2960">
     <span class='ocr_line' id='line_1_45' title="bbox 448 2871 2035 2960; baseline 0.014 -38"><span class='ocrx_word' id='word_1_311' title='bbox 448 2871 549 2940; x_wconf 80' lang='lat' dir='ltr'><strong>plm</strong></span> <span class='ocrx_word' id='word_1_312' title='bbox 580 2873 729 2929; x_wconf 80' lang='lat' dir='ltr'><strong>valde</strong></span> <span class='ocrx_word' id='word_1_313' title='bbox 749 2877 1119 2946; x_wconf 82' lang='lat' dir='ltr'><strong>prominentia,</strong></span> <span class='ocrx_word' id='word_1_314' title='bbox 1142 2896 1265 2938; x_wconf 90' lang='lat' dir='ltr'><strong>cum</strong></span> <span class='ocrx_word' id='word_1_315' title='bbox 1292 2884 1597 2941; x_wconf 87' lang='lat' dir='ltr'><strong>certissima</strong></span> <span class='ocrx_word' id='word_1_316' title='bbox 1625 2887 1891 2943; x_wconf 88' lang='lat' dir='ltr'><strong>bonorum</strong></span> <span class='ocrx_word' id='word_1_317' title='bbox 1911 2903 2035 2960; x_wconf 89' lang='lat' dir='ltr'><strong>ope-</strong></span> 
     </span>
    </p>
   </div>
   <div class='ocr_carea' id='block_1_46' title="bbox 450 2966 2033 3050">
    <p class='ocr_par' dir='ltr' id='par_1_46' title="bbox 450 2966 2033 3050">
     <span class='ocr_line' id='line_1_46' title="bbox 450 2966 2033 3050; baseline 0.013 -35"><span class='ocrx_word' id='word_1_318' title='bbox 450 2979 571 3017; x_wconf 89' lang='lat' dir='ltr'><strong>rum</strong></span> <span class='ocrx_word' id='word_1_319' title='bbox 600 2966 941 3037; x_wconf 87' lang='lat' dir='ltr'><strong>documenta,</strong></span> <span class='ocrx_word' id='word_1_320' title='bbox 988 2980 1183 3044; x_wconf 72' lang='lat' dir='ltr'><strong>etquae</strong></span> <span class='ocrx_word' id='word_1_321' title='bbox 1212 2990 1372 3031; x_wconf 91' lang='lat' dir='ltr'><strong>nemo</strong></span> <span class='ocrx_word' id='word_1_322' title='bbox 1408 2976 1462 3031; x_wconf 91' lang='lat' dir='ltr'><strong>in</strong></span> <span class='ocrx_word' id='word_1_323' title='bbox 1501 2977 1775 3034; x_wconf 88' lang='lat' dir='ltr'><strong>sinistram</strong></span> <span class='ocrx_word' id='word_1_324' title='bbox 1819 2988 2033 3050; x_wconf 77' lang='lat' dir='ltr'><strong>partem</strong></span> 
     </span>
    </p>
   </div>
   <div class='ocr_carea' id='block_1_47' title="bbox 450 3058 2037 3135">
    <p class='ocr_par' dir='ltr' id='par_1_47' title="bbox 450 3058 2037 3135">
     <span class='ocr_line' id='line_1_47' title="bbox 450 3058 2037 3135; baseline 0.013 -25"><span class='ocrx_word' id='word_1_325' title='bbox 450 3058 797 3128; x_wconf 87' lang='lat' dir='ltr'><strong>interpretari</strong></span> <span class='ocrx_word' id='word_1_326' title='bbox 838 3063 1101 3121; x_wconf 90' lang='lat' dir='ltr'><strong>ullatenus</strong></span> <span class='ocrx_word' id='word_1_327' title='bbox 1141 3068 1337 3135; x_wconf 86' lang='lat' dir='ltr'><strong>valeat,</strong></span> <span class='ocrx_word' id='word_1_328' title='bbox 1368 3072 1579 3127; x_wconf 87' lang='lat' dir='ltr'><strong>cunctis</strong></span> <span class='ocrx_word' id='word_1_329' title='bbox 1614 3088 1736 3129; x_wconf 88' lang='lat' dir='ltr'><strong>sese</strong></span> <span class='ocrx_word' id='word_1_330' title='bbox 1782 3073 2037 3130; x_wconf 85' lang='lat' dir='ltr'><strong>intuenti-</strong></span> 
     </span>
    </p>
   </div>
   <div class='ocr_carea' id='block_1_48' title="bbox 449 3151 2029 3237">
    <p class='ocr_par' dir='ltr' id='par_1_48' title="bbox 449 3151 2029 3237">
     <span class='ocr_line' id='line_1_48' title="bbox 449 3151 2029 3237; baseline 0.01 -31"><span class='ocrx_word' id='word_1_331' title='bbox 449 3151 550 3206; x_wconf 87' lang='lat' dir='ltr'><strong>bus</strong></span> <span class='ocrx_word' id='word_1_332' title='bbox 571 3154 884 3210; x_wconf 87' lang='lat' dir='ltr'><strong>ostendunt.</strong></span> <span class='ocrx_word' id='word_1_333' title='bbox 900 3155 971 3211; x_wconf 87' lang='lat' dir='ltr'><strong>Et</strong></span> <span class='ocrx_word' id='word_1_334' title='bbox 990 3159 1103 3214; x_wconf 63' lang='lat' dir='ltr'><strong>hara</strong></span> <span class='ocrx_word' id='word_1_335' title='bbox 1116 3161 1292 3216; x_wconf 90' lang='lat' dir='ltr'><strong>omnia</strong></span> <span class='ocrx_word' id='word_1_336' title='bbox 1312 3172 1433 3217; x_wconf 78' lang='lat' dir='ltr'><strong>sunt</strong></span> <span class='ocrx_word' id='word_1_337' title='bbox 1453 3165 1572 3217; x_wconf 86' lang='lat' dir='ltr'><strong>auri</strong></span> <span class='ocrx_word' id='word_1_338' title='bbox 1591 3164 1802 3219; x_wconf 76' lang='lat' dir='ltr'><strong>laminis</strong></span> <span class='ocrx_word' id='word_1_339' title='bbox 1829 3176 2029 3237; x_wconf 79' lang='lat' dir='ltr'><strong>operta,</strong></span> 
     </span>
    </p>
   </div>
   <div class='ocr_carea' id='block_1_49' title="bbox 2138 1974 3725 2045">
    <p class='ocr_par' dir='ltr' id='par_1_49' title="bbox 2138 1974 3725 2045">
     <span class='ocr_line' id='line_1_49' title="bbox 2138 1974 3725 2045; baseline 0.001 -19"><span class='ocrx_word' id='word_1_340' title='bbox 2138 1980 2338 2027; x_wconf 85' lang='lat' dir='ltr'><strong>nostrae</strong></span> <span class='ocrx_word' id='word_1_341' title='bbox 2389 1974 2626 2028; x_wconf 90' lang='lat' dir='ltr'><strong>insinuat</strong></span> <span class='ocrx_word' id='word_1_342' title='bbox 2674 1991 2687 2029; x_wconf 73' lang='grc' dir='ltr'><strong><em>τ</em></strong></span> <span class='ocrx_word' id='word_1_343' title='bbox 2738 1974 2890 2044; x_wconf 90' lang='lat' dir='ltr'><strong>cujus</strong></span> <span class='ocrx_word' id='word_1_344' title='bbox 2942 1975 3097 2045; x_wconf 90' lang='lat' dir='ltr'><strong>quasi</strong></span> <span class='ocrx_word' id='word_1_345' title='bbox 3160 1977 3446 2031; x_wconf 86' lang='lat' dir='ltr'><strong>humorem</strong></span> <span class='ocrx_word' id='word_1_346' title='bbox 3506 1974 3725 2044; x_wconf 88' lang='lat' dir='ltr'><strong>ingeni-</strong></span> 
     </span>
    </p>
   </div>
   <div class='ocr_carea' id='block_1_50' title="bbox 2137 2065 3729 2137">
    <p class='ocr_par' dir='ltr' id='par_1_50' title="bbox 2137 2065 3729 2137">
     <span class='ocr_line' id='line_1_50' title="bbox 2137 2065 3729 2137; baseline 0.003 -19"><span class='ocrx_word' id='word_1_347' title='bbox 2137 2072 2248 2118; x_wconf 90' lang='lat' dir='ltr'><strong>tum</strong></span> <span class='ocrx_word' id='word_1_348' title='bbox 2301 2065 2562 2121; x_wconf 80' lang='lat' dir='ltr'><strong>exsiccari</strong></span> <span class='ocrx_word' id='word_1_349' title='bbox 2603 2065 2759 2135; x_wconf 87' lang='lat' dir='ltr'><strong>jubet</strong></span> <span class='ocrx_word' id='word_1_350' title='bbox 2803 2065 3093 2137; x_wconf 83' lang='lat' dir='ltr'><strong>Apostolus</strong></span> <span class='ocrx_word' id='word_1_351' title='bbox 3119 2107 3135 2133; x_wconf 94' lang='lat'><strong>,</strong></span> <span class='ocrx_word' id='word_1_352' title='bbox 3203 2067 3390 2122; x_wconf 89' lang='lat' dir='ltr'><strong>dicens</strong></span> <span class='ocrx_word' id='word_1_353' title='bbox 3433 2084 3447 2120; x_wconf 91' lang='lat'>:</span> <span class='ocrx_word' id='word_1_354' title='bbox 3510 2085 3529 2117; x_wconf 76' lang='grc' dir='ltr'>ι</span> <span class='ocrx_word' id='word_1_355' title='bbox 3576 2066 3729 2122; x_wconf 82' lang='lat' dir='ltr'><strong>Mor-</strong></span> 
     </span>
    </p>
   </div>
   <div class='ocr_carea' id='block_1_51' title="bbox 2141 2154 3719 2228">
    <p class='ocr_par' dir='ltr' id='par_1_51' title="bbox 2141 2154 3719 2228">
     <span class='ocr_line' id='line_1_51' title="bbox 2141 2154 3719 2228; baseline 0.003 -21"><span class='ocrx_word' id='word_1_356' title='bbox 2141 2172 2161 2206; x_wconf 79' lang='lat'><strong>¢</strong></span> <span class='ocrx_word' id='word_1_357' title='bbox 2194 2154 2395 2211; x_wconf 85' lang='lat' dir='ltr'><strong>tiﬁcate</strong></span> <span class='ocrx_word' id='word_1_358' title='bbox 2447 2158 2689 2213; x_wconf 89' lang='lat' dir='ltr'><strong>membra</strong></span> <span class='ocrx_word' id='word_1_359' title='bbox 2728 2167 2929 2225; x_wconf 89' lang='lat' dir='ltr'><strong>vestra,</strong></span> <span class='ocrx_word' id='word_1_360' title='bbox 2975 2175 3094 2228; x_wconf 64' lang='lat' dir='ltr'><strong>quae</strong></span> <span class='ocrx_word' id='word_1_361' title='bbox 3123 2167 3247 2214; x_wconf 87' lang='lat' dir='ltr'><strong>sunt</strong></span> <span class='ocrx_word' id='word_1_362' title='bbox 3277 2174 3437 2228; x_wconf 90' lang='lat' dir='ltr'><strong>super</strong></span> <span class='ocrx_word' id='word_1_363' title='bbox 3482 2166 3719 2224; x_wconf 88' lang='lat' dir='ltr'><strong>terram,</strong></span> 
     </span>
    </p>
   </div>
   <div class='ocr_carea' id='block_1_52' title="bbox 2137 2244 3726 2320">
    <p class='ocr_par' dir='ltr' id='par_1_52' title="bbox 2137 2244 3726 2320">
     <span class='ocr_line' id='line_1_52' title="bbox 2137 2244 3726 2320; baseline 0.004 -21"><span class='ocrx_word' id='word_1_364' title='bbox 2137 2244 2570 2309; x_wconf 88' lang='lat' dir='ltr'><strong>fornicationem.</strong></span> <span class='ocrx_word' id='word_1_365' title='bbox 2613 2249 3041 2316; x_wconf 89' lang='lat' dir='ltr'><strong>immunditiam,</strong></span> <span class='ocrx_word' id='word_1_366' title='bbox 3095 2250 3409 2316; x_wconf 90' lang='lat' dir='ltr'><strong>libidinem,</strong></span> <span class='ocrx_word' id='word_1_367' title='bbox 3458 2250 3726 2320; x_wconf 90' lang='lat' dir='ltr'><strong>concupi-</strong></span> 
     </span>
    </p>
   </div>
   <div class='ocr_carea' id='block_1_53' title="bbox 2136 2338 3720 2411">
    <p class='ocr_par' dir='ltr' id='par_1_53' title="bbox 2136 2338 3720 2411">
     <span class='ocr_line' id='line_1_53' title="bbox 2136 2338 3720 2411; baseline 0.002 -18"><span class='ocrx_word' id='word_1_368' title='bbox 2136 2339 2396 2393; x_wconf 89' lang='lat' dir='ltr'><strong>scentiam</strong></span> <span class='ocrx_word' id='word_1_369' title='bbox 2443 2338 2663 2405; x_wconf 90' lang='lat' dir='ltr'><strong>malam,</strong></span> <span class='ocrx_word' id='word_1_370' title='bbox 2696 2348 2750 2395; x_wconf 89' lang='lat' dir='ltr'><strong>et</strong></span> <span class='ocrx_word' id='word_1_371' title='bbox 2778 2342 3081 2407; x_wconf 85' lang='lat' dir='ltr'><strong>avaritiam,</strong></span> <span class='ocrx_word' id='word_1_372' title='bbox 3119 2357 3239 2411; x_wconf 84' lang='lat' dir='ltr'><strong>quae</strong></span> <span class='ocrx_word' id='word_1_373' title='bbox 3265 2349 3351 2397; x_wconf 89' lang='lat' dir='ltr'><strong>est</strong></span> <span class='ocrx_word' id='word_1_374' title='bbox 3392 2342 3720 2397; x_wconf 87' lang='lat' dir='ltr'><strong>simulacro-</strong></span> 
     </span>
    </p>
   </div>
   <div class='ocr_carea' id='block_1_54' title="bbox 2137 2430 3721 2504">
    <p class='ocr_par' dir='ltr' id='par_1_54' title="bbox 2137 2430 3721 2504">
     <span class='ocr_line' id='line_1_54' title="bbox 2137 2430 3721 2504; baseline 0.002 -19"><span class='ocrx_word' id='word_1_375' title='bbox 2137 2446 2258 2486; x_wconf 88' lang='lat' dir='ltr'><strong>rum</strong></span> <span class='ocrx_word' id='word_1_376' title='bbox 2289 2433 2521 2487; x_wconf 90' lang='lat' dir='ltr'><strong>servitus</strong></span> <span class='ocrx_word' id='word_1_377' title='bbox 2547 2430 2682 2504; x_wconf 80' lang='lat' dir='ltr'><strong>(Col.</strong></span> <span class='ocrx_word' id='word_1_378' title='bbox 2714 2431 2819 2503; x_wconf 81' lang='lat' dir='ltr'><strong>In).</strong></span> <span class='ocrx_word' id='word_1_379' title='bbox 2855 2453 2874 2486; x_wconf 82' lang='grc'>›</span> <span class='ocrx_word' id='word_1_380' title='bbox 2908 2433 2991 2489; x_wconf 83' lang='lat' dir='ltr'><strong>Ad</strong></span> <span class='ocrx_word' id='word_1_381' title='bbox 3018 2442 3277 2503; x_wconf 89' lang='lat' dir='ltr'><strong>quantam</strong></span> <span class='ocrx_word' id='word_1_382' title='bbox 3302 2449 3433 2490; x_wconf 89' lang='lat' dir='ltr'><strong>vero</strong></span> <span class='ocrx_word' id='word_1_383' title='bbox 3459 2434 3721 2489; x_wconf 86' lang='lat' dir='ltr'><strong>candoris</strong></span> 
     </span>
    </p>
   </div>
   <div class='ocr_carea' id='block_1_55' title="bbox 2133 2523 3716 2594">
    <p class='ocr_par' dir='ltr' id='par_1_55' title="bbox 2133 2523 3716 2594">
     <span class='ocr_line' id='line_1_55' title="bbox 2133 2523 3716 2594; baseline 0.002 -17"><span class='ocrx_word' id='word_1_384' title='bbox 2133 2523 2365 2593; x_wconf 85' lang='lat' dir='ltr'><strong>gratiam</strong></span> <span class='ocrx_word' id='word_1_385' title='bbox 2411 2524 2553 2579; x_wconf 91' lang='lat' dir='ltr'><strong>hanc</strong></span> <span class='ocrx_word' id='word_1_386' title='bbox 2596 2524 2726 2579; x_wconf 83' lang='lat' dir='ltr'><strong>velit</strong></span> <span class='ocrx_word' id='word_1_387' title='bbox 2757 2525 3003 2594; x_wconf 90' lang='lat' dir='ltr'><strong>perduci,</strong></span> <span class='ocrx_word' id='word_1_388' title='bbox 3036 2524 3172 2581; x_wconf 91' lang='lat' dir='ltr'><strong>alias</strong></span> <span class='ocrx_word' id='word_1_389' title='bbox 3203 2527 3460 2591; x_wconf 89' lang='lat' dir='ltr'><strong>ostendit,</strong></span> <span class='ocrx_word' id='word_1_390' title='bbox 3490 2526 3716 2582; x_wconf 86' lang='lat' dir='ltr'><strong>dicens:</strong></span> 
     </span>
    </p>
   </div>
   <div class='ocr_carea' id='block_1_56' title="bbox 2140 2615 3723 2686">
    <p class='ocr_par' dir='ltr' id='par_1_56' title="bbox 2140 2615 3723 2686">
     <span class='ocr_line' id='line_1_56' title="bbox 2140 2615 3723 2686; baseline 0.004 -20"><span class='ocrx_word' id='word_1_391' title='bbox 2140 2632 2159 2666; x_wconf 73' lang='grc' dir='ltr'>ι</span> <span class='ocrx_word' id='word_1_392' title='bbox 2205 2615 2444 2672; x_wconf 87' lang='lat' dir='ltr'><strong>Obsecro</strong></span> <span class='ocrx_word' id='word_1_393' title='bbox 2476 2630 2592 2677; x_wconf 89' lang='lat' dir='ltr'><strong>vos,</strong></span> <span class='ocrx_word' id='word_1_394' title='bbox 2635 2615 2854 2682; x_wconf 86' lang='lat' dir='ltr'><strong>fratres,</strong></span> <span class='ocrx_word' id='word_1_395' title='bbox 2888 2631 2987 2686; x_wconf 90' lang='lat' dir='ltr'><strong>per</strong></span> <span class='ocrx_word' id='word_1_396' title='bbox 3031 2616 3461 2673; x_wconf 86' lang='lat' dir='ltr'><strong>misericordiam</strong></span> <span class='ocrx_word' id='word_1_397' title='bbox 3494 2617 3614 2682; x_wconf 90' lang='lat' dir='ltr'><strong>Dei,</strong></span> <span class='ocrx_word' id='word_1_398' title='bbox 3655 2626 3723 2673; x_wconf 90' lang='lat' dir='ltr'><strong>ut</strong></span> 
     </span>
    </p>
   </div>
   <div class='ocr_carea' id='block_1_57' title="bbox 2132 2707 3720 2778">
    <p class='ocr_par' dir='ltr' id='par_1_57' title="bbox 2132 2707 3720 2778">
     <span class='ocr_line' id='line_1_57' title="bbox 2132 2707 3720 2778; baseline 0.001 -15"><span class='ocrx_word' id='word_1_399' title='bbox 2132 2707 2435 2763; x_wconf 78' lang='lat' dir='ltr'><strong>exhibeatis</strong></span> <span class='ocrx_word' id='word_1_400' title='bbox 2478 2722 2705 2778; x_wconf 91' lang='lat' dir='ltr'><strong>corpora</strong></span> <span class='ocrx_word' id='word_1_401' title='bbox 2748 2715 2931 2763; x_wconf 88' lang='lat' dir='ltr'><strong>vestra</strong></span> <span class='ocrx_word' id='word_1_402' title='bbox 2979 2709 3211 2764; x_wconf 87' lang='lat' dir='ltr'><strong>hostiam</strong></span> <span class='ocrx_word' id='word_1_403' title='bbox 3260 2711 3554 2776; x_wconf 90' lang='lat' dir='ltr'><strong>viventem,</strong></span> <span class='ocrx_word' id='word_1_404' title='bbox 3583 2726 3720 2765; x_wconf 89' lang='lat' dir='ltr'><strong>san-</strong></span> 
     </span>
    </p>
   </div>
   <div class='ocr_carea' id='block_1_58' title="bbox 2133 2798 3719 2871">
    <p class='ocr_par' dir='ltr' id='par_1_58' title="bbox 2133 2798 3719 2871">
     <span class='ocr_line' id='line_1_58' title="bbox 2133 2798 3719 2871; baseline 0.001 -17"><span class='ocrx_word' id='word_1_405' title='bbox 2133 2806 2298 2864; x_wconf 88' lang='lat' dir='ltr'><strong>ctam,</strong></span> <span class='ocrx_word' id='word_1_406' title='bbox 2344 2800 2456 2854; x_wconf 90' lang='lat' dir='ltr'><strong>Deo</strong></span> <span class='ocrx_word' id='word_1_407' title='bbox 2489 2798 2791 2869; x_wconf 90' lang='lat' dir='ltr'><strong>placentem</strong></span> <span class='ocrx_word' id='word_1_408' title='bbox 2816 2839 2832 2866; x_wconf 95' lang='lat'><strong>,</strong></span> <span class='ocrx_word' id='word_1_409' title='bbox 2886 2799 3206 2855; x_wconf 89' lang='lat' dir='ltr'><strong>rationabile</strong></span> <span class='ocrx_word' id='word_1_410' title='bbox 3250 2800 3573 2871; x_wconf 81' lang='lat' dir='ltr'><strong>obsequium</strong></span> <span class='ocrx_word' id='word_1_411' title='bbox 3617 2816 3719 2855; x_wconf 85' lang='lat' dir='ltr'><strong>ve-</strong></span> 
     </span>
    </p>
   </div>
   <div class='ocr_carea' id='block_1_59' title="bbox 2133 2890 3722 2964">
    <p class='ocr_par' dir='ltr' id='par_1_59' title="bbox 2133 2890 3722 2964">
     <span class='ocr_line' id='line_1_59' title="bbox 2133 2890 3722 2964; baseline 0.001 -17"><span class='ocrx_word' id='word_1_412' title='bbox 2133 2899 2304 2948; x_wconf 87' lang='lat' dir='ltr'><strong>strum</strong></span> <span class='ocrx_word' id='word_1_413' title='bbox 2334 2890 2514 2964; x_wconf 86' lang='lat' dir='ltr'><strong>(Rom.</strong></span> <span class='ocrx_word' id='word_1_414' title='bbox 2551 2891 2672 2963; x_wconf 82' lang='lat' dir='ltr'><strong>xu).</strong></span> <span class='ocrx_word' id='word_1_415' title='bbox 2705 2911 2724 2944; x_wconf 77' lang='grc' dir='ltr'><strong><em>ι</em></strong></span> <span class='ocrx_word' id='word_1_416' title='bbox 2762 2891 3079 2947; x_wconf 85' lang='lat' dir='ltr'><strong>Intexuntur</strong></span> <span class='ocrx_word' id='word_1_417' title='bbox 3112 2906 3243 2947; x_wconf 86' lang='lat' dir='ltr'><strong>vero</strong></span> <span class='ocrx_word' id='word_1_418' title='bbox 3276 2891 3563 2947; x_wconf 89' lang='lat' dir='ltr'><strong>cherubim</strong></span> <span class='ocrx_word' id='word_1_419' title='bbox 3608 2891 3722 2948; x_wconf 89' lang='lat' dir='ltr'><strong>eis-</strong></span> 
     </span>
    </p>
   </div>
   <div class='ocr_carea' id='block_1_60' title="bbox 2134 2982 3717 3052">
    <p class='ocr_par' dir='ltr' id='par_1_60' title="bbox 2134 2982 3717 3052">
     <span class='ocr_line' id='line_1_60' title="bbox 2134 2982 3717 3052; baseline 0.001 -15"><span class='ocrx_word' id='word_1_420' title='bbox 2134 2982 2280 3047; x_wconf 90' lang='lat' dir='ltr'><strong>dem,</strong></span> <span class='ocrx_word' id='word_1_421' title='bbox 2311 2996 2432 3052; x_wconf 77' lang='lat' dir='ltr'><strong>qua:</strong></span> <span class='ocrx_word' id='word_1_422' title='bbox 2460 2988 2693 3051; x_wconf 88' lang='lat' dir='ltr'><strong>quatuor</strong></span> <span class='ocrx_word' id='word_1_423' title='bbox 2742 2982 2959 3037; x_wconf 76' lang='lat' dir='ltr'><strong>eximiis</strong></span> <span class='ocrx_word' id='word_1_424' title='bbox 3009 2982 3281 3039; x_wconf 90' lang='lat' dir='ltr'><strong>coloribus</strong></span> <span class='ocrx_word' id='word_1_425' title='bbox 3332 2982 3717 3051; x_wconf 87' lang='lat' dir='ltr'><strong>conﬁciuntur,</strong></span> 
     </span>
    </p>
   </div>
   <div class='ocr_carea' id='block_1_61' title="bbox 2136 3071 3724 3141">
    <p class='ocr_par' dir='ltr' id='par_1_61' title="bbox 2136 3071 3724 3141">
     <span class='ocr_line' id='line_1_61' title="bbox 2136 3071 3724 3141; baseline 0.001 -13"><span class='ocrx_word' id='word_1_426' title='bbox 2136 3086 2259 3129; x_wconf 90' lang='lat' dir='ltr'><strong>cum</strong></span> <span class='ocrx_word' id='word_1_427' title='bbox 2291 3072 2349 3125; x_wconf 91' lang='lat' dir='ltr'><strong>in</strong></span> <span class='ocrx_word' id='word_1_428' title='bbox 2387 3071 2677 3137; x_wconf 87' lang='lat' dir='ltr'><strong>universis,</strong></span> <span class='ocrx_word' id='word_1_429' title='bbox 2709 3085 2829 3141; x_wconf 74' lang='lat' dir='ltr'><strong>quae</strong></span> <span class='ocrx_word' id='word_1_430' title='bbox 2853 3071 2940 3141; x_wconf 91' lang='lat' dir='ltr'><strong>pie</strong></span> <span class='ocrx_word' id='word_1_431' title='bbox 2970 3071 3198 3141; x_wconf 87' lang='lat' dir='ltr'><strong>agimus,</strong></span> <span class='ocrx_word' id='word_1_432' title='bbox 3230 3088 3264 3126; x_wconf 92' lang='lat' dir='ltr'><strong>a</strong></span> <span class='ocrx_word' id='word_1_433' title='bbox 3290 3072 3572 3127; x_wconf 89' lang='lat' dir='ltr'><strong>venenatis</strong></span> <span class='ocrx_word' id='word_1_434' title='bbox 3607 3073 3724 3129; x_wconf 72' lang='lat' dir='ltr'><strong>dae-</strong></span> 
     </span>
    </p>
   </div>
   <div class='ocr_carea' id='block_1_62' title="bbox 2137 3159 3726 3230">
    <p class='ocr_par' dir='ltr' id='par_1_62' title="bbox 2137 3159 3726 3230">
     <span class='ocr_line' id='line_1_62' title="bbox 2137 3159 3726 3230; baseline 0.001 -15"><span class='ocrx_word' id='word_1_435' title='bbox 2137 3176 2356 3216; x_wconf 81' lang='lat' dir='ltr'><strong>menum</strong></span> <span class='ocrx_word' id='word_1_436' title='bbox 2406 3160 2531 3216; x_wconf 89' lang='lat' dir='ltr'><strong>telis</strong></span> <span class='ocrx_word' id='word_1_437' title='bbox 2575 3175 2673 3230; x_wconf 90' lang='lat' dir='ltr'><strong>per</strong></span> <span class='ocrx_word' id='word_1_438' title='bbox 2722 3159 2963 3230; x_wconf 88' lang='lat' dir='ltr'><strong>angelica</strong></span> <span class='ocrx_word' id='word_1_439' title='bbox 3014 3160 3300 3230; x_wconf 63' lang='lat' dir='ltr'><strong>praesidia,</strong></span> <span class='ocrx_word' id='word_1_440' title='bbox 3339 3161 3570 3217; x_wconf 91' lang='lat' dir='ltr'><strong>Domino</strong></span> <span class='ocrx_word' id='word_1_441' title='bbox 3621 3161 3726 3217; x_wconf 86' lang='lat' dir='ltr'><strong>do-</strong></span> 
     </span>
    </p>
   </div>
   <div class='ocr_carea' id='block_1_63' title="bbox 449 3246 3722 3334">
    <p class='ocr_par' dir='ltr' id='par_1_63' title="bbox 449 3246 3722 3334">
     <span class='ocr_line' id='line_1_63' title="bbox 449 3246 3722 3334; baseline 0.006 -36"><span class='ocrx_word' id='word_1_442' title='bbox 449 3260 572 3298; x_wconf 87' lang='lat' dir='ltr'><strong>cum</strong></span> <span class='ocrx_word' id='word_1_443' title='bbox 617 3246 799 3317; x_wconf 82' lang='lat' dir='ltr'><strong>(sicut</strong></span> <span class='ocrx_word' id='word_1_444' title='bbox 842 3265 984 3322; x_wconf 78' lang='lat' dir='ltr'><strong>saepe</strong></span> <span class='ocrx_word' id='word_1_445' title='bbox 1027 3253 1230 3309; x_wconf 88' lang='lat' dir='ltr'><strong>dictum</strong></span> <span class='ocrx_word' id='word_1_446' title='bbox 1267 3262 1322 3311; x_wconf 90' lang='lat' dir='ltr'><strong>et</strong></span> <span class='ocrx_word' id='word_1_447' title='bbox 1359 3271 1573 3327; x_wconf 83' lang='lat' dir='ltr'><strong>semper</strong></span> <span class='ocrx_word' id='word_1_448' title='bbox 1599 3258 1887 3315; x_wconf 88' lang='lat' dir='ltr'><strong>dicendum</strong></span> <span class='ocrx_word' id='word_1_449' title='bbox 1911 3260 2034 3334; x_wconf 89' lang='lat' dir='ltr'><strong>est)</strong></span> <span class='ocrx_word' id='word_1_450' title='bbox 2064 3250 2108 3314; x_wconf 89' lang='lat' dir='ltr'><strong>C</strong></span> <span class='ocrx_word' id='word_1_451' title='bbox 2140 3257 2325 3316; x_wconf 81' lang='lat' dir='ltr'><strong>name,</strong></span> <span class='ocrx_word' id='word_1_452' title='bbox 2352 3250 2708 3321; x_wconf 74' lang='lat' dir='ltr'><strong>protesimur-</strong></span> <span class='ocrx_word' id='word_1_453' title='bbox 2758 3248 3082 3305; x_wconf 75' lang='lat' dir='ltr'><strong>Intexuntur</strong></span> <span class='ocrx_word' id='word_1_454' title='bbox 3106 3250 3225 3306; x_wconf 80' lang='lat' dir='ltr'><strong>velo</strong></span> <span class='ocrx_word' id='word_1_455' title='bbox 3250 3250 3551 3315; x_wconf 80' lang='lat' dir='ltr'><strong>cherubim.</strong></span> <span class='ocrx_word' id='word_1_456' title='bbox 3593 3266 3722 3307; x_wconf 86' lang='lat' dir='ltr'><strong>cum</strong></span> 
     </span>
    </p>
   </div>
   <div class='ocr_carea' id='block_1_64' title="bbox 453 3336 2036 3421">
    <p class='ocr_par' dir='ltr' id='par_1_64' title="bbox 453 3336 2036 3421">
     <span class='ocr_line' id='line_1_64' title="bbox 453 3336 2036 3421; baseline 0.011 -31"><span class='ocrx_word' id='word_1_457' title='bbox 453 3336 662 3392; x_wconf 72' lang='lat' dir='ltr'><strong>czcteris</strong></span> <span class='ocrx_word' id='word_1_458' title='bbox 703 3340 965 3397; x_wconf 88' lang='lat' dir='ltr'><strong>virtutum</strong></span> <span class='ocrx_word' id='word_1_459' title='bbox 983 3342 1204 3400; x_wconf 79' lang='lat' dir='ltr'><strong>ﬁoribus</strong></span> <span class='ocrx_word' id='word_1_460' title='bbox 1247 3346 1573 3417; x_wconf 89' lang='lat' dir='ltr'><strong>specialibus</strong></span> <span class='ocrx_word' id='word_1_461' title='bbox 1604 3349 1658 3403; x_wconf 93' lang='lat' dir='ltr'><strong>in</strong></span> <span class='ocrx_word' id='word_1_462' title='bbox 1698 3350 1906 3421; x_wconf 84' lang='lat' dir='ltr'><strong>magnis</strong></span> <span class='ocrx_word' id='word_1_463' title='bbox 1932 3350 2036 3407; x_wconf 88' lang='lat' dir='ltr'><strong>Ec-</strong></span> 
     </span>
    </p>
   </div>
   <div class='ocr_carea' id='block_1_65' title="bbox 453 3422 2037 3506">
    <p class='ocr_par' dir='ltr' id='par_1_65' title="bbox 453 3422 2037 3506">
     <span class='ocr_line' id='line_1_65' title="bbox 453 3422 2037 3506; baseline 0.007 -19"><span class='ocrx_word' id='word_1_464' title='bbox 453 3430 632 3487; x_wconf 66' lang='lat' dir='ltr'><strong>clesia:</strong></span> <span class='ocrx_word' id='word_1_465' title='bbox 660 3422 947 3488; x_wconf 53' lang='lat' dir='ltr'><strong>‘membris</strong></span> <span class='ocrx_word' id='word_1_466' title='bbox 1003 3433 1181 3506; x_wconf 81' lang='lat' dir='ltr'><strong>fulgor</strong></span> <span class='ocrx_word' id='word_1_467' title='bbox 1246 3439 1611 3506; x_wconf 89' lang='lat' dir='ltr'><strong>supereminet</strong></span> <span class='ocrx_word' id='word_1_468' title='bbox 1670 3441 1890 3496; x_wconf 90' lang='lat' dir='ltr'><strong>amoris.</strong></span> <span class='ocrx_word' id='word_1_469' title='bbox 1940 3440 2037 3498; x_wconf 88' lang='lat' dir='ltr'><strong>His</strong></span> 
     </span>
    </p>
   </div>
   <div class='ocr_carea' id='block_1_66' title="bbox 452 3519 2037 3587">
    <p class='ocr_par' dir='ltr' id='par_1_66' title="bbox 452 3519 2037 3587">
     <span class='ocr_line' id='line_1_66' title="bbox 452 3519 2037 3587; baseline 0.007 -10"><span class='ocrx_word' id='word_1_470' title='bbox 452 3519 661 3577; x_wconf 78' lang='lat' dir='ltr'><strong>ostiolis</strong></span> <span class='ocrx_word' id='word_1_471' title='bbox 706 3521 872 3576; x_wconf 87' lang='lat' dir='ltr'><strong>etiam</strong></span> <span class='ocrx_word' id='word_1_472' title='bbox 917 3523 1098 3578; x_wconf 87' lang='lat' dir='ltr'><strong>velum</strong></span> <span class='ocrx_word' id='word_1_473' title='bbox 1142 3523 1307 3582; x_wconf 86' lang='lat' dir='ltr'><strong>fuisse</strong></span> <span class='ocrx_word' id='word_1_474' title='bbox 1345 3527 1586 3583; x_wconf 87' lang='lat' dir='ltr'><strong>additum</strong></span> <span class='ocrx_word' id='word_1_475' title='bbox 1611 3528 1787 3585; x_wconf 74' lang='lat' dir='ltr'><strong>Verba</strong></span> <span class='ocrx_word' id='word_1_476' title='bbox 1818 3530 2037 3587; x_wconf 87' lang='lat' dir='ltr'><strong>Dierum</strong></span> 
     </span>
    </p>
   </div>
   <div class='ocr_carea' id='block_1_67' title="bbox 452 3614 2033 3695">
    <p class='ocr_par' dir='ltr' id='par_1_67' title="bbox 452 3614 2033 3695">
     <span class='ocr_line' id='line_1_67' title="bbox 452 3614 2033 3695; baseline 0.009 -27"><span class='ocrx_word' id='word_1_477' title='bbox 452 3620 676 3668; x_wconf 84' lang='lat' dir='ltr'><strong>narrant</strong></span> <span class='ocrx_word' id='word_1_478' title='bbox 704 3655 717 3669; x_wconf 94' lang='lat'><strong>.</strong></span> <span class='ocrx_word' id='word_1_479' title='bbox 742 3633 761 3666; x_wconf 83' lang='lat'><strong>(</strong></span> <span class='ocrx_word' id='word_1_480' title='bbox 781 3614 934 3671; x_wconf 87' lang='lat' dir='ltr'><strong>Fecit</strong></span> <span class='ocrx_word' id='word_1_481' title='bbox 956 3632 1171 3688; x_wconf 88' lang='lat' dir='ltr'><strong>quoque</strong></span> <span class='ocrx_word' id='word_1_482' title='bbox 1192 3620 1389 3688; x_wconf 91' lang='lat' dir='ltr'><strong>velum,</strong></span> <span class='ocrx_word' id='word_1_483' title='bbox 1414 3622 1591 3693; x_wconf 89' lang='lat' dir='ltr'><strong>inquit</strong></span> <span class='ocrx_word' id='word_1_484' title='bbox 1628 3637 1694 3678; x_wconf 83' lang='lat' dir='ltr'><strong>ex</strong></span> <span class='ocrx_word' id='word_1_485' title='bbox 1720 3625 2033 3695; x_wconf 85' lang='lat' dir='ltr'><strong>hyacintho,</strong></span> 
     </span>
    </p>
   </div>
   <div class='ocr_carea' id='block_1_68' title="bbox 453 3709 2037 3784">
    <p class='ocr_par' dir='ltr' id='par_1_68' title="bbox 453 3709 2037 3784">
     <span class='ocr_line' id='line_1_68' title="bbox 453 3709 2037 3784; baseline 0.01 -24"><span class='ocrx_word' id='word_1_486' title='bbox 453 3720 713 3776; x_wconf 88' lang='lat' dir='ltr'><strong>purpura,</strong></span> <span class='ocrx_word' id='word_1_487' title='bbox 742 3709 984 3777; x_wconf 91' lang='lat' dir='ltr'><strong>coccino,</strong></span> <span class='ocrx_word' id='word_1_488' title='bbox 1030 3719 1085 3766; x_wconf 92' lang='lat' dir='ltr'><strong>et</strong></span> <span class='ocrx_word' id='word_1_489' title='bbox 1113 3712 1296 3784; x_wconf 83' lang='lat' dir='ltr'><strong>bysso,</strong></span> <span class='ocrx_word' id='word_1_490' title='bbox 1331 3724 1387 3771; x_wconf 90' lang='lat' dir='ltr'><strong>et</strong></span> <span class='ocrx_word' id='word_1_491' title='bbox 1430 3716 1661 3771; x_wconf 85' lang='lat' dir='ltr'><strong>intexuit</strong></span> <span class='ocrx_word' id='word_1_492' title='bbox 1684 3718 1734 3773; x_wconf 90' lang='lat' dir='ltr'><strong>ei</strong></span> <span class='ocrx_word' id='word_1_493' title='bbox 1756 3718 2037 3776; x_wconf 89' lang='lat' dir='ltr'><strong>cherubim</strong></span> 
     </span>
    </p>
   </div>
   <div class='ocr_carea' id='block_1_69' title="bbox 454 3794 2032 3877">
    <p class='ocr_par' dir='ltr' id='par_1_69' title="bbox 454 3794 2032 3877">
     <span class='ocr_line' id='line_1_69' title="bbox 454 3794 2032 3877; baseline 0.009 -26"><span class='ocrx_word' id='word_1_494' title='bbox 454 3796 505 3869; x_wconf 87' lang='grc'><strong>(1</strong></span> <span class='ocrx_word' id='word_1_495' title='bbox 536 3794 669 3852; x_wconf 89' lang='lat' dir='ltr'><strong>Par.</strong></span> <span class='ocrx_word' id='word_1_496' title='bbox 697 3798 836 3871; x_wconf 65' lang='lat'><strong>111).»</strong></span> <span class='ocrx_word' id='word_1_497' title='bbox 868 3800 1020 3869; x_wconf 84' lang='lat' dir='ltr'><strong>Quod</strong></span> <span class='ocrx_word' id='word_1_498' title='bbox 1046 3803 1260 3860; x_wconf 89' lang='lat' dir='ltr'><strong>decoris</strong></span> <span class='ocrx_word' id='word_1_499' title='bbox 1277 3806 1495 3876; x_wconf 88' lang='lat' dir='ltr'><strong>quidem</strong></span> <span class='ocrx_word' id='word_1_500' title='bbox 1519 3808 1690 3877; x_wconf 88' lang='lat' dir='ltr'><strong>gratia</strong></span> <span class='ocrx_word' id='word_1_501' title='bbox 1706 3807 1909 3864; x_wconf 85' lang='lat' dir='ltr'><strong>factum</strong></span> <span class='ocrx_word' id='word_1_502' title='bbox 1929 3818 2032 3875; x_wconf 91' lang='lat' dir='ltr'><strong>est,</strong></span> 
     </span>
    </p>
   </div>
   <div class='ocr_carea' id='block_1_70' title="bbox 2135 3342 3723 3415">
    <p class='ocr_par' dir='ltr' id='par_1_70' title="bbox 2135 3342 3723 3415">
     <span class='ocr_line' id='line_1_70' title="bbox 2135 3342 3723 3415; baseline 0.001 -16"><span class='ocrx_word' id='word_1_503' title='bbox 2135 3345 2190 3399; x_wconf 89' lang='lat' dir='ltr'><strong>in</strong></span> <span class='ocrx_word' id='word_1_504' title='bbox 2217 3344 2373 3401; x_wconf 90' lang='lat' dir='ltr'><strong>bonis</strong></span> <span class='ocrx_word' id='word_1_505' title='bbox 2397 3359 2519 3415; x_wconf 79' lang='lat' dir='ltr'><strong>quae</strong></span> <span class='ocrx_word' id='word_1_506' title='bbox 2559 3344 2798 3413; x_wconf 82' lang='lat' dir='ltr'><strong>agimus,</strong></span> <span class='ocrx_word' id='word_1_507' title='bbox 2838 3342 3184 3400; x_wconf 90' lang='lat' dir='ltr'><strong>multitudine</strong></span> <span class='ocrx_word' id='word_1_508' title='bbox 3228 3344 3469 3399; x_wconf 68' lang='lat' dir='ltr'><strong>scientia:</strong></span> <span class='ocrx_word' id='word_1_509' title='bbox 3517 3344 3723 3400; x_wconf 85' lang='lat' dir='ltr'><strong>indesi-</strong></span> 
     </span>
    </p>
   </div>
   <div class='ocr_carea' id='block_1_71' title="bbox 2134 3426 3721 3505">
    <p class='ocr_par' dir='ltr' id='par_1_71' title="bbox 2134 3426 3721 3505">
     <span class='ocr_line' id='line_1_71' title="bbox 2134 3426 3721 3505; baseline 0 -16"><span class='ocrx_word' id='word_1_510' title='bbox 2134 3442 2325 3490; x_wconf 80' lang='lat' dir='ltr'><strong>nenter</strong></span> <span class='ocrx_word' id='word_1_511' title='bbox 2358 3435 2583 3498; x_wconf 90' lang='lat' dir='ltr'><strong>utimur,</strong></span> <span class='ocrx_word' id='word_1_512' title='bbox 2632 3426 2988 3505; x_wconf 83' lang='lat' dir='ltr'><strong>respicientes</strong></span> <span class='ocrx_word' id='word_1_513' title='bbox 3029 3448 3242 3505; x_wconf 87' lang='lat' dir='ltr'><strong>semper</strong></span> <span class='ocrx_word' id='word_1_514' title='bbox 3282 3434 3350 3490; x_wconf 92' lang='lat' dir='ltr'><strong>ad</strong></span> <span class='ocrx_word' id='word_1_515' title='bbox 3389 3434 3605 3505; x_wconf 89' lang='lat' dir='ltr'><strong>eloquia</strong></span> <span class='ocrx_word' id='word_1_516' title='bbox 3633 3434 3721 3489; x_wconf 87' lang='lat' dir='ltr'><strong>di-</strong></span> 
     </span>
    </p>
   </div>
   <div class='ocr_carea' id='block_1_72' title="bbox 2135 3526 3724 3595">
    <p class='ocr_par' dir='ltr' id='par_1_72' title="bbox 2135 3526 3724 3595">
     <span class='ocr_line' id='line_1_72' title="bbox 2135 3526 3724 3595; baseline 0 -13"><span class='ocrx_word' id='word_1_517' title='bbox 2135 3527 2293 3594; x_wconf 90' lang='lat' dir='ltr'><strong>vina;</strong></span> <span class='ocrx_word' id='word_1_518' title='bbox 2330 3534 2390 3583; x_wconf 88' lang='lat' dir='ltr'><strong>et</strong></span> <span class='ocrx_word' id='word_1_519' title='bbox 2414 3542 2483 3583; x_wconf 89' lang='lat' dir='ltr'><strong>ne</strong></span> <span class='ocrx_word' id='word_1_520' title='bbox 2520 3526 2663 3581; x_wconf 90' lang='lat' dir='ltr'><strong>forte</strong></span> <span class='ocrx_word' id='word_1_521' title='bbox 2698 3542 2731 3581; x_wconf 91' lang='lat' dir='ltr'><strong>a</strong></span> <span class='ocrx_word' id='word_1_522' title='bbox 2765 3527 3030 3582; x_wconf 90' lang='lat' dir='ltr'><strong>virtutum</strong></span> <span class='ocrx_word' id='word_1_523' title='bbox 3064 3526 3203 3583; x_wconf 86' lang='lat' dir='ltr'><strong>calle</strong></span> <span class='ocrx_word' id='word_1_524' title='bbox 3244 3527 3584 3595; x_wconf 85' lang='lat' dir='ltr'><strong>aberremus,</strong></span> <span class='ocrx_word' id='word_1_525' title='bbox 3625 3527 3724 3582; x_wconf 84' lang='lat' dir='ltr'><strong>ho-</strong></span> 
     </span>
    </p>
   </div>
   <div class='ocr_carea' id='block_1_73' title="bbox 2135 3619 3537 3691">
    <p class='ocr_par' dir='ltr' id='par_1_73' title="bbox 2135 3619 3537 3691">
     <span class='ocr_line' id='line_1_73' title="bbox 2135 3619 3537 3691; baseline -0.001 -16"><span class='ocrx_word' id='word_1_526' title='bbox 2135 3635 2255 3675; x_wconf 88' lang='lat' dir='ltr'><strong>rum</strong></span> <span class='ocrx_word' id='word_1_527' title='bbox 2291 3619 2490 3674; x_wconf 88' lang='lat' dir='ltr'><strong>intuitu</strong></span> <span class='ocrx_word' id='word_1_528' title='bbox 2515 3620 2773 3675; x_wconf 91' lang='lat' dir='ltr'><strong>continuo</strong></span> <span class='ocrx_word' id='word_1_529' title='bbox 2800 3619 3250 3691; x_wconf 77' lang='lat' dir='ltr'><strong>vestigia&#39;mostra</strong></span> <span class='ocrx_word' id='word_1_530' title='bbox 3279 3619 3537 3690; x_wconf 89' lang='lat' dir='ltr'><strong>regimus.</strong></span> 
     </span>
    </p>
   </div>
   <div class='ocr_carea' id='block_1_74' title="bbox 2210 3711 3723 3784">
    <p class='ocr_par' dir='ltr' id='par_1_74' title="bbox 2210 3711 3723 3784">
     <span class='ocr_line' id='line_1_74' title="bbox 2210 3711 3723 3784; baseline 0.003 -19"><span class='ocrx_word' id='word_1_531' title='bbox 2210 3730 2229 3765; x_wconf 85' lang='grc'><em>‹</em></span> <span class='ocrx_word' id='word_1_532' title='bbox 2272 3711 2531 3784; x_wconf 89' lang='lat' dir='ltr'><strong>Fecitque</strong></span> <span class='ocrx_word' id='word_1_533' title='bbox 2577 3714 2636 3768; x_wconf 90' lang='lat' dir='ltr'><strong>in</strong></span> <span class='ocrx_word' id='word_1_534' title='bbox 2692 3714 2919 3769; x_wconf 88' lang='lat' dir='ltr'><strong>introitu</strong></span> <span class='ocrx_word' id='word_1_535' title='bbox 2970 3713 3154 3784; x_wconf 88' lang='lat' dir='ltr'><strong>templi</strong></span> <span class='ocrx_word' id='word_1_536' title='bbox 3201 3720 3386 3783; x_wconf 88' lang='lat' dir='ltr'><strong>postes</strong></span> <span class='ocrx_word' id='word_1_537' title='bbox 3433 3714 3499 3769; x_wconf 92' lang='lat' dir='ltr'><strong>de</strong></span> <span class='ocrx_word' id='word_1_538' title='bbox 3554 3712 3723 3783; x_wconf 84' lang='lat' dir='ltr'><strong>lignis</strong></span> 
     </span>
    </p>
   </div>
   <div class='ocr_carea' id='block_1_75' title="bbox 2140 3803 3723 3877">
    <p class='ocr_par' dir='ltr' id='par_1_75' title="bbox 2140 3803 3723 3877">
     <span class='ocr_line' id='line_1_75' title="bbox 2140 3803 3723 3877; baseline 0.004 -23"><span class='ocrx_word' id='word_1_539' title='bbox 2140 3821 2161 3854; x_wconf 77' lang='grc' dir='ltr'><strong><em>ι</em></strong></span> <span class='ocrx_word' id='word_1_540' title='bbox 2206 3803 2471 3860; x_wconf 86' lang='lat' dir='ltr'><strong>olivarum</strong></span> <span class='ocrx_word' id='word_1_541' title='bbox 2505 3806 2994 3877; x_wconf 84' lang='lat' dir='ltr'><strong>quadrangulatos;</strong></span> <span class='ocrx_word' id='word_1_542' title='bbox 3035 3814 3091 3861; x_wconf 90' lang='lat' dir='ltr'><strong>et</strong></span> <span class='ocrx_word' id='word_1_543' title='bbox 3138 3804 3245 3859; x_wconf 93' lang='lat' dir='ltr'><strong>duo</strong></span> <span class='ocrx_word' id='word_1_544' title='bbox 3273 3804 3415 3860; x_wconf 90' lang='lat' dir='ltr'><strong>ostia</strong></span> <span class='ocrx_word' id='word_1_545' title='bbox 3460 3805 3527 3859; x_wconf 92' lang='lat' dir='ltr'><strong>de</strong></span> <span class='ocrx_word' id='word_1_546' title='bbox 3554 3803 3723 3874; x_wconf 85' lang='lat' dir='ltr'><strong>lignis</strong></span> 
     </span>
    </p>
   </div>
   <div class='ocr_carea' id='block_1_76' title="bbox 453 3887 3722 3972">
    <p class='ocr_par' dir='ltr' id='par_1_76' title="bbox 453 3887 3722 3972">
     <span class='ocr_line' id='line_1_76' title="bbox 453 3887 3722 3972; baseline 0.008 -33"><span class='ocrx_word' id='word_1_547' title='bbox 453 3894 514 3941; x_wconf 89' lang='lat' dir='ltr'><strong>ut</strong></span> <span class='ocrx_word' id='word_1_548' title='bbox 538 3887 676 3943; x_wconf 90' lang='lat' dir='ltr'><strong>inter</strong></span> <span class='ocrx_word' id='word_1_549' title='bbox 704 3890 942 3960; x_wconf 87' lang='lat' dir='ltr'><strong>parietes</strong></span> <span class='ocrx_word' id='word_1_550' title='bbox 971 3893 1259 3952; x_wconf 88' lang='lat' dir='ltr'><strong>deauratos</strong></span> <span class='ocrx_word' id='word_1_551' title='bbox 1294 3897 1459 3952; x_wconf 89' lang='lat' dir='ltr'><strong>etiam</strong></span> <span class='ocrx_word' id='word_1_552' title='bbox 1483 3898 1843 3955; x_wconf 91' lang='lat' dir='ltr'><strong>holosericum</strong></span> <span class='ocrx_word' id='word_1_553' title='bbox 1871 3900 2037 3972; x_wconf 88' lang='lat' dir='ltr'><strong>fulge-</strong></span> <span class='ocrx_word' id='word_1_554' title='bbox 2142 3913 2162 3948; x_wconf 74' lang='grc' dir='ltr'><strong><em>ι</em></strong></span> <span class='ocrx_word' id='word_1_555' title='bbox 2203 3896 2446 3967; x_wconf 71' lang='lat' dir='ltr'><strong>abiegnis</strong></span> <span class='ocrx_word' id='word_1_556' title='bbox 2471 3896 2825 3964; x_wconf 67' lang='lat' dir='ltr'><strong>almnsecusi</strong></span> <span class='ocrx_word' id='word_1_557' title='bbox 2877 3904 2932 3952; x_wconf 75' lang='grc' dir='ltr'><strong>θι</strong></span> <span class='ocrx_word' id='word_1_558' title='bbox 2957 3903 3251 3966; x_wconf 59' lang='lat' dir='ltr'><strong>utrumque</strong></span> <span class='ocrx_word' id='word_1_559' title='bbox 3290 3895 3493 3950; x_wconf 76' lang='grc' dir='ltr'><strong>οδῑίιιω</strong></span> <span class='ocrx_word' id='word_1_560' title='bbox 3521 3893 3722 3965; x_wconf 65' lang='lat' dir='ltr'><strong>duplex</strong></span> 
     </span>
    </p>
   </div>
   <div class='ocr_carea' id='block_1_77' title="bbox 454 3980 3720 4061">
    <p class='ocr_par' dir='ltr' id='par_1_77' title="bbox 454 3980 3720 4061">
     <span class='ocr_line' id='line_1_77' title="bbox 454 3980 3720 4061; baseline 0.003 -29"><span class='ocrx_word' id='word_1_561' title='bbox 454 3985 554 4044; x_wconf 88' lang='lat' dir='ltr'><strong>ret,</strong></span> <span class='ocrx_word' id='word_1_562' title='bbox 583 3980 677 4035; x_wconf 89' lang='lat' dir='ltr'><strong>sed</strong></span> <span class='ocrx_word' id='word_1_563' title='bbox 704 3981 759 4036; x_wconf 92' lang='lat' dir='ltr'><strong>in</strong></span> <span class='ocrx_word' id='word_1_564' title='bbox 789 3981 1033 4051; x_wconf 86' lang='lat' dir='ltr'><strong>ejusdem</strong></span> <span class='ocrx_word' id='word_1_565' title='bbox 1072 3988 1338 4059; x_wconf 86' lang='lat' dir='ltr'><strong>mysterii,</strong></span> <span class='ocrx_word' id='word_1_566' title='bbox 1383 3990 1538 4061; x_wconf 88' lang='lat' dir='ltr'><strong>cujus</strong></span> <span class='ocrx_word' id='word_1_567' title='bbox 1561 4001 1616 4049; x_wconf 86' lang='lat' dir='ltr'><strong>et</strong></span> <span class='ocrx_word' id='word_1_568' title='bbox 1645 3994 1869 4060; x_wconf 82' lang='lat' dir='ltr'><strong>ostiola,</strong></span> <span class='ocrx_word' id='word_1_569' title='bbox 1907 4010 2038 4052; x_wconf 79' lang='lat' dir='ltr'><strong>con.</strong></span> <span class='ocrx_word' id='word_1_570' title='bbox 2141 4006 2160 4041; x_wconf 84' lang='grc'>‹</span> <span class='ocrx_word' id='word_1_571' title='bbox 2204 3996 2354 4055; x_wconf 86' lang='lat' dir='ltr'><strong>erat,</strong></span> <span class='ocrx_word' id='word_1_572' title='bbox 2402 3996 2458 4044; x_wconf 89' lang='lat' dir='ltr'><strong>et</strong></span> <span class='ocrx_word' id='word_1_573' title='bbox 2504 4004 2564 4045; x_wconf 90' lang='lat' dir='ltr'><strong>se</strong></span> <span class='ocrx_word' id='word_1_574' title='bbox 2615 3989 2844 4043; x_wconf 87' lang='lat' dir='ltr'><strong>invicem</strong></span> <span class='ocrx_word' id='word_1_575' title='bbox 2895 3996 3085 4044; x_wconf 88' lang='lat' dir='ltr'><strong>tenens</strong></span> <span class='ocrx_word' id='word_1_576' title='bbox 3132 3987 3495 4058; x_wconf 87' lang='lat' dir='ltr'><strong>aperiebatur,</strong></span> <span class='ocrx_word' id='word_1_577' title='bbox 3534 4007 3553 4038; x_wconf 76' lang='grc' dir='ltr'><strong><em>ι</em></strong></span> <span class='ocrx_word' id='word_1_578' title='bbox 3605 3993 3720 4041; x_wconf 88' lang='lat' dir='ltr'><strong>etc.</strong></span> 
     </span>
    </p>
   </div>
   <div class='ocr_carea' id='block_1_78' title="bbox 450 4073 3724 4159">
    <p class='ocr_par' dir='ltr' id='par_1_78' title="bbox 450 4073 3724 4159">
     <span class='ocr_line' id='line_1_78' title="bbox 450 4073 3724 4159; baseline -0.003 -17"><span class='ocrx_word' id='word_1_579' title='bbox 450 4087 586 4143; x_wconf 67' lang='lat' dir='ltr'><strong>8W9</strong></span> <span class='ocrx_word' id='word_1_580' title='bbox 616 4073 1013 4142; x_wconf 71' lang='grc' dir='ltr'><strong>εἰειιὶηοειιίοιιθ</strong></span> <span class='ocrx_word' id='word_1_581' title='bbox 1041 4090 1167 4137; x_wconf 71' lang='lat' dir='ltr'><strong>ante</strong></span> <span class='ocrx_word' id='word_1_582' title='bbox 1194 4098 1378 4141; x_wconf 83' lang='lat' dir='ltr'><strong>arcam</strong></span> <span class='ocrx_word' id='word_1_583' title='bbox 1399 4094 1562 4157; x_wconf 85' lang='lat' dir='ltr'><strong>atque</strong></span> <span class='ocrx_word' id='word_1_584' title='bbox 1590 4088 1891 4159; x_wconf 84' lang='lat' dir='ltr'><strong>ingressum</strong></span> <span class='ocrx_word' id='word_1_585' title='bbox 1914 4104 2034 4145; x_wconf 72' lang='lat' dir='ltr'><strong>ora.</strong></span> <span class='ocrx_word' id='word_1_586' title='bbox 2107 4078 2289 4136; x_wconf 67' lang='lat' dir='ltr'><strong>-Sicut</strong></span> <span class='ocrx_word' id='word_1_587' title='bbox 2341 4081 2617 4151; x_wconf 88' lang='lat' dir='ltr'><strong>ingressus</strong></span> <span class='ocrx_word' id='word_1_588' title='bbox 2668 4079 2916 4147; x_wconf 89' lang='lat' dir='ltr'><strong>oraculi,</strong></span> <span class='ocrx_word' id='word_1_589' title='bbox 2986 4095 3094 4150; x_wconf 88' lang='lat' dir='ltr'><strong>quo</strong></span> <span class='ocrx_word' id='word_1_590' title='bbox 3154 4077 3223 4132; x_wconf 89' lang='lat' dir='ltr'><strong>ad</strong></span> <span class='ocrx_word' id='word_1_591' title='bbox 3272 4093 3455 4132; x_wconf 88' lang='lat' dir='ltr'><strong>arcam</strong></span> <span class='ocrx_word' id='word_1_592' title='bbox 3505 4077 3724 4133; x_wconf 88' lang='lat' dir='ltr'><strong>Domini</strong></span> 
     </span>
    </p>
   </div>
   <div class='ocr_carea' id='block_1_79' title="bbox 450 4165 3724 4252">
    <p class='ocr_par' dir='ltr' id='par_1_79' title="bbox 450 4165 3724 4252">
     <span class='ocr_line' id='line_1_79' title="bbox 450 4165 3724 4252; baseline -0.002 -26"><span class='ocrx_word' id='word_1_593' title='bbox 450 4165 556 4225; x_wconf 73' lang='lat' dir='ltr'><strong>euli</strong></span> <span class='ocrx_word' id='word_1_594' title='bbox 596 4182 918 4238; x_wconf 82' lang='lat' dir='ltr'><strong>appensnm,</strong></span> <span class='ocrx_word' id='word_1_595' title='bbox 958 4181 1019 4227; x_wconf 91' lang='lat' dir='ltr'><strong>ut</strong></span> <span class='ocrx_word' id='word_1_596' title='bbox 1042 4175 1183 4232; x_wconf 76' lang='lat' dir='ltr'><strong>sicut</strong></span> <span class='ocrx_word' id='word_1_597' title='bbox 1211 4178 1405 4234; x_wconf 75' lang='lat' dir='ltr'><strong>ostiola</strong></span> <span class='ocrx_word' id='word_1_598' title='bbox 1431 4181 1686 4251; x_wconf 65' lang='lat' dir='ltr'><strong>congruis</strong></span> <span class='ocrx_word' id='word_1_599' title='bbox 1723 4182 1874 4237; x_wconf 69' lang='lat' dir='ltr'><strong>horis</strong></span> <span class='ocrx_word' id='word_1_600' title='bbox 1899 4198 2029 4252; x_wconf 74' lang='lat' dir='ltr'><strong>ape-</strong></span> <span class='ocrx_word' id='word_1_601' title='bbox 2136 4170 2529 4240; x_wconf 90' lang='lat' dir='ltr'><strong>cherubimque</strong></span> <span class='ocrx_word' id='word_1_602' title='bbox 2578 4170 3000 4239; x_wconf 84' lang='lat' dir='ltr'><strong>perveniebatur</strong></span> <span class='ocrx_word' id='word_1_603' title='bbox 3023 4209 3039 4235; x_wconf 90' lang='lat'><strong>,</strong></span> <span class='ocrx_word' id='word_1_604' title='bbox 3108 4168 3391 4224; x_wconf 89' lang='lat' dir='ltr'><strong>introitum</strong></span> <span class='ocrx_word' id='word_1_605' title='bbox 3444 4166 3724 4238; x_wconf 88' lang='lat' dir='ltr'><strong>signiﬁcat</strong></span> 
     </span>
    </p>
   </div>
   <div class='ocr_carea' id='block_1_80' title="bbox 452 4258 3724 4343">
    <p class='ocr_par' dir='ltr' id='par_1_80' title="bbox 452 4258 3724 4343">
     <span class='ocr_line' id='line_1_80' title="bbox 452 4258 3724 4343; baseline -0.002 -26"><span class='ocrx_word' id='word_1_606' title='bbox 452 4259 752 4327; x_wconf 82' lang='lat' dir='ltr'><strong>riebantur,</strong></span> <span class='ocrx_word' id='word_1_607' title='bbox 782 4270 840 4317; x_wconf 90' lang='lat' dir='ltr'><strong>et</strong></span> <span class='ocrx_word' id='word_1_608' title='bbox 871 4264 1052 4321; x_wconf 86' lang='lat' dir='ltr'><strong>velum</strong></span> <span class='ocrx_word' id='word_1_609' title='bbox 1096 4268 1430 4328; x_wconf 87' lang='lat' dir='ltr'><strong>revelaretur</strong></span> <span class='ocrx_word' id='word_1_610' title='bbox 1464 4274 1678 4343; x_wconf 87' lang='lat' dir='ltr'><strong>quoties</strong></span> <span class='ocrx_word' id='word_1_611' title='bbox 1721 4275 2038 4332; x_wconf 58' lang='lat' dir='ltr'><strong>advenire“;</strong></span> <span class='ocrx_word' id='word_1_612' title='bbox 2134 4261 2288 4331; x_wconf 85' lang='lat' dir='ltr'><strong>regni</strong></span> <span class='ocrx_word' id='word_1_613' title='bbox 2335 4260 2595 4326; x_wconf 67' lang='lat' dir='ltr'><strong>caelestis,</strong></span> <span class='ocrx_word' id='word_1_614' title='bbox 2637 4276 2744 4330; x_wconf 92' lang='lat' dir='ltr'><strong>quo</strong></span> <span class='ocrx_word' id='word_1_615' title='bbox 2789 4260 2859 4315; x_wconf 88' lang='lat' dir='ltr'><strong>ad</strong></span> <span class='ocrx_word' id='word_1_616' title='bbox 2896 4259 3159 4315; x_wconf 89' lang='lat' dir='ltr'><strong>visionem</strong></span> <span class='ocrx_word' id='word_1_617' title='bbox 3211 4259 3383 4315; x_wconf 88' lang='lat' dir='ltr'><strong>nostri</strong></span> <span class='ocrx_word' id='word_1_618' title='bbox 3422 4258 3724 4313; x_wconf 87' lang='lat' dir='ltr'><strong>conditoris</strong></span> 
     </span>
    </p>
   </div>
   <div class='ocr_carea' id='block_1_81' title="bbox 450 4351 2037 4438">
    <p class='ocr_par' dir='ltr' id='par_1_81' title="bbox 450 4351 1923 4438">
     <span class='ocr_line' id='line_1_81' title="bbox 450 4351 1923 4438; baseline 0.011 -32"><span class='ocrx_word' id='word_1_619' title='bbox 450 4351 650 4422; x_wconf 85' lang='lat' dir='ltr'><strong>quibus</strong></span> <span class='ocrx_word' id='word_1_620' title='bbox 679 4353 735 4408; x_wconf 90' lang='lat' dir='ltr'><strong>in</strong></span> <span class='ocrx_word' id='word_1_621' title='bbox 766 4366 951 4412; x_wconf 88' lang='lat' dir='ltr'><strong>sancta</strong></span> <span class='ocrx_word' id='word_1_622' title='bbox 980 4369 1293 4420; x_wconf 83' lang='lat' dir='ltr'><strong>sanctorum</strong></span> <span class='ocrx_word' id='word_1_623' title='bbox 1321 4374 1467 4422; x_wconf 85' lang='lat' dir='ltr'><strong>esset</strong></span> <span class='ocrx_word' id='word_1_624' title='bbox 1490 4366 1923 4438; x_wconf 89' lang='lat' dir='ltr'><strong>ingrediendum.</strong></span> 
     </span>
    </p>
   </div>
   <div class='ocr_carea' id='block_1_82' title="bbox 2138 4351 3723 4438">
    <p class='ocr_par' dir='ltr' id='par_1_82' title="bbox 2138 4353 3723 4425">
     <span class='ocr_line' id='line_1_82' title="bbox 2138 4353 3723 4425; baseline -0.002 -15"><span class='ocrx_word' id='word_1_625' title='bbox 2138 4369 2602 4425; x_wconf 87' lang='lat' dir='ltr'><strong>supemorumque</strong></span> <span class='ocrx_word' id='word_1_626' title='bbox 2648 4353 2848 4409; x_wconf 89' lang='lat' dir='ltr'><strong>civium</strong></span> <span class='ocrx_word' id='word_1_627' title='bbox 2882 4368 2983 4408; x_wconf 91' lang='lat' dir='ltr'><strong>nos</strong></span> <span class='ocrx_word' id='word_1_628' title='bbox 3010 4353 3283 4409; x_wconf 89' lang='lat' dir='ltr'><strong>introduci</strong></span> <span class='ocrx_word' id='word_1_629' title='bbox 3322 4366 3604 4422; x_wconf 85' lang='lat' dir='ltr'><strong>speramus</strong></span> <span class='ocrx_word' id='word_1_630' title='bbox 3656 4366 3723 4407; x_wconf 87' lang='lat' dir='ltr'><strong>ac</strong></span> 
     </span>
    </p>
   </div>
   <div class='ocr_carea' id='block_1_83' title="bbox 452 4443 3723 4533">
    <p class='ocr_par' dir='ltr' id='par_1_83' title="bbox 452 4443 3723 4533">
     <span class='ocr_line' id='line_1_83' title="bbox 452 4443 3723 4533; baseline 0.003 -46"><span class='ocrx_word' id='word_1_631' title='bbox 452 4482 489 4497; x_wconf 15' lang='lat'><strong>.,</strong></span> <span class='ocrx_word' id='word_1_632' title='bbox 522 4443 695 4514; x_wconf 84' lang='lat' dir='ltr'><strong>Hujus</strong></span> <span class='ocrx_word' id='word_1_633' title='bbox 733 4463 864 4519; x_wconf 91' lang='lat' dir='ltr'><strong>ergo</strong></span> <span class='ocrx_word' id='word_1_634' title='bbox 892 4450 993 4506; x_wconf 90' lang='lat' dir='ltr'><strong>veli</strong></span> <span class='ocrx_word' id='word_1_635' title='bbox 1036 4454 1222 4510; x_wconf 88' lang='lat' dir='ltr'><strong>sedula</strong></span> <span class='ocrx_word' id='word_1_636' title='bbox 1252 4456 1512 4512; x_wconf 86' lang='lat' dir='ltr'><strong>revelatio</strong></span> <span class='ocrx_word' id='word_1_637' title='bbox 1539 4460 1833 4516; x_wconf 90' lang='lat' dir='ltr'><strong>secundum</strong></span> <span class='ocrx_word' id='word_1_638' title='bbox 1863 4460 2037 4533; x_wconf 81' lang='lat' dir='ltr'><strong>legem</strong></span> <span class='ocrx_word' id='word_1_639' title='bbox 2136 4446 2526 4510; x_wconf 88' lang='lat' dir='ltr'><strong>desideramus,</strong></span> <span class='ocrx_word' id='word_1_640' title='bbox 2574 4444 2653 4500; x_wconf 87' lang='lat' dir='ltr'><strong>ita</strong></span> <span class='ocrx_word' id='word_1_641' title='bbox 2698 4444 2953 4499; x_wconf 82' lang='lat' dir='ltr'><strong>introitus</strong></span> <span class='ocrx_word' id='word_1_642' title='bbox 2998 4443 3055 4499; x_wconf 91' lang='lat' dir='ltr'><strong>in</strong></span> <span class='ocrx_word' id='word_1_643' title='bbox 3105 4444 3365 4515; x_wconf 89' lang='lat' dir='ltr'><strong>templum</strong></span> <span class='ocrx_word' id='word_1_644' title='bbox 3418 4443 3723 4512; x_wconf 86' lang='lat' dir='ltr'><strong>primordia</strong></span> 
     </span>
    </p>
   </div>
   <div class='ocr_carea' id='block_1_84' title="bbox 449 4533 3725 4623">
    <p class='ocr_par' dir='ltr' id='par_1_84' title="bbox 449 4533 3725 4623">
     <span class='ocr_line' id='line_1_84' title="bbox 449 4533 3725 4623; baseline -0.002 -29"><span class='ocrx_word' id='word_1_645' title='bbox 449 4537 789 4604; x_wconf 80' lang='lat' dir='ltr'><strong>apertionem</strong></span> <span class='ocrx_word' id='word_1_646' title='bbox 827 4541 1095 4611; x_wconf 82' lang='lat' dir='ltr'><strong>signiﬁcat</strong></span> <span class='ocrx_word' id='word_1_647' title='bbox 1119 4546 1269 4616; x_wconf 64' lang='lat' dir='ltr'><strong>regni</strong></span> <span class='ocrx_word' id='word_1_648' title='bbox 1310 4548 1568 4615; x_wconf 66' lang='grc' dir='ltr'><strong>οωιεειίε,</strong></span> <span class='ocrx_word' id='word_1_649' title='bbox 1600 4565 1720 4620; x_wconf 61' lang='lat' dir='ltr'><strong>qua;</strong></span> <span class='ocrx_word' id='word_1_650' title='bbox 1754 4551 1911 4608; x_wconf 70' lang='lat' dir='ltr'><strong>nobis</strong></span> <span class='ocrx_word' id='word_1_651' title='bbox 1938 4567 2036 4623; x_wconf 61' lang='lat' dir='ltr'><strong>per</strong></span> <span class='ocrx_word' id='word_1_652' title='bbox 2059 4604 2111 4623; x_wconf 47' lang='lat' dir='ltr'><strong>ﬁ</strong></span> <span class='ocrx_word' id='word_1_653' title='bbox 2137 4543 2337 4597; x_wconf 68' lang='lat' dir='ltr'><strong>nostra:</strong></span> <span class='ocrx_word' id='word_1_654' title='bbox 2370 4543 2657 4592; x_wconf 74' lang='lat' dir='ltr'><strong>structura:</strong></span> <span class='ocrx_word' id='word_1_655' title='bbox 2683 4536 2749 4590; x_wconf 87' lang='lat' dir='ltr'><strong>ad</strong></span> <span class='ocrx_word' id='word_1_656' title='bbox 2784 4534 2953 4590; x_wconf 91' lang='lat' dir='ltr'><strong>Deum</strong></span> <span class='ocrx_word' id='word_1_657' title='bbox 2987 4535 3378 4601; x_wconf 88' lang='lat' dir='ltr'><strong>conversionis,</strong></span> <span class='ocrx_word' id='word_1_658' title='bbox 3413 4533 3630 4605; x_wconf 87' lang='lat' dir='ltr'><strong>quando</strong></span> <span class='ocrx_word' id='word_1_659' title='bbox 3668 4534 3725 4588; x_wconf 89' lang='lat' dir='ltr'><strong>in</strong></span> 
     </span>
    </p>
   </div>
   <div class='ocr_carea' id='block_1_85' title="bbox 450 4604 2037 4700">
    <p class='ocr_par' dir='ltr' id='par_1_85' title="bbox 450 4604 2035 4699">
     <span class='ocr_line' id='line_1_85' title="bbox 450 4604 2035 4699; baseline 0.009 -14"><span class='ocrx_word' id='word_1_660' title='bbox 450 4629 880 4687; x_wconf 84' lang='lat' dir='ltr'><strong>incarnationem</strong></span> <span class='ocrx_word' id='word_1_661' title='bbox 927 4635 1141 4691; x_wconf 89' lang='lat' dir='ltr'><strong>Domini</strong></span> <span class='ocrx_word' id='word_1_662' title='bbox 1181 4604 1237 4692; x_wconf 67' lang='lat' dir='ltr'><strong>et</strong></span> <span class='ocrx_word' id='word_1_663' title='bbox 1281 4604 1578 4695; x_wconf 77' lang='lat' dir='ltr'><strong>Salvatoris</strong></span> <span class='ocrx_word' id='word_1_664' title='bbox 1616 4604 1798 4697; x_wconf 65' lang='lat' dir='ltr'><strong>nostri</strong></span> <span class='ocrx_word' id='word_1_665' title='bbox 1834 4604 2035 4699; x_wconf 60' lang='lat' dir='ltr'><strong>donata</strong></span> 
     </span>
    </p>
   </div>
   <div class='ocr_carea' id='block_1_86' title="bbox 2138 4604 3723 4700">
    <p class='ocr_par' dir='ltr' id='par_1_86' title="bbox 2138 4604 3723 4700">
     <span class='ocr_line' id='line_1_86' title="bbox 2138 4604 3723 4700; baseline -0.003 -17"><span class='ocrx_word' id='word_1_666' title='bbox 2138 4636 2458 4700; x_wconf 60' lang='lat' dir='ltr'><strong>praesentem</strong></span> <span class='ocrx_word' id='word_1_667' title='bbox 2504 4627 2801 4683; x_wconf 88' lang='lat' dir='ltr'><strong>Ecclesiam</strong></span> <span class='ocrx_word' id='word_1_668' title='bbox 2854 4627 3212 4697; x_wconf 87' lang='lat' dir='ltr'><strong>ingredimur,</strong></span> <span class='ocrx_word' id='word_1_669' title='bbox 3265 4604 3445 4697; x_wconf 86' lang='lat' dir='ltr'><strong>typice</strong></span> <span class='ocrx_word' id='word_1_670' title='bbox 3489 4626 3723 4681; x_wconf 85' lang='lat' dir='ltr'><strong>demon-</strong></span> 
     </span>
    </p>
   </div>
   <div class='ocr_carea' id='block_1_87' title="bbox 451 4721 2034 4804">
    <p class='ocr_par' dir='ltr' id='par_1_87' title="bbox 451 4721 2034 4804">
     <span class='ocr_line' id='line_1_87' title="bbox 451 4721 2034 4804; baseline 0.008 -27"><span class='ocrx_word' id='word_1_671' title='bbox 451 4730 554 4777; x_wconf 86' lang='lat' dir='ltr'><strong>est.</strong></span> <span class='ocrx_word' id='word_1_672' title='bbox 590 4721 742 4778; x_wconf 87' lang='lat' dir='ltr'><strong>Unde</strong></span> <span class='ocrx_word' id='word_1_673' title='bbox 769 4731 824 4778; x_wconf 89' lang='lat' dir='ltr'><strong>et</strong></span> <span class='ocrx_word' id='word_1_674' title='bbox 858 4743 878 4777; x_wconf 84' lang='grc'><strong>‹</strong></span> <span class='ocrx_word' id='word_1_675' title='bbox 905 4726 1178 4797; x_wconf 81' lang='lat' dir='ltr'><strong>baptizato</strong></span> <span class='ocrx_word' id='word_1_676' title='bbox 1205 4744 1270 4784; x_wconf 91' lang='lat' dir='ltr'><strong>eo</strong></span> <span class='ocrx_word' id='word_1_677' title='bbox 1300 4730 1423 4785; x_wconf 68' lang='lat' dir='ltr'><strong>caeli</strong></span> <span class='ocrx_word' id='word_1_678' title='bbox 1454 4732 1626 4801; x_wconf 89' lang='lat' dir='ltr'><strong>aperti</strong></span> <span class='ocrx_word' id='word_1_679' title='bbox 1663 4742 1788 4788; x_wconf 91' lang='lat' dir='ltr'><strong>sunt</strong></span> <span class='ocrx_word' id='word_1_680' title='bbox 1819 4733 2034 4804; x_wconf 75' lang='lat' dir='ltr'><strong>(Matth.</strong></span> 
     </span>
    </p>
   </div>
   <div class='ocr_carea' id='block_1_88' title="bbox 448 4814 2036 4897">
    <p class='ocr_par' dir='ltr' id='par_1_88' title="bbox 448 4814 2036 4897">
     <span class='ocr_line' id='line_1_88' title="bbox 448 4814 2036 4897; baseline 0.009 -29"><span class='ocrx_word' id='word_1_681' title='bbox 448 4814 597 4887; x_wconf 78' lang='lat' dir='ltr'><strong>ut);</strong></span> <span class='ocrx_word' id='word_1_682' title='bbox 633 4834 653 4868; x_wconf 73' lang='grc' dir='ltr'><strong><em>ι</em></strong></span> <span class='ocrx_word' id='word_1_683' title='bbox 693 4824 757 4872; x_wconf 88' lang='lat' dir='ltr'><strong>ut</strong></span> <span class='ocrx_word' id='word_1_684' title='bbox 802 4819 1183 4876; x_wconf 81' lang='lat' dir='ltr'><strong>ostenderetur</strong></span> <span class='ocrx_word' id='word_1_685' title='bbox 1226 4823 1371 4892; x_wconf 93' lang='lat' dir='ltr'><strong>quod</strong></span> <span class='ocrx_word' id='word_1_686' title='bbox 1414 4839 1513 4892; x_wconf 90' lang='lat' dir='ltr'><strong>per</strong></span> <span class='ocrx_word' id='word_1_687' title='bbox 1558 4825 1845 4895; x_wconf 89' lang='lat' dir='ltr'><strong>baptisma,</strong></span> <span class='ocrx_word' id='word_1_688' title='bbox 1894 4825 2036 4897; x_wconf 89' lang='lat' dir='ltr'><strong>quod</strong></span> 
     </span>
    </p>
   </div>
   <div class='ocr_carea' id='block_1_89' title="bbox 450 4909 2033 4985">
    <p class='ocr_par' dir='ltr' id='par_1_89' title="bbox 450 4909 2033 4985">
     <span class='ocr_line' id='line_1_89' title="bbox 450 4909 2033 4985; baseline 0.006 -22"><span class='ocrx_word' id='word_1_689' title='bbox 450 4909 609 4964; x_wconf 70' lang='lat' dir='ltr'><strong>nobis</strong></span> <span class='ocrx_word' id='word_1_690' title='bbox 652 4909 767 4979; x_wconf 87' lang='lat' dir='ltr'><strong>ipse</strong></span> <span class='ocrx_word' id='word_1_691' title='bbox 782 4913 1149 4978; x_wconf 79' lang='lat' dir='ltr'><strong>consecravit,</strong></span> <span class='ocrx_word' id='word_1_692' title='bbox 1188 4911 1415 4982; x_wconf 88' lang='lat' dir='ltr'><strong>januam</strong></span> <span class='ocrx_word' id='word_1_693' title='bbox 1443 4916 1635 4985; x_wconf 86' lang='lat' dir='ltr'><strong>patriae</strong></span> <span class='ocrx_word' id='word_1_694' title='bbox 1659 4916 1899 4973; x_wconf 71' lang='lat' dir='ltr'><strong>scelestis</strong></span> <span class='ocrx_word' id='word_1_695' title='bbox 1937 4918 2033 4973; x_wconf 91' lang='lat' dir='ltr'><strong>de-</strong></span> 
     </span>
    </p>
   </div>
   <div class='ocr_carea' id='block_1_90' title="bbox 450 5000 2036 5075">
    <p class='ocr_par' dir='ltr' id='par_1_90' title="bbox 450 5000 2036 5075">
     <span class='ocr_line' id='line_1_90' title="bbox 450 5000 2036 5075; baseline 0.006 -20"><span class='ocrx_word' id='word_1_696' title='bbox 450 5000 707 5056; x_wconf 69' lang='lat' dir='ltr'><strong>beremus</strong></span> <span class='ocrx_word' id='word_1_697' title='bbox 736 5002 982 5074; x_wconf 81' lang='lat' dir='ltr'><strong>ingredi;</strong></span> <span class='ocrx_word' id='word_1_698' title='bbox 1032 5013 1089 5061; x_wconf 89' lang='lat' dir='ltr'><strong>et</strong></span> <span class='ocrx_word' id='word_1_699' title='bbox 1134 5006 1400 5061; x_wconf 87' lang='lat' dir='ltr'><strong>moriente</strong></span> <span class='ocrx_word' id='word_1_700' title='bbox 1436 5006 1529 5063; x_wconf 92' lang='lat' dir='ltr'><strong>illo</strong></span> <span class='ocrx_word' id='word_1_701' title='bbox 1564 5009 1620 5063; x_wconf 88' lang='lat' dir='ltr'><strong>in</strong></span> <span class='ocrx_word' id='word_1_702' title='bbox 1663 5023 1846 5075; x_wconf 89' lang='lat' dir='ltr'><strong>cruce,</strong></span> <span class='ocrx_word' id='word_1_703' title='bbox 1892 5009 2036 5065; x_wconf 87' lang='lat' dir='ltr'><strong>idem</strong></span> 
     </span>
    </p>
   </div>
   <div class='ocr_carea' id='block_1_91' title="bbox 450 5092 2036 5171">
    <p class='ocr_par' dir='ltr' id='par_1_91' title="bbox 450 5092 2036 5171">
     <span class='ocr_line' id='line_1_91' title="bbox 450 5092 2036 5171; baseline 0.009 -27"><span class='ocrx_word' id='word_1_704' title='bbox 450 5109 479 5144; x_wconf 85' lang='grc' dir='ltr'>ιι</span> <span class='ocrx_word' id='word_1_705' title='bbox 511 5092 693 5147; x_wconf 76' lang='lat' dir='ltr'><strong>velum</strong></span> <span class='ocrx_word' id='word_1_706' title='bbox 727 5095 956 5150; x_wconf 87' lang='lat' dir='ltr'><strong>scissum</strong></span> <span class='ocrx_word' id='word_1_707' title='bbox 984 5105 1071 5152; x_wconf 85' lang='lat' dir='ltr'><strong>est</strong></span> <span class='ocrx_word' id='word_1_708' title='bbox 1098 5098 1336 5153; x_wconf 88' lang='lat' dir='ltr'><strong>medium</strong></span> <span class='ocrx_word' id='word_1_709' title='bbox 1362 5115 1394 5155; x_wconf 89' lang='lat' dir='ltr'><strong>a</strong></span> <span class='ocrx_word' id='word_1_710' title='bbox 1422 5114 1637 5155; x_wconf 88' lang='lat' dir='ltr'><strong>summo</strong></span> <span class='ocrx_word' id='word_1_711' title='bbox 1681 5116 1854 5171; x_wconf 84' lang='lat' dir='ltr'><strong>usque</strong></span> <span class='ocrx_word' id='word_1_712' title='bbox 1879 5103 2036 5159; x_wconf 88' lang='lat' dir='ltr'><strong>deor-</strong></span> 
     </span>
    </p>
   </div>
   <div class='ocr_carea' id='block_1_92' title="bbox 454 5181 2036 5262">
    <p class='ocr_par' dir='ltr' id='par_1_92' title="bbox 454 5181 2036 5262">
     <span class='ocr_line' id='line_1_92' title="bbox 454 5181 2036 5262; baseline 0.009 -26"><span class='ocrx_word' id='word_1_713' title='bbox 454 5196 578 5237; x_wconf 64' lang='lat' dir='ltr'><strong>um</strong></span> <span class='ocrx_word' id='word_1_714' title='bbox 616 5181 845 5254; x_wconf 75' lang='lat' dir='ltr'><strong>(Matth.</strong></span> <span class='ocrx_word' id='word_1_715' title='bbox 888 5187 1081 5256; x_wconf 73' lang='lat' dir='ltr'><strong>xxv&quot;),</strong></span> <span class='ocrx_word' id='word_1_716' title='bbox 1107 5206 1125 5239; x_wconf 74' lang='grc' dir='ltr'><strong>ι</strong></span> <span class='ocrx_word' id='word_1_717' title='bbox 1173 5198 1233 5243; x_wconf 85' lang='lat' dir='ltr'><strong>ut</strong></span> <span class='ocrx_word' id='word_1_718' title='bbox 1280 5199 1467 5259; x_wconf 87' lang='lat' dir='ltr'><strong>aperte</strong></span> <span class='ocrx_word' id='word_1_719' title='bbox 1501 5192 1786 5247; x_wconf 88' lang='lat' dir='ltr'><strong>doceretur</strong></span> <span class='ocrx_word' id='word_1_720' title='bbox 1811 5194 1939 5262; x_wconf 87' lang='lat' dir='ltr'><strong>quia</strong></span> <span class='ocrx_word' id='word_1_721' title='bbox 1974 5195 2036 5249; x_wconf 83' lang='lat' dir='ltr'><strong>ﬁ-</strong></span> 
     </span>
    </p>
   </div>
   <div class='ocr_carea' id='block_1_93' title="bbox 450 5272 2034 5348">
    <p class='ocr_par' dir='ltr' id='par_1_93' title="bbox 450 5272 2034 5348">
     <span class='ocr_line' id='line_1_93' title="bbox 450 5272 2034 5348; baseline 0.009 -22"><span class='ocrx_word' id='word_1_722' title='bbox 450 5287 603 5342; x_wconf 65' lang='lat' dir='ltr'><strong>gura:</strong></span> <span class='ocrx_word' id='word_1_723' title='bbox 626 5272 828 5343; x_wconf 72' lang='lat' dir='ltr'><strong>legales</strong></span> <span class='ocrx_word' id='word_1_724' title='bbox 844 5273 960 5342; x_wconf 88' lang='lat' dir='ltr'><strong>jam</strong></span> <span class='ocrx_word' id='word_1_725' title='bbox 986 5279 1204 5334; x_wconf 86' lang='lat' dir='ltr'><strong>tuncad</strong></span> <span class='ocrx_word' id='word_1_726' title='bbox 1233 5277 1397 5335; x_wconf 82' lang='lat' dir='ltr'><strong>finem</strong></span> <span class='ocrx_word' id='word_1_727' title='bbox 1420 5282 1717 5348; x_wconf 86' lang='lat' dir='ltr'><strong>venissent,</strong></span> <span class='ocrx_word' id='word_1_728' title='bbox 1744 5298 1808 5338; x_wconf 89' lang='lat' dir='ltr'><strong>ac</strong></span> <span class='ocrx_word' id='word_1_729' title='bbox 1832 5284 2034 5340; x_wconf 86' lang='lat' dir='ltr'><strong>veritas</strong></span> 
     </span>
    </p>
   </div>
   <div class='ocr_carea' id='block_1_94' title="bbox 452 5364 2035 5446">
    <p class='ocr_par' dir='ltr' id='par_1_94' title="bbox 452 5364 2035 5446">
     <span class='ocr_line' id='line_1_94' title="bbox 452 5364 2035 5446; baseline 0.004 -23"><span class='ocrx_word' id='word_1_730' title='bbox 452 5364 757 5435; x_wconf 75' lang='lat' dir='ltr'><strong>Evangelii,</strong></span> <span class='ocrx_word' id='word_1_731' title='bbox 790 5382 1097 5440; x_wconf 81' lang='lat' dir='ltr'><strong>arcanaque</strong></span> <span class='ocrx_word' id='word_1_732' title='bbox 1130 5371 1394 5438; x_wconf 65' lang='lat' dir='ltr'><strong>celestia,</strong></span> <span class='ocrx_word' id='word_1_733' title='bbox 1440 5383 1496 5428; x_wconf 90' lang='lat' dir='ltr'><strong>et</strong></span> <span class='ocrx_word' id='word_1_734' title='bbox 1520 5373 1635 5446; x_wconf 88' lang='lat' dir='ltr'><strong>ipse</strong></span> <span class='ocrx_word' id='word_1_735' title='bbox 1674 5374 1797 5430; x_wconf 60' lang='lat' dir='ltr'><strong>caeli</strong></span> <span class='ocrx_word' id='word_1_736' title='bbox 1830 5375 2035 5446; x_wconf 85' lang='lat' dir='ltr'><strong>ingres-</strong></span> 
     </span>
    </p>
   </div>
   <div class='ocr_carea' id='block_1_95' title="bbox 450 5459 2035 5538">
    <p class='ocr_par' dir='ltr' id='par_1_95' title="bbox 450 5459 2035 5538">
     <span class='ocr_line' id='line_1_95' title="bbox 450 5459 2035 5538; baseline 0.008 -27"><span class='ocrx_word' id='word_1_737' title='bbox 450 5470 571 5520; x_wconf 71' lang='lat' dir='ltr'><strong>sus,</strong></span> <span class='ocrx_word' id='word_1_738' title='bbox 614 5472 722 5513; x_wconf 84' lang='lat' dir='ltr'><strong>non</strong></span> <span class='ocrx_word' id='word_1_739' title='bbox 749 5459 929 5516; x_wconf 82' lang='lat' dir='ltr'><strong>adhuc</strong></span> <span class='ocrx_word' id='word_1_740' title='bbox 967 5463 1371 5532; x_wconf 83' lang='lat' dir='ltr'><strong>prophetandus</strong></span> <span class='ocrx_word' id='word_1_741' title='bbox 1398 5480 1463 5521; x_wconf 90' lang='lat' dir='ltr'><strong>ac</strong></span> <span class='ocrx_word' id='word_1_742' title='bbox 1492 5464 1790 5537; x_wconf 84' lang='lat' dir='ltr'><strong>ﬁguraliter</strong></span> <span class='ocrx_word' id='word_1_743' title='bbox 1829 5467 2035 5538; x_wconf 85' lang='lat' dir='ltr'><strong>signiﬁ-</strong></span> 
     </span>
    </p>
   </div>
   <div class='ocr_carea' id='block_1_96' title="bbox 452 5546 2036 5630">
    <p class='ocr_par' dir='ltr' id='par_1_96' title="bbox 452 5546 2036 5630">
     <span class='ocr_line' id='line_1_96' title="bbox 452 5546 2036 5630; baseline 0.009 -29"><span class='ocrx_word' id='word_1_744' title='bbox 452 5546 689 5614; x_wconf 76' lang='lat' dir='ltr'><strong>cantius,</strong></span> <span class='ocrx_word' id='word_1_745' title='bbox 718 5551 811 5606; x_wconf 83' lang='lat' dir='ltr'><strong>sed</strong></span> <span class='ocrx_word' id='word_1_746' title='bbox 831 5548 1162 5624; x_wconf 81' lang='lat' dir='ltr'><strong>jamjamque</strong></span> <span class='ocrx_word' id='word_1_747' title='bbox 1190 5565 1338 5612; x_wconf 85' lang='lat' dir='ltr'><strong>esset</strong></span> <span class='ocrx_word' id='word_1_748' title='bbox 1362 5559 1610 5627; x_wconf 83' lang='lat' dir='ltr'><strong>proxime</strong></span> <span class='ocrx_word' id='word_1_749' title='bbox 1638 5558 1889 5614; x_wconf 87' lang='lat' dir='ltr'><strong>omnibus</strong></span> <span class='ocrx_word' id='word_1_750' title='bbox 1913 5574 2036 5630; x_wconf 86' lang='lat' dir='ltr'><strong>ape-</strong></span> 
     </span>
    </p>
   </div>
   <div class='ocr_carea' id='block_1_97' title="bbox 446 5640 2039 5721">
    <p class='ocr_par' dir='ltr' id='par_1_97' title="bbox 446 5640 2039 5721">
     <span class='ocr_line' id='line_1_97' title="bbox 446 5640 2039 5721; baseline 0.008 -27"><span class='ocrx_word' id='word_1_751' title='bbox 446 5640 704 5708; x_wconf 67' lang='lat' dir='ltr'><strong>«u’iendus,</strong></span> <span class='ocrx_word' id='word_1_752' title='bbox 732 5644 827 5712; x_wconf 74' lang='lat' dir='ltr'><strong>qui</strong></span> <span class='ocrx_word' id='word_1_753' title='bbox 857 5646 922 5701; x_wconf 75' lang='lat' dir='ltr'><strong>ab</strong></span> <span class='ocrx_word' id='word_1_754' title='bbox 966 5647 1122 5703; x_wconf 75' lang='lat' dir='ltr'><strong>initio</strong></span> <span class='ocrx_word' id='word_1_755' title='bbox 1150 5650 1543 5720; x_wconf 84' lang='lat' dir='ltr'><strong>mundiusque</strong></span> <span class='ocrx_word' id='word_1_756' title='bbox 1586 5651 1656 5704; x_wconf 90' lang='lat' dir='ltr'><strong>ad</strong></span> <span class='ocrx_word' id='word_1_757' title='bbox 1698 5650 1752 5705; x_wconf 93' lang='lat' dir='ltr'><strong>id</strong></span> <span class='ocrx_word' id='word_1_758' title='bbox 1782 5651 2039 5721; x_wconf 88' lang='lat' dir='ltr'><strong>temporis</strong></span> 
     </span>
    </p>
   </div>
   <div class='ocr_carea' id='block_1_98' title="bbox 448 5733 2037 5799">
    <p class='ocr_par' dir='ltr' id='par_1_98' title="bbox 448 5733 2037 5799">
     <span class='ocr_line' id='line_1_98' title="bbox 448 5733 2037 5799; baseline 0.006 -11"><span class='ocrx_word' id='word_1_759' title='bbox 448 5733 933 5795; x_wconf 70' lang='lat' dir='ltr'><strong>inuﬁde-voritatis</strong></span> <span class='ocrx_word' id='word_1_760' title='bbox 970 5743 1279 5798; x_wconf 22' lang='lat' dir='ltr'><strong>detmundo</strong></span> <span class='ocrx_word' id='word_1_761' title='bbox 1323 5743 1672 5799; x_wconf 85' lang='lat' dir='ltr'><strong>transierunt.</strong></span> <span class='ocrx_word' id='word_1_762' title='bbox 1712 5740 1859 5798; x_wconf 84' lang='lat' dir='ltr'><strong>Bene</strong></span> <span class='ocrx_word' id='word_1_763' title='bbox 1895 5742 2037 5798; x_wconf 85' lang='lat' dir='ltr'><strong>idem</strong></span> 
     </span>
    </p>
   </div>
   <div class='ocr_carea' id='block_1_99' title="bbox 444 5825 2039 5899">
    <p class='ocr_par' dir='ltr' id='par_1_99' title="bbox 444 5825 2039 5899">
     <span class='ocr_line' id='line_1_99' title="bbox 444 5825 2039 5899; baseline 0.005 -19"><span class='ocrx_word' id='word_1_764' title='bbox 444 5825 665 5892; x_wconf 72' lang='lat' dir='ltr'><strong>Jelnm,</strong></span> <span class='ocrx_word' id='word_1_765' title='bbox 682 5828 1001 5899; x_wconf 64' lang='lat' dir='ltr'><strong>subquoin</strong></span> <span class='ocrx_word' id='word_1_766' title='bbox 1035 5833 1691 5898; x_wconf 58' lang='lat' dir='ltr'><strong>oraculumrintrabatur,</strong></span> <span class='ocrx_word' id='word_1_767' title='bbox 1719 5847 1788 5888; x_wconf 77' lang='lat' dir='ltr'><strong>ex</strong></span> <span class='ocrx_word' id='word_1_768' title='bbox 1816 5833 2039 5899; x_wconf 75' lang='lat' dir='ltr'><strong>hyacin-</strong></span> 
     </span>
    </p>
   </div>
   <div class='ocr_carea' id='block_1_100' title="bbox 2135 4714 3727 4790">
    <p class='ocr_par' dir='ltr' id='par_1_100' title="bbox 2135 4714 3727 4790">
     <span class='ocr_line' id='line_1_100' title="bbox 2135 4714 3727 4790; baseline -0.005 -14"><span class='ocrx_word' id='word_1_769' title='bbox 2135 4727 2292 4776; x_wconf 88' lang='lat' dir='ltr'><strong>strat.</strong></span> <span class='ocrx_word' id='word_1_770' title='bbox 2347 4719 2455 4774; x_wconf 85' lang='lat' dir='ltr'><strong>Iste</strong></span> <span class='ocrx_word' id='word_1_771' title='bbox 2482 4719 2786 4790; x_wconf 87' lang='lat' dir='ltr'><strong>ingressum</strong></span> <span class='ocrx_word' id='word_1_772' title='bbox 2830 4727 3078 4775; x_wconf 89' lang='lat' dir='ltr'><strong>nostrum</strong></span> <span class='ocrx_word' id='word_1_773' title='bbox 3133 4718 3202 4773; x_wconf 89' lang='lat' dir='ltr'><strong>ad</strong></span> <span class='ocrx_word' id='word_1_774' title='bbox 3233 4717 3412 4780; x_wconf 87' lang='lat' dir='ltr'><strong>ﬁdem,</strong></span> <span class='ocrx_word' id='word_1_775' title='bbox 3461 4715 3551 4770; x_wconf 91' lang='lat' dir='ltr'><strong>ille</strong></span> <span class='ocrx_word' id='word_1_776' title='bbox 3581 4714 3727 4769; x_wconf 86' lang='lat' dir='ltr'><strong>desi-</strong></span> 
     </span>
    </p>
   </div>
   <div class='ocr_carea' id='block_1_101' title="bbox 2133 4805 3724 4882">
    <p class='ocr_par' dir='ltr' id='par_1_101' title="bbox 2133 4805 3724 4882">
     <span class='ocr_line' id='line_1_101' title="bbox 2133 4805 3724 4882; baseline -0.003 -18"><span class='ocrx_word' id='word_1_777' title='bbox 2133 4819 2264 4882; x_wconf 87' lang='lat' dir='ltr'><strong>gnat</strong></span> <span class='ocrx_word' id='word_1_778' title='bbox 2290 4809 2358 4863; x_wconf 90' lang='lat' dir='ltr'><strong>ad</strong></span> <span class='ocrx_word' id='word_1_779' title='bbox 2383 4809 2640 4879; x_wconf 85' lang='lat' dir='ltr'><strong>speciem.</strong></span> <span class='ocrx_word' id='word_1_780' title='bbox 2676 4808 2829 4865; x_wconf 90' lang='lat' dir='ltr'><strong>Unde</strong></span> <span class='ocrx_word' id='word_1_781' title='bbox 2854 4818 3038 4879; x_wconf 89' lang='lat' dir='ltr'><strong>aperte</strong></span> <span class='ocrx_word' id='word_1_782' title='bbox 3065 4819 3248 4879; x_wconf 87' lang='lat' dir='ltr'><strong>postes</strong></span> <span class='ocrx_word' id='word_1_783' title='bbox 3274 4805 3437 4875; x_wconf 89' lang='lat' dir='ltr'><strong>hujus</strong></span> <span class='ocrx_word' id='word_1_784' title='bbox 3462 4806 3724 4860; x_wconf 89' lang='lat' dir='ltr'><strong>introitus</strong></span> 
     </span>
    </p>
   </div>
   <div class='ocr_carea' id='block_1_102' title="bbox 2133 4898 3726 4972">
    <p class='ocr_par' dir='ltr' id='par_1_102' title="bbox 2133 4898 3726 4972">
     <span class='ocr_line' id='line_1_102' title="bbox 2133 4898 3726 4972; baseline -0.003 -16"><span class='ocrx_word' id='word_1_785' title='bbox 2133 4899 2545 4972; x_wconf 80' lang='lat' dir='ltr'><strong>quadrangulati</strong></span> <span class='ocrx_word' id='word_1_786' title='bbox 2573 4909 2701 4955; x_wconf 91' lang='lat' dir='ltr'><strong>sunt</strong></span> <span class='ocrx_word' id='word_1_787' title='bbox 2724 4900 2871 4963; x_wconf 88' lang='lat' dir='ltr'><strong>facti,</strong></span> <span class='ocrx_word' id='word_1_788' title='bbox 2898 4900 3010 4955; x_wconf 87' lang='lat' dir='ltr'><strong>sive</strong></span> <span class='ocrx_word' id='word_1_789' title='bbox 3036 4908 3258 4969; x_wconf 88' lang='lat' dir='ltr'><strong>propter</strong></span> <span class='ocrx_word' id='word_1_790' title='bbox 3282 4908 3516 4969; x_wconf 87' lang='lat' dir='ltr'><strong>quatuor</strong></span> <span class='ocrx_word' id='word_1_791' title='bbox 3539 4898 3726 4952; x_wconf 86' lang='lat' dir='ltr'><strong>Evan-</strong></span> 
     </span>
    </p>
   </div>
   <div class='ocr_carea' id='block_1_103' title="bbox 2133 4989 3720 5065">
    <p class='ocr_par' dir='ltr' id='par_1_103' title="bbox 2133 4989 3720 5065">
     <span class='ocr_line' id='line_1_103' title="bbox 2133 4989 3720 5065; baseline -0.003 -18"><span class='ocrx_word' id='word_1_792' title='bbox 2133 4992 2259 5065; x_wconf 88' lang='lat' dir='ltr'><strong>gelii</strong></span> <span class='ocrx_word' id='word_1_793' title='bbox 2302 4992 2491 5057; x_wconf 90' lang='lat' dir='ltr'><strong>libros,</strong></span> <span class='ocrx_word' id='word_1_794' title='bbox 2519 5006 2750 5061; x_wconf 90' lang='lat' dir='ltr'><strong>quorum</strong></span> <span class='ocrx_word' id='word_1_795' title='bbox 2787 4990 3032 5046; x_wconf 88' lang='lat' dir='ltr'><strong>doctrina</strong></span> <span class='ocrx_word' id='word_1_796' title='bbox 3076 4991 3131 5045; x_wconf 91' lang='lat' dir='ltr'><strong>in</strong></span> <span class='ocrx_word' id='word_1_797' title='bbox 3159 4989 3265 5045; x_wconf 90' lang='lat' dir='ltr'><strong>ﬁde</strong></span> <span class='ocrx_word' id='word_1_798' title='bbox 3304 4989 3556 5044; x_wconf 87' lang='lat' dir='ltr'><strong>veritatis</strong></span> <span class='ocrx_word' id='word_1_799' title='bbox 3593 5004 3720 5043; x_wconf 91' lang='lat' dir='ltr'><strong>eru-</strong></span> 
     </span>
    </p>
   </div>
   <div class='ocr_carea' id='block_1_104' title="bbox 2142 5081 3718 5153">
    <p class='ocr_par' dir='ltr' id='par_1_104' title="bbox 2142 5081 3718 5153">
     <span class='ocr_line' id='line_1_104' title="bbox 2142 5081 3718 5153; baseline -0.003 -13"><span class='ocrx_word' id='word_1_800' title='bbox 2142 5083 2353 5149; x_wconf 89' lang='lat' dir='ltr'><strong>dimur;</strong></span> <span class='ocrx_word' id='word_1_801' title='bbox 2404 5098 2502 5139; x_wconf 91' lang='lat' dir='ltr'><strong>seu</strong></span> <span class='ocrx_word' id='word_1_802' title='bbox 2547 5092 2769 5153; x_wconf 87' lang='lat' dir='ltr'><strong>propter</strong></span> <span class='ocrx_word' id='word_1_803' title='bbox 2820 5082 3047 5138; x_wconf 89' lang='lat' dir='ltr'><strong>totidem</strong></span> <span class='ocrx_word' id='word_1_804' title='bbox 3091 5082 3318 5138; x_wconf 89' lang='lat' dir='ltr'><strong>virtutes</strong></span> <span class='ocrx_word' id='word_1_805' title='bbox 3364 5081 3718 5152; x_wconf 88' lang='lat' dir='ltr'><strong>principales,</strong></span> 
     </span>
    </p>
   </div>
   <div class='ocr_carea' id='block_1_105' title="bbox 2148 5174 3723 5247">
    <p class='ocr_par' dir='ltr' id='par_1_105' title="bbox 2148 5174 3723 5247">
     <span class='ocr_line' id='line_1_105' title="bbox 2148 5174 3723 5247; baseline -0.001 -19"><span class='ocrx_word' id='word_1_806' title='bbox 2148 5194 2166 5228; x_wconf 77' lang='grc'><strong>(</strong></span> <span class='ocrx_word' id='word_1_807' title='bbox 2212 5176 2574 5246; x_wconf 87' lang='lat' dir='ltr'><strong>prudentiam,</strong></span> <span class='ocrx_word' id='word_1_808' title='bbox 2627 5174 3015 5241; x_wconf 82' lang='lat' dir='ltr'><strong>fortitudinem,</strong></span> <span class='ocrx_word' id='word_1_809' title='bbox 3071 5175 3518 5247; x_wconf 89' lang='lat' dir='ltr'><strong>temperantiam,</strong></span> <span class='ocrx_word' id='word_1_810' title='bbox 3561 5174 3723 5245; x_wconf 88' lang='lat' dir='ltr'><strong>justi-</strong></span> 
     </span>
    </p>
   </div>
   <div class='ocr_carea' id='block_1_106' title="bbox 2140 5265 3718 5338">
    <p class='ocr_par' dir='ltr' id='par_1_106' title="bbox 2140 5265 3718 5338">
     <span class='ocr_line' id='line_1_106' title="bbox 2140 5265 3718 5338; baseline -0.001 -17"><span class='ocrx_word' id='word_1_811' title='bbox 2140 5268 2295 5331; x_wconf 88' lang='lat' dir='ltr'><strong>tiam,</strong></span> <span class='ocrx_word' id='word_1_812' title='bbox 2315 5286 2334 5319; x_wconf 85' lang='grc'>›</span> <span class='ocrx_word' id='word_1_813' title='bbox 2360 5281 2586 5338; x_wconf 87' lang='lat' dir='ltr'><strong>quarum</strong></span> <span class='ocrx_word' id='word_1_814' title='bbox 2608 5267 2771 5322; x_wconf 88' lang='lat' dir='ltr'><strong>veluti</strong></span> <span class='ocrx_word' id='word_1_815' title='bbox 2793 5265 3105 5321; x_wconf 79' lang='lat' dir='ltr'><strong>fundamine</strong></span> <span class='ocrx_word' id='word_1_816' title='bbox 3124 5267 3357 5337; x_wconf 88' lang='lat' dir='ltr'><strong>quodam</strong></span> <span class='ocrx_word' id='word_1_817' title='bbox 3379 5266 3718 5330; x_wconf 88' lang='lat' dir='ltr'><strong>ﬁrmissimo,</strong></span> 
     </span>
    </p>
   </div>
   <div class='ocr_carea' id='block_1_107' title="bbox 2139 5354 3722 5415">
    <p class='ocr_par' dir='ltr' id='par_1_107' title="bbox 2139 5354 3722 5415">
     <span class='ocr_line' id='line_1_107' title="bbox 2139 5354 3722 5415; baseline -0.004 0"><span class='ocrx_word' id='word_1_818' title='bbox 2139 5357 2315 5415; x_wconf 90' lang='lat' dir='ltr'><strong>Omnis</strong></span> <span class='ocrx_word' id='word_1_819' title='bbox 2364 5356 2630 5410; x_wconf 88' lang='lat' dir='ltr'><strong>bonorum</strong></span> <span class='ocrx_word' id='word_1_820' title='bbox 2674 5363 2891 5410; x_wconf 89' lang='lat' dir='ltr'><strong>actuum</strong></span> <span class='ocrx_word' id='word_1_821' title='bbox 2936 5364 3209 5412; x_wconf 88' lang='lat' dir='ltr'><strong>structura</strong></span> <span class='ocrx_word' id='word_1_822' title='bbox 3261 5357 3530 5412; x_wconf 84' lang='lat' dir='ltr'><strong>innititur.</strong></span> <span class='ocrx_word' id='word_1_823' title='bbox 3588 5354 3722 5409; x_wconf 86' lang='lat' dir='ltr'><strong>Pru-</strong></span> 
     </span>
    </p>
   </div>
   <div class='ocr_carea' id='block_1_108' title="bbox 2139 5449 3718 5519">
    <p class='ocr_par' dir='ltr' id='par_1_108' title="bbox 2139 5449 3718 5519">
     <span class='ocr_line' id='line_1_108' title="bbox 2139 5449 3718 5519; baseline -0.003 -13"><span class='ocrx_word' id='word_1_824' title='bbox 2139 5451 2321 5507; x_wconf 89' lang='lat' dir='ltr'><strong>dentia</strong></span> <span class='ocrx_word' id='word_1_825' title='bbox 2368 5459 2452 5505; x_wconf 92' lang='lat' dir='ltr'><strong>est</strong></span> <span class='ocrx_word' id='word_1_826' title='bbox 2500 5464 2730 5518; x_wconf 89' lang='lat' dir='ltr'><strong>namque</strong></span> <span class='ocrx_word' id='word_1_827' title='bbox 2772 5464 2879 5519; x_wconf 90' lang='lat' dir='ltr'><strong>qua</strong></span> <span class='ocrx_word' id='word_1_828' title='bbox 2914 5449 3172 5504; x_wconf 89' lang='lat' dir='ltr'><strong>discimus</strong></span> <span class='ocrx_word' id='word_1_829' title='bbox 3221 5449 3350 5519; x_wconf 90' lang='lat' dir='ltr'><strong>quid</strong></span> <span class='ocrx_word' id='word_1_830' title='bbox 3388 5462 3488 5501; x_wconf 92' lang='lat' dir='ltr'><strong>nos</strong></span> <span class='ocrx_word' id='word_1_831' title='bbox 3535 5460 3718 5517; x_wconf 89' lang='lat' dir='ltr'><strong>agere,</strong></span> 
     </span>
    </p>
   </div>
   <div class='ocr_carea' id='block_1_109' title="bbox 2138 5539 3720 5612">
    <p class='ocr_par' dir='ltr' id='par_1_109' title="bbox 2138 5539 3720 5612">
     <span class='ocr_line' id='line_1_109' title="bbox 2138 5539 3720 5612; baseline -0.003 -16"><span class='ocrx_word' id='word_1_832' title='bbox 2138 5542 2370 5612; x_wconf 87' lang='lat' dir='ltr'><strong>qualiter</strong></span> <span class='ocrx_word' id='word_1_833' title='bbox 2393 5542 2577 5596; x_wconf 90' lang='lat' dir='ltr'><strong>vivere</strong></span> <span class='ocrx_word' id='word_1_834' title='bbox 2602 5540 2822 5605; x_wconf 87' lang='lat' dir='ltr'><strong>deceat;</strong></span> <span class='ocrx_word' id='word_1_835' title='bbox 2870 5539 3151 5607; x_wconf 81' lang='lat' dir='ltr'><strong>fortitudo,</strong></span> <span class='ocrx_word' id='word_1_836' title='bbox 3176 5556 3275 5611; x_wconf 89' lang='lat' dir='ltr'><strong>per</strong></span> <span class='ocrx_word' id='word_1_837' title='bbox 3319 5554 3482 5611; x_wconf 91' lang='lat' dir='ltr'><strong>quam</strong></span> <span class='ocrx_word' id='word_1_838' title='bbox 3510 5553 3572 5592; x_wconf 88' lang='lat' dir='ltr'><strong>ea</strong></span> <span class='ocrx_word' id='word_1_839' title='bbox 3599 5552 3720 5607; x_wconf 77' lang='lat' dir='ltr'><strong>quae</strong></span> 
     </span>
    </p>
   </div>
   <div class='ocr_carea' id='block_1_110' title="bbox 2138 5626 3720 5702">
    <p class='ocr_par' dir='ltr' id='par_1_110' title="bbox 2138 5626 3720 5702">
     <span class='ocr_line' id='line_1_110' title="bbox 2138 5626 3720 5702; baseline -0.003 -16"><span class='ocrx_word' id='word_1_840' title='bbox 2138 5632 2341 5702; x_wconf 86' lang='lat' dir='ltr'><strong>agenda</strong></span> <span class='ocrx_word' id='word_1_841' title='bbox 2398 5629 2703 5696; x_wconf 90' lang='lat' dir='ltr'><strong>didicimus,</strong></span> <span class='ocrx_word' id='word_1_842' title='bbox 2753 5630 3042 5701; x_wconf 89' lang='lat' dir='ltr'><strong>implemus</strong></span> <span class='ocrx_word' id='word_1_843' title='bbox 3068 5648 3080 5684; x_wconf 91' lang='lat'>:</span> <span class='ocrx_word' id='word_1_844' title='bbox 3107 5646 3242 5700; x_wconf 88' lang='lat' dir='ltr'><strong>quas</strong></span> <span class='ocrx_word' id='word_1_845' title='bbox 3292 5645 3400 5684; x_wconf 92' lang='lat' dir='ltr'><strong>uno</strong></span> <span class='ocrx_word' id='word_1_846' title='bbox 3446 5626 3720 5682; x_wconf 85' lang='lat' dir='ltr'><strong>versiculo</strong></span> 
     </span>
    </p>
   </div>
   <div class='ocr_carea' id='block_1_111' title="bbox 2138 5720 3715 5793">
    <p class='ocr_par' dir='ltr' id='par_1_111' title="bbox 2138 5720 3715 5793">
     <span class='ocr_line' id='line_1_111' title="bbox 2138 5720 3715 5793; baseline -0.002 -16"><span class='ocrx_word' id='word_1_847' title='bbox 2138 5724 2365 5778; x_wconf 86' lang='lat' dir='ltr'><strong>virtutes</strong></span> <span class='ocrx_word' id='word_1_848' title='bbox 2411 5722 2681 5793; x_wconf 87' lang='lat' dir='ltr'><strong>Propheta</strong></span> <span class='ocrx_word' id='word_1_849' title='bbox 2750 5723 2987 5779; x_wconf 89' lang='lat' dir='ltr'><strong>breviter</strong></span> <span class='ocrx_word' id='word_1_850' title='bbox 3052 5720 3447 5790; x_wconf 87' lang='lat' dir='ltr'><strong>complectitur,</strong></span> <span class='ocrx_word' id='word_1_851' title='bbox 3499 5720 3715 5774; x_wconf 88' lang='lat' dir='ltr'><strong>dicens:</strong></span> 
     </span>
    </p>
   </div>
   <div class='ocr_carea' id='block_1_112' title="bbox 2145 5808 3718 5880">
    <p class='ocr_par' dir='ltr' id='par_1_112' title="bbox 2145 5808 3718 5880">
     <span class='ocr_line' id='line_1_112' title="bbox 2145 5808 3718 5880; baseline -0.001 -11"><span class='ocrx_word' id='word_1_852' title='bbox 2145 5829 2166 5869; x_wconf 68' lang='grc' dir='ltr'><strong>ς</strong></span> <span class='ocrx_word' id='word_1_853' title='bbox 2210 5814 2468 5871; x_wconf 88' lang='lat' dir='ltr'><strong>Dominus</strong></span> <span class='ocrx_word' id='word_1_854' title='bbox 2497 5812 2818 5870; x_wconf 89' lang='lat' dir='ltr'><strong>illuminatio</strong></span> <span class='ocrx_word' id='word_1_855' title='bbox 2876 5823 3001 5871; x_wconf 88' lang='lat' dir='ltr'><strong>mea</strong></span> <span class='ocrx_word' id='word_1_856' title='bbox 3048 5819 3106 5868; x_wconf 90' lang='lat' dir='ltr'><strong>et</strong></span> <span class='ocrx_word' id='word_1_857' title='bbox 3163 5810 3310 5868; x_wconf 87' lang='lat' dir='ltr'><strong>salus</strong></span> <span class='ocrx_word' id='word_1_858' title='bbox 3358 5826 3481 5868; x_wconf 90' lang='lat' dir='ltr'><strong>mea</strong></span> <span class='ocrx_word' id='word_1_859' title='bbox 3538 5808 3718 5880; x_wconf 64' lang='lat' dir='ltr'><strong>(Paul.</strong></span> 
     </span>
    </p>
   </div>
  </div>
