4074 6460
317 401 426 456 161

1145 402 1507 462 ΟΟΜΜΕΝΤ.·
1533 404 1602 463 ΙΝ
1637 403 1986 466 LIBROS-IV
2022 403 2285 465 REGUM.
2323 427 2395 452 -δ-
2417 409 2668 468 'lN‘LlB.’
2696 407 2786 470 ill.

3473 417 3580 480 162

323 512 499 585 xxvi).
536 530 557 564 ι
593 511 916 568 Illuminatio
946 512 1216 581 videlicet,
1246 525 1323 584 ut,
1354 533 1473 587 qua:
1503 533 1662 589 agere
1708 518 1901 574 debea-
1927 520 1982 580 Λ
2001 517 2243 587 picturas
2279 521 2496 586 ouium,
2535 539 2670 592 quas
2697 533 2753 580 et
2779 525 2984 596 paries,’
2999 527 3262 596 habebat;
3294 532 3575 589 veraciter

324 621 469 670 mus,
498 606 754 660 edoceat:
803 605 948 662 salus
974 622 1122 674 vero,
1151 617 1212 662 ut
1237 610 1305 664 ad
1335 611 1449 666 haec
1475 626 1574 666 nos
1602 612 1902 681 peragenda

321 695 627 754 conﬁrmet.
687 697 1065 768 Temperantia
1111 709 1216 765 est,
1271 716 1376 771 qua
1425 702 1784 757 discernimus
1833 717 1904 758 ne

321 789 446 860 plus
475 796 566 842 aut
596 789 770 844 minus
794 788 940 857 justo
965 792 1264 860 prudentiae
1303 793 1416 847 sive
1441 792 1743 848 fortitudini
1771 807 1901 861 ope-

320 895 443 934 ram
471 880 601 934 dare
634 880 992 935 inveniamur.
1040 882 1108 936 Et
1131 883 1270 953 quia
1309 885 1555 954 quisquis
1615 885 1901 954 prudentia

321 987 389 1027 ac
427 972 744 1029 fortitudine
775 981 1139 1044 temperanter
1167 975 1356 1042 utitur,
1387 977 1590 1045 absque
1616 976 1724 1030 ulla
1774 991 1904 1031 con-

323 1065 652 1121 tradictione
701 1064 881 1133 justus
934 1081 1054 1122 esse
1098 1069 1432 1138 probabitur.
1486 1070 1672 1125 Virtus
1709 1078 1904 1138 quarta

318 1169 447 1228 post
500 1159 878 1227 prudentiam,
928 1159 1302 1215 fortitudinem
1355 1170 1412 1218 et
1458 1163 1898 1231 temperantiam,

311 1245 531 1314 justitia
560 1247 820 1326 sequitur.
853 1249 968 1303 Duo
989 1250 1153 1316 ostia,
1181 1266 1301 1320 qua:
1332 1251 1390 1305 in
1415 1252 1561 1306 hunc
1597 1251 1901 1320 ingressum

316 1337 466 1393 facta
516 1348 663 1405 sunt,
712 1340 926 1396 dilectio
955 1349 1038 1419 est
1069 1343 1164 1397 Dei
1207 1353 1263 1398 et
1309 1344 1562 1414 proximi.
1609 1343 1740 1412 Quze
1765 1344 1904 1400 bene

314 1431 642 1487 altrinsecus
671 1431 812 1486 facta
847 1448 969 1488 esse
998 1433 1270 1501 dicuntur,
1299 1437 1427 1506 quia
1456 1437 1525 1491 ad
1556 1437 1787 1492 invicem
1817 1451 1904 1491 re-

313 1523 558 1594 spiciunt
605 1522 737 1580 adeo
762 1534 822 1579 ut
847 1541 952 1580 una
985 1527 1102 1583 sine
1129 1528 1299 1583 altera
1344 1543 1685 1600 nequaquam
1734 1531 1906 1600 possit

313 1614 532 1668 haberi.
580 1632 598 1666 ι
633 1615 820 1671 Omnis
851 1617 996 1672 enim
1027 1618 1118 1688 qui
1147 1619 1322 1674 credit
1350 1627 1604 1690 quoniam
1635 1619 1792 1676 Jesus
1820 1629 1906 1677 est

313 1703 588 1772 Christus,
619 1721 686 1761 ex
713 1707 826 1764 Deo
849 1720 1011 1764 natus
1035 1719 1148 1777 est;
1185 1718 1240 1766 et
1267 1714 1442 1768 omnis
1466 1715 1557 1782 qui
1583 1713 1756 1785 diligit
1779 1729 1906 1770 eum

310 1799 402 1867 qui
430 1799 642 1870 genuit,
668 1801 841 1873 diligit
861 1802 1028 1857 etiam
1054 1818 1178 1858 eum
1208 1805 1301 1874 qui
1335 1813 1494 1860 natus
1537 1815 1624 1862 est
1649 1822 1714 1861 ex
1746 1820 1812 1860 eo
1851 1804 1904 1877 (Ι

2003 625 2143 666 unus
2166 625 2272 681 per
2290 613 2468 667 omnia
2508 623 2562 668 et
2592 617 2949 673 eontinuatim
2991 629 3241 677 eXtentus
3285 625 3578 693 paries-vi;

2001 701 2236 770 deretur,
2265 720 2431 759 unum
2461 707 2673 761 decoris
2704 710 2876 780 gratia
2902 714 3263 782 praetendens,
3288 715 3438 771 aliud
3459 725 3578 790 my“:

2003 793 2150 848 sterii
2181 794 2578 864 dispensatione
2605 799 2972 870 praeﬁgurans.
3007 804 3159 870 Quod
3183 822 3332 875 vero,
3365 809 3569 866 descri¥

2001 886 2110 956 ptis
2138 888 2322 958 templi
2353 890 2525 956 ostiis,
2552 892 2826 960 sequitur:
3557 915 3560 930 ;

2077 995 2098 1030 ‹
2142 978 2210 1033 Et
2247 979 2470 1050 sculpsit
2520 982 2818 1051 cherubim,
2872 993 2927 1040 et
2966 975 3172 1056 palmas
3207 996 3260 1045 et
3294 989 3578 1049 cretaturas

2007 1087 2026 1124 ‹
2072 1071 2227 1127 valde
2268 1073 2588 1142 eminentes,
2635 1077 2957 1148 operuitque
3005 1080 3186 1134 omnia
3235 1080 3449 1138 laminis
3483 1099 3581 1138 aud

2007 1180 2026 1214 ‹
2072 1164 2204 1230 reis,
2242 1179 2407 1234 opere
2446 1166 2652 1235 quadro
2693 1168 2759 1222 ad
2784 1167 3062 1240 -regulam,
3103 1188 3121 1222 ι
3165 1171 3299 1240 quia
3325 1172 3578 1227 nimirum

2001 1252 2189 1306 eadem
2226 1268 2422 1308 arcana
2458 1254 2618 1319 ﬁdei,
2671 1257 2783 1327 spei
2823 1267 2877 1312 et
2906 1258 3204 1324 charitatis,
3236 1275 3356 1330 quae
3410 1262 3578 1316 sublie

2002 1361 2118 1402 mes
2145 1349 2345 1418 quique
2379 1365 2443 1405 ac
2471 1349 2699 1420 perfecti
2734 1351 3035 1408 sublimiter
3069 1354 3311 1422 capiunt,
3351 1369 3579 1424 quaeque

2003 1454 2190 1495 omnes
2245 1442 2402 1498 electi
2451 1443 2607 1513 plene
2668 1445 2725 1499 in
2774 1443 2957 1500 divina
3004 1445 3210 1500 visione
3255 1447 3580 1516 praescium,

2004 1533 2168 1588 etiam
2213 1536 2612 1590 catechizandis
2640 1536 2884 1602 rudibus,
2921 1552 3018 1606 pro
3054 1551 3152 1592 suo
3185 1537 3378 1606 cuique
3421 1543 3581 1607 captu

2005 1627 2258 1683 discenda
2297 1637 2351 1683 et
2397 1628 2698 1684 conﬁtenda
2747 1630 3055 1694 traduntur,
3099 1637 3362 1698 quatenus
3413 1628 3584 1684 sacris

2006 1719 2204 1774 initiati
2247 1721 2544 1791 mysteriis,
2580 1721 2901 1791 quandoque
2926 1720 3091 1776 etiam
3119 1721 3186 1776 ad
3219 1721 3478 1791 capienda
3518 1735 3584 1775 ea

2007 1830 2127 1885 quae
2155 1815 2242 1884 pie
2269 1815 2565 1878 credidere,
2595 1815 2932 1884 perveniant.

309 1891 474 1945 Joan.
511 1893 620 1964 ν).›
654 1894 872 1950 Etsicut
893 1896 1088 1951 iterum
1117 1897 1281 1952 dicit:
1315 1915 1334 1948 ‹
1357 1896 1460 1964 Qui
1476 1913 1582 1953 non
1597 1898 1768 1969 diligit
1794 1899 1906 1954 fra-
1931 1881 1983 1942 Β
2024 1881 2043 1885 —
2085 1922 2105 1954 ι
2148 1881 2217 1959 Et
2251 1904 2538 1960 aediﬁcavit
2575 1881 2670 1960 rex
2699 1904 2952 1960 Salomon
2989 1905 3187 1959 atrium
3229 1903 3460 1959 interius
3490 1903 3592 1957 tri-

309 1992 450 2039 trem
504 2001 694 2051 suum,
725 2001 884 2055 quem
914 1987 1093 2054 videt,
1126 1989 1325 2056 Deum,
1371 2005 1532 2060 quem
1582 2007 1687 2046 non
1734 1992 1903 2058 videt,

310 2077 588 2144 quomodo
631 2086 806 2146 potest
833 2079 1092 2150 diligere?
1112 2100 1130 2130 )
1163 2079 1216 2153 (1
1239 2080 1402 2136 Joan.
1430 2081 1529 2153 iv.)
1574 2082 1727 2139 Unde
1756 2094 1906 2139 recte

309 2169 517 2223 ostium
555 2170 792 2224 exterius
826 2170 1042 2226 dilectio
1079 2171 1343 2239 fraterna,
1379 2173 1606 2229 interius
1645 2183 1731 2230 est
1773 2175 1906 2233 dile-

311 2261 420 2314 ctio
463 2261 812 2332 intelligenda
857 2265 1059 2319 divina.
1117 2265 1254 2333 Quia
1302 2267 1393 2322 illa
1443 2269 1593 2337 prior
1638 2279 1900 2340 tempore,

312 2352 430 2407 haec
466 2362 556 2408 est
598 2353 877 2410 divinitate
929 2356 1226 2421 sublimior,
1259 2367 1315 2412 et
1351 2374 1448 2428 per
1479 2359 1622 2413 illam
1666 2362 1734 2415 ad
1763 2362 1906 2416 hanc

311 2441 577 2510 intratur,
610 2445 738 2514 quia
791 2446 846 2500 in
893 2462 1076 2502 amore
1127 2448 1358 2518 proximi
1402 2450 1631 2504 discitur
1675 2452 1908 2521 qualiter

314 2535 494 2589 amari
526 2534 784 2590 Conditor
809 2537 1023 2592 debeat.
1057 2537 1363 2594 Notandum
1392 2556 1520 2594 sane
1559 2540 1703 2610 quod
1743 2541 1800 2596 in
1825 2541 1906 2595 in-

314 2642 510 2698 gressu
551 2629 776 2693 oraculi,
830 2631 936 2686 duo
963 2631 1178 2700 quidem
1227 2631 1396 2688 fuisse
1443 2634 1582 2688 ostia
1628 2632 1904 2699 dicuntur,

316 2718 412 2774 sed
464 2721 586 2775 haec
625 2721 857 2791 duplicia
903 2722 1068 2778 fuisse
1121 2739 1230 2779 non
1281 2725 1549 2779 dicuntur.
1614 2725 1674 2779 ln
1720 2725 1905 2795 templi

315 2824 468 2876 vero,
504 2811 560 2866 id
589 2821 692 2878 est,
722 2814 912 2870 domus
953 2815 1151 2884 prioris
1192 2815 1448 2883 introitu,
1498 2817 1576 2872 ita
1617 2825 1776 2871 erant
1799 2817 1908 2871 duo

316 2900 477 2965 ostia,
512 2911 574 2956 ut
611 2903 804 2972 duplex
848 2913 992 2960 esset
1038 2915 1350 2977 utrumque,
1379 2908 1505 2978 quia
1549 2907 1805 2962 nimirum
1849 2907 1908 2961 in

316 2995 577 3064 praesenti
606 2996 770 3052 talem
796 3013 896 3053 nos
923 2998 1130 3070 ingredi
1162 3016 1225 3055 ac
1254 3001 1454 3056 ducere
1481 3000 1647 3055 vitam
1683 3013 1907 3056 necesse

317 3098 422 3155 est,
475 3090 531 3143 in
575 3105 682 3160 qua
731 3091 1074 3148 dilectionem
1100 3094 1194 3149 Dei
1238 3102 1293 3149 et
1327 3095 1558 3164 proximi
1601 3108 1699 3164 per
1746 3093 1906 3149 ﬁdem

319 3183 791 3250 et-operationem,
822 3200 918 3254 per
945 3185 1262 3254 patientiam
1297 3196 1351 3240 et
1378 3186 1764 3256 benignitatem
1792 3199 1906 3239 ser-

319 3287 542 3338 vemus;
577 3274 631 3327 in
661 3272 841 3328 futura
871 3285 1051 3328 autem
1079 3275 1210 3340 vita,
1243 3276 1336 3329 ubi
1359 3277 1527 3329 Deum
1553 3284 1608 3330 et
1633 3275 1907 3344 proximos

322 3363 379 3416 in
412 3363 538 3417 luce
566 3364 794 3418 interna:
828 3364 1176 3420 beatitudinis
1200 3365 1522 3431 videbimus,
1568 3367 1758 3420 eadem
1805 3367 1913 3420 uti-

323 3469 432 3522 que
464 3453 750 3510 dilectione
777 3456 991 3527 gemina
1043 3457 1246 3526 absque
1295 3456 1404 3512 ullo
1434 3471 1657 3526 prorsus
1707 3455 1910 3522 labore,

317 3547 434 3600 imo
473 3547 528 3600 in
563 3564 757 3618 magna
805 3540 1150 3604 multitudine
1192 3551 1386 3605 divina:
1436 3550 1733 3606 dulcedinis
1762 3550 1911 3606 frue-

321 3656 468 3694 mur.
523 3641 676 3696 Unde
703 3650 828 3710 apte
855 3643 1109 3698 introitus
1139 3643 1410 3697 interioris
1437 3643 1627 3698 domus
1655 3643 1761 3696 duo
1785 3643 1909 3710 qui—

323 3731 446 3785 dem
471 3731 629 3794 ostia,
660 3733 754 3786 sed
781 3733 896 3787 hac
925 3733 1190 3802 simplicia
1212 3733 1466 3788 habebat.
1513 3731 1630 3788 Non
1659 3732 1807 3787 enim
1837 3733 1910 3786 ibi

325 3821 461 3876 ﬁdes
495 3823 803 3877 necessaria
842 3833 944 3887 est,
980 3824 1071 3877 ubi
1111 3840 1174 3880 ea
1205 3840 1324 3894 quae
1363 3841 1506 3878 nunc
1533 3824 1807 3879 credimus
1847 3838 1911 3878 ac

324 3927 629 3981 speramus,
661 3916 844 3969 omnia
875 3915 1162 3972 manifesta
1186 3916 1306 3972 luce
1329 3917 1651 3972 videbimus.
1681 3916 1799 3971 Non
1826 3917 1912 3970 la-

326 4004 426 4060 bor
467 4022 697 4076 operum
727 4009 1083 4075 necessarius,
1117 4009 1208 4064 ubi
1248 4010 1496 4064 mercede
1528 4018 1788 4079 perpetua
1817 4023 1910 4064 eo-

328 4111 450 4151 rum
512 4115 634 4168 quae
681 4101 769 4156 hic
801 4101 1109 4157 laboramus
1161 4102 1502 4158 donabimur.
1555 4103 1673 4158 Non
1722 4118 1911 4159 neces-

329 4188 472 4242 saria
522 4191 806 4258 patientia,
834 4192 926 4246 ubi
969 4206 1130 4246 nemo
1168 4193 1382 4249 adversi
1426 4194 1630 4263 aliquid
1685 4195 1908 4266 irrogat.

326 4279 443 4336 Non
496 4285 869 4339 muniﬁcentia
919 4286 1287 4355 benignitatis,
1337 4289 1431 4343 ubi
1478 4304 1637 4344 nemo
1687 4289 1910 4361 indiget,

326 4390 459 4445 opus
499 4385 605 4434 est.
661 4378 788 4434 Haec
835 4381 901 4435 de
945 4381 1209 4436 ostiorum
1235 4381 1404 4454 ﬁgura
1429 4399 1530 4452 pro
1557 4384 1773 4439 modulo
1818 4398 1916 4438 no-

328 4476 455 4534 stro,
489 4480 780 4539 sequentes
798 4471 1021 4527 Patrum
1041 4475 1286 4546 vestigia,
1312 4475 1685 4531 disseruimus.
1711 4477 1913 4531 Verum

1932 3237 1982 3301 G

2011 2013 2032 2049 ‹
2076 1996 2179 2050 bus
2217 1997 2496 2052 ordinibus
2533 1996 2769 2065 lapidum
2809 1997 3120 2067 politorum,
3154 2005 3210 2051 et
3249 2011 3356 2051 uno
3395 1995 3586 2050 ordine

2012 2106 2032 2139 ι
2075 2089 2342 2159 lignorum
2389 2089 2559 2154 cedri,
2587 2097 2692 2143 etc.
2728 2109 2747 2140 ι
2782 2090 2858 2144 De
2887 2089 3136 2144 interiori
3179 2089 3318 2143 atrio
3346 2087 3588 2142 breviter

2003 2181 2262 2252 loquitur,
2307 2183 2373 2237 de
2412 2183 2666 2236 exteriori
2696 2197 2922 2251 prorsus
2956 2181 3169 2236 videtur
3229 2189 3431 2236 tacere.
3479 2180 3580 2234 Ve-

2006 2291 2128 2330 rum
2157 2276 2209 2329 in
2233 2274 2425 2329 Verbis
2451 2275 2670 2329 Dierum
2699 2275 2982 2342 utriusque
3019 2274 3080 2328 ﬁt
3122 2274 3346 2337 mentio,
3391 2273 3482 2326 ubi
3512 2271 3587 2325 ita

2006 2366 2265 2435 scriptum
2295 2372 2419 2419 est:
2458 2382 2477 2415 ι
2510 2365 2664 2419 Fecit
2705 2365 2869 2419 etiam
2901 2365 3098 2417 atrium
3141 2364 3504 2425 sacerdotum,
3534 2368 3589 2416 ct

2005 2458 2284 2513 basilicam
2331 2458 2608 2528 grandem,
2653 2465 2706 2511 et
2749 2457 2887 2511 ostia
2927 2457 2982 2510 in
3018 2455 3263 2519 basilica,
3310 2469 3430 2523 qua:
3459 2452 3592 2507 texit

2005 2563 2113 2604 aere
2135 2547 2185 2621 (Ι
2191 2548 2218 2602 I
2241 2547 2373 2602 Par.
2389 2548 2518 2619 ιν).›
2535 2548 2748 2602 Atrium
2776 2562 2905 2618 ergo
2929 2547 3174 2610 interius,
3197 2546 3339 2614 quod
3364 2553 3592 2599 vocatur

2008 2643 2373 2709 sacerdotum,
2415 2655 2480 2696 eo
2505 2642 2648 2710 quod
2687 2629 2996 2696 sacerdotes
3023 2649 3079 2694 et
3105 2638 3278 2694 levita:
3302 2638 3356 2692 in
3385 2652 3448 2691 ea
3493 2637 3590 2691 mi-

2009 2737 2326 2800 nistrarent,
2358 2751 2426 2790 ex
2459 2735 2607 2790 omni
2629 2742 2785 2804 parte
2811 2743 2930 2788 erat
2951 2732 3151 2804 templo
3174 2731 3585 2787 circumdatum.

2010 2825 2118 2882 Sed
2157 2829 2225 2883 ab
2268 2826 2499 2893 oriente,
2531 2827 2676 2882 unde
2715 2826 2898 2895 templi
2939 2835 3058 2882 erat
3083 2827 3381 2895 ingressus,
3423 2823 3593 2878 multo

2008 2917 2220 2989 longius
2262 2933 2292 2973 a
2327 2918 2530 2988 templo
2555 2933 2718 2987 quam
2757 2934 2788 2972 a
2823 2917 3036 2974 caeteris
3071 2918 3242 2972 tribus
3289 2916 3462 2986 plagis
3507 2928 3594 2970 se-

2007 3020 2238 3068 cretum.
2279 3012 2417 3080 Quia
2451 3012 2708 3068 nimirum
2747 3013 2804 3068 in
2828 3029 2893 3068 ea
2920 3012 3100 3084 plaga,
3137 3013 3192 3066 id
3227 3019 3328 3078 est,
3374 3011 3429 3065 in
3456 3009 3596 3064 facie

2009 3107 2194 3176 templi
2244 3105 2447 3162 ﬁebant
2505 3105 2808 3161 ministeria
2871 3115 3182 3160 sanctorum
3207 3145 3221 3170 ,
3281 3102 3355 3159 ibi
3414 3102 3586 3156 altare

2009 3211 2220 3251 aeneum
2270 3197 2338 3251 ad
2386 3197 2595 3252 hostias
2637 3197 2864 3251 Domino
2909 3195 3233 3261 offerendas,
3283 3193 3358 3249 ibi
3403 3193 3590 3248 decem

2012 3287 2214 3342 luteres
2236 3288 2303 3342 ad
2327 3288 2544 3342 easdem
2569 3287 2777 3342 hostias
2797 3286 3072 3374 lavandas.
3104 3286 3182 3342 lbi
3211 3300 3363 3339 mare
3384 3299 3592 3339 aeneum

2011 3389 2128 3435 erat
2154 3380 2391 3450 positum
2421 3381 2500 3434 ad-
2532 3379 2790 3434 lavandas
2818 3395 3009 3433 manus
3031 3377 3304 3448 pedesque
3345 3377 3597 3432 sacerdo-

2013 3479 2147 3536 tum,
2179 3487 2300 3526 cum
2330 3472 2397 3526 ad
2419 3472 2839 3526 ministrandum
2889 3470 3177 3524 intrarent.
3225 3467 3471 3523 Habebat
3499 3483 3595 3521 au-

2011 3567 2120 3617 tem
2144 3562 2246 3618 hoc
2277 3563 2473 3617 atrium
2506 3574 2617 3618 tres
2648 3562 2859 3618 cubitos
2888 3560 3208 3625 altitudinis,
3241 3567 3302 3614 ut
3325 3557 3592 3628 Iosephus

2010 3663 2220 3719 narrat,
2253 3663 2518 3724 quatenus
2543 3662 2601 3707 ut
2625 3654 2694 3708 ab
2719 3653 2964 3723 ingressu
3003 3651 3186 3720 templi
3217 3658 3443 3705 caeteros
3468 3663 3597 3719 pro-

2011 3746 2243 3813 hiberet,
2273 3754 2327 3800 et
2352 3747 2481 3802 solis
2507 3745 2880 3801 sacerdOtibus
2909 3746 3013 3799 hoc
3040 3743 3206 3798 licere
3231 3741 3590 3814 signiﬁcaret.

2011 3838 2250 3909 Eratque
2292 3839 2340 3892 ei
2384 3837 2551 3907 janua
2594 3837 2660 3892 ad
2687 3835 3008 3892 orientalem
3053 3834 3287 3904 plagam,
3319 3833 3388 3886 ad
3431 3841 3595 3900 quam

2011 3945 2184 4001 usque
2221 3930 2448 4001 p0pulus
2489 3929 2694 3984 hostias
2734 3941 2860 3984 suas
2901 3935 2957 3980 et
2993 3925 3260 3982 sacriﬁcia
3309 3921 3593 3986 inferebat,

2012 4023 2138 4077 inde
2191 4021 2532 4090 suscipienda
2585 4036 2616 4074 a
2665 4018 3036 4074 sacerdotibus
3086 4025 3248 4087 atque
3303 4015 3381 4068 ad-
3425 4012 3596 4066 altare

2013 4112 2351 4182 proferenda.
2381 4111 2458 4166 De
2485 4110 2743 4184 exteriori
2765 4123 2896 4164 vero
2924 4108 3083 4172 atrio,
3109 4107 3253 4176 quod
3278 4104 3457 4159 Verba
3470 4103 3598 4156 Die-

2013 4220 2131 4259 rum
2163 4204 2440 4260 basilicam
2464 4203 2722 4272 grandem
2739 4210 2970 4266 vocant,
2989 4201 3062 4254 ita
3089 4198 3280 4254 scribit
3293 4196 3596 4267 Iosephus:

2020 4313 2039 4348 t
2085 4296 2436 4351 Extrinsecus
2465 4302 2645 4348 autem
2693 4292 2852 4360 hujus
2880 4291 3066 4360 templi
3119 4290 3282 4344 aliam
3313 4285 3599 4343 :ediﬁcavit

2015 4386 2217 4451 aulam,
2246 4385 2601 4454 quadranguli
2632 4383 2906 4438 schemate
2924 4381 3154 4447 factam,
3185 4381 3398 4451 erigens
3427 4378 3600 4432 meti»

2016 4491 2134 4530 mas
2163 4474 2408 4545 porticus
2436 4480 2598 4542 atque
2622 4472 2787 4535 latas,-
2815 4479 2870 4525 et
2896 4479 3084 4538 portas
3127 4469 3454 4524 excelsasiet
3481 4479 3597 4518 am-

321 4557 475 4627 juxta
503 4562 739 4618 formam
789 4564 959 4634 ipsius
988 4566 1171 4635 operis
1197 4568 1408 4623 decoris
1436 4570 1609 4639 gratia
1635 4569 1913 4639 provisum
1937 4592 1990 4654 Β
2016 4563 2158 4634 Ριθεν
2185 4575 2285 4633 Per
2305 4570 2536 4632 quam“
2573 4560 2756 4615 mundi
2802 4569 2987 4630 Panes
3014 4560 3068 4614 in
3109 4573 3175 4616 θο
3218 4558 3596 4613 consumens“

328 4659 410 4707 est
437 4661 496 4708 ut
525 4654 605 4708 ~in
633 4670 741 4710 uno
775 4657 1072 4727 eodemque
1102 4658 1287 4728 templi
1319 4659 1566 4730 ingressu
1595 4661 1700 4715 duo
1733 4669 1916 4716 essent

329 4743 482 4798 ostia.
549 4743 779 4800 Necesse
837 4748 1038 4802 etenim
1093 4757 1210 4802 erat
1255 4749 1492 4819 parietes
1541 4750 1731 4807 domus
1759 4791 1775 4818 ,
1819 4750 1914 4820 qui

331 4843 550 4888 centum
573 4835 764 4906 viginti
808 4839 1019 4893 cubitos
1047 4839 1319 4895 habebant
1360 4841 1416 4895 in
1443 4841 1741 4908 altitudine,
1772 4858 1914 4899 non-

331 4923 502 4980 nullos
540 4925 706 4980 etiam
741 4927 1120 4983 crassitudinis
1149 4927 1360 4985 cubitos
1386 4929 1605 4997 habere,
1658 4933 1713 4987 in
1762 4934 1914 5004 cujus

335 5017 589 5076 nimirum
636 5023 1014 5078 crassitudinis
1063 5032 1304 5080 extrema
1360 5035 1515 5094 parte
1564 5026 1704 5082 ostia
1758 5035 1916 5082 erant

336 5105 504 5176 aﬂixa,
545 5112 619 5166 ita
657 5121 718 5167 ut
753 5114 960 5185 aequale
995 5116 1189 5186 parieti
1219 5125 1362 5171 esset
1382 5118 1582 5173 ostium
1604 5125 1911 5189 utrumque,

337 5206 395 5252 ut
436 5202 550 5257 sive
595 5203 757 5271 intus,
799 5207 912 5261 sive
953 5204 1085 5262 foris
1128 5207 1388 5278 templum
1430 5209 1662 5281 quisque
1704 5211 1915 5280 positus

338 5291 528 5348 ostiun
564 5295 873 5364 inspiceret,
905 5312 1046 5352 unus
1070 5299 1121 5354 ei
1148 5314 1247 5368 per
1269 5301 1451 5356 omnia
1481 5303 1661 5371 paries
1686 5317 1806 5357 esse
1831 5302 1914 5356 vi—

342 5381 573 5442 deretur.
606 5375 868 5444 Similiter
897 5400 952 5445 et
980 5393 1230 5448 cedrinus
1250 5394 1430 5464 paries
1453 5410 1576 5450 cum
1599 5396 1914 5451 vicenorum

343 5470 396 5526 in
436 5475 764 5550 longitudine
811 5489 869 5538 et
909 5482 1191 5539 altitudine
1237 5495 1384 5543 esset
1422 5488 1752 5555 cubitorum,
1803 5503 1913 5544 non

341 5563 558 5628 parvam
583 5578 642 5625 et
672 5571 788 5643 ipse
814 5573 1000 5629 debuit
1048 5575 1250 5631 habere
1301 5579 1735 5634 crassitudinem.
1771 5577 1914 5646 Qua-

341 5651 558 5722 propter
586 5670 642 5713 et
668 5662 724 5716 in
750 5663 908 5736 hujus
934 5665 1183 5735 ingressu
1210 5667 1314 5722 duo
1339 5668 1481 5724 facta
1515 5679 1640 5724 sunt
1665 5671 1824 5736 ostia,
1852 5679 1916 5725 ut

347 5740 588 5802 videlicet
617 5749 684 5804 ab
707 5756 934 5819 utroque
967 5754 1160 5816 latere,
1191 5755 1296 5813 hoc
1322 5767 1421 5825 est,
1453 5767 1510 5813 ct
1534 5759 1678 5815 intus
1704 5768 1758 5814 et
1782 5759 1916 5817 foris

351 5833 549 5903 aequale
573 5840 774 5911 parieti
804 5841 1001 5900 ostium
1029 5849 1258 5916 pateret.
1301 5843 1370 5900 Et
1407 5851 1660 5916 quoniam
1692 5851 1914 5906 easdem

2017 4673 2247 4727 quarum
2276 4656 2501 4727 singulae
2526 4655 2593 4709 ad
2618 4667 3057 4724 unumquemque
3077 4661 3317 4718 ventum,
3365 4659 3600 4723 quatuor

2016 4748 2229 4818 angulis
2255 4746 2630 4816 attendebant,
2664 4746 2755 4800 ubi
2781 4759 2985 4801 aureas
3006 4745 3206 4815 januas
3231 4744 3549 4801 collocavit.
3573 4761 3594 4793 ι

2014 4838 2086 4892 Ει
2113 4838 2274 4908 paulo
2317 4847 2481 4908 post:
2511 4856 2529 4888 ‹
2558 4838 2616 4892 ln
2657 4837 2760 4893 hoc
2792 4851 2924 4908 ergo
2957 4836 3258 4892 sacrarium
3283 4849 3470 4892 omnes
3505 4847 3602 4901 po-

2013 4930 2160 5002 puli,
2208 4930 2404 4999 quibus
2441 4930 2689 5000 purgatio
2730 4929 3109 5000 .legitimorum
3161 4928 3374 4990 inerat,
3436 4923 3602 4977 intro.-

2015 5022 2190 5076 ibant.
2227 5041 2248 5074 ι
2287 5021 2398 5076 Has
2440 5035 2570 5075 vero
2610 5021 2853 5092 porticus
2885 5019 3260 5076 Cassiodorus.
3294 5023 3515 5071 senator
3543 5015 3600 5070 in

2014 5114 2228 5185 pictura
2251 5113 2459 5185 templi,
2498 5129 2664 5183 quam
2703 5114 2759 5168 in
2785 5112 3048 5183 pandeete
3075 5109 3257 5180 posuit
3295 5108 3517 5179 (utipse-
3542 5106 3598 5160 in

2014 5205 2354 5260 Psalmorum
2381 5205 2720 5276 expositione
2743 5201 3158 5275 commemorat)
3182 5201 3384 5272 triplici
3410 5199 3599 5279 ordine

2015 5296 2302 5368 distinguit
2322 5315 2338 5350 :
2358 5297 2595 5368 primum
2637 5295 2886 5350 videlicet
2911 5294 3156 5350 ordinem
3196 5301 3404 5364 ponens
3443 5301 3598 5347 extra

2017 5387 2217 5442 atrium
2265 5388 2608 5443 sacerdotum
2650 5399 2719 5440 ex
2759 5387 2914 5442 omni
2959 5395 3117 5456 parte
3151 5399 3250 5456 per
3295 5385 3594 5456 quadrum;

2015 5479 2311 5534 secundum
2337 5479 2527 5534 eodem
2560 5478 2720 5534 modo
2740 5487 2896 5534 extra
2927 5478 3154 5534 intimas
3175 5477 3422 5548 porticus
3442 5475 3601 5531 undi-

2013 5584 2120 5640 que
2145 5581 2363 5626 ver'sum
2394 5571 2450 5624 in
2471 5585 2630 5640 gyro;
2659 5580 2964 5628 extremum
2987 5570 3239 5627 similiter
3261 5585 3327 5625 ex
3348 5567 3496 5625 omni
3514 5565 3599 5619 la-

2012 5668 2129 5717 tere
2143 5661 2394 5732 priorum
2407 5661 2975 5730 porticuumcimuitu.
3005 5661 3206 5732 Sicque
3228 5655 3599 5730 templum-tri-

2012 5753 2174 5810 formi
2195 5753 2546 5810 aediﬁciorum
2565 5756 2816 5827 presidio
2839 5757 2920 5812 ab:
2930 5755 3078 5812 omni
3102 5763 3226 5810 erat
3242 5745 3598 5820 partemunis-

1983 5843 1994 5857 °
2013 5854 2136 5900 uim
2163 5845 2647 5913 facto-pauimento:
2659 5847 2872 5934 annulo
2881 5849 3033 5905 inter
3047 5841 3282 5901 aediﬁcia
3295 5838 3510 5912 elinguia
3527 5837 3597 5895 de
