4074 6468
435 381 543 449 ηδ

1073 379 1137 438 Β.
1177 378 1433 437 RABANI
1468 374 1691 438 IAURI
1724 374 2021 434 ARCHIEP

2121 371 2398 435 [OGUN'L
2437 374 2723 436 OPERUH
2755 374 2938 434 PARS
2975 377 3018 433 Ι.

3574 382 3679 443 164

436 510 710 557 marmore
748 502 799 559 et
846 493 1144 567 parietibus
1183 495 1465 557 domorum
1510 491 1877 557 interioribus,
1906 492 2011 547 hcc
2035 495 2088 557 Α
2111 497 2377 557 sanctam,
2426 490 2539 549 Dec
2598 491 2900 562 placentem
2936 511 2957 546 ι
3010 491 3282 549 exhibent
3328 493 3506 568 (Rom.
3564 500 3689 573 an),

438 595 542 651 est,
571 587 652 644 eis
680 587 769 657 qui
805 586 874 645 ad
924 585 1183 655 templum
1225 584 1591 655 respiciebant
1623 582 1779 639 factis
1823 583 1881 649 in
1925 598 2013 638 co-

436 679 668 746 lumnis;
717 677 1080 737 exterioribus
1122 692 1254 737 vero
1302 677 1509 737 solidis.
1535 675 1734 747 Sicque
1760 676 1925 731 ﬁebat
1950 684 2012 731 ut

434 773 614 833 omnis
639 778 910 828 structura
938 770 1122 840 templi
1150 785 1251 840 pro
1273 770 1536 841 graduum
1578 777 1725 825 esset
1750 768 2014 825 varietate

437 859 827 915 rationabiliter
870 860 1143 914 distincta.
1194 858 1437 931 Namque
1478 860 1536 918 in
1569 869 1758 916 sancta
1798 867 2011 916 sancto-

436 970 557 1011 rum
602 953 1004 1024 ingrediebatur
1027 952 1298 1023 pontifex;
1334 953 1391 1009 in
1421 954 1599 1025 ipsum
1634 953 1890 1024 templum
1926 968 2013 1009 sa-

436 1046 682 1103 cerdotes
709 1042 981 1115 puriﬁcati
1007 1053 1064 1100 et
1084 1061 1191 1102 ncn
1230 1046 1501 1115 puriﬁcati
1547 1062 1653 1101 una
1685 1062 1808 1102 cum
1835 1046 2013 1102 levitls

433 1145 491 1194 et
517 1136 861 1203 cantoribus;
908 1136 962 1190 in
992 1135 1245 1193 intimum
1280 1137 1479 1192 atrium
1504 1136 1741 1193 basilicas
1770 1134 2010 1205 majoris,

433 1231 538 1286 viri
577 1230 749 1286 Judmi
794 1229 1063 1301 puriﬁcati
1110 1239 1316 1286 stantes
1362 1240 1419 1286 et
1452 1240 1671 1287 orantes
1699 1232 1799 1286 sub
1824 1231 1934 1298 dio,
1967 1230 2013 1285 si

434 1339 688 1379 serenum
719 1332 892 1391 esset;
940 1324 985 1378 si
1018 1331 1328 1393 tempestas,
1360 1323 1417 1377 in
1457 1323 1697 1392 porticus
1740 1321 2016 1392 proximas

436 1432 559 1476 sese
602 1418 944 1488 recipientes.
1003 1417 1059 1472 in
1085 1417 1324 1472 exterius
1367 1416 1624 1470 mulieres
1644 1414 1841 1469 Iudaeae
1868 1414 2018 1484 puri-

437 1512 644 1578 ficataz;
680 1512 736 1566 in
773 1520 1077 1566 extremum
1118 1511 1317 1567 atrium
1347 1509 1577 1581 gentiles
1622 1516 1678 1564 et
1703 1507 1896 1573 Judaei,
1922 1507 2014 1578 qui

437 1618 613 1673 nuper
637 1610 901 1658 venerant
927 1615 994 1656 ex
1025 1601 1274 1669 gentibus
1302 1615 1471 1669 usque
1493 1600 1562 1654 ad
1592 1607 1802 1654 sextum
1829 1596 2017 1667 puriﬁr

440 1694 670 1751 cationis
695 1694 855 1757 diem.
886 1694 1014 1749 limo
1041 1702 1100 1748 ut
1125 1694 1179 1748 in
1205 1693 1413 1763 pictura
1430 1690 1733 1749 Cassicdcri
1761 1689 2016 1745 distincta

436 1788 757 1857 reperimus,
782 1786 1021 1842 breviter
1047 1796 1308 1842 annotare
1328 1786 1659 1850 curavimus,
1674 1784 1777 1839 rati
1802 1797 1925 1839 eum
1946 1782 2015 1837 ab

2113 582 2451 645 sacerdotale
2494 583 2737 655 proiecto
2782 585 3142 640 ministerium
3187 586 3506 657 spiritaliter
3532 605 3692 647 exer—

2112 683 2253 732 cent.
2304 676 2489 747 Neque
2525 677 2670 733 enim
2713 678 2980 748 episcopis
3022 679 3194 734 solum
3230 687 3286 735 et
3328 683 3689 754 presbyteris,

2111 782 2302 827 verum
2330 769 2475 824 omni
2501 769 2600 824 Dei
2630 770 2890 826 Ecclesiae
2931 770 3255 841 loquebatur
3294 772 3569 843 apostolus
3594 776 3694 832 Pe-

2112 868 2252 928 trus,
2279 878 2403 917 cum
2447 863 2524 917 ait
2552 876 2567 916 :
2601 880 2622 914 ε
2660 863 2770 921 Vos
2798 871 2980 922 autem
3005 878 3177 935 genus
3223 864 3477 932 electum,
3510 868 3694 939 regale

2113 953 2492 1017 sacerdotium,
2542 968 2674 1023 gens
2716 961 2925 1019 sancta,
2972 953 3202 1024 populus
3229 957 3605 1026 acquisitionis
3638 957 3690 1029 (I

2113 1043 2261 1099 Patr.
2293 1044 2377 1117 ιι).
2415 1064 2434 1096 ι
2468 1043 2635 1115 Cujus
2665 1046 2871 1101 honore
2905 1046 3185 1117 dignitatis
3239 1049 3405 1103 etiam
3434 1050 3694 1119 antiquus

2111 1137 2341 1207 populus
2366 1137 2461 1192 Dei
2486 1144 2605 1191 erat
2631 1136 2941 1208 insignitus,
2964 1137 3179 1193 dicente
3205 1139 3323 1208 ipso
3342 1139 3409 1193 ad
3428 1139 3650 1210 Moysen
3676 1158 3692 1194 :

2121 1247 2140 1281 ι
2203 1228 2329 1285 Hmc
2377 1229 2526 1287 dices
2580 1229 2762 1284 domui
2813 1228 3003 1297 Iacob,
3059 1238 3115 1286 et
3174 1232 3520 1304 annuntiahis
3564 1233 3698 1289 ﬁliis

2112 1317 2296 1374 Israel.
2329 1337 2350 1372 δ
2384 1318 2450 1375 Et
2474 1318 2632 1388 paulo
2659 1326 2780 1389 post
2807 1337 2821 1373 :
2852 1338 2871 1371 ι
2903 1320 2971 1375 Et
3002 1321 3157 1376 eritis
3182 1336 3279 1378 vos
3307 1323 3439 1378 mihi
3463 1337 3696 1395 regnum

2116 1410 2473 1476 sacerdotale,
2505 1418 2562 1465 et
2598 1427 2732 1482 gens
2780 1420 2966 1469 sancta
2994 1410 3191 1485 (Exod.
3216 1413 3355 1487 XIX).
3388 1434 3416 1493 ,ι
3461 1414 3697 1473 Basilica

2113 1518 2243 1561 vero
2263 1504 2503 1575 grandis,
2534 1519 2655 1573 quae
2687 1513 2807 1559 erat
2825 1513 2978 1560 extra
3014 1507 3212 1561 atrium
3244 1509 3608 1577 sacerdotum,
3639 1511 3700 1566 in

2115 1611 2221 1666 qua
2250 1596 2426 1650 omnis
2455 1595 2637 1666 populi
2667 1596 2953 1658 multitudo
2984 1597 3214 1653 adorare
3236 1599 3351 1654 sive
3375 1601 3444 1656 ad
3468 1601 3701 1657 verbum

2118 1686 2443 1745 audiendum
2477 1686 2749 1743 conﬂuere
2790 1688 3015 1756 solebat,
3046 1690 3347 1746 carnalium
3396 1692 3454 1747 in
3505 1704 3700 1750 sancta

2116 1777 2356 1833 Ecclesia
2382 1779 2551 1833 vitam
2579 1780 3193 1849 moresqueﬁguraliter
3219 1783 3477 1849 insinuat,
3509 1784 3695 1855 quali—

438 1877 677 1947 autiquis
706 1877 823 1932 haec
841 1875 1041 1932 ludatis
1064 1876 1538 1945 didicissezneque
1564 1876 1742 1929 virum
1766 1882 1875 1929 tam
1894 1889 2016 1928 eru-
2043 1868 2089 1929 B
2114 1867 2218 1923 bus
2239 1868 2368 1931 dicit
2393 1868 2683 1940 Apostolus
2707 1885 2723 1925 :
2760 1888 2781 1923 ι
2803 1871 2872 1925 Et
2899 1886 3019 1944 ego,
3048 1872 3266 1942 fratres,
3292 1889 3403 1931 non
3428 1877 3581 1947 potui
3606 1892 3703 1933 vo-

437 1965 611 2023 ditum
632 1967 864 2023 voluisse
912 1969 965 2023 in
990 1968 1293 2038 exemplum
1328 1966 1534 2038 legendi
1563 1980 1870 2037 proponere
1894 1980 2016 2035 quae

436 2073 545 2113 non
578 2058 692 2127 ipse
715 2059 869 2128 prius
890 2072 1019 2112 vera
1043 2072 1166 2113 esse
1184 2058 1542 2128 cognovisset.
1573 2056 1700 2112 lianc
1725 2065 1853 2111 sunt
1872 2055 2010 2120 loca,

438 2162 667 2218 quorum
709 2147 956 2203 meminit
996 2163 1281 2218 supremus
1321 2148 1585 2219 graduum
1618 2148 1878 2217 psalmus,
1923 2147 2017 2218 qui

435 2240 512 2297 ita
542 2242 729 2312 incipit
751 2259 796 2295 ει
827 2242 967 2297 Ecce
999 2257 1143 2297 nunc
1168 2242 1469 2297 benedicitc
1491 2242 1799 2307 Dominum,
1826 2256 2016 2299 omnes

438 2336 583 2391 servi
612 2334 846 2398 Domini,
877 2335 971 2403 qui
1018 2335 1178 2390 statis
1227 2336 1283 2389 in
1311 2337 1471 2391 domo
1499 2335 1734 2401 Domini,
1783 2336 1838 2390 in
1864 2335 2017 2391 atriis

440 2425 633 2482 domus
659 2424 755 2480 Dei
778 2425 951 2480 nostri
978 2424 1151 2497 (Paul.
1183 2425 1435 2498 cxxxru).
1475 2446 1495 2480 ι
1529 2427 1588 2481 in
1617 2427 1704 2485 bis
1721 2427 2018 2496 porticibus

435 2514 698 2571 Jeremias
720 2524 777 2570 et
795 2516 887 2571 alii
910 2517 1206 2585 prophetat,
1228 2516 1283 2572 in
1312 2517 1397 2572 his
1413 2516 1675 2575 Dominus
1701 2527 1759 2572 et
1788 2517 2019 2587 apostoli

439 2609 668 2663 verbum
700 2607 898 2678 populo
927 2608 1323 2678 prmdicabant,
1366 2610 1424 2664 in
1473 2611 1668 2666 harum
1714 2610 1893 2680 aliqua
1919 2610 2020 2666 Do-

441 2702 623 2756 minus
666 2701 890 2775 sedebat
934 2702 1134 2767 doceus
1195 2702 1376 2776 (Joan.
1417 2704 1558 2777 vni),
1633 2706 1849 2775 quando
1892 2721 2019 2762 eum

445 2792 782 2849 tentantibus
811 2793 1103 2859 Pharismis
1143 2795 1338 2851 mulier
1361 2795 1436 2850 illi
1465 2796 1711 2855 adultera
1729 2797 2017 2866 judicanda

441 2882 625 2937 oblata
672 2891 788 2950 est;
839 2885 894 2940 in
943 2884 1029 2941 his
1084 2886 1292 2942 invenit
1340 2888 1637 2953 vendentes
1679 2897 1733 2944 et
1777 2898 2020 2953 ementes

438 2988 592 3041 oves,
638 2974 809 3036 boves
849 2983 906 3031 et
934 2975 1233 3044 columbas,
1276 2979 1484 3049 hosque
1525 2994 1648 3034 cum
1676 2981 1789 3045 suis
1822 2982 2021 3037 merci-

439 3066 638 3123 moniis
662 3065 961 3129 eliminavit
1012 3083 1043 3123 e
1073 3069 1271 3139 templo
1301 3069 1483 3143 (lous.
1515 3071 1600 3141 ιι).
1631 3073 1691 3129 lu
1721 3074 1806 3130 his
1825 3074 2021 3133 Petrus

438 3166 495 3214 et
521 3157 759 3216 Joannes
783 3159 1033 3221 claudum
1069 3162 1407 3221 invenientes
1436 3176 1715 3235 sanarunt,
1745 3183 1808 3223 ac
1836 3183 2017 3225 secum

2116 1961 2202 2019 bis
2252 1961 2400 2032 loqui
2431 1964 2587 2033 quasi
2639 1965 2995 2035 spiritalibus,
3028 1968 3123 2024 sed
3163 1970 3319 2040 quasi
3360 1971 3699 2039 carnalibus,

2117 2058 2373 2122 tanquam
2395 2054 2635 2124 parvulis
2676 2056 2733 2110 in
2761 2057 2999 2115 Christo.
3028 2058 3137 2117 Lac
3163 2062 3318 2118 vobis
3337 2072 3523 2134 potum
3550 2065 3698 2131 dedi,

2117 2159 2225 2199 non
2253 2159 2433 2200 escam
2461 2144 2514 2218 (1
2537 2144 2660 2201 Cor.
2691 2147 2795 2218 in).
2833 2167 2856 2202 ι
2916 2149 3019 2218 Qui
3068 2152 3206 2209 bene
3260 2168 3359 2224 per
3415 2155 3702 2210 basilicam

2117 2236 2376 2306 grandem
2418 2236 2787 2308 designantur,
2840 2240 2966 2310 quia
3010 2241 3216 2313 absque
3262 2244 3369 2298 ulla
3422 2246 3703 2303 dubietate
3774 2230 3783 2238 ’

2117 2326 2288 2383 multo
2340 2327 2515 2398 major
2556 2339 2642 2385 est
2684 2331 2738 2389 in
2785 2341 2973 2388 sancta
3018 2334 3258 2391 Ecclesia
3302 2336 3489 2391 talium
3536 2353 3704 2408 quam

2115 2416 2480 2488 perfectorum
2523 2436 2813 2489 numerus;
2867 2425 2962 2481 sed
3004 2435 3264 2495 quantum
3310 2444 3539 2485 numero
3563 2447 3708 2501 pra:-

2118 2514 2285 2573 stant,
2321 2514 2524 2565 tantum
2547 2514 2901 2568 succumbunt
2920 2517 3133 2572 merito.
3161 2517 3312 2574 Unde
3334 2528 3457 2590 apte
3477 2522 3705 2578 basilica

2117 2599 2237 2657 hazc
2260 2602 2502 2671 grandis,
2532 2604 2636 2660 etsi
2661 2605 2860 2662 multos
2879 2609 3043 2679 capit,
3072 2625 3179 2665 non
3203 2626 3298 2667 eos
3321 2621 3499 2668 tamen
3531 2615 3586 2670 in
3620 2615 3707 2670 in-

2120 2693 2333 2761 teriora
2370 2695 2555 2766 templi
2601 2697 2846 2754 deaurati
2888 2700 2958 2755 ad
3000 2702 3189 2758 altaris
3222 2702 3479 2773 cilicium,
3508 2721 3617 2761 non
3648 2707 3705 2762 in

2118 2784 2294 2855 bsum
2333 2785 2525 2842 saltem
2563 2789 2762 2845 atrium
2803 2792 3142 2851 sacerdotum
3187 2793 3515 2851 intromittit.
3565 2796 3705 2863 Quia

2119 2878 2368 2935 carnales
2393 2880 2590 2950 quique
2616 2890 2777 2954 atque
2820 2884 3020 2940 inﬁrmi
3049 2886 3225 2942 adhuc
3251 2886 3306 2941 in
3328 2887 3569 2942 Ecclesia
3599 2888 3706 2943 etsi

2119 2968 2190 3024 ch
2224 2970 2477 3025 meritum
2514 2981 2677 3028 castae
2710 2973 2835 3029 ﬁdei
2876 2989 2941 3029 ac
2977 2975 3194 3045 pietatis
3239 2976 3467 3031 Domino
3513 2977 3708 3032 devote

2120 3061 2190 3116 ad
2215 3061 2509 3123 electorum
2552 3072 2753 3127 sortem
2785 3066 3079 3136 pertinent,
3123 3067 3279 3140 longe
3318 3076 3499 3127 tamen
3530 3068 3704 3136 abest,

2119 3160 2182 3208 ut
2207 3153 2315 3210 ilia
2342 3164 2637 3225 aequentur,
2667 3158 2759 3228 qui
2791 3173 2914 3213 cum
2948 3158 3143 3223 ﬁducia
3172 3158 3497 3230 profantur:
3529 3177 3550 3211 ‹
3584 3159 3706 3215 Non

440 3251 804 3321 ingredientes
830 3253 1147 3338 interius.ad
1168 3259 1434 3313 orandum
1454 3229 1726 3316 duxerunt
1748 3262 1887 3331 (Act.
1910 3264 2015 3338 ιιι).
2045 3229 2092 3294 0
2122 3246 2270 3338 “lim
2308 3248 2479 3338 ἓυάθο
2525 3247 2728 3317 aliquid
2770 3248 2919 3320 loqui
2961 3263 3149 3305 eorum
3175 3229 3304 3320 ναυω
3338 3263 3438 3321 De?
3478 3265 3568 3307 m0
3598 3264 3709 3304 non

437 3341 503 3398 ln
548 3342 635 3400 his
661 3344 855 3403 orabat
902 3322 1081 3405 omnis
1124 3349 1411 3406 multitudo
1452 3352 1657 3422 populi,
1690 3322 1908 3423 quando
1941 3322 2021 3410 in-

442 3446 665 3489 eeusum
693 3436 914 3503 poneuti
944 3435 1220 3493 Zachariae
1245 3439 1469 3509 angelus
1501 3443 1568 3496 ad
1593 3442 1765 3496 altare
1795 3444 2022 3514 thymia-

440 3522 605 3581 matis
635 3526 905 3595 apparuit,
935 3542 1165 3598 eumque
1202 3529 1271 3585 de
1297 3533 1649 3600 praecursoris
1670 3534 1882 3589 Domini
1911 3552 2021 3603 na-

441 3616 655 3683 tivitate
681 3617 865 3673 docuit
904 3618 1055 3693 (Luc.
1085 3620 1147 3694 ι).
1195 3621 1313 3685 Non
1342 3632 1525 3680 autem
1565 3626 1681 3681 haec
1720 3628 1861 3691 atria
1897 3643 2020 3683 cum

444 3708 746 3777 porticibus
771 3710 883 3765 suis
913 3715 1192 3780 aspectum
1221 3714 1405 3785 templi
1448 3716 1515 3771 de
1555 3716 1712 3789 longe
1742 3729 2022 3789 aspectan-

448 3799 595 3855 tibus
627 3801 958 3859 abscondere
984 3812 1296 3874 potuerunt,
1321 3807 1449 3875 quia
1492 3807 1643 3865 locus
1679 3810 1735 3865 in
1757 3826 1865 3880 quo
1888 3821 2020 3867 tem-

445 3890 595 3959 plum
641 3902 760 3947 erat
804 3894 968 3949 situm
1012 3896 1183 3951 multo
1230 3897 1513 3954 sublimior
1554 3910 1693 3969 erat,
1726 3920 1887 3975 quam
1931 3906 2021 3961 ubi

443 3979 679 4039 fundatae
706 3987 945 4053 porticus
971 3986 1140 4043 fuere.
1169 3988 1305 4044 Nam
1334 3988 1496 4061 (sicut
1518 3990 1783 4063 Iosephus
1810 3996 2019 4068 scribit)

444 4082 704 4130 extrema:
748 4077 1010 4133 atriorum
1056 4078 1276 4136 fabricat
1334 4096 1456 4137 cum
1501 4084 1557 4139 in
1612 4086 2022 4157 quadringentis

447 4166 643 4229 cubitis
682 4177 866 4223 essent
916 4177 1124 4226 tantum
1173 4180 1387 4238 erecta,
1440 4176 1508 4230 ad
1553 4178 1811 4231 verticem
1852 4193 2025 4247 usque

450 4260 671 4325 montis,
719 4261 772 4315 in
816 4276 926 4331 quo
975 4264 1231 4332 templum
1277 4265 1599 4322 aediﬁcatum
1632 4278 2025 4338 est,pervene-

452 4361 595 4404 runt.
641 4351 772 4410 llaec
796 4354 1013 4423 quidem
1040 4356 1105 4410 de
1134 4364 1407 4413 structura
1451 4359 1636 4429 templi
1684 4362 1924 4424 studioso
1954 4360 2026 4415 le-

449 4443 587 4497 ctori
616 4445 943 4501 credidimus
987 4447 1303 4504 intimanda.
1341 4450 1539 4509 Verum
1584 4451 1640 4504 in
1666 4451 1747 4506 eis
1772 4467 2026 4521 quaecun-

448 4548 553 4602 que
582 4533 864 4604 Scriptura
898 4553 1053 4592 sacra
1083 4540 1289 4599 referre
1318 4541 1659 4595 commodum
1686 4543 1857 4606 duxit,
1889 4544 2024 4614 ﬁgu-

448 4640 536 4679 ras
580 4627 959 4694 mysteriorum
1003 4643 1324 4696 quaeramus,
1380 4632 1592 4685 caeteris
1648 4646 1746 4701 pro
1784 4633 2026 4688 historiae

447 4714 755 4783 cognitione
786 4715 1106 4783 simpliciter
1128 4727 1362 4772 utamur.
1391 4718 1704 4776 IEdiﬁcium
1728 4722 1912 4791 templi
1945 4724 2029 4779 in-

450 4810 532 4857 tra
577 4805 715 4857 atria
758 4806 1123 4871 sacerdotum,
1148 4807 1507 4876 perfectorum
1552 4812 1605 4865 in
1635 4821 1820 4873 sancta
1849 4812 2028 4873 Eccle-

449 4892 549 4957 sia,
587 4902 642 4948 et
675 4894 991 4951 sublimium
1018 4897 1182 4952 vitam
1222 4899 1478 4968 exprimit
1521 4901 1764 4957 virorum
1797 4919 2027 4963 :eorum

449 4985 703 5040 videlicet
722 4988 813 5056 qui
839 4995 894 5041 et
925 4988 1242 5044 excellentia
1271 4991 1531 5047 virtutum
1561 4996 1788 5051 Domino
1834 5012 2029 5067 appro-

452 5076 737 5146 pinquare,
765 5085 823 5131 et
855 5078 974 5134 aliis
994 5079 1161 5135 verbo
1188 5089 1351 5150 atque
1379 5098 1542 5152 opere
1573 5086 1828 5145 ducatum
1853 5087 2030 5154 solent

452 5171 742 5226 ostendere
778 5171 993 5228 salutis.
1042 5172 1308 5230 Sacerdos
1349 5191 1585 5247 namque
1625 5180 1694 5234 ab
1735 5195 1802 5235 eo
1837 5181 2030 5237 Latine

454 5274 653 5314 nomen
686 5261 914 5331 accepit,
943 5262 1089 5331 quod
1121 5278 1336 5320 sacrum
1355 5266 1599 5334 prmbere
1633 5268 1886 5334 ducatum
1930 5269 2031 5324 mi-

455 5348 680 5409 noribus
702 5350 900 5419 debeat
928 5367 943 5406 ι
985 5368 1096 5423 quo
1128 5355 1349 5411 nomine
1394 5356 1449 5410 in
1471 5355 1768 5427 Scripturis
1804 5360 2030 5429 mystice

452 5456 565 5497 non
590 5443 691 5499 soli
726 5443 917 5502 altaris
946 5447 1201 5513 ministri,
1231 5450 1471 5521 episcopi
1517 5451 1771 5507 videlicet
1795 5460 1851 5507 et
1875 5468 2032 5523 pres-

452 5532 657 5604 byteri,
715 5537 810 5594 sed
848 5546 905 5593 et
927 5554 1117 5596 omnes
1142 5541 1333 5611 utique
1376 5552 1685 5611 censentur,
1715 5544 1809 5615 qui
1846 5546 2033 5601 altitu-

452 5621 589 5680 dine
637 5636 801 5689 rectm
841 5633 1274 5695 conversationis
1326 5650 1391 5690 ac
1444 5636 1704 5693 doctrinas
1774 5638 2034 5697 salutaris

450 5717 722 5773 eminent.
750 5720 861 5777 Dice
882 5724 1235 5796 sibimetipds
1256 5730 1654 5797 tantummodo,
1681 5734 1778 5788 sed
1822 5741 1880 5787 et
1918 5733 2036 5804 ριιι-

456 5806 639 5878 ribus,
666 5810 760 5883 qui
802 5810 931 5867 dum
978 5827 1207 5884 corpora
1239 5830 1358 5885 sua,
1416 5837 1437 5869 ι
1470 5820 1705 5878 hostiam
1735 5824 2027 5887 viventem,

2120 3336 2285 3394 allicit
2309 3337 2557 3395 Christus
2587 3340 2642 3395 in
2671 3339 3033 3397 obedientiam
3070 3343 3311 3413 gentium
3334 3344 3502 3398 verbo
3534 3351 3592 3397 et
3618 3342 3706 3397 fa-

2120 3430 2222 3485 ctis
2267 3429 2460 3502 (Rom.
2493 3431 2625 3506 xv).
2664 3452 2684 3486 ι
2747 3434 2817 3488 Et
2857 3435 3054 3496 iterum
3082 3453 3097 3491 τ
3129 3453 3149 3487 ι
3179 3435 3386 3495 Bonum
3430 3443 3709 3492 certamen

2120 3523 2345 3588 certavi,
2371 3538 2591 3578 cursum
2617 3526 3008 3592 consummavi,
3040 3526 3201 3582 ﬁdem
3228 3526 3458 3582 servavi.
3490 3526 3569 3581 De
3605 3541 3711 3581 cm-

2122 3618 2240 3667 tero
2270 3613 2506 3683 reposita
2532 3623 2614 3669 est
2640 3615 2771 3670 mihi
2801 3631 2999 3672 corona
3021 3616 3250 3686 justitias
3272 3616 3358 3689 (II
3383 3617 3518 3671 Tim.
3549 3620 3649 3686 tv).
3683 3635 3704 3670 ι

2120 3699 2425 3757 Accedebat
2463 3705 2678 3775 quidem
2705 3706 2898 3778 vulgus
2929 3722 3102 3777 usque
3127 3709 3195 3763 ad
3231 3709 3429 3763 atrium
3457 3708 3710 3763 sacerdo-

2121 3802 2259 3861 tum,
2293 3795 2604 3866 hostiasque
2643 3813 2769 3854 suas
2810 3800 2877 3864 ad
2908 3798 3065 3867 hujus
3112 3815 3283 3870 usque
3305 3801 3528 3871 januam
3558 3799 3710 3856 defe-

2120 3884 2275 3939 rebat
2304 3897 2581 3956 susceptas
2620 3902 2652 3942 a
2679 3889 3068 3957 sacerdotibus,
3093 3898 3257 3960 atque
3284 3891 3341 3945 in
3370 3890 3528 3947 altari
3552 3891 3709 3946 obla-

2123 3985 2207 4034 tas
2241 3979 2410 4034 oculis
2439 3983 2883 4050 prosequebatur.
2921 3982 2980 4045 In
3011 3984 3187 4052 ipsum
3218 3984 3386 4038 etiam
3419 3984 3702 4053 templum,

2122 4089 2247 4130 cum
2281 4076 2643 4145 aperiebatur,
2677 4078 2930 4131 intuitum
2970 4092 3124 4132 suum
3157 4092 3190 4131 a
3228 4076 3384 4146 longe
3419 4076 3707 4146 dirigebat,

2122 4182 2224 4223 nec
2255 4176 2434 4222 tamen
2482 4168 2680 4227 atrium
2723 4170 3064 4223 sacerdotum
3117 4167 3352 4225 intrandi
3395 4166 3709 4222 facultatem

2124 4260 2374 4317 habebat.
2429 4260 2627 4316 Verum
2655 4261 2722 4315 de
2764 4260 3107 4316 inferioribus
3142 4260 3413 4314 clamabat
3438 4259 3504 4312 ad
3529 4258 3712 4313 Domi-

2125 4371 2274 4410 num.
2324 4355 2460 4423 Quia
2506 4372 2605 4411 nec
2648 4357 2946 4421 carnalium
3002 4357 3057 4410 in
3102 4356 3342 4411 Ecclesia
3393 4354 3711 4425 simplicitas

2127 4445 2411 4505 aDomino
2436 4445 2750 4513 despicitur,
2784 4444 2999 4513 quando
3029 4442 3258 4498 ﬁdeliter
3287 4458 3352 4497 ea
3382 4459 3503 4514 quae
3523 4442 3710 4498 valent

2130 4534 2205 4591 illi
2257 4544 2380 4591 vota
2427 4537 2645 4604 pietatis
2697 4534 2947 4591 olleruut.
3008 4535 3256 4604 Dirigunt
3299 4535 3445 4589 enim
3492 4533 3640 4587 visus
3674 4546 3709 4587 a

2129 4629 2284 4699 longe
2308 4628 2362 4682 in
2392 4629 2649 4698 templum
2671 4628 2785 4695 Dei,
2815 4644 2938 4683 cum
2964 4628 3129 4682 vitam
3160 4627 3469 4683 sublimium
3495 4624 3711 4679 discere
3784 4650 3787 4653 λ

2130 4729 2185 4776 et
2215 4721 2471 4775 admirari
2518 4721 2704 4775 sedulo
2731 4721 2979 4790 gaudent,
3028 4727 3083 4775 et
3108 4734 3243 4789 quos
3273 4709 3489 4774 virtutis
3532 4717 3713 4771 imita-

2129 4813 2276 4868 tione
2314 4814 2467 4882 sequi
2503 4821 2796 4883 nequeuut,
2833 4814 2934 4883 pia:
2953 4812 3318 4867 venerationis
3346 4811 3714 4881 complectun-

2131 4913 2222 4960 tur
2246 4904 2459 4960 atl‘ectu.
2495 4906 2693 4960 Vident
2720 4907 2924 4960 hostias
2949 4906 3288 4961 sacerdotum
3317 4904 3371 4959 in
3400 4903 3558 4959 altari
3586 4903 3713 4973 igne

2131 5004 2477 5052 sacrosancto
2505 4997 2769 5063 consumi,
2800 4997 2926 5066 quia
2972 5012 3289 5067 magnorum
3317 5011 3481 5067 opera
3509 5010 3714 5066 eognc:

2131 5100 2287 5151 scunt
2336 5108 2366 5147 a
2395 5091 2622 5147 Domino
2667 5108 2766 5163 per
2812 5091 3072 5162 Spiritum
3124 5102 3371 5149 sanetum
3427 5091 3715 5159 dignanter

2131 5181 2318 5251 accipi.
2351 5180 2597 5237 Alferunt
2641 5191 2693 5236 et
2719 5198 2844 5238 suas
2884 5184 3091 5238 hostias
3119 5185 3187 5238 ad
3212 5183 3410 5239 atrium
3456 5181 3711 5237 sacerdo-

2130 5279 2246 5326 tum
2296 5271 2596 5329 cﬁ‘erendas
2638 5272 2867 5329 Domino
2917 5289 3016 5344 per
3041 5273 3341 5339 iilcs,dutn
3382 5274 3542 5336 bona,
3591 5285 3713 5340 quae

2131 5363 2442 5434 prmvaient,
2501 5372 2809 5434 operantes,
2856 5365 3122 5435 majorum
3177 5378 3241 5418 ac
3297 5363 3600 5418 doctiorem
3656 5368 3715 5416 et

2134 5455 2523 5512 conﬁrmantur
2564 5457 2959 5519 exhortatione,
2987 5464 3043 5510 et
3074 5454 3463 5510 intercessione
3485 5452 3714 5519 Domine

2133 5547 2601 5605 commendantur.
2631 5546 2876 5603 Oﬁ'erunt
2896 5548 3057 5602 etiam
3088 5554 3219 5601 tunc
3241 5546 3446 5612 hostias
3467 5558 3592 5599 suas
3625 5557 3717 5595 sa-

2135 5638 2444 5695 cerdotihus
2478 5653 2578 5709 per
2619 5653 2713 5695 eos
2757 5639 2993 5694 Domino
3047 5636 3532 5699 commendandus,
3587 5646 3714 5691 cum

2135 5734 2340 5789 sanctis
2361 5733 2665 5804 quibusque
2685 5734 2968 5801 egentibus
2986 5729 3293 5787 necessaria
3319 5727 3506 5783 mundi
3530 5726 3711 5798 hujus,

2136 5826 2333 5894 quibus
2364 5824 2465 5894 ipsi
2507 5823 2800 5889 abundant,
2827 5838 3050 5883 summa:
3074 5818 3341 5879 mercedis
3378 5821 3575 5882 intuitu
3609 5821 3715 5879 Do«
