4074 6486
276 412 383 485 165

1074 392 1428 469 coquN'r.
1502 388 1859 477 mansues
1893 386 1965 453 ιγ
1998 385 2264 459 noenu.
2303 416 2375 435 .-
2410 385 2479 457 tu
2514 376 2644 449 us.
2682 372 2770 455 tu;

3434 372 3601 459 last

274 530 423 593 mino
458 514 702 585 tribuunt
728 516 1038 577 admonenti
1069 531 1134 579 ac
1161 514 1358 573 dicenti
1388 531 1401 568 :
1433 531 1453 569 ι
1481 511 1667 569 Facite
1698 506 1851 573 vobis
1876 505 1930 577 Α
1953 500 2310 571 dedicatiOnis
2354 500 2425 559 sit
2480 501 2754 563 celebrata
2800 498 3138 569 solemnitas,
3170 513 3235 565 ac
3278 499 3365 559 die
3396 500 3544 563 vice-

275 620 478 679 amicos
505 616 572 672 de
604 626 909 671 mammona
947 608 1270 680 iniquitatis,
1310 614 1387 670 ut,
1430 620 1554 663 cum
1591 598 1853 657 defeceri-

277 713 368 779 tis,
395 706 659 777 recipiant
678 719 774 760 vos
801 704 857 758 in
885 710 1088 759 aeterna
1113 696 1458 763 tabernacula
1490 693 1641 769 (Luc.
1670 694 1803 763 xvi).
1826 711 1846 745 ι

277 802 417 858 Bene
455 798 654 859 atrium
701 793 1041 853 sacerdotum
1091 790 1262 857 tribus
1292 788 1572 849 ordinibus
1618 785 1857 857 lapidum

278 893 585 966 politorum,
613 896 671 947 et
696 904 807 944 uno
829 886 1017 945 ordine
1047 884 1312 959 lignorum
1350 880 1494 943 cedri
1530 879 1855 939 aediﬁcatum

280 999 396 1045 esse
426 987 777 1043 memoratur.
803 976 939 1035 Tres
967 977 1164 1049 quippe
1189 974 1409 1039 ordines
1452 979 1580 1035 sunt
1617 969 1857 1041 lapidum

279 1074 588 1153 pontorum,
621 1070 773 1136 ﬁdes,
806 1082 948 1138 spes,
979 1067 1236 1131 cliaritas,
1266 1065 1335 1125 Et
1356 1072 1524 1131 recte,
1546 1061 1853 1137 politorum,

281 1166 405 1237 quia
447 1172 599 1229 certa
643 1177 864 1231 necesse
909 1170 994 1219 est
1035 1161 1279 1221 discendi
1328 1158 1548 1217 solertia
1605 1156 1865 1229 quisque,

280 1255 546 1330 quomodo
595 1254 843 1320 credere,
885 1253 1015 1329 quid
1054 1267 1298 1325 sperare,
1343 1250 1456 1306 sive
1498 1248 1718 1319 diligere
1765 1246 1859 1302 de-

279 1350 419 1416 beat,
449 1348 747 1421 dignoscat.
786 1345 939 1413 Unus
975 1353 1156 1411 autem
1199 1345 1334 1401 ordo
1376 1343 1647 1416 lignorum
1685 1338 1859 1406 cedri,

280 1442 394 1514 ipsa
422 1426 682 1505 est'boaa
712 1434 976 1523 operatio,
1008 1455 1073 1494 ac
1100 1438 1216 1503 sine
1257 1437 1603 1507 corruptione
1646 1434 1861 1497 simula-

281 1535 440 1592 tionis
490 1533 767 1607 exhibita,
812 1533 930 1591 sine
983 1533 1139 1607 cujus
1191 1530 1656 1603 superadjectione
1703 1528 1861 1595 ﬁdes,

281 1642 420 1698 spes,
445 1626 713 1691 Charitas,
744 1640 873 1685 vera
911 1639 1031 1685 esse
1062 1639 1168 1683 non
1193 1623 1355 1679 valet.
1386 1621 1600 1681 Dictum
1629 1633 1862 1690 namque

280 1727 358 1773 est
381 1717 581 1787 saepius
606 1716 750 1787 quod
779 1715 923 1787 ligna
963 1715 1110 1773 cedri
1144 1713 1572 1787 propter'odoris
1608 1713 1859 1783 gratiam,

280 1817 333 1865 et
356 1808 743 1879 imputribilem
787 1823 897 1868 sua:
936 1816 1144 1867 naturae
1172 1806 1490 1877 potentiam,
1516 1818 1865 1881 perseveran-

283 1901 427 1969 tiam,
474 1898 789 1968 famamque
841 1898 943 1967 pire
994 1897 1280 1968 designant
1334 1879 1584 1952 actionis.
1632 1894 1714 1951 Ad
1762 1894 1865 1949 hoc
1893 1879 1943 1941 Β

282 1992 474 2046 atrium
514 2005 687 2063 usque
718 1989 957 2049 universi
991 1990 1359 2045 conswndunt
1393 1988 1579 2053 electi,
1614 1986 1706 2057 qui
1736 1984 1862 2052 ﬁde,

283 2099 391 2153 spe,
433 2083 727 2143 dilectione
768 2090 936 2153 atque
979 2097 1142 2152 opere
1170 2080 1283 2135 Deo
1325 2080 1538 2151 placere
1582 2084 1862 2150 appetunt,

283 2174 393 2231 Hoc
444 2175 557 2239 alta
607 2174 926 2237 meritorum
976 2174 1151 2245 gratia
1190 2172 1579 2230 transcendunt
1617 2167 1863 2241 perfecti,

284 2284 405 2325 cum
429 2267 487 2322 in
517 2273 671 2321 tanto
698 2266 959 2321 virtutum
993 2265 1230 2321 culmine
1264 2262 1574 2341 proﬁciunt,
1606 2267 1667 2316 ut
1687 2260 1869 2316 dicere

282 2358 394 2413 suis
426 2354 771 2426 auditoribus
795 2356 1044 2427 possint:
1072 2373 1090 2407 ι
1130 2355 1433 2410 lmitatores
1465 2352 1635 2408 nostri
1672 2357 1865 2419 estote,

282 2447 419 2505 sicut
454 2457 515 2505 et
558 2463 659 2507 nos
705 2445 909 2503 Christi
959 2445 1009 2519 (Ι
1038 2443 1162 2501 Car.
1206 2444 1314 2518 x1);
1359 2444 1764 2517 glorienturque
1815 2447 1872 2496 et

283 2540 505 2597 dicant:
544 2557 563 2591 ι
612 2536 866 2605 Nescitis,
913 2536 1169 2607 quoniam
1214 2535 1434 2606 angelos
1480 2533 1869 2606 iudicabimus,

283 2638 484 2701 quanto
537 2629 711 2701 magis
752 2627 1050 2685 secularia?
1092 2647 1112 2682 ι
1158 2627 1210 2700 (Ι
1237 2625 1359 2683 Cor.
1395 2624 1492 2700 vt.)

358 2740 379 2775 ι
431 2723 597 2785 Anno
647 2729 843 2793 quarto
893 2721 1115 2776 fundam
1169 2726 1254 2775 est
1301 2720 1493 2777 domus
1531 2716 1770 2783 Domini,
1815 2716 1875 2781 in

293 2834 311 2869 ι
356 2831 548 2875 mense
566 2816 682 2884 Zio,
712 2826 767 2881 et
793 2816 848 2871 in
873 2830 1016 2873 anno
1042 2815 1348 2879 undecimo.
1373 2824 1559 2875 mense
1578 2810 1715 2877 Ebul
1738 2809 1875 2883 (ipse

294 2929 313 2962 ι
358 2920 441 2967 est
483 2910 690 2967 mensis
732 2910 976 2985 octavus)
1027 2907 1269 2980 perlecta
1305 2914 1387 2967 est
1412 2907 1605 2963 domus
1641 2904 1699 2960 in
1728 2901 1876 2958 omni

294 3019 314 3053 ε
359 3016 529 3071 opere
575 3015 673 3057 suo
718 3007 774 3056 et
815 3000 871 3057 in
912 2999 1179 3059 universis
1225 2997 1562 3055 utensilibus.
1616 2992 1877 3051 rEdilica—

296 3111 315 3144 ι
362 3095 551 3164 vitque
576 3108 694 3149 eam
723 3093 879 3155 annis
909 3100 1136 3164 septem.
1173 3111 1193 3145 ›
1252 3089 1407 3153 Patet
1451 3087 1724 3159 allegoria:
1752 3100 1878 3143 sen-

290 3201 407 3252 sus,
429 3201 604 3256 quare
624 3187 815 3248 domus
837 3185 1050 3242 Domini
1072 3185 1339 3247 aediﬁcata
1361 3184 1434 3247 sit
1458 3182 1617 3247 annis
1637 3187 1873 3251 septem:

1955 596 2093 659 sime,
2122 596 2282 653 tertio
2317 594 2488 668 ipsius
2523 595 2747 660 mensis,
2774 602 2833 649 ut
2858 594 3038 659 Verba
3060 593 3279 659 Dierutu
3316 602 3544 665 narrant

1957 687 2042 763 (II
2072 686 2203 747 Par.
2225 676 2347 762 vn),
2386 686 2612 765 populos
2647 685 2899 745 Salomon
2945 687 3014 751 ad
3046 687 3387 755 tabernacula
3443 703 3541 753 sua

1956 781 2250 849 dimiserit;
2283 781 2470 852 sicque
2490 788 2612 852 post
2638 794 2804 835 unam
2838 780 3197 851 septimanam
3223 778 3543 845 adveniente

1956 891 2142 943 mense
2170 883 2385 945 octavo,
2428 873 2669 951 perfecta
2720 874 2940 937 inventa
2984 873 3055 939 sit
3089 874 3278 933 domus
3301 870 3540 941 Domini,

1957 976 2011 1022 et
2037 967 2295 1040 operibus
2330 966 2582 1035 videlicet
2613 966 2730 1036 ejus
2766 964 3056 1033 universis,
3084 972 3140 1031 et
3178 964 3293 1037 ipsa
3318 964 3544 1045 dedica,-

1959 1060 2108 1117 tione
2132 1060 2283 1131 prius
2322 1058 2611 1131 completa.
2643 1056 2757 1119 Nisi
2802 1056 2943 1117 forte
2982 1057 3277 1139 putandum
3303 1066 3389 1114 est
3423 1063 3547 1139 post

1959 1151 2264 1213 dedicatum
2300 1150 2560 1227 templum
2592 1148 2795 1220 aliquid
2822 1149 2998 1209 adhuc
3024 1147 3334 1209 utensilium
3362 1147 3416 1205 in
3446 1147 3547 1207 mi-

1959 1242 2185 1307 nisteria
2229 1241 2347 1321 ejus
2396 1241 2636 1307 additum
2684 1238 2849 1297 fuisse
2896 1254 3066 1323 usque
3117 1238 3185 1307 ad
3241 1238 3546 1319 ingressum

1960 1336 2142 1397 octavi
2191 1336 2415 1401 mensis,
2463 1333 2798 1393 accelerante
2840 1347 2986 1403 rege,
3015 1338 3078 1385 ut
3101 1330 3323 1395 omnino
3362 1344 3549 1391 mense

1961 1429 2210 1501 septimo,
2245 1429 2336 1503 qui
2369 1435 2489 1487 erat
2523 1435 2669 1493 totus
2710 1424 2988 1493 solemnis,
3031 1423 3292 1495 templum
3335 1421 3550 1483 dedica-

1962 1531 2145 1588 retur;
2202 1528 2364 1591 atque
2413 1518 2487 1577 ita
2528 1532 2716 1579 verum
2767 1516 3069 1597 reperiatur
3128 1521 3447 1597 utrumque,
3498 1520 3555 1571 et

1964 1609 2221 1683 templum
2244 1608 2494 1666 videlicet
2516 1618 2706 1665 octavo
2735 1594 2924 1673 mense
2952 1607 3007 1671 in
3032 1606 3179 1675 omni
3199 1594 3363 1689 opere
3390 1613 3553 1679 atque

1964 1699 2292 1754 utensilibus
2326 1697 2646 1773 perfecmm,
2675 1706 2730 1765 et
2770 1698 2947 1770 ipsum
2982 1697 3214 1777 septimo
3247 1712 3432 1769 mense
3461 1696 3553 1752 de-
3606 1764 3607 1767 η

1969 1790 2227 1845 dicatum.
3054 1778 3063 1787 ’

2576 1900 2803 1969 CAPUT
2840 1899 2952 1971 ΥΠ.

1964 2017 2044 2074 De
2084 2016 2342 2073 columnis
2383 2019 2555 2085 auia,
2583 2025 2721 2085 etc.;
2754 2019 2893 2089 quod
2939 2019 2997 2073 in
3043 2016 3251 2089 regione
3295 2017 3554 2072 Iordanis

1980 2116 1983 2117 ν
2039 2090 2181 2162 facta
2239 2100 2359 2147 sunt
2430 2106 2555 2162 vaso
2603 2088 2788 2151 damus
2842 2088 3111 2162 palatinis
3152 2089 3218 2162 (lg
3254 2088 3559 2150 cardinibus

2041 2158 2293 2217 ostiorum
2326 2162 2380 2215 in
2414 2160 2732 2235 perfectione
2755 2162 2921 2233 operis
2954 2159 3140 2219 domus
3179 2158 3413 2225 Domini.

2042 2276 2194 2351 (Ου’,
2227 2276 2348 2348 vu.)
2384 2294 2404 2335 σ
2436 2274 2580 2343 Misit
2626 2290 2841 2346 quoque
2882 2290 2980 2340 rex.
3029 2273 3307 2340 Salomon,
3334 2282 3391 2337 et
3432 2272 3558 2333 tulit

1977 2389 1998 2425 ι
2040 2369 2228 2435 lliram
2253 2370 2320 2436 de
2347 2368 2509 2440 Tyro,
2536 2368 2708 2435 ﬁlium
2738 2367 2982 2437 mulieris
3005 2367 3204 2435 viduas,
3229 2375 3287 2425 et
3312 2382 3379 2425 es
3413 2366 3558 2425 tribu

1978 2481 1997 2516 ι
2041 2461 2369 2532 Nepthalim,
2386 2472 2543 2534 patre
2562 2462 2741 2534 Tyrio,
2765 2462 3029 2524 artiﬁcem
3047 2460 3321 2527 marium.
3343 2459 3562 2535 plenum

1981 2579 2000 2621 t
2042 2560 2330 2629 sapientia,
2356 2568 2411 2621 et
2450 2560 2801 2631 intelligentia
2822 2598 2839 2625 ,
2869 2565 2924 2615 et
2960 2558 3227 2623 doctrina,
3259 2555 3327 2611 ad
3367 2554 3563 2611 faciet»

1981 2670 2002 2713 ς
2044 2653 2170 2713 dum
2193 2668 2355 2712 omne
2374 2669 2512 2725 opus
2539 2669 2607 2710 ex
2632 2668 2759 2709 agre.
2810 2650 2913 2719 Qui
2949 2665 3074 2709 cum
3103 2648 3342 2705 venisset
3367 2647 3438 2703 ad
3475 2661 3562 2702 re.

1982 2764 2001 2801 ι
2045 2734 2169 2817 dem
2204 2746 2582 2812 Salomonem,
2624 2744 2756 2802 fecit
2792 2759 2954 2801 omne
2986 2758 3124 2813 opus
3157 2742 3294 2813 ejus,
3319 2748 3425 2796 etc.
3447 2738 3566 2794 sit

1979 2839 2085 2895 hoc
2111 2839 2355 2910 mysterii
2391 2839 2565 2909 gratia
2601 2837 2801 2894 factum
2830 2846 2933 2895 est.
2975 2836 3186 2891 Artifex
3213 2835 3413 2906 quippe
3450 2833 3561 2904 'l‘yo

1977 2932 2114 2998 rius,
2139 2946 2299 3001 quem
2320 2929 2620 3000 adiutorem
2649 2930 2907 2999 Salomon
2929 2930 3017 2987 sui
3045 2928 3340 2999 assumpsit
3361 2926 3563 2998 operis,

1979 3024 2181 3085 electos
2215 3024 2284 3080 de
2323 3023 2575 3094 gentibus
2617 3024 2769 3081 verbi
2816 3023 3096 3081 ministros
3135 3020 3425 3092 signiﬁcat.
3462 3016 3567 3085 Qui

1979 3118 2234 3175 videlicet
2283 3117 2481 3175 artifex
2525 3117 2752 3188 pulchre
2793 3117 3016 3183 dicitur,
3051 3135 3073 3169 σ
3101 3116 3227 3186 quia
3271 3114 3415 3171 ﬁlius
3449 3120 3571 3177 erat

1984 3209 2229 3267 mulieris
2253 3210 2432 3266 vidua:
2454 3210 2523 3265 de
2548 3209 2747 3275 Israel;
2779 3228 2799 3261 ι
2822 3209 2880 3263 in
2901 3223 3009 3279 qua
3028 3222 3260 3277 persona
3278 3205 3416 3261 solet
3439 3218 3571 3259 non-

290 3277 420 3346 qUia
474 3277 739 3371 Dimil‘“m_
786 3285 972 3333 sane”
1022 3277 1265 3371 Εεελεξίθ
1318 3284 1452 3371 W9,
1485 3273 1643 3371 huius
1695 3271 1878 3371 δθθθυδί
1905 3280 1950 3342 (ἶ
1982 3316 2260 3370 nunquam
2305 3300 2591 3371 praesentis
2618 3271 2877 3370 temporis
2913 3271 3153 3354 Ecclesia
3183 3297 3567 3368 ﬁgurari:pro

293 3376 568 3440 tempore,
599 3369 745 3436 quod
780 3382 877 3423 sex
922 3375 1130 3439 septem
1164 3368 1374 3431 dierum
1409 3367 1637 3431 circuitu
1665 3364 1881 3439 peragi-

289 3471 405 3531 tur,
455 3478 525 3518 ex
567 3462 755 3523 electis
797 3463 1134 3529 construitur
1174 3465 1481 3533 animabus,
1514 3470 1569 3521 et
1605 3478 1729 3519 cum
1773 3461 1881 3529 ﬁne

290 3554 482 3613 saeculi
522 3571 678 3619 suum
703 3571 920 3628 (imque
951 3566 1286 3625 crenwntnm
1316 3560 1384 3625 ad
1408 3558 1572 3625 ﬁnem
1616 3559 1731 3628 ipsa
1755 3573 1882 3628 per-

293 3644 464 3728 dueit.
500 3642 598 3700 Vel
639 3654 788 3703 recte
836 3654 1043 3718 septem
1091 3647 1250 3704 annis
1293 3648 1594 3715 adiﬁeawr
1618 3649 1688 3707 ob
1717 3648 1882 3719 signi—

294 3737 606 3801 ﬁcatioucm
640 3738 831 3811 gratia:
876 3739 1158 3811 spiritalis,
1186 3755 1284 3812 per
1322 3756 1486 3811 quam
1511 3739 1752 3805 Ecclesia
1794 3755 1884 3799 so-

295 3828 429 3895 lum,
460 3837 522 3883 ut
563 3829 632 3885 sit
658 3830 920 3898 Ecclesia,
958 3831 1205 3903 percipit.
1260 3831 1479 3903 Septem
1508 3832 1707 3902 quippe
1739 3832 1883 3889 dona

299 3922 538 3994 Spiritus
562 3926 735 3987 sancti
763 3933 1044 3988 enumerat
1068 3925 1234 3993 Isaias
1256 3925 1392 3997 (lae.
1421 3925 1523 3997 xl),
1548 3927 1664 3991 sine
1689 3927 1884 3997 quibus

299 4038 459 4079 nemo
485 4022 568 4083 vel
594 4022 769 4087 ﬁdelis
797 4020 956 4089 caici,
983 4022 1066 4077 vel
1108 4021 1267 4085 ﬁdem
1312 4037 1550 4087 servare,
1581 4021 1666 4079 vel
1691 4021 1886 4081 merito

299 4109 422 4165 ﬁdei
465 4111 537 4166 ad
586 4127 842 4177 coronam
886 4120 1069 4182 West
1113 4113 1401 4182 pervenire
1438 4111 1680 4181 iustitiae.
1732 4112 1887 4180 Quod

300 4211 478 4258 autem
512 4204 570 4257 in
597 4212 791 4260 octavo
828 4220 970 4265 anno
1001 4212 1058 4260 et
1096 4204 1153 4263 in
1180 4213 1373 4267 octavo
1398 4204 1518 4275 ejus
1542 4219 1726 4263 mense
1758 4218 1887 4273 per-

302 4295 437 4351 fecta
476 4304 567 4351 est
604 4296 796 4351 domus
832 4296 890 4353 in
931 4297 1079 4355 enini
1110 4312 1274 4367 opere
1312 4313 1414 4357 suo
1444 4306 1502 4353 et
1536 4297 1591 4353 in
1624 4297 1889 4357 universis

303 4389 646 4456 utensilibus,
692 4390 759 4447 ad
803 4387 1045 4444 futurum
1086 4388 1365 4455 saeculum,
1409 4389 1661 4457 diemque
1701 4387 1889 4457 iudicii

304 4484 562 4552 pertinet,
594 4481 809 4551 quando
832 4480 898 4534 ad
920 4488 1126 4535 tantam
1152 4480 1264 4550 jam
1292 4479 1678 4550 perfectionem
1702 4485 1888 4534 sancta

306 4574 547 4630 Ecclesia
594 4571 896 4643 perveniet,
948 4580 1007 4628 ut
1049 4573 1178 4642 quid
1215 4573 1265 4627 ei
1290 4571 1522 4641 amplius
1562 4570 1686 4629 addi
1719 4569 1890 4640 possit

306 4668 537 4722 inveniri
587 4683 691 4723 non
731 4667 921 4737 possit.
972 4666 1202 4723 Habebit
1241 4666 1387 4730 enim
1429 4674 1556 4723 tunc
1592 4665 1738 4734 quod
1771 4664 1891 4734 pius

309 4758 395 4815 ille
416 4759 757 4821 desiderator
774 4759 1003 4830 supplex
1033 4776 1064 4813 a
1088 4759 1313 4819 Domino
1355 4757 1650 4829 quaerebat,
1678 4758 1888 4819 dicens:

318 4868 337 4901 ‹
383 4851 635 4916 Domine,
678 4852 907 4913 ostende
954 4849 1109 4907 nobis
1130 4849 1368 4916 Patrem,
1407 4856 1464 4907 et
1498 4848 1695 4907 suﬁicit
1738 4848 1894 4907 nobis

315 4938 492 5014 (Joan.
518 4942 659 5015 xw).
681 4962 702 4997 ›
740 4942 845 4999 Sed
890 4957 997 4997 non
1039 4943 1433 5001 contemnenda
1472 4941 1714 4997 nascitur
1748 4954 1893 5007 quae-

314 5038 455 5103 stio,
502 5037 776 5108 quomodo
829 5036 1041 5093 dicatur
1092 5036 1289 5095 domus
1332 5033 1545 5095 Domini
1599 5032 1655 5093 in
1708 5044 1894 5087 mense

316 5134 507 5183 octavo
532 5125 776 5198 perfecta
818 5126 874 5181 in
919 5126 1069 5183 omni
1096 5140 1262 5195 opere
1296 5139 1415 5190 suo,
1445 5131 1503 5185 et
1529 5122 1586 5177 in
1624 5121 1895 5179 universis

319 5219 663 5284 utensilibus,
696 5232 824 5279 cum
864 5217 918 5272 io
955 5216 1307 5286 sequentibus
1338 5216 1548 5286 legatur
1572 5227 1759 5275 mense
1806 5226 1895 5275 se-

321 5308 488 5377 ptimo
533 5310 933 5371 dedicationem
975 5309 1098 5379 eius
1143 5324 1264 5369 esse
1304 5307 1670 5378 completam?
1707 5304 1894 5375 Neque

320 5409 500 5461 autem
530 5402 790 5461 cratibus
819 5410 903 5459 est
927 5402 1072 5472 quod
1104 5409 1307 5472 septem
1329 5400 1546 5469 quidam
1568 5398 1729 5459 anuis
1752 5406 1887 5457 tem-

322 5489 467 5559 plum
490 5493 769 5551 mm
792 5493 1074 5559 Salomon,
1096 5502 1293 5553 octavo
1333 5505 1519 5553 mense
1558 5490 1737 5549 cauri
1764 5488 1894 5547 anni

322 5586 628 5655 perfecerit,
658 5589 947 5659 satisque
988 5589 1058 5644 ad
1090 5588 1385 5658 septimum
1423 5584 1704 5643 aanimi
1741 5598 1897 5641 men-

1982 3409 2090 3465 qua
2121 3392 2206 3449 vir
2238 3408 2392 3460 suus,
2419 3393 2675 3449 videlicet
2699 3392 2969 3459 Christus,
3002 3400 3179 3448 morte
3208 3398 3443 3462 gustata,
3483 3404 3570 3444 re-

1980 3484 2240 3553 surrexit,
2260 3491 2425 3554 atqne
2445 3484 2501 3540 in
2524 3484 2691 3540 ctelos
2715 3484 3013 3540 ascendens
3030 3498 3152 3538 eam
3174 3482 3390 3537 interim
3415 3495 3567 3551 pero-

1982 3573 2287 3644 grinantem
2316 3590 2349 3631 a
2373 3588 2435 3631 se
2464 3573 2683 3644 reliquit
2712 3575 2780 3630 .in
2824 3575 3007 3631 terris.
3056 3572 3177 3629 Non
3204 3581 3389 3637 autem
3422 3572 3569 3627 labo-

1984 3667 2214 3727 randum
2254 3669 2306 3725 in
2352 3668 2710 3739 explananda,
2740 3670 3010 3740 quomodo
3047 3668 3211 3739 hujus
3251 3667 3427 3723 vidum
3474 3663 3571 3719 ﬁlii

1983 3759 2158 3815 sancti
2185 3759 2296 3817 sint
2317 3760 2718 3830 praedicatores,
2746 3775 2869 3817 cum
2894 3775 3084 3816 omnes
3108 3759 3263 3815 electi
3286 3758 3488 3813 viritim
3512 3772 3570 3812 se

1985 3847 2126 3907 ﬁlios
2148 3865 2269 3906 esse
2295 3849 2567 3907 fateantur
2609 3849 2898 3914 Ecclesiae;
2934 3864 3056 3903 cum
3082 3849 3248 3903 etiam
3275 3848 3340 3903 de
3363 3846 3569 3902 eisdem

1984 3941 2432 4011 praedicatoribus
2471 3941 2606 3997 Novi
2655 3939 2985 3996 Testamenti
3026 3939 3335 4009 specialiter
3362 3938 3413 3993 ei
3438 3953 3563 4007 pro-

1986 4032 2253 4097 mittatur,
2284 4032 2497 4091 dioente
2524 4032 2795 4101 Propheta
2821 4049 2834 4084 :
2865 4051 2884 4082 ι
2921 4029 3026 4085 Pro
3050 4031 3298 4099 patribus
3327 4028 3433 4083 tuis
3458 4028 3572 4083 nati

1989 4132 2117 4183 sunt
2143 4124 2239 4183 tibi
2274 4123 2390 4187 ﬁlii,
2422 4125 2721 4184 constitues
2744 4139 2839 4179 eos
2870 4122 3145 4193 principes
3170 4136 3330 4193 super
3352 4136 3569 4177 omnem

1989 4219 2190 4273 terram
2219 4212 2337 4284 (Ps,
2367 4213 2536 4286 XLIV).
2561 4234 2582 4269 ι
2612 4212 2760 4267 Fecit
2802 4221 2977 4267 autem
3018 4212 3208 4267 Hiram
3255 4230 3405 4289 omne
3443 4228 3573 4284 opus

1994 4302 2310 4370 Salomonis,
2339 4305 2466 4375 quia
2503 4304 2758 4367 nimirum
2796 4304 3047 4360 doctores
3087 4305 3258 4360 sancti
3304 4306 3430 4359 dum
3468 4304 3573 4359 nti-

1990 4393 2216 4453 nisterio
2259 4395 2413 4451 verbi
2465 4394 2695 4450 ﬁdeliter
2745 4395 3031 4459 insistunt,
3061 4410 3198 4464 opus
3246 4396 3432 4465 utique
3478 4394 3575 4450 Dei

1988 4493 2318 4557 operantur,
2351 4485 2606 4555 quoniam
2652 4485 2919 4554 loquendo
2962 4484 3099 4540 foris
3141 4486 3285 4539 viam
3332 4485 3577 4539 veritatis

1990 4579 2268 4651 aperiunt,
2282 4594 2418 4648 quos
2434 4578 2582 4635 intus
2601 4576 2915 4634 illustrando
2928 4577 3044 4648 ipse
3057 4579 3124 4635 ad
3136 4578 3302 4634 vitam
3319 4578 3579 4649 praeordi-

1995 4672 2153 4733 nat’it
2172 4680 2453 4730 aeternam.
2475 4688 2494 4723 ι
2516 4671 2649 4741 Ego,
2665 4669 3130 4740 inquit,plantavi,
3144 4670 3334 4742 Apollo
3348 4670 3575 4741 rigavit:

1996 4763 2146 4819 Deus
2191 4768 2373 4817 autem
2415 4761 2806 4827 incrementum
2847 4761 2994 4817 dedit
3013 4760 3066 4832 (Ι
3093 4759 3215 4816 Cor.
3252 4761 3354 4831 ιη).
3379 4780 3397 4813 ι
3429 4761 3582 4816 Fecit

1994 4854 2098 4909 huc
2123 4867 2264 4921 opus
2288 4868 2355 4909 ex
2380 4867 2508 4918 tere,
2532 4852 2657 4922 quia
2684 4852 2790 4907 illis
2814 4853 3151 4909 committere
3176 4854 3403 4908 verbum
3426 4868 3578 4921 qum-

1995 4945 2067 5001 rit
2098 4951 2296 5003 doctor
2324 4950 2595 5009 strenuus,
2623 4944 2714 5012 qui
2741 4945 2846 5005 hoc
2880 4945 2969 5014 pio
3001 4944 3276 5012 suscipere
3299 4959 3365 4998 ac
3396 4958 3583 5013 perse—

1995 5043 2258 5097 veranter
2302 5035 2574 5097 custodire
2614 5036 2956 5102 desiderent,
3003 5037 3203 5104 quique
3251 5036 3415 5091 etiam
3462 5036 3582 5092 aliis

1994 5128 2344 5201 praedicando
2368 5127 2527 5189 latius
2545 5127 2824 5186 dill‘amare
2847 5144 2966 5198 quas
2996 5129 3097 5198 ipsi
3124 5129 3409 5185 didicerint
3434 5137 3583 5186 recte

1996 5228 2275 5294 satagaut.
2309 5219 2459 5277 [Eris
2497 5236 2729 5291 namque
2757 5221 3032 5276 metallum
3072 5221 3228 5277 valde
3254 5237 3375 5281 esse
3421 5224 3583 5279 dura-

1997 5314 2105 5368 bile
2125 5320 2366 5377 constat,
2398 5322 2559 5381 atque
2587 5311 2898 5367 omnimodo
2922 5326 3199 5368 sonorum.

2075 5425 2094 5458 ι
2128 5406 2196 5464 Et
2225 5403 2393 5463 finxit
2415 5404 2548 5459 duas
2570 5402 2853 5461 columnas
2877 5417 3066 5469 me,
3089 5405 3274 5463 decem
3299 5413 3355 5461 et
3380 5411 3584 5476 septem

2002 5517 2026 5559 t
2070 5499 2382 5557 cubitorum
2426 5493 2726 5549 altimdinis
2763 5494 3068 5551 columnam
3106 5504 3413 5567 utramque.
3439 5516 3458 5550 ι
3486 5496 3585 5551 ﬂio

1998 5596 2125 5645 sunt
2152 5589 2447 5655 columnae,
2476 5586 2544 5641 de
2569 5584 2768 5653 quibus
2792 5584 2992 5642 Paulus
3012 5588 3128 5643 ait:
3157 5607 3177 5639 ι
3208 5587 3461 5655 Iacobus,
3488 5587 3587 5642 Ce-

324 5690 439 5732 setn
480 5679 875 5737 dedicationem
908 5680 1135 5752 pel-lecti
1178 5679 1472 5737 distulerit.
1524 5676 1678 5735 Unde
1716 5676 1900 5747 potius
1996 5682 2155 5753 pnas,
2193 5689 2250 5736 et
2296 5676 2575 5745 Joannes,
2618 5678 2716 5748 qui
2766 5678 3093 5735 videbantur
3128 5680 3396 5738 columnae
3434 5688 3584 5743 esse.

330 5770 621 5829 verisimile
647 5772 876 5840 videtur,
908 5775 1137 5826 domum
1156 5780 1366 5839 septem
1392 5773 1557 5829 annis
1590 5784 1658 5828 ac
1684 5779 1898 5841 septem

2000 5775 2221 5830 dextras
2247 5771 2520 5829 dederunt
2554 5772 2682 5827 mihi
2704 5780 2765 5828 et
2790 5772 3049 5828 [laniabat
3082 5774 3377 5835 societatis,
3406 5775 3467 5823 ut
3488 5782 3588 5824 nos

330 5863 610 5926 m8
646 5864 991 5933 εὕρω...
1020 5863 1097 5919 ita
1124 5868 1190 5916 ut
1214 5860 1412 5925 eodem
1440 5870 1628 5919 monac
1667 5864 1900 5930 κτὼ-ο
1998 5868 2059 5920 in
2084 5867 2365 5929 gentibus,
2390 5864 2469 5916 illi
2492 5874 2674 5916 autem
2698 5865 2756 5916 in
2784 5860 3248 5919 circinationem
3274 5862 3533 5937 (Cat-tl).
3556 5878 3586 5931 ι,
