4074 6468
500 401 607 460 167

1136 398 1201 453 Β.
1241 395 1497 454 ΒΔΒΑΝΙ
1533 395 1757 454 MAUBI
1790 394 2091 453 ARCHIEP

2192 392 2458 451 [OGUNT.
2498 391 2783 453 OPERUM
2820 389 3001 449 PARS
3028 390 3072 446 Ι.

3650 394 3765 454 168

495 519 702 590 Quibus
748 515 932 574 verbis
972 513 1126 585 quasi
1173 528 1442 586 exponere
1495 514 1709 569 videtur
1750 511 2070 584 mysterium
2097 514 2152 576 Α
2176 510 2285 565 Deo
2310 509 2518 564 devotis
2541 507 2985 579 cogitationibus,
3014 505 3157 559 sicut
3182 501 3362 574 capite
3385 503 3655 573 membra,
3679 507 3762 562 ita

494 612 868 668 columnarum
893 606 1272 672 materialium,
1299 615 1354 661 et
1382 605 1513 677 quid
1541 605 1792 671 videlicet
1810 604 2078 676 ﬁgurave—

497 706 626 771 rint,
664 712 720 759 et
745 717 910 773 quare
945 700 1066 757 dua
1093 700 1202 755 sint
1230 697 1406 754 facta.
1447 696 1735 767 Apostolos
1764 710 1999 765 namque
2024 701 2080 749 et

494 796 744 852 doctores
774 805 999 849 cunctos
1025 791 1299 863 spiritales
1340 789 1678 862 signiﬁcant,
1709 789 1880 845 fortes
1917 786 2081 841 nimi-

494 905 615 946 rum
646 889 752 945 ﬁde
782 897 947 958 atque
972 901 1158 957 opere,
1189 895 1243 940 et
1269 884 1727 955 contemplatione
1751 882 1819 938 ad
1848 894 2079 952 superna

492 987 725 1037 erectos.
756 980 892 1034 Dum
934 988 1056 1035 sunt
1089 988 1264 1034 autem
1282 1019 1297 1045 ,
1328 986 1389 1034 ut
1416 986 1471 1034 et
1496 985 1685 1047 gentes
1708 984 1765 1031 et
1798 973 2082 1031 circumci-

492 1072 703 1127 sionem
739 1070 1082 1141 pradicando
1116 1070 1172 1125 in
1211 1070 1509 1125 Ecclesiam
1551 1070 1914 1125 introducant.
1958 1066 2081 1122 Sta-

491 1161 625 1216 bant
655 1161 711 1215 in
734 1161 948 1230 porticu
975 1167 1102 1215 ante
1128 1160 1273 1216 fores
1301 1160 1506 1232 templi,
1532 1168 1588 1215 et
1607 1161 1911 1231 ingressum
1940 1156 2083 1212 illius

492 1266 593 1308 suo
624 1251 818 1307 decore
845 1267 911 1308 ac
947 1251 1347 1321 pulchritudine
1370 1268 1438 1309 ex
1470 1259 1698 1322 utraque
1736 1259 1892 1322 parte
1920 1249 2085 1303 mira-

493 1343 677 1399 biliter
704 1343 990 1399 ornabant.
1036 1343 1246 1400 Ostium
1271 1353 1452 1399 autem
1481 1343 1664 1414 templi
1690 1342 1950 1398 Dominus
1977 1349 2079 1407 est,

495 1436 624 1506 quia
670 1451 829 1492 nemo
864 1435 1013 1490 venit
1038 1436 1107 1490 ad
1130 1434 1380 1501 Patrem,
1411 1435 1520 1490 nisi
1557 1449 1659 1505 per
1697 1434 1873 1504 ipsum
1899 1430 2079 1505 (Joan.

493 1527 633 1599 xw).
672 1528 740 1583 Et
765 1528 904 1583 sicut
927 1527 1054 1582 alibi
1083 1527 1214 1582 dicit
1245 1542 1260 1581 :
1292 1548 1310 1579 ι
1346 1526 1464 1600 Ego
1486 1541 1607 1582 sum
1631 1526 1847 1589 ostium,
1879 1538 1976 1594 per
1998 1538 2085 1579 me

494 1621 542 1676 si
569 1622 691 1692 quis
729 1621 1018 1687 introierit,
1050 1620 1348 1677 salvabitnr
1372 1618 1556 1693 (Joan.
1586 1618 1663 1693 ι).
1686 1638 1706 1672 ι
1743 1619 1899 1687 Quod
1932 1619 2085 1673 vide-

496 1715 628 1773 licet
649 1716 852 1772 ostium
873 1716 1138 1773 columna
1161 1716 1230 1771 ab
1247 1724 1479 1787 utroque
1500 1716 1669 1771 latere
1690 1730 1875 1771 coram
1896 1713 2087 1785 posita

390 1859 402 1873 ,
497 1808 875 1876 circumstant,
905 1824 1030 1864 cum
1070 1808 1307 1863 ministri
1332 1807 1601 1864 sermonis
1643 1806 1861 1877 utrique
1890 1804 2085 1876 populo

496 1898 779 1957 introitum
827 1902 979 1972 regni
1026 1900 1266 1957 calestis
1307 1902 1631 1967 ostendunt;
1662 1909 1725 1956 ut
1765 1901 1878 1956 sive
1906 1916 1938 1954 a
1965 1899 2086 1955 luce

499 1988 741 2046 scientia
765 1988 953 2060 legalis
973 1990 1225 2061 quisque,
1251 1991 1366 2046 sive
1388 2007 1458 2047 ex
1482 1991 1665 2062 rigore
1680 1991 1996 2062 gentilitatis
2018 1990 2087 2047 ad

495 2078 659 2134 ﬁdem
696 2079 973 2149 Evangelii
998 2081 1228 2147 venerit,
1264 2082 1465 2138 habeat
1493 2090 1715 2152 paratos
1742 2097 1837 2139 eos
1861 2082 1954 2153 qui
1983 2083 2087 2138 sibi

496 2170 605 2226 iter
649 2171 841 2227 salutis
882 2179 939 2227 et
980 2173 1147 2228 verbo
1187 2158 1563 2229 demonstrent
1600 2182 1655 2230 et
1691 2174 1958 2244 exemplo.
1991 2174 2087 2230 Vel

495 2272 667 2331 certe,
695 2265 823 2335 quia
852 2267 919 2321 de
942 2265 1147 2321 eisdem
1179 2265 1444 2322 columnis
1467 2267 1523 2321 in
1551 2266 1690 2321 libro
1719 2265 2087 2335 Paralipome-

496 2370 608 2412 non
634 2358 711 2411 ita
740 2357 1003 2428 scriptum
1030 2366 1153 2413 est:
1186 2375 1207 2409 ι
1241 2358 1496 2428 lpsasque
1523 2357 1804 2413 columnas
1826 2357 2007 2428 posuit
2031 2357 2088 2411 in

497 2449 769 2511 vestibulo
796 2450 1002 2520 templi,
1034 2465 1200 2505 unam
1228 2465 1261 2507 a
1287 2450 1497 2506 dextris
1536 2458 1593 2505 et
1630 2450 1857 2505 alteram
1885 2465 1916 2504 a
1950 2449 2086 2504 sini-

498 2540 630 2597 stris
657 2540 739 2613 (ΙΙ
772 2540 904 2597 Par.
937 2541 1044 2614 ιιι),
1074 2561 1094 2594 ι
1131 2543 1252 2599 ideo
1289 2550 1417 2598 sunt
1461 2543 1580 2599 dua
1623 2541 1781 2598 facta
1825 2542 2088 2599 columna

500 2640 665 2702 atque
685 2633 761 2688 ita
787 2633 1086 2703 disposita,
1112 2642 1173 2689 ut
1193 2633 1350 2690 nobis
1369 2641 1424 2689 et
1450 2633 1508 2688 in
1531 2634 1806 2704 prosperis
1828 2641 1883 2689 et
1911 2633 1967 2688 in
1994 2633 2089 2688 ad—

498 2723 675 2779 versis
716 2724 1024 2794 ingressum
1047 2724 1238 2795 patria
1263 2724 1502 2781 calestis
1529 2734 1658 2780 ante
1681 2725 1868 2781 oculos
1892 2723 2089 2779 mentis

500 2815 808 2872 habendum
836 2832 958 2873 esse
982 2819 1228 2875 doceant.
1260 2817 1567 2874 Notandum
1591 2833 1723 2873 sane
1747 2818 1804 2872 in
1829 2818 1931 2872 hac
1967 2830 2089 2870 sen-

497 2908 669 2963 tentia
690 2907 1141 2979 Paralipomenon
1168 2925 1333 2981 quam
1366 2909 1540 2980 posui,
1574 2909 1719 2980 quod
1751 2923 1817 2964 ea
1849 2906 2091 2977 porticus

499 3000 707 3072 templi,
739 3002 905 3056 etiam
941 3002 1231 3074 vestigium
1271 3001 1453 3071 templi
1493 3002 1811 3058 vocabatur.
1852 3000 1920 3055 Et
1948 3001 2092 3069 quod

499 3094 557 3149 in
588 3096 866 3166 prophetis
889 3096 1141 3167 legimus,
1171 3096 1298 3166 quia
1324 3096 1468 3152 inter
1486 3093 1816 3151 vestibulum
1839 3101 1895 3149 et
1921 3093 2092 3148 altare

498 3188 731 3243 orabant
758 3188 1102 3255 sacerdotes,
1128 3188 1272 3243 inter
1296 3186 1567 3257 porticum
1600 3194 1659 3242 et
1683 3185 1858 3241 altare
1895 3185 2092 3241 debere

499 3278 745 3352 intelligi.
777 3280 923 3337 Bene
949 3290 1131 3338 autem
1155 3292 1389 3351 utraque
1409 3280 1662 3336 columna
1680 3281 1871 3336 decem
1891 3286 1947 3335 et
1968 3289 2094 3334 octo

500 3370 714 3426 cubitos
758 3372 1059 3428 altitudinis
1104 3373 1307 3428 habere
1350 3380 1705 3436 memoratur,
1757 3381 1840 3427 ter
1889 3370 2094 3426 etenim

502 3461 643 3527 seni,
671 3462 860 3518 decem
889 3471 946 3516 et
974 3472 1101 3519 octo
1126 3463 1350 3518 faciunt.
1382 3463 1510 3517 Tria
1539 3477 1670 3518 vero
1692 3464 1762 3518 ad
1785 3464 1949 3519 ﬁdem
1970 3476 2096 3532 per-

504 3553 677 3609 tinere
699 3562 923 3624 propter
955 3564 1199 3609 sanctam
1227 3553 1572 3621 Trinitatem,
1603 3569 1696 3609 sex
1722 3555 1791 3609 ad
1817 3554 2091 3624 operatio-

503 3658 650 3710 nem,
677 3645 905 3714 quodin
944 3662 1010 3702 eo
1048 3647 1260 3702 dierum
1286 3661 1513 3704 numero
1536 3648 1770 3703 mundus
1798 3648 1870 3704 sit
1894 3649 2090 3715 factus,

503 3731 624 3787 luce
647 3732 848 3789 clarius
876 3742 978 3790 est.
1021 3736 1090 3791 Et
1122 3736 1227 3790 tria
1261 3750 1359 3806 per
1385 3752 1479 3792 sex
1505 3737 1937 3808 multiplicantur
1968 3757 2093 3795 cum

510 3841 529 3874 ι
556 3823 736 3894 justus
764 3840 845 3883 ex
889 3825 995 3881 ﬁde
1041 3826 1175 3881 vivit
1218 3825 1384 3899 (Hab.
1415 3830 1582 3899 v10,»
1622 3829 2121 3900 cognitionemque,

504 3912 608 3982 pia
636 3913 973 3971 credulitatis
997 3917 1347 3972 exsecutione
1384 3917 1541 3974 bona
1581 3921 1812 3976 actionis
1839 3936 2095 3977 accumu-

504 4002 603 4059 lat.
633 4003 897 4061 Columna
924 4017 1052 4062 ante
1075 4007 1222 4065 fores
1246 4009 1433 4080 templi
1462 4010 1651 4067 decem
1673 4021 1727 4068 et
1748 4021 1873 4068 octo
1896 4013 2098 4069 cubitis

507 4094 619 4150 alta
657 4104 761 4164 est,
791 4112 916 4154 cum
964 4100 1289 4169 pradieator
1333 4102 1564 4174 quisque
1616 4106 1867 4176 egregius
1914 4105 2096 4174 palam

507 4187 720 4242 cunctis
747 4187 990 4245 insinuat
1008 4206 1118 4246 non
1145 4192 1250 4248 nisi
1264 4184 1371 4263 'per
1404 4192 1567 4250 ﬁdem
1607 4203 1663 4250 et
1690 4210 1855 4265 opera
1872 4194 2099 4266 iustitia

507 4291 608 4332 nos
632 4278 701 4333 ad
728 4292 976 4349 superna
1010 4284 1204 4354 gaudia
1235 4284 1359 4340 vita
1383 4297 1544 4354 posse
1566 4288 1872 4356 pervenire.

585 4387 603 4418 ι
640 4366 708 4421 Ει
751 4366 896 4424 linea
952 4371 1263 4428 cubitorum
1316 4372 1604 4431 duodecim
1652 4378 1961 4449 ambigebat
2008 4394 2102 4434 co-

511 4482 532 4517 ι
564 4463 805 4520 lumnam
836 4475 1144 4538 utramque,
1178 4488 1199 4521 ›
1234 4484 1360 4525 cum
1388 4471 1620 4541 quisque
1647 4472 1839 4528 doctor
1862 4474 1977 4528 sive
2001 4472 2100 4528 Ju-

505 4554 636 4610 dais
655 4570 752 4610 seu
774 4557 1025 4626 gentibus
1046 4558 1345 4626 pradicare
1363 4560 1585 4627 missus,
1598 4575 1665 4614 ea
1685 4569 1897 4616 tantum
1921 4562 2103 4620 facere

505 4651 664 4701 curat
687 4659 752 4699 ac
775 4645 994 4712 docere,
1021 4662 1143 4715 qua
1169 4656 1357 4703 sancta
1380 4665 1477 4718 per
1507 4651 1782 4721 apostolos
1805 4654 2017 4722 accepit
2036 4669 2100 4710 ac

506 4732 698 4789 didicit
724 4734 991 4791 Ecclesia.
1022 4735 1160 4795 Nam
1185 4739 1232 4793 si
1261 4739 1385 4808 quis
1421 4740 1579 4796 aliter
1612 4742 1796 4798 vivere
1820 4744 1936 4799 sive
1962 4760 2100 4815 pra-

506 4825 691 4884 dicare
733 4827 986 4895 voluerit,
1016 4837 1073 4885 et
1095 4831 1184 4886 vel
1223 4831 1521 4902 apostolica
1552 4834 1768 4889 decreta
1810 4850 2065 4907 spernere
2081 4878 2097 4905 ,

505 4917 590 4974 vel
622 4935 722 4990 pro
755 4936 855 4977 suo
892 4921 1052 4978 libitu
1092 4937 1235 4979 nova
1263 4923 1518 4995 qualibet
1548 4934 1787 4983 statuere
1821 4928 2096 4996 maluerit,

506 5026 617 5066 non
659 5020 746 5070 est
784 5013 913 5070 talis
959 5014 1210 5071 columna
1250 5017 1451 5087 templo
1494 5017 1593 5074 Dei
1626 5028 1772 5089 apta,
1802 5020 1928 5091 quia
1972 5022 2100 5077 dum

507 5102 808 5171 apostolica
834 5111 1039 5161 statuta
1062 5106 1217 5176 sequi
1237 5107 1559 5175 contemnit,
1581 5110 1739 5179 quasi
1757 5111 1841 5166 vel
1862 5111 2106 5167 exilitate

510 5189 721 5245 inertia
748 5207 880 5259 sua,
893 5194 979 5249 vel
999 5194 1252 5251 elationis
1278 5196 1498 5252 tumida
1523 5198 1884 5269 grossitudine
1903 5200 2106 5258 duode-

511 5279 619 5335 cim
644 5281 953 5340 cubitorum
977 5285 1135 5342 linea
1156 5301 1267 5342 non
1291 5290 1564 5345 convenit.

584 5389 608 5425 ‹
644 5371 764 5428 Duo
788 5387 1006 5446 quoque
1036 5377 1290 5448 capitella
1318 5377 1470 5446 fecit,
1499 5397 1621 5452 qua
1648 5392 1983 5453 ponerentur
2003 5399 2098 5439 su—

518 5481 541 5518 ι
577 5478 677 5535 per
720 5465 901 5536 capita
947 5466 1322 5526 columnarum
1368 5470 1549 5529 fusilia
1592 5489 1660 5530 ex
1702 5491 1833 5541 are,
1861 5477 2101 5547 quinque

516 5572 540 5609 ι
582 5556 891 5613 cubitorum
918 5558 1220 5619 altitudinis
1238 5563 1546 5635 capitellum
1566 5582 1756 5634 unum,
1775 5576 1834 5623 et
1858 5569 2098 5638 quinque

518 5662 539 5699 ι
583 5647 891 5704 cubitorum
943 5649 1243 5709 altitudinis
1294 5655 1606 5725 capitellum
1654 5656 1904 5720 alterum,
1932 5665 2039 5712 etc.
2069 5675 2091 5710 ι

508 5732 703 5804 Capita
734 5740 937 5797 etenim
981 5740 1382 5810 columnarum,
1412 5745 1517 5802 hoc
1560 5754 1642 5801 est
1681 5762 1937 5817 suprema
1971 5762 2099 5817 pars

501 5842 727 5901 parum,
753 5832 1053 5904 praecordia
1086 5843 1215 5896 sunt
1251 5837 1492 5894 ﬁdelium
1533 5839 1838 5904 doctorum,
1864 5854 2098 5907 quorum

2120 3244 2167 3308 C

2176 602 2417 671 ipsorum
2463 600 2644 655 omnia
2670 608 2726 655 et
2753 613 2919 668 opera
2962 597 3265 667 diriguntur
3302 603 3359 651 et
3401 597 3590 651 verba.
3640 596 3763 654 Duo

2177 698 2355 746 autem
2378 690 2647 760 capitella,
2665 704 2786 760 qua
2810 690 2897 744 his
2923 686 3190 757 capitibus
3217 695 3371 742 erant
3395 690 3761 758 superposita,

2178 782 2285 838 duo
2314 793 2440 838 sunt
2470 790 2824 850 testamenta,
2855 797 3083 852 quorum
3111 783 3447 838 meditationi
3478 793 3643 854 atque
3665 788 3769 841 ob-

2180 875 2468 930 servantia
2512 876 2761 931 doctores
2795 875 2967 930 sancti
2998 882 3113 930 toto
3140 882 3194 929 et
3226 875 3407 929 animo
3454 876 3771 932 subduntur

2180 974 2237 1020 et
2262 980 2508 1043 corpore.
2538 965 2691 1022 Unde
2717 965 2856 1022 bene
2875 973 3164 1036 utrumque
3183 966 3492 1037 capitellum
3522 968 3770 1039 quinque

2182 1061 2394 1116 cubitos
2442 1060 2675 1117 habebat
2712 1060 3030 1128 altitudinis,
3065 1061 3190 1132 quia
3231 1062 3485 1117 nimirum
3522 1062 3770 1135 quinque

2180 1150 2334 1206 libris
2386 1150 2666 1223 Scriptura
2724 1152 2973 1209 Mosaicae
3028 1153 3161 1224 legis
3214 1156 3607 1224 comprehensa
3660 1164 3765 1211 est.

2184 1243 2431 1314 Quinque
2455 1245 2619 1300 etiam
2643 1245 2821 1301 saculi
2849 1253 3034 1302 atates
3066 1254 3175 1302 tota
3199 1247 3410 1303 Veteris
3432 1247 3773 1306 Testamenti

2184 1334 2355 1390 series
2376 1334 2654 1406 complexa
2680 1346 2781 1392 est.
2822 1335 3030 1393 Novum
3062 1352 3194 1394 vero
3218 1337 3625 1395 Testamentum
3656 1358 3771 1397 non

2184 1424 2288 1502 alia
2316 1426 2471 1481 nobis
2505 1426 2683 1498 aliqua
2724 1428 3013 1498 pradicat,
3037 1444 3201 1499 quam
3229 1446 3349 1501 qua
3375 1430 3589 1502 Moyses
3630 1448 3776 1504 pra-

2184 1515 2414 1572 dicanda
2436 1532 2533 1587 per
2559 1518 2660 1573 hoc
2687 1532 2808 1575 esse
2832 1520 3155 1590 praedixerat
3173 1529 3228 1577 et
3255 1521 3552 1591 pmpheta.

2260 1626 2281 1661 ‹
2308 1609 2377 1664 Ει
2402 1611 2555 1680 quasi
2593 1611 2647 1665 in
2674 1611 2893 1667 modum
2924 1613 3055 1668 retis
3075 1621 3131 1668 et
3150 1621 3463 1667 catenarum
3499 1614 3604 1668 sibi
3632 1614 3778 1669 invi-

2191 1718 2212 1752 ‹
2247 1701 2420 1757 vicem
2461 1704 2598 1758 miro
2644 1719 2806 1774 opere
2856 1712 3235 1761 contextarum
3276 1713 3566 1775 utrumque
3618 1708 3777 1777 capi-

2194 1811 2213 1844 ‹
2250 1794 2436 1849 tellum
2477 1796 2851 1852 columnarum
2901 1796 3058 1853 fusile
3105 1806 3239 1853 erat.
3271 1817 3290 1851 ι
3341 1797 3495 1865 Quod
3536 1799 3590 1853 in
3633 1799 3778 1855 libro

2111 1874 2161 1936 B
2186 1882 2637 1956 Paralipomenon
2669 1888 2740 1941 ita
2770 1887 3033 1958 scriptum
3061 1898 3145 1944 est
3171 1905 3185 1942 :
3215 1908 3234 1940 ι
3271 1886 3383 1943 Nec
3404 1904 3511 1943 non
3540 1897 3596 1943 et
3618 1889 3779 1959 quasi

2190 1974 2471 2029 catenulas
2513 1975 2568 2030 in
2606 1977 2844 2042 oraculo,
2875 1985 2930 2031 et
2973 1978 3317 2048 superposuit
3365 1993 3461 2034 eas
3509 1979 3780 2048 capitibus

2188 2066 2565 2122 columnarum
2593 2066 2682 2137 (II
2708 2066 2838 2122 Par.
2866 2067 2972 2140 ιιι).
2997 2090 3014 2120 ι
3042 2068 3264 2139 Species
3292 2084 3528 2139 namque
3552 2077 3780 2124 catena-

2190 2178 2309 2218 rum
2336 2169 2390 2217 et
2415 2161 2711 2217 similitudo
2739 2162 2869 2218 retis
2908 2162 2962 2216 in
2998 2162 3265 2233 capitellis
3291 2163 3524 2217 varietas
3551 2172 3636 2218 est
3662 2163 3779 2216 vir-

2189 2262 2367 2309 tutum
2394 2254 2716 2324 spiritalium
2750 2254 2806 2309 in
2833 2254 3035 2310 sanctis
3053 2295 3068 2320 ,
3103 2255 3169 2309 de
3198 2269 3304 2324 qua
3333 2254 3563 2309 Domino
3592 2262 3783 2308 canta-

2190 2354 2281 2400 tur
2322 2346 2378 2401 in
2418 2345 2645 2401 Psalmis
2682 2360 2696 2399 :
2736 2364 2756 2396 ‹
2792 2345 2979 2401 Astitit
3022 2346 3211 2417 regina
3247 2362 3278 2398 a
3319 2344 3525 2399 dextris
3568 2344 3679 2398 tuis
3725 2343 3781 2397 in

2188 2440 2387 2495 vestitu
2408 2439 2686 2504 deaurato,
2702 2439 3108 2495 circumamicta
3122 2440 3384 2495 varietate
3404 2435 3519 2510 (Ps.
3546 2437 3731 2509 xuv);
3758 2456 3776 2488 ι

2189 2531 2295 2586 hoc
2324 2539 2408 2585 est
2444 2532 2500 2585 in
2525 2532 2723 2586 vestitu
2761 2529 2975 2603 fulgida
3017 2530 3339 2598 dilectionis,
3368 2530 3779 2585 circumamicta

2190 2622 2454 2677 varietate
2483 2622 2815 2677 diversorum
2840 2622 3244 2678 charismatum.
3277 2620 3376 2677 Vel
3410 2630 3561 2678 certe
3591 2620 3781 2675 multi-

2189 2713 2316 2783 plex
2341 2713 2620 2781 conceptio
2650 2721 2964 2768 catenarum
2993 2721 3047 2768 et
3075 2713 3209 2768 retis
3238 2712 3500 2782 expansio
3536 2708 3753 2765 multifa

2190 2803 2302 2858 rias
2338 2804 2633 2860 electorum
2665 2819 2927 2874 personas
2964 2804 3221 2860 insinuat.
3261 2804 3393 2872 Qua
3431 2818 3557 2858 cum
3593 2799 3782 2855 verbis

2192 2903 2503 2950 sanctorum
2528 2895 2942 2965 pradicatorum
2969 2895 3199 2951 ﬁdeliter
3228 2894 3582 2950 auscultando
3616 2900 3781 2964 atque

2191 2986 2492 3042 obediendo
2542 2987 2815 3044 adharent
2847 3005 2861 3042 :
2897 2988 3052 3058 quasi
3090 2988 3469 3045 columnarum
3511 2986 3784 3056 capitibus

2191 3079 2546 3148 superposita
2574 3088 2721 3135 retes
2761 3086 2817 3134 et
2849 3079 3112 3135 catenula
3149 3078 3471 3134 miraculum
3505 3092 3618 3134 sua
3647 3093 3783 3133 con-

2192 3171 2443 3226 nexionis
2469 3171 2679 3229 cunctis
2699 3172 3101 3243 aspectantibus
3123 3164 3384 3243 prabent.

2277 3282 2296 3315 ι
2339 3261 2575 3333 Septena
2611 3278 2866 3319 versuum
2906 3263 3167 3319 retiacula
3206 3264 3263 3319 in
3294 3263 3544 3333 capitello
3572 3277 3703 3330 uno,
3732 3273 3791 3318 et

2205 3372 2225 3409 ‹
2261 3364 2483 3426 septena
2521 3356 2783 3413 retiacula
2810 3356 2866 3412 in
2908 3357 3158 3427 capitello
3187 3356 3380 3411 altero.
3408 3376 3426 3407 ι
3462 3355 3791 3427 Septenaria

2196 3462 2431 3517 namque
2477 3463 2704 3503 numero
2748 3449 2980 3517 Spiritus
3028 3449 3200 3504 sancti
3244 3448 3381 3504 solet
3427 3448 3601 3519 gratia
3642 3448 3794 3503 desi-

2196 3538 2369 3609 gnari,
2397 3538 2604 3596 Joanne
2635 3548 2928 3596 attestante
2954 3541 3011 3595 in
3039 3539 3381 3612 Apocalypsi.
3413 3538 3519 3607 Qui
3550 3555 3678 3594 cum
3708 3539 3794 3593 vi-

2194 3630 2341 3686 disse
2377 3646 2433 3686 se
2462 3632 2665 3688 diceret
2699 3646 2899 3705 agnum
2940 3632 3229 3687 habentem
3265 3648 3473 3688 cornua
3499 3641 3711 3702 septem
3733 3641 3796 3686 et

2194 3722 2379 3779 oculos
2400 3731 2632 3795 septem,
2661 3739 2788 3779 mox
2808 3725 3128 3795 exponendo
3150 3724 3427 3793 subjunxit
3452 3743 3465 3778 :
3497 3742 3515 3775 ι
3536 3722 3641 3791 Qui
3662 3731 3797 3778 sunt

2194 3822 2400 3886 septem
2423 3817 2646 3887 spiritus
2668 3815 2783 3881 Dei,
2803 3816 2953 3872 missi
2977 3817 3033 3871 in
3046 3818 3356 3872 universam
3377 3824 3577 3871 terram
3601 3815 3790 3886 (Apoc.

2195 3908 2273 3980 v).
2307 3927 2325 3959 ι
2359 3908 2512 3975 Quod
2541 3909 2804 3980 propheta
2828 3909 2996 3964 Isaias
3017 3908 3256 3979 apertius
3283 3906 3540 3979 explicat,
3564 3921 3693 3961 cum
3725 3908 3794 3960 de

2197 4000 2475 4056 nascituro
2497 4000 2551 4054 in
2579 4015 2745 4055 carne
2767 4000 2995 4056 Domino
3025 3999 3253 4069 loquens
3277 4016 3292 4054 :
3314 4017 3333 4050 ι
3367 3998 3437 4053 Et
3459 3997 3792 4068 requiescet,

2196 4090 2396 4160 inquit,
2424 4100 2588 4160 Super
2606 4105 2733 4146 eum
2756 4090 2982 4160 spiritus
3004 4089 3244 4155 Domini,
3264 4089 3488 4160 spiritus
3510 4088 3794 4156 sapientia

2198 4191 2256 4237 et
2284 4182 2608 4247 intellectus,
2632 4182 2854 4253 spiritus
2874 4182 3087 4238 consilii
3111 4190 3167 4236 et
3190 4180 3541 4247 fortitudinis,
3566 4179 3794 4250 spiritus

2202 4273 2445 4331 scientia
2472 4281 2529 4329 et
2553 4273 2790 4344 pietatis,
2822 4282 2878 4329 et
2904 4272 3132 4343 replebit
3158 4288 3282 4328 eum
3325 4272 3550 4343 spiritus
3577 4271 3794 4325 timoris

2202 4369 2417 4425 Domini
2445 4368 2599 4442 (Isai.
2632 4368 2732 4441 ιι).
2760 4390 2779 4423 ι
2824 4368 3060 4439 Septena
3088 4382 3220 4437 ergo
3248 4380 3505 4421 versuum
3529 4361 3791 4418 retiacula

2203 4469 2363 4516 erant
2412 4460 2469 4515 in
2520 4460 2771 4531 capitello
2813 4468 3075 4529 utroque,
3107 4458 3235 4528 quia
3279 4464 3461 4527 patres
3503 4454 3793 4521 utriusque

2207 4554 2517 4609 testamenti
2557 4568 2657 4624 per
2703 4552 2933 4624 gratiam
2983 4551 3144 4606 unius
3176 4548 3525 4619 ejusdemque
3567 4546 3794 4615 spiritus

2205 4643 2558 4715 septiformis,
2583 4650 2644 4698 ut
2669 4652 2852 4699 essent
2878 4643 3058 4709 electi,
3091 4649 3436 4712 acceperunt.

2280 4756 2298 4789 ι
2334 4737 2401 4792 Et
2424 4737 2552 4793 fecit
2573 4737 2853 4793 columnas
2901 4746 2957 4793 et
2982 4738 3119 4793 duos
3148 4737 3367 4792 ordines
3388 4750 3485 4807 per
3501 4734 3794 4790 circuitum

2210 4848 2227 4880 ι
2266 4828 2653 4885 retiaculorum
2697 4828 3050 4900 singulorum,
3083 4835 3145 4882 ut
3191 4833 3433 4897 tegerent
3471 4814 3787 4895 capitalia.»

2204 4920 2320 4977 Duo
2346 4921 2566 4990 quidem
2593 4921 2812 4976 ordines
2855 4928 3013 4976 erant
3042 4918 3426 4975 retiaculorum
3452 4917 3509 4971 in
3539 4931 3674 4987 gyro
3698 4930 3794 4969 ca-

2202 5011 2395 5082 pitelli,
2410 5013 2507 5068 sed
2530 5020 2757 5082 uterque
2779 5011 2915 5067 ordo
2934 5010 3269 5082 scptemplici
3284 5022 3540 5065 versuum
3562 5020 3793 5061 numero

2204 5101 2481 5167 currebat,
2505 5102 2699 5168 donec,
2725 5103 3060 5157 circumacto
3091 5099 3373 5171 capitello,
3406 5111 3623 5152 rursum
3650 5095 3706 5149 in
3732 5108 3794 5148 se

2204 5194 2405 5265 ipsum,
2432 5193 2590 5263 quasi
2614 5193 2818 5249 circulo
2842 5192 3011 5256 facto,
3026 5192 3247 5248 rediret.
3274 5188 3386 5246 Nec
3408 5189 3581 5259 ﬁgura
3605 5200 3795 5242 sacra-

2205 5286 2375 5342 menti
2401 5286 2456 5340 in
2497 5284 2818 5341 abscondito
2842 5292 2944 5349 est,
2976 5297 3147 5355 quare
3175 5282 3284 5338 duo
3308 5280 3531 5335 ordines
3573 5276 3682 5332 sint
3710 5291 3796 5331 re-

2210 5375 2551 5441 tiaculorum,
2580 5390 2704 5430 cum
2753 5383 2966 5431 constet
3009 5373 3238 5446 gemina
3284 5368 3627 5427 discretionis
3670 5380 3797 5422 esse

2202 5468 2463 5524 virtutem
2489 5467 2810 5532 dilectionis,
2851 5464 3066 5536 quando
3097 5463 3348 5520 videlicet
3381 5460 3553 5517 Deum
3575 5474 3646 5515 ex
3676 5465 3793 5513 toto

2206 5558 2393 5627 corde,
2419 5567 2535 5614 tota
2579 5558 2777 5624 anima,
2807 5564 2922 5613 tota
2965 5557 3187 5622 virtute,
3224 5563 3282 5610 et
3315 5551 3644 5624 proximum,
3676 5556 3797 5603 tan-

2203 5666 2369 5721 quam
2384 5665 2482 5705 nos
2495 5650 2664 5719 ipsos,
2683 5664 2870 5704 amare
2889 5647 3254 5718 pracipimur.
3278 5643 3386 5699 Sed
3407 5650 3633 5707 uterque
3652 5636 3791 5692 ordo

2204 5743 2295 5799 ille
2324 5750 2532 5812 septem
2567 5741 2735 5796 habet
2758 5755 3014 5797 versuum
3040 5733 3331 5799 retiacula,
3363 5732 3489 5802 quia
3518 5746 3619 5786 nec
3641 5729 3791 5786 Deus

2205 5836 2411 5901 absque
2435 5829 2615 5908 gratia
2640 5823 2877 5897 Spiritus
2899 5824 3073 5887 sancti
3096 5832 3280 5900 potost
3311 5822 3504 5893 amari,
3532 5835 3639 5879 nec
3658 5834 3788 5894 pro-
