4074 6464
251 383 358 440 169

1061 371 1411 431 COMMENT.
1451 372 1517 427 IN
1555 369 1798 424 LIBROS
1834 369 1896 424 IV
1938 369 2201 425 IKEGUM.
2237 399 2311 412 --
2341 371 2410 425 IN
2447 371 2573 428 LIB.
2613 371 2695 427 III.

3403 372 3506 429 I70

252 496 460 552 ximus.
504 491 670 547 Facta
698 497 825 545 sunt
847 495 1026 543 autem
1055 485 1314 542 retiacula
1342 487 1476 550 haec,
1500 493 1558 538 ut
1589 490 1830 552 tegerent
1935 482 2160 537 titudine
2196 483 2419 552 intelligi
2463 484 2672 548 debeat,
2703 483 2949 539 relictum
2998 491 3100 540 est.
3137 484 3362 542 Constat
3408 501 3504 542 au-

251 586 538 657 capitella,
568 585 670 638 hoc
714 592 816 646 est,
849 580 1082 650 undique
1127 579 1184 633 in
1225 592 1360 649 gyro
1405 576 1823 637 circumdarent,

251 677 383 747 quia
415 674 593 729 omnis
633 671 928 742 Scriptura:
954 677 1153 724 sancta:
1176 669 1390 739 pagina,
1420 683 1544 722 cum
1573 677 1718 721 recte
1755 666 1833 721 in-

252 767 540 839 telligitur,
562 765 791 836 gratiam
815 779 912 834 per
934 764 1114 818 omnia
1142 763 1424 818 charitatis
1452 769 1607 817 sonat
1641 777 1704 816 ac
1731 777 1828 830 pa-

250 860 352 914 cis.
383 855 646 925 Capitella
683 854 827 909 enim
873 853 1144 908 volumina
1167 853 1472 920 divinorum
1497 851 1833 921 eloquiorum

250 947 518 1004 retiacula
539 954 664 1001 sunt
687 944 897 1000 vincula
925 952 1123 1000 mutuae
1151 944 1487 1010 dilectionis;
1520 953 1574 998 et
1605 944 1834 998 retiacu-

247 1040 316 1095 lis
345 1046 603 1110 teguntur
629 1037 1031 1107 capitella,cum
1058 1052 1213 1092 sacra
1243 1036 1455 1106 eloquia
1476 1037 1558 1106 (ut
1583 1035 1659 1088 ita
1685 1035 1834 1090 dixe-

251 1128 377 1198 rim)
410 1126 552 1181 dono
579 1125 858 1180 charitatis
880 1125 1114 1194 undique
1137 1123 1438 1194 probantur
1467 1138 1586 1178 esse
1613 1122 1829 1178 vestita.

247 1216 386 1271 Nam
419 1227 476 1270 et
511 1217 566 1270 in
606 1216 684 1271 eis
725 1231 844 1284 quae
891 1216 947 1270 in
996 1215 1290 1285 Scripturis
1336 1229 1443 1269 non
1490 1213 1834 1284 intelligimus

249 1308 494 1364 charitas
516 1308 670 1374 latet,
686 1316 742 1361 et
768 1307 825 1362 in
850 1308 929 1362 eis
951 1323 1070 1377 quae
1097 1307 1444 1377 intelligimus
1464 1305 1700 1360 charitas
1725 1304 1833 1359 late

245 1408 419 1470 patet.
447 1400 596 1456 Bene
622 1409 802 1456 autem
821 1401 887 1456 de
907 1399 1110 1456 eisdem
1137 1399 1409 1456 retiaculis
1433 1399 1547 1455 sive
1570 1397 1833 1468 capitellis

247 1495 566 1566 adjungitur
592 1513 605 1549 :

324 1606 343 1638 ι
381 1587 518 1654 Quae
540 1593 696 1642 erant
716 1601 876 1656 super
897 1586 1260 1641 summitatem
1283 1584 1793 1655 malogranatorum.
1809 1603 1826 1634 ι

246 1677 625 1748 Malogranata
671 1692 904 1747 namque
936 1676 1186 1747 (quorum
1223 1684 1414 1730 natura
1441 1683 1524 1730 est
1558 1690 1664 1729 uno
1703 1673 1834 1730 foris

247 1770 456 1826 cortice
501 1769 673 1824 multa
723 1769 950 1823 interius
999 1783 1165 1837 grana
1217 1768 1583 1837 circumdare)
1627 1776 1749 1836 apte
1779 1766 1831 1819 iu

245 1859 417 1931 ﬁgura
442 1869 648 1915 sanctae
672 1867 944 1929 ponuntur
959 1858 1229 1922 Ecclesiae,
1248 1874 1366 1928 qua:
1392 1858 1654 1913 catholico
1675 1857 1835 1912 unius

243 1951 368 2006 ﬁdei
395 1951 698 2006 munimine
723 1951 1006 2006 innumera
1031 1951 1324 2007 electorum
1351 1949 1567 2019 agmina
1593 1948 1729 2004 solet
1751 1948 1833 2002 in-

242 2039 484 2097 cludere.
541 2041 728 2096 Potest
774 2049 954 2097 autem
997 2049 1052 2098 et
1087 2042 1454 2112 unusquisque
1493 2038 1625 2109 justi
1665 2039 1833 2093 vitam

242 2145 542 2201 moresque
570 2132 877 2203 designare,
904 2132 1016 2203 qui,
1046 2132 1195 2187 velut
1221 2132 1454 2203 plurima
1493 2145 1602 2186 uno
1629 2131 1835 2186 cortice

241 2237 434 2295 grana,
462 2224 920 2294 circumplectens
944 2223 1111 2279 multa
1138 2224 1523 2295 cogitationum
1547 2222 1835 2278 virtutum-

242 2327 349 2382 que
395 2312 728 2382 spiritalium
779 2313 1045 2381 insignia,
1075 2328 1145 2367 ne
1185 2311 1325 2368 forte
1367 2310 1631 2378 dillluant,
1677 2312 1833 2366 ﬁrma

240 2402 366 2458 ﬁdei
401 2412 458 2458 et
493 2403 819 2459 humilitatis
863 2410 1016 2458 curat
1049 2403 1253 2457 vallare
1296 2403 1557 2458 custodia.
1609 2401 1676 2456 Et
1707 2409 1832 2472 apto

239 2507 466 2562 prorsus
493 2493 759 2564 mysterio
803 2493 982 2562 capita
1023 2492 1396 2548 columnarum
1446 2490 1833 2562 malogranatis

239 2595 399 2641 erant
420 2588 477 2641 in
519 2602 652 2657 gyro
681 2587 1034 2652 circumdata,
1064 2585 1188 2655 quia
1219 2585 1466 2640 doctores
1495 2591 1711 2638 sanctos
1741 2598 1833 2638 ne-

241 2692 393 2734 cesse
415 2687 504 2734 est
534 2679 775 2748 priorum
820 2679 986 2733 vitam
1012 2678 1246 2732 ﬁdelium
1277 2678 1345 2732 ad
1388 2677 1703 2732 memoriam
1746 2691 1833 2730 re-

239 2781 458 2835 vocare,
487 2784 788 2840 eorumque
834 2784 1048 2838 semper
1091 2769 1352 2838 exemplis
1402 2775 1555 2822 actus
1607 2783 1734 2822 suos
1765 2783 1828 2822 ac

241 2873 526 2916 sermones
575 2861 724 2915 omni
773 2875 840 2916 ex
885 2868 1042 2930 parte
1085 2860 1442 2924 communire,
1473 2874 1541 2913 ne
1586 2858 1632 2912 si
1677 2857 1833 2913 aliter

241 2947 381 3002 forte
410 2964 578 3018 quam
607 2949 821 3005 illorum
850 2950 1013 3006 habet
1038 2949 1221 3022 regula
1249 2950 1489 3004 vixerint
1521 2957 1614 3002 aut
1638 2950 1834 3005 docue-

242 3036 372 3102 rint,
401 3047 610 3093 errent.
643 3038 777 3094 Cum
823 3054 954 3094 vero
1004 3039 1203 3094 dictum
1246 3039 1317 3093 sit
1361 3037 1427 3092 de
1471 3038 1747 3093 retiaculis
1773 3045 1833 3092 ut

242 3135 494 3198 tegerent
523 3130 792 3199 capitella,
812 3146 931 3200 quae
960 3137 1115 3186 erant
1145 3146 1308 3200 super
1332 3131 1697 3185 summitatem
1719 3146 1836 3185 ma-

1932 581 2038 628 tem
2066 573 2267 642 absque
2309 573 2417 626 ulla
2463 587 2684 642 prorsus
2726 574 2998 630 dubietate
3045 575 3188 646 quod
3231 575 3504 646 columna,

1930 681 2091 736 quam
2135 664 2416 720 duodecim
2459 664 2763 719 cubitorum
2811 666 2973 721 restis
3026 665 3326 734 ambiebat,
3373 683 3507 738 qua-
3604 727 3616 736 λ

1931 763 2055 809 tuor
2111 753 2321 821 cubitos
2373 753 2605 809 habebat
2659 753 3056 823 grossitudinis.
3104 749 3314 811 Omnis
3363 757 3508 812 enim

1931 836 2163 902 circulus
2206 853 2466 916 quantum
2510 844 2672 914 spatii
2723 845 2779 899 in
2830 845 3127 912 diametro,
3157 856 3364 902 tantum
3415 847 3513 905 ha-

1931 938 2023 993 bet
2050 947 2130 992 ter
2154 937 2209 992 in
2234 953 2387 1008 gyro.
2433 936 2675 1007 Denique
2719 950 2870 991 mare
2918 951 3125 991 teneum
3153 939 3290 1007 quia
3316 939 3514 994 diame-

1930 1036 2075 1082 trum
2116 1029 2347 1084 habebat
2390 1028 2574 1082 decem
2616 1026 2942 1096 cubitorum,
2969 1037 3029 1083 ut
3074 1029 3127 1083 in
3164 1031 3513 1099 sequentibus

1931 1118 2148 1188 legitur,
2185 1126 2578 1188 consequenter
2631 1117 2866 1172 habebat
2918 1117 3140 1188 triginta
3190 1119 3402 1174 cubitos
3451 1121 3506 1174 in

1932 1225 2084 1281 gyro.
2118 1208 2317 1264 Verum
2347 1210 2473 1279 quia
2506 1209 2721 1274 dicitur,
2753 1225 2887 1280 opus
2933 1209 3029 1264 lilii
3073 1217 3306 1281 quatuor
3345 1211 3513 1266 fuisse

1933 1301 2258 1366 cubitorum,
2301 1299 2415 1354 sive
2461 1299 2823 1365 latitudinem,
2871 1314 2968 1354 seu
3000 1299 3243 1370 designet
3272 1300 3516 1354 altitudi-

1931 1408 2075 1457 nem,
2100 1390 2447 1446 nihilominus
2468 1392 2607 1446 ratio
2631 1391 2816 1463 ﬁgura:
2836 1392 3116 1462 perspicua
3138 1399 3243 1456 est,
3258 1393 3383 1462 quia
3406 1408 3514 1446 non

1932 1484 2038 1539 nisi
2071 1497 2168 1554 per
2199 1483 2548 1553 Evangelium
2599 1481 3006 1553 exoptatissima
3052 1481 3139 1536 illa
3178 1483 3379 1536 mundo
3408 1497 3513 1537 vox

1934 1576 2208 1631 insonuit:
2245 1595 2262 1626 ‹
2291 1574 2685 1630 Paenitentiam
2701 1573 2865 1644 agite,
2894 1572 3345 1644 appropinquabit
3369 1573 3515 1627 enim

1933 1681 2157 1737 regnum
2181 1664 2439 1720 caelorum
2468 1663 2691 1736 (Matth.
2724 1661 2833 1724 tv).
2857 1701 2869 1717 .
2905 1663 3056 1730 Quod
3084 1679 3213 1719 vero
3243 1666 3516 1735 sequitur:

2011 1777 2029 1808 ι
2066 1757 2133 1811 Ει
2157 1772 2371 1812 rursum
2401 1756 2503 1810 alia
2545 1754 2796 1824 capitella
2822 1755 2876 1809 in
2900 1755 3209 1810 summitate
3235 1755 3516 1810 columna-

1862 1841 1910 1901 B
1943 1867 1962 1901 ‹
1999 1865 2120 1905 rum
2163 1850 2395 1920 desuper
2423 1847 2579 1916 juxta
2614 1862 2926 1902 mensuram
2955 1843 3139 1902 contra
3181 1847 3464 1913 retiacula,
3496 1867 3514 1898 ι

1926 1939 2080 2008 quIa
2109 1954 2416 1994 mensuram
2441 1938 2705 1994 columnae
2732 1945 2898 1992 tantze
2926 1937 3294 2007 amplitudinis
3317 1948 3519 2008 quanta

1933 2043 2052 2090 erat
2081 2040 2136 2088 et
2164 2032 2432 2097 columna,
2469 2031 2623 2100 cujus
2655 2029 3090 2085 tamen'altitudo
3114 2039 3313 2101 quanta
3359 2030 3522 2086 fuerit

1933 2125 2155 2189 minime
2183 2132 2456 2178 narratur.
2485 2123 2612 2178 Haec
2640 2132 2819 2178 autem
2848 2123 3095 2191 eapitella
3125 2123 3522 2194 qualiacunque

1932 2225 1988 2272 et
2022 2224 2436 2286 quantacunque
2465 2213 2632 2268 fuerit
2662 2214 2790 2285 (non
2815 2215 2960 2268 enim
2994 2229 3304 2270 mensuram
3334 2231 3522 2270 eorum

1933 2312 2119 2374 aperte
2165 2303 2445 2373 Scriptura
2494 2303 2758 2376 designat)
2791 2319 2942 2359 more
2989 2304 3220 2361 liliorum
3268 2306 3523 2360 videntur

1933 2411 2055 2452 esse
2087 2397 2349 2466 apposita.
2380 2395 2456 2451 De
2481 2410 2711 2464 quorum
2747 2395 2958 2450 factura
2998 2397 3043 2450 si
3071 2397 3200 2466 quid
3232 2398 3522 2467 mysticum

1932 2486 2209 2556 inquirere
2248 2486 2500 2551 delectat,
2531 2485 2623 2539 illa
2650 2486 2805 2556 regni
2843 2486 3098 2555 perennis
3135 2486 3523 2542 sublimitatem

1929 2585 2112 2648 potest
2136 2593 2245 2632 non
2283 2577 2580 2648 incongrue
2607 2577 2914 2647 designare,
2946 2592 3110 2646 quam
3141 2595 3159 2627 ι
3203 2594 3304 2633 nec
3334 2579 3524 2635 oculus

1932 2669 2086 2734 vidit,
2115 2682 2214 2722 nec
2243 2669 2390 2723 auris
2414 2668 2637 2734 audivit,
2670 2683 2771 2722 nec
2793 2668 2850 2722 in
2879 2683 2974 2722 cor
2999 2667 3234 2724 hominis
3255 2671 3522 2737 ascendit,

1933 2773 2052 2828 quae
2097 2759 2421 2827 praeparavit
2471 2758 2612 2813 Deus
2667 2758 3014 2829 diligentibus
3063 2773 3122 2813 se
3165 2758 3320 2830 (Isai.
3364 2776 3521 2826 thv;

1933 2846 1965 2900 Ι
1991 2845 2115 2902 Cor.
2144 2847 2226 2920 ιι).
2255 2867 2273 2898 ι
2310 2849 2510 2903 Verum
2539 2850 2666 2919 quia
2690 2850 2880 2905 eadem
2907 2865 3266 2920 supernorum
3293 2852 3526 2908 societas

1933 2937 2133 2992 civium
2188 2938 2470 3009 utriusque
2519 2939 2701 3011 p0puli
2755 2939 3004 2997 ﬁdelibus
3055 2941 3332 3008 tribuitur,
3376 2951 3526 3000 recte

1934 3029 2053 3100 subj
2064 3029 2310 3100 ungitur:

2015 3142 2034 3173 (
2073 3122 2559 3193 MaIOgranatorum
2589 3129 2767 3176 autem
2802 3123 3018 3178 ducenti
3047 3123 3266 3180 ordines
3287 3131 3444 3179 erant
3471 3124 3526 3178 in

239 3215 652 3289 Iogranatorum
677 3261 694 3286 ,
723 3192 940 3275 videtur
978 3221 1131 3288 juxta
1160 3192 1401 3276 ordinem
1443 3223 1622 3290 operis
1666 3222 1835 3290 ipsius
1862 3192 1908 3255 (ἶ
1945 3235 1964 3268 ‹
1998 3215 2224 3268 circuitu
2255 3214 2488 3284 capitelli
2535 3215 2779 3268 secundi.
2813 3233 2830 3265 ι
2868 3214 3117 3270 Diximus
3149 3225 3330 3271 autem
3357 3217 3526 3271 malo-

241 3309 370 3377 quia
397 3311 780 3381 malogranata
811 3310 1015 3364 fuerint
1043 3309 1184 3365 facta
1212 3311 1269 3364 in
1307 3311 1538 3365 circuitu
1565 3311 1838 3379 capitello-

237 3411 365 3452 rum
393 3414 426 3452 a
458 3407 615 3468 parte
639 3398 918 3466 inferiori,
945 3409 1108 3470 atque
1129 3417 1197 3455 ex
1221 3401 1425 3455 eisdem
1453 3402 1837 3472 malogranatis

237 3490 524 3544 orirentur
565 3492 844 3558 retiacula,
869 3493 1065 3562 quibus
1101 3493 1347 3563 capitella
1375 3508 1442 3547 ex
1480 3502 1634 3564 parte
1655 3494 1835 3563 aliqua

240 3587 582 3650 tegerentur.
612 3581 875 3652 Patetqué
903 3582 1077 3655 ﬁgura
1103 3583 1368 3654 mysterii,
1387 3599 1553 3654 quare
1575 3585 1834 3640 retiacula

153 3725 177 3731 .,
241 3683 412 3738 super
440 3671 814 3727 summitatem
843 3673 1045 3728 fuerint
1081 3673 1570 3746 malogranatorum
1600 3677 1833 3743 adnexa,

244 3772 364 3827 quae
391 3759 461 3814 ad
487 3775 648 3815 unam
678 3777 816 3832 pene
857 3762 1301 3832 signiﬁcationem
1345 3765 1458 3819 sive
1482 3779 1834 3834 personarum

245 3863 339 3903 seu
383 3851 648 3906 virtutum
695 3852 971 3921 pertinent
1023 3853 1364 3923 spiritalium.
1425 3854 1638 3911 Scimus
1688 3857 1834 3913 enim

245 3941 475 3998 virtutes
501 3944 568 3999 de
589 3945 879 4001 virtutibus
900 3947 1070 4012 nasci,
1097 3955 1152 4002 et
1172 3956 1386 4003 sanctos
1407 3949 1684 4004 ambulare
1714 3969 1734 4001 ‹
1769 3951 1836 4006 de

247 4031 446 4089 virtute
475 4035 533 4089 in
559 4036 846 4104 virtutem,
875 4039 1046 4094 donec
1072 4039 1319 4094 videatur
1345 4040 1488 4095 Deus
1527 4042 1751 4097 deorum
1777 4041 1834 4097 in

252 4120 378 4179 Sion
406 4125 526 4197 (Ps.
557 4127 819 4200 Lxxxlu);
852 4149 870 4180 ι
899 4145 1005 4198 qua
1033 4129 1232 4186 virtute
1259 4131 1403 4185 nulla
1440 4141 1614 4202 potest
1660 4134 1836 4203 major

251 4215 403 4269 adiri.
453 4216 610 4273 Unde
655 4226 711 4274 et
753 4220 1071 4289 Apostolus:
1104 4240 1122 4272 ι
1157 4221 1419 4287 Scientes,
1467 4224 1678 4293 inquit,
1707 4225 1834 4294 quia

252 4303 528 4361 tribulatio
553 4308 868 4377 patientiam
897 4317 1176 4379 operatur,
1206 4313 1466 4382 patientia
1495 4323 1674 4369 autem
1703 4330 1833 4385 pro-

249 4391 546 4463 bationem,
571 4399 820 4468 probatio
850 4415 982 4454 vero
1007 4415 1157 4470 spem
1188 4399 1358 4472 (Rom.
1386 4402 1462 4473 v).
1486 4423 1503 4454 ι

237 4501 242 4507 ’
323 4507 342 4540 ι
376 4488 638 4560 Capitella
665 4501 867 4557 autem,
897 4509 1017 4562 quae
1041 4502 1198 4548 erant
1233 4510 1396 4564 super
1418 4496 1593 4564 capita
1623 4497 1828 4551 colum-

259 4598 277 4630 ι
312 4597 522 4649 narum,
557 4585 713 4654 quasi
741 4601 901 4656 opere
929 4585 1025 4640 lilii
1050 4585 1310 4641 fabricata
1341 4596 1514 4651 erant,
1546 4589 1598 4642 in
1621 4590 1832 4658 porticu

259 4686 278 4720 ι
311 4682 543 4741 quatuor
572 4675 897 4730 cubitorum.
921 4696 939 4728 ι
973 4675 1113 4744 Quid
1153 4677 1297 4731 enim
1322 4691 1419 4746 per
1448 4676 1579 4744 lilia,
1610 4679 1714 4733 uisi
1747 4695 1836 4734 su-

252 4775 424 4829 perna:
452 4767 678 4822 claritas
715 4769 906 4837 patriae
934 4777 1096 4838 atque
1137 4769 1562 4824 immortalitatis
1611 4769 1834 4826 ﬁoribus

255 4853 511 4924 redolens,
551 4858 790 4927 paradisi
837 4858 1150 4928 designatur
1187 4859 1508 4913 amoenitas?
1549 4859 1687 4926 Quid
1736 4875 1834 4928 per

255 4953 473 5010 quatuor
514 4948 751 5011 cubitos,
788 4949 892 5003 nisi
923 4949 1264 5020 evangelicus
1311 4964 1510 5015 sermo,
1541 4951 1631 5018 qui
1662 4950 1834 5006 intro-

258 5033 383 5092 itum
429 5042 590 5096 nobis
627 5050 844 5097 aeternae
889 5041 1033 5096 illius
1079 5041 1428 5096 beatitudinis
1465 5043 1748 5111 promittit,
1778 5051 1833 5098 et

257 5123 355 5179 iter
395 5145 498 5199 quo
545 5133 614 5187 ad
648 5134 790 5188 hanc
831 5135 1183 5204 perveniatur
1224 5135 1492 5189 ostendit?
1542 5134 1674 5190 Cum
1702 5151 1832 5207 ergo

263 5221 425 5274 sancti
451 5223 702 5280 doctores
721 5226 989 5295 promissa
1012 5226 1169 5280 nobis
1194 5225 1382 5280 limina
1410 5226 1561 5296 regni
1589 5226 1828 5281 caelestis

264 5303 317 5360 in
356 5321 582 5380 quatuor
607 5316 781 5371 sancti
823 5315 1100 5386 Evangelii
1143 5316 1297 5371 libris
1338 5317 1645 5381 ostendunt,
1675 5316 1830 5385 quasi

267 5399 432 5466 capita
459 5405 830 5460 columnarum
850 5447 863 5470 ,
902 5421 1036 5475 opus
1063 5407 1118 5460 in
1153 5421 1212 5462 se
1235 5405 1331 5460 lilii
1360 5415 1593 5476 quatuor
1625 5407 1831 5461 cubito-

267 5499 378 5544 rum
418 5497 691 5552 exhibent.
740 5498 844 5554 Ubi
873 5499 1191 5564 notandum,
1216 5499 1372 5568 juxta
1409 5498 1667 5563 litteram,
1702 5497 1829 5566 quia

272 5588 386 5630 cum
408 5599 538 5648 opus
563 5588 660 5643 lilii
705 5589 759 5642 in
799 5589 1065 5659 capitellis
1105 5598 1338 5658 quatuor
1381 5590 1683 5644 cubitorum
1710 5604 1831 5644 esse

274 5679 610 5740 memoratur,
629 5689 799 5744 neque
819 5682 1054 5748 additur,
1074 5681 1386 5746 latitudinis,
1403 5689 1496 5735 aut
1514 5680 1829 5747 altitudinis,

277 5753 477 5820 lectoris
500 5765 681 5834 utique
702 5765 931 5835 judicio,
965 5777 1148 5820 utrum
1172 5771 1231 5820 in
1259 5769 1540 5826 altitudine
1569 5785 1636 5824 an
1663 5770 1719 5826 in
1755 5769 1831 5825 la-

574 5857 848 5920 Pu‘aor...
895 5856 1056 5919 CIX.

1936 3314 2161 3377 grauata
2191 3306 2276 3360 vel
2309 3306 2472 3360 totius
2516 3313 2714 3360 sancta:
2742 3305 3032 3372 Ecclesia},
3061 3307 3144 3362 vel
3188 3309 3526 3378 singulorum

1935 3409 2274 3466 quorumque
2303 3394 2539 3449 ﬁdelium
2567 3403 2752 3465 typum
2779 3403 2982 3451 tenere.
3013 3396 3369 3453 Centenarius
3394 3413 3526 3454 vero

1936 3499 2213 3551 numerus,
2240 3485 2331 3554 qui
2360 3485 2427 3538 ad
2458 3484 2736 3539 dexteram
2765 3500 2984 3540 manum
3012 3487 3221 3556 primus
3257 3488 3521 3557 pervenit,

1935 3592 2321 3646 nonnunquam
2345 3576 2400 3629 in
2425 3584 2642 3631 aeterna;
2661 3575 3016 3632 beatitudinis
3040 3576 3211 3649 ﬁgura
3238 3579 3366 3648 poni
3394 3593 3526 3634 con-

1935 3671 2131 3726 suevit.
2161 3669 2479 3738 Duplicatur
2505 3677 2689 3724 autem
2713 3670 2804 3724 hic
2829 3684 3089 3726 numerus
3125 3671 3522 3742 malogranato-

1936 3775 2055 3814 rum
2088 3760 2142 3814 iu
2173 3760 2402 3815 circuitu
2435 3758 2670 3829 capitelli
2699 3759 2942 3826 secundi,
2975 3767 3034 3814 ut
3076 3760 3381 3816 insinuetur
3407 3777 3525 3833 my-

1935 3853 2068 3907 stice
2094 3852 2237 3922 quod
2277 3851 2560 3922 utriusque
2590 3851 2901 3906 testamenti
2947 3851 3176 3921 populus
3203 3853 3524 3907 aduuandus

1935 3947 1992 4002 in
2021 3945 2258 4012 Christo,
2290 3954 2453 4016 atque
2475 3946 2543 4001 ad
2568 3953 2826 4002 aeternam
2850 3945 2976 4000 vitae
3002 3945 3067 4000 sit
3098 3944 3520 4002 introdueendus

1936 4052 2217 4093 coronam.

2013 4147 2031 4179 ‹
2068 4127 2136 4182 Ει
2165 4127 2352 4182 statuit
2372 4127 2508 4180 duas
2529 4125 2816 4182 columnas
2838 4126 2891 4180 in
2913 4127 3126 4196 porticu
3153 4125 3356 4197 templi.
3381 4127 3517 4183 Cum

1943 4235 1962 4269 ‹
1998 4218 2596 4274 statuissetcolumnam
2621 4199 2919 4284 dexteram,
2938 4217 3151 4274 vocavit
3165 4233 3286 4274 eam
3304 4218 3523 4274 nomine
3563 4268 3574 4276 .

1942 4328 1961 4362 ι
1996 4309 2219 4376 Iaehim,
2244 4309 2496 4364 ﬁrmitas.
2525 4309 2786 4365 Similiter
2809 4310 2984 4364 erexit
3005 4310 3309 4366 mlumnam
3331 4327 3523 4367 secun-

1942 4421 1960 4453 ‹
2000 4402 2144 4468 dam,
2175 4413 2228 4456 et
2254 4402 2466 4456 vocavit
2492 4416 2689 4457 nomen
2712 4401 2831 4471 ejus
2864 4402 3004 4456 Booz
3034 4404 3089 4457 in
3121 4405 3336 4469 robore,
3361 4412 3466 4459 etc.
3495 4425 3514 4458 ι

1935 4492 2134 4548 Dextra
2161 4493 2410 4547 columna
2437 4490 2517 4563 (ut
2545 4507 2707 4562 supra
2738 4492 2993 4563 diximus)
3020 4493 3234 4548 illorum
3263 4495 3521 4563 exprimit

1938 4584 2169 4656 ﬁguram
2213 4585 2493 4640 doctorum
2535 4585 2627 4654 qui
2671 4583 3003 4654 primitivam
3035 4585 3090 4639 in
3133 4584 3520 4657 Hierosolymis

1936 4676 2286 4730 instituerunt
2329 4675 2650 4740 Ecclesiam,
2685 4675 2920 4730 secunda
2956 4690 3144 4732 eorum
3172 4677 3264 4746 qui
3292 4677 3360 4733 ad
3380 4691 3520 4748 pra:-

1937 4767 2225 4822 dicandum
2269 4767 2520 4838 gentibus
2547 4765 2799 4821 destinati
2827 4775 2972 4822 sunt.
3005 4765 3102 4823 Vel
3133 4775 3282 4823 certe
3326 4769 3520 4824 dextra

1936 4857 2184 4912 columna
2215 4871 2307 4912 eos
2334 4856 2602 4927 signiﬁcat
2626 4857 2719 4928 qui
2741 4866 3027 4912 venturum
3052 4857 3108 4912 in
3143 4872 3307 4913 carne
3335 4857 3518 4912 Domi-

1935 4964 2063 5003 num
2086 4948 2457 5018 prophetando
2485 4948 2866 5017 pratdixerant,
2888 4948 3120 5004 secunda
3140 4962 3236 5002 eos
3260 4947 3352 5016 qui
3372 4948 3518 5004 hunc

1927 5042 2040 5112 jam
2071 5042 2284 5096 venisse
2321 5049 2376 5094 et
2403 5041 2662 5094 mundum
2687 5055 2786 5094 suo
2808 5039 3069 5110 sanguine
3098 5037 3393 5092 redemisse
3433 5047 3515 5092 te-

1935 5139 2168 5186 stantur.
2200 5130 2269 5184 Et
2290 5139 2414 5199 apte
2453 5130 2616 5184 simili
2654 5128 2915 5184 vocabulo
2957 5129 3129 5184 ambae
3154 5128 3515 5184 censebantur

1935 5221 2213 5285 columnae,
2242 5234 2366 5276 cum
2398 5237 2526 5286 una,
2556 5221 2800 5288 ﬁrmitas,
2825 5217 3018 5282 altera,
3041 5219 3098 5272 in
3135 5218 3339 5285 robore,
3370 5220 3516 5275 dicta

1935 5323 2041 5378 est,
2069 5321 2132 5366 ut
2165 5327 2273 5365 una
2318 5311 2442 5365 ﬁdei
2473 5319 2526 5365 et
2573 5309 2752 5379 operis
2777 5307 3040 5364 fortitudo
3077 5309 3288 5365 cunctis
3336 5311 3516 5366 inesse

1939 5402 2250 5457 doctoribus
2279 5408 2700 5463 monstraretur,
2726 5399 3008 5468 nostrique
3035 5400 3295 5471 temporis
3320 5401 3513 5456 inertia

1937 5495 2102 5548 tacite
2124 5501 2426 5558 notaretur,
2445 5491 2538 5544 ubi
2559 5503 2619 5544 se
2641 5491 2886 5545 nonnulli
2907 5493 3178 5557 doctores,
3204 5494 3514 5549 sacerdotes

1937 5594 1993 5641 et
2013 5585 2291 5640 columnas
2308 5582 2499 5638 domus
2520 5580 2617 5634 Dei
2641 5580 2812 5636 videri
2832 5589 2992 5651 atque
3017 5580 3274 5652 appellari
3304 5581 3511 5646 volunt,

1938 5691 2059 5731 cum
2096 5676 2171 5729 nil
2201 5676 2255 5729 in
2287 5687 2346 5728 se
2377 5686 2599 5742 prorsus
2631 5670 2799 5727 ﬁrmae
2839 5672 2964 5728 ﬁdei
2992 5673 3060 5728 ad
3089 5670 3511 5727 contemnendas

1899 5841 1904 5848 ν
1937 5766 2119 5849 saeculi
2161 5779 2406 5836 pompas,
2436 5777 2499 5820 ac
2533 5761 2891 5820 desideranda
2916 5761 3060 5849 bona
3087 5759 3404 5823 invisibilia,
3435 5753 3512 5812 nil

2925 5887 2928 5889 -
2995 5847 3035 5906 6
