4074 6464
552 391 651 448 ΠΙ

1223 387 1284 444 Β.
1325 385 1583 447 RABANI
1623 386 1845 449 MAURI
1881 385 2202 448 ARCH’IEP.
2246 384 2558 445 MOGUNT.
2595 381 2885 443 OPERUM
2923 382 3106 442 PARS
3144 385 3184 441 Ι.

3725 387 3832 444 172

547 508 786 565 habeant
808 501 1018 561 roboris
1043 501 1110 558 ad
1132 502 1504 573 corrigendos,
1533 504 1608 559 nil
1634 505 1916 561 industria:
1940 505 2134 561 saltem
2160 504 2216 566 Α
2236 500 2310 557 sit
2342 517 2505 572 supra
2542 501 2687 571 quod
2742 499 2998 556 resticula
3043 497 3269 572 triginta
3317 498 3629 558 cubitorum
3679 518 3838 564 mare

548 599 616 656 ad
667 594 1041 669 intelligendos
1083 608 1272 652 eorum
1315 597 1510 670 quibus
1558 594 1766 668 praelati
1815 603 1941 653 sunt
1981 609 2132 651 erro-

541 705 656 750 res.

621 801 641 836 ‹
669 779 821 837 Fecit
853 795 1069 852 quoque
1104 794 1254 835 mare
1303 778 1462 836 fusile
1508 779 1696 834 decem
1744 777 2071 844 cubitorum,
2098 791 2131 833 a

544 891 566 927 ι
603 871 746 928 labio
767 885 941 942 usque
966 867 1036 926 ad
1062 867 1286 937 labium,
1313 867 1607 927 rotundum
1635 869 1690 925 in
1717 862 2125 935 circuitu,etc.i

544 963 691 1019 llare
718 963 825 1018 hoc
863 960 1022 1018 fusile
1059 961 1117 1016 in
1151 952 1387 1033 ﬁguram
1419 960 1620 1016 lavacri
1670 959 1991 1026 SalvatOris,
2023 971 2130 1031 quo

620 1054 998 1110 remissionem
1020 1063 1367 1125 peccatorum
1393 1054 1769 1119 emundamur,
1799 1052 2000 1109 factum
2022 1061 2128 1108 est.

557 1144 786 1219 iamque
814 1147 1124 1204 sacerdotes
1151 1150 1206 1203 in
1240 1164 1304 1204 eo
1334 1148 1672 1215 lavabantur,
1706 1158 1764 1204 ut
1791 1147 1969 1206 Verba
2005 1145 2133 1204 Die-

520 1255 530 1297 ἱ
568 1253 662 1292 um
693 1246 879 1309 aperte
904 1245 1172 1293 testantur
1194 1236 1281 1308 (II
1306 1235 1436 1292 Par.
1477 1237 1573 1310 ιγ).
1597 1236 1926 1293 Sacerdotes
1951 1247 2133 1293 autem

541 1338 753 1386 constat
777 1345 966 1386 omnes
991 1329 1191 1386 electos
1221 1330 1399 1403 typice
1430 1329 1486 1384 in
1517 1327 1817 1402 Scripturis
1845 1330 2048 1397 vocari,
2068 1346 2135 1386 eo

539 1423 684 1494 quod
712 1423 821 1480 sint
848 1423 1092 1478 membra
1123 1423 1318 1478 summi
1348 1421 1683 1488 Sacerdotis,
1717 1419 1931 1478 Domini
1960 1423 2134 1479 nostri

540 1513 668 1573 Iesu
697 1515 919 1573 Christi.
950 1513 1020 1570 Et
1045 1524 1191 1572 recte
1216 1516 1342 1570 huic
1371 1515 1486 1570 vasi
1519 1514 1800 1586 Scriptura
1839 1513 2004 1571 maris
2033 1531 2134 1571 no-

538 1624 664 1665 men
693 1608 908 1676 indidit,
938 1608 994 1663 in
1028 1609 1350 1664 memoriam
1373 1605 1628 1664 videlicet
1659 1608 1827 1665 maris
1854 1602 2051 1676 Rubri,
2077 1607 2136 1664 in

538 1719 646 1776 quo
673 1703 824 1775 prius
852 1719 949 1774 per
978 1702 1398 1758 exstinctionem
1440 1698 1823 1772 Egyptiorum
1860 1708 1916 1757 et
1951 1700 2135 1773 populi

541 1795 636 1850 Dei
657 1795 1032 1850 liberationem
1051 1793 1304 1865 baptismi
1322 1792 1497 1848 forma
1517 1794 1811 1864 praecessit,
1828 1803 2136 1864 exponente

2235 592 2592 659 circumierit,
2641 600 2697 647 et
2740 607 2887 648 nunc
2926 590 3181 660 addatur,
3226 595 3372 664 quod
3413 595 3695 667 sculptura
3719 597 3842 656 hac

2235 687 2421 742 subter
2466 686 2668 741 labium
2693 683 2871 757 posita
2897 683 3083 742 decem
3119 686 3318 742 cubitis
3364 687 3652 756 ambierit,
3689 700 3844 760 patet

2235 791 2301 833 ex
2331 784 2562 847 utraque
2585 775 2851 833 relatione
2878 777 3005 847 quia
3027 791 3127 833 vas
3155 777 3353 834 eratin
3384 779 3607 835 modum
3635 782 3843 853 phialae

2237 871 2540 940 repandum
2562 883 2627 924 ac
2647 865 2922 937 diffusum,
2953 870 3095 940 quod
3122 885 3153 925 a
3183 870 3403 944 triginta
3423 871 3623 930 cubitis
3645 875 3846 932 circui-

2236 967 2343 1027 tus,
2371 975 2507 1030 quos
2525 960 2765 1015 habebat
2793 960 2848 1014 in
2871 960 3036 1028 labio,
3057 974 3234 1032 usque
3261 961 3330 1018 ad
3358 962 3546 1018 decem
3573 974 3661 1020 est
3681 967 3842 1023 cubi-

2237 1055 2321 1106 tos
2355 1059 2712 1107 eoarctatum.
2755 1049 3045 1121 Sculptura
3085 1061 3265 1108 autem
3297 1051 3552 1110 histriata
3580 1065 3689 1124 est,
3719 1073 3846 1128 qua:

2234 1143 2496 1200 historias
2548 1158 2729 1200 rerum
2760 1142 2971 1214 aliquas
3022 1144 3285 1200 imitatur.
3337 1144 3492 1202 Unde
3546 1156 3696 1204 recte
3743 1165 3848 1221 per

2237 1235 2542 1306 sculpturas
2596 1237 2906 1305 histriatas,
2955 1238 3152 1310 quibus
3180 1253 3332 1296 mare
3373 1239 3845 1312 circumdabatur,

2238 1333 2486 1404 exempla
2534 1343 2661 1389 sunt
2706 1335 2952 1406 priorum
3005 1344 3308 1406 temporum
3349 1333 3669 1408 designata;
3722 1356 3850 1412 quas

2238 1441 2462 1482 necesse
2491 1434 2576 1482 est
2604 1441 2703 1483 nos
2736 1425 2964 1483 solerter
2984 1427 3204 1495 intueri,
3242 1435 3304 1482 ut
3330 1427 3613 1485 "videamus
3642 1430 3849 1501 quibus

2236 1516 2494 1586 operibus
2522 1516 2698 1571 sancti
2747 1516 3054 1587 placuerint
3082 1516 3193 1572 Deo
3219 1516 3288 1572 ab
3317 1516 3507 1584 initio;
3539 1533 3644 1589 qua
3669 1518 3850 1574 obsti—

2239 1608 2458 1664 natione
2486 1607 2543 1663 in
2572 1607 2866 1664 sceleribus
2891 1608 3257 1679 perdurarint,
3292 1617 3495 1680 quanta
3522 1607 3852 1666 infelicitate

2238 1703 2308 1758 ob
2340 1699 2548 1758 scelera
2576 1700 2838 1773 perierint
2858 1701 3093 1773 reprobi.

2317 1813 2336 1846 ε
2370 1793 2439 1849 Et
2467 1793 2644 1851 stabat
2675 1810 2840 1866 super
2867 1795 3154 1851 duodecim
3197 1795 3366 1852 boves
3394 1815 3408 1851 :
3447 1811 3477 1850 e
3499 1797 3700 1867 quibus
3734 1806 3851 1854 tres

538 1885 796 1959 Apostolo
821 1902 888 1942 ac
912 1886 1123 1942 dicente
1151 1904 1164 1940 :
1196 1904 1213 1936 ί
1244 1883 1511 1953 Quoniam
1538 1892 1722 1955 patres
1750 1884 1923 1940 nostri
1949 1899 2138 1942 omnes
2164 1873 2216 1935 Β
2248 1909 2268 1942 ι
2303 1888 2670 1959 respiciebant
2691 1887 2760 1943 ad
2784 1887 3126 1958 Aquilonem,
3162 1896 3215 1944 et
3247 1897 3356 1944 tres
3381 1887 3450 1944 ad
3471 1888 3846 1958 Occidentem,

538 1979 638 2034 sub
681 1979 825 2033 nube
874 1975 1111 2042 fuerunt,
1153 1984 1210 2032 et
1249 1991 1442 2032 omnes
1485 1974 1823 2030 transierunt
1867 1989 2040 2042 mare,
2081 1981 2138 2030 et

538 2083 729 2125 omnes
763 2070 820 2125 in
847 2067 1031 2139 Moyse
1069 2069 1329 2141 baptizati
1366 2075 1492 2123 sunt
1534 2065 1589 2121 in
1619 2067 1761 2122 nube
1801 2075 1856 2121 et
1899 2066 1956 2122 in
1996 2066 2137 2122 mari

540 2157 592 2230 (Ι
617 2159 739 2214 σὸν.
781 2155 857 2231 x).
882 2178 900 2210 ι
938 2157 1353 2214 Sacramentum
1393 2164 1576 2212 autem
1619 2155 1894 2228 baptismi,
1931 2164 1986 2211 et
2011 2157 2137 2212 vita:

537 2250 695 2306 nobis
723 2249 1048 2306 munditiam
1077 2249 1274 2319 quaerit
1300 2250 1356 2304 in
1377 2250 1483 2304 hoc
1503 2245 1721 2315 saeculo,
1750 2256 1806 2304 et
1825 2247 1951 2304 vitae
1978 2248 2136 2304 nobis

537 2349 752 2396 aeternae
780 2340 1007 2412 gloriam
1027 2339 1305 2411 promittit
1329 2338 1384 2396 in
1414 2339 1618 2395 futuro.
1651 2340 1806 2408 Quod
1839 2348 2136 2412 utrumque

537 2433 596 2488 in
619 2433 758 2488 mari
779 2433 884 2490 hoc
909 2446 1061 2488 mneo
1087 2447 1193 2486 una
1219 2432 1486 2487 sententia
1509 2431 1843 2502 designatur,
1867 2447 1990 2488 cum
2015 2447 2136 2488 esse

537 2525 716 2581 decem
744 2525 1054 2580 cubitorum
1085 2540 1117 2578 a
1152 2522 1297 2579 labio
1321 2539 1496 2594 usque
1535 2524 1604 2578 ad
1652 2521 1854 2579 labium
1883 2523 2137 2594 perhibe-

538 2629 645 2675 tur.
676 2617 868 2672 Decem
889 2632 1125 2687 namque
1143 2616 1430 2687 praaceptis
1451 2615 1508 2672 in
1530 2615 1648 2689 lege
1666 2615 1931 2672 Dominus
1953 2618 2135 2674 omnia

538 2726 660 2780 quae
688 2708 868 2765 facere
896 2709 1190 2765 debeamus
1217 2708 1519 2778 expressit;
1553 2709 1773 2764 denario
1799 2723 1955 2780 aeque
1985 2724 2135 2765 mer—

537 2805 730 2862 cedem
752 2804 891 2860 bene
916 2803 1183 2860 factorum
1224 2803 1574 2874 signiﬁcavit,
1599 2818 1724 2858 cum
1755 2804 1900 2858 hunc
1924 2803 1979 2857 in
2015 2803 2135 2857 vin-

538 2896 658 2954 cula
685 2896 1056 2954 laborantibus
1084 2895 1322 2951 dandum
1345 2909 1467 2951 esse
1492 2891 1748 2964 praedixit
1769 2891 1989 2964 (Matth.
2015 2891 2133 2964 xx).

617 3005 636 3038 ι
675 2987 805 3042 Erat
829 3001 957 3056 ergo
982 3000 1133 3040 mare
1161 2985 1349 3041 decem
1385 2984 1692 3039 cubitorum
1721 2999 1754 3038 a
1785 2983 1933 3039 labio
1961 2999 2136 3054 usque

543 3099 562 3133 ι
600 3079 669 3135 ad
708 3078 928 3133 labium.
962 3097 980 3128 ι
1020 3076 1158 3144 Quia
1196 3091 1230 3131 a
1265 3075 1444 3146 primo
1489 3074 1765 3145 baptizato
1814 3074 1870 3129 in
1911 3074 2136 3130 nomine

537 3171 668 3229 Jesu
708 3170 914 3227 Christi
947 3185 1121 3240 usque
1153 3169 1226 3224 ad
1251 3168 1524 3235 ultimum,
1562 3167 1656 3239 qui
1696 3167 1753 3222 in
1801 3165 1910 3223 ﬁne
1952 3167 2134 3223 saeculi

2248 1999 2268 2032 ι
2303 1988 2358 2036 et
2396 1989 2510 2036 tres
2538 1977 2606 2034 ad
2637 1977 2944 2046 Meridiem,
2974 1984 3031 2035 et
3068 1985 3182 2035 tres
3208 1979 3277 2036 ad
3305 1977 3608 2036 Orientem.
3647 2001 3667 2034 ι
3707 1981 3852 2038 Duo-

2240 2072 2416 2130 decim
2447 2087 2577 2146 ergo
2605 2073 2771 2128 boves
2815 2069 3099 2128 duodecim
3140 2080 3265 2128 sunt
3295 2071 3523 2144 apostoli
3563 2077 3619 2129 et
3657 2089 3852 2131 omnes

2241 2161 2334 2234 qui
2355 2159 2472 2218 vice
2499 2177 2690 2217 eorum
2719 2160 3015 2234 regendam
3042 2161 3096 2217 in
3118 2160 3334 2219 Christo
3363 2175 3727 2235 susceperunt
3749 2163 3853 2221 Ec—

2240 2253 2462 2311 clesiam
2488 2262 2752 2311 sanctam.
2779 2253 2883 2322 Qui
2913 2253 3172 2311 nimirum
3222 2253 3394 2312 boves
3425 2271 3579 2312 mare
3624 2255 3732 2312 sibi
3760 2275 3852 2313 su-

2239 2363 2340 2420 per
2368 2345 2681 2417 impositum
2709 2354 2956 2418 portant,
2987 2359 3112 2402 cum
3143 2343 3392 2419 apostoli,
3445 2345 3849 2418 apostolorum-

2242 2456 2348 2512 que
2373 2454 2734 2507 successores,
2785 2439 3088 2511 injunctum
3129 2439 3232 2495 sibi
3277 2439 3687 2512 evangelizandi
3731 2437 3851 2496 θαῖ-

2242 2534 2387 2592 cium
2411 2543 2663 2606 prompta
2693 2533 2921 2605 implere
2953 2534 3240 2589 devotione
3293 2543 3562 2606 satagunt.
3606 2527 3854 2604 Tresque

2241 2631 2310 2686 ad
2331 2629 2677 2701 Aquilonem,
2715 2637 2770 2684 et
2790 2636 2903 2683 tres
2929 2629 2998 2684 ad
3028 2625 3397 2692 Occidentem,
3430 2636 3485 2684 et
3507 2636 3620 2684 tres
3647 2629 3719 2684 ad
3744 2627 3855 2683 Me-

2243 2715 2455 2787 ridicm,
2489 2729 2546 2774 et
2570 2728 2683 2775 tres
2713 2719 2781 2773 ad
2810 2717 3089 2775 Orientem
3134 2720 3451 2788 respiciunt,
3485 2734 3612 2774 cum
3639 2720 3698 2774 in
3721 2721 3850 2775 uni-

2239 2811 2416 2866 versis
2446 2811 2694 2880 quadrati
2723 2810 2878 2866 orbis
2910 2810 3155 2882 partibus
3201 2803 3362 2865 ﬁdem
3383 2805 3690 2880 praedicant
3719 2825 3854 2866 san-

2242 2909 2342 2956 ciae
2373 2900 2681 2956 Trinitatis.

2317 3009 2337 3042 ι
2371 2992 2612 3059 Quorum
2663 2989 2968 3062 posteriora
2995 2992 3252 3048 universa
3299 2992 3632 3048 intrinsecus
3662 2991 3850 3048 latita-

2247 3103 2267 3137 ι
2302 3085 2453 3140 bant.
2490 3104 2508 3137 ι
2543 3084 2879 3141 lntrinsecus
2906 3100 3142 3156 namque
3168 3085 3662 3140 latitant‘universa
3684 3085 3852 3141 boum

2240 3177 2565 3250 posteriora,
2599 3178 2728 3249 quia
2766 3193 2875 3248 qua
2903 3179 3154 3234 mercede
3179 3179 3354 3235 sancti
3380 3179 3770 3249 praedicatores
3796 3180 3851 3234 in

537 3265 848 3323 crediturus
873 3274 929 3319 et
951 3261 1311 3334 baptizandus
1339 3267 1443 3327 est,
1463 3258 1641 3315 omnis
1667 3257 1906 3313 ﬁdelium
1931 3258 2133 3314 chorus
2164 3227 2210 3293 α
2239 3227 2565 3340 gemam-In,
2585 3227 2875 3336 Jonenfur,
2940 3269 2997 3324 in
3055 3269 3256 3326 ίηιεωί
3310 3227 3534 3326 animi,
3585 3269 3843 3327 examine

536 3373 705 3414 unam
727 3357 1084 3426 eamdemque
1108 3354 1256 3409 viam
1282 3351 1530 3408 veritatis
1553 3350 1782 3422 ingredi,
1809 3357 1866 3405 et
1894 3364 2134 3405 commu-

537 3464 666 3507 nem
694 3448 856 3506 debet
886 3463 918 3503 a
947 3447 1177 3503 Domino
1206 3459 1467 3501 coronam
1498 3458 1721 3514 sperare
1753 3441 2000 3512 justitize.
2027 3441 2135 3496 Ro-

538 3537 764 3595 tundum
805 3546 918 3592 erat
965 3536 1025 3590 in
1058 3533 1302 3600 circuitu,
1333 3542 1394 3590 ut
1423 3532 1570 3590 orbis
1604 3532 1894 3589 universus
1920 3533 1976 3588 in
1999 3548 2134 3604 gyro

538 3632 758 3689 lavacro
786 3631 910 3686 vita:
939 3644 973 3682 a
1001 3627 1162 3684 sorde
1201 3634 1554 3699 peccatorum
1596 3625 1976 3701 designaretur
2013 3641 2136 3682 esse

538 3717 905 3777 mundandus.
935 3717 1012 3774 De
1039 3731 1148 3787 quo
1171 3716 1312 3771 bene
1339 3715 1628 3771 subditur:

617 3831 636 3865 ι
669 3813 920 3882 Quinque
957 3809 1264 3866 cubitorum
1305 3807 1534 3863 altitudo
1577 3805 1715 3876 ejus.
1742 3824 1761 3858 ι
1794 3805 1934 3875 Quia
1975 3805 2136 3860 nimi-

539 3921 663 3964 rum
682 3902 945 3976 quidquid
963 3902 1104 3968 visu,
1121 3899 1384 3972 quidquid
1410 3898 1621 3964 auditu,
1637 3897 1898 3968 quidquid
1911 3895 2132 3963 olfactu,

539 3996 805 4069 quidquid
845 4000 1027 4066 gustu,
1053 3992 1315 4063 quidquid
1359 3998 1502 4045 tactu
1535 3988 1928 4059 delinquimus,
1961 3994 2134 4043 totum

539 4089 646 4146 hoc
678 4087 831 4144 nobis
881 4085 1058 4159 gratia
1098 4085 1196 4141 Dei
1235 4100 1334 4156 per
1378 4082 1712 4140 ablutionem
1739 4080 1940 4136 viviﬁci
1970 4078 2136 4135 fontis

538 4181 771 4238 relaxat.
805 4178 913 4236 Sed
933 4194 1044 4235 non
1073 4175 1700 4247 suiﬁcitprreteritorum
1733 4171 1983 4228 remissio
2009 4186 2135 4242 pec-

541 4281 810 4339 catorum,
842 4270 890 4327 si
935 4287 1045 4326 non
1078 4269 1309 4341 quisque
1355 4267 1609 4336 deinceps
1656 4265 1818 4322 bonis
1865 4264 2138 4322 studuerit

543 4366 800 4424 insistere
826 4363 1102 4434 operibus.
1134 4360 1392 4430 Alioquin
1418 4359 1686 4426 diabolus,
1713 4359 1806 4429 qui
1831 4359 2043 4415 exierat
2070 4359 2138 4413 de

544 4463 767 4520 homine
789 4460 837 4517 si
859 4461 1006 4516 hunc
1029 4473 1064 4514 a
1095 4457 1255 4514 bobis
1291 4471 1488 4512 vacare
1511 4455 1722 4513 actibus
1746 4456 1978 4524 viderit,
2001 4455 2138 4511 mul-

2226 3360 2348 3433 jam
2372 3361 2696 3430 dispositum
2728 3368 2835 3426 est.
2869 3360 2964 3418 sed
3012 3361 3192 3427 nobis,
3224 3361 3317 3432 qui
3342 3362 3521 3417 adhuc
3570 3360 3711 3418 foris
3753 3376 3846 3418 su-

2235 3465 2379 3517 mus,
2412 3460 2597 3506 manet
2623 3451 2950 3507 omnimodis
2972 3452 3274 3507 occultum.
3299 3453 3508 3519 Quibus
3534 3463 3718 3508 tamen
3746 3454 3851 3510 hoc

2236 3558 2358 3599 esse
2385 3543 2657 3598 occultum
2681 3544 2990 3600 nullatenus
3001 3551 3199 3616 potest,
3221 3545 3364 3616 quod
3393 3545 3570 3600 omnis
3583 3545 3680 3616 qui
3701 3543 3852 3600 lava-

2237 3649 2391 3690 crum
2404 3633 2660 3706 baptismi
2674 3634 2742 3689 ad
2755 3637 2980 3692 salutem
2997 3636 3195 3707 accipit
3209 3644 3265 3691 et
3280 3636 3471 3701 vitam,
3489 3635 3672 3701 ﬁdem,
3694 3650 3849 3706 spem

2237 3732 2294 3781 et
2317 3725 2641 3781 charitatem
2663 3724 2824 3782 debet
2850 3726 3071 3791 habere,
3096 3742 3198 3782 nec
3220 3727 3337 3782 sine
3363 3727 3448 3782 his
3475 3727 3652 3782 tribus
3678 3727 3851 3782 virtu-

2239 3814 2386 3870 tibus
2413 3815 2647 3887 quisque
2690 3817 2892 3888 aliquid
2915 3817 3031 3887 jam
3073 3819 3292 3889 operari
3319 3834 3499 3890 neque
3517 3818 3731 3874 intrare
3773 3819 3849 3874 ad

2238 3903 2409 3960 vitam
2440 3905 2606 3960 valet.
2644 3905 2798 3962 Unde
2821 3915 2972 3962 recte
3006 3909 3251 3979 sequitur
3279 3925 3293 3962 :

2317 4015 2336 4048 c
2367 3996 2686 4054 Crassitudo
2713 4008 2897 4055 autem
2923 4000 3116 4057 luteris
3139 4001 3304 4057 trium
3327 4003 3612 4058 unciarum
3633 4010 3774 4057 erat.
3822 4022 3844 4057 ι

2239 4087 2554 4146 Crassitudo
2582 4091 2786 4146 etenim
2821 4092 3014 4149 luteris
3059 4094 3115 4149 in
3143 4095 3302 4162 mari,
3345 4095 3580 4151 ﬁrmitas
3619 4105 3708 4151 est
3736 4096 3850 4152 vir-

2241 4181 2373 4236 tutis
2397 4181 2454 4236 in
2487 4181 2778 4254 baptismo.
2811 4185 2882 4239 Et
2906 4186 3073 4240 trium
3116 4187 3400 4243 unciarum
3434 4197 3520 4244 est
3547 4189 3664 4244 haec
3687 4204 3846 4245 cras-

2239 4273 2439 4341 situdo,
2471 4274 2599 4330 dum
2635 4278 2829 4333 robore
2857 4277 3006 4345 ﬁdei,
3043 4279 3160 4350 spei
3194 4287 3249 4334 et
3275 4280 3605 4346 dilectionis,
3629 4295 3845 4350 praece-

2238 4364 2352 4434 ptio
2381 4365 2642 4435 baptismi
2695 4369 3084 4435 communiter,
3131 4385 3308 4440 neque
3355 4370 3513 4425 aliter
3533 4370 3846 4440 proﬁcuum

2241 4469 2364 4512 esse
2393 4446 2786 4528 accipientibus
2811 4459 3132 4525 ostenditur,
3178 4461 3282 4516 nisi
3306 4462 3502 4517 harum
3539 4462 3700 4517 ﬁrma
3723 4477 3847 4516 cer-

542 4553 780 4624 tiplicius
820 4552 963 4606 rodit
979 4589 996 4616 ,
1045 4549 1286 4619 facitque
1317 4567 1339 4601 ι
1365 4547 1663 4604 novissima
1709 4547 1946 4604 hominis
1992 4547 2136 4602 illius
2162 4599 2215 4624 η
2242 4545 2414 4603 titudo
2443 4548 2704 4604 virtutum
2728 4559 2967 4606 mentem
3000 4551 3387 4622 accipientium
3412 4552 3576 4608 simul
3593 4561 3651 4608 et
3673 4567 3845 4624 opera

540 4599 1338 4714 5'33};“p;s:a1..‘"(aza;
1365 4599 2136 4710 1;;31‘fbn;";g.;.'.it:
2160 4599 2216 4662 D
2241 4599 2548 4698 conﬁrmet.

543 4733 715 4792 ditur.

621 4841 643 4878 ι
674 4823 745 4880 Et
789 4818 1048 4879 resticula
1095 4818 1320 4892 triginta
1369 4817 1676 4876 cubitorum
1724 4818 1976 4894 cingebat
2001 4821 2136 4880 illud

547 4933 571 4968 ι
596 4930 696 4987 per
717 4913 1030 4978 circuitum,
1051 4919 1161 4967 etc.
1196 4929 1216 4962 ι
1246 4908 1352 4965 Per
1377 4909 1689 4966 resticulam
1717 4926 1952 4984 namque
1973 4913 2136 4970 disci-

543 5005 692 5078 plina
723 5011 1121 5077 praceptorum
1147 5001 1474 5068 cmlestium,
1525 5017 1631 5074 qua
1661 5017 1694 5056 a
1718 5004 1923 5060 nostris
1945 5004 2136 5060 volun-

545 5097 752 5153 tatibus
788 5095 1101 5168 religamur,
1139 5101 1323 5166 potest
1345 5100 1470 5163 apte
1501 5093 1726 5164 signari,
1751 5093 2033 5166 Scriptura
2054 5097 2136 5152 di-

546 5194 752 5244 cente:
811 5203 833 5239 ι
866 5185 1006 5254 Quia
1055 5184 1326 5242 funiculus
1360 5185 1555 5257 triplex
1599 5186 1816 5245 ditiicile
1867 5191 2139 5260 rumpitur

543 5274 722 5349 (Eccl.
750 5275 848 5345 tv).
890 5295 912 5330 ι
963 5275 1099 5343 Quia
1135 5276 1394 5332 nimirum
1420 5276 1730 5334 observatio
1756 5279 2136 5336 mandatorum

545 5367 667 5434 Dei,
695 5382 817 5438 qua
839 5368 898 5424 in
923 5368 1178 5426 cordibus
1195 5367 1494 5425 electorum
1514 5368 1642 5436 ﬁde,
1665 5384 1763 5440 spe
1781 5377 1838 5426 et
1851 5370 2139 5427 dilectione

551 5471 801 5529 superne
827 5458 1202 5516 retributionis
1245 5461 1460 5516 ﬁrmata
1510 5470 1596 5518 est
1618 5502 1634 5529 ,
1673 5462 1824 5518 nullo
1863 5470 2135 5535 tempora-

551 5549 686 5608 lium
713 5567 894 5609 rerum
917 5561 1096 5624 potest
1119 5553 1396 5610 obstaculo
1423 5553 1666 5609 dissolvi.

634 5666 655 5700 ι
689 5647 758 5701 Ει
775 5646 1051 5717 sculptura
1092 5646 1279 5703 subter
1303 5647 1509 5702 labium
1537 5646 1860 5702 circumibat
1890 5647 2022 5703 illud
2047 5648 2141 5705 de~

561 5755 583 5791 ι
614 5751 736 5792 cem
769 5739 967 5796 cubitis
989 5738 1234 5794 ambiens
1258 5753 1427 5793 mare.
1459 5738 1576 5792 Duo
1595 5738 1814 5795 ordines
1836 5740 2139 5810 sculptura-

560 5845 583 5882 ί
615 5844 736 5888 tum
759 5827 1128 5885 histriatarum
1167 5837 1324 5881 erant
1358 5828 1565 5880 fusiles.
1604 5851 1624 5879 ι
1656 5830 1792 5882 Cum
1819 5832 2137 5897 praedictum

2313 4750 2335 4785 ς
2370 4731 2710 4803 Labiumque
2735 4730 2854 4802 eius
2893 4734 3051 4806 quasi
3081 4734 3291 4792 labium
3318 4736 3526 4804 calicis,
3557 4746 3615 4792 et
3649 4735 3848 4796 folium

2245 4843 2266 4879 ‹
2302 4824 2528 4896 rependi
2571 4824 2691 4880 lilii.
2725 4845 2747 4880 ι
2806 4825 2912 4882 Per
2941 4826 3145 4883 labium
3189 4827 3390 4900 quippe
3419 4828 3607 4884 calicis
3648 4838 3850 4900 gmtu

2241 4917 2536 4976 Dominicae
2567 4918 2858 4988 passionis,
2887 4935 2984 4990 per
3016 4921 3206 4977 fuﬁum
3241 4921 3466 4993 rependi
3500 4921 3601 4977 lilii
3627 4923 3847 4992 pateta-

2241 5017 2331 5066 cta
2358 5009 2584 5068 claritas
2618 5013 3037 5069 resurrectionis
3065 5014 3237 5084 ipsius
3260 5014 3606 5085 exprimitur.

2320 5117 2340 5152 ι
2373 5100 2490 5158 Duo
2541 5101 2710 5158 millia
2742 5102 2898 5160 batos
2945 5104 3231 5174 capiebat,
3283 5115 3393 5162 etc.
3432 5125 3454 5160 ι
3504 5105 3839 5162 Millenarim

2240 5207 2478 5264 namque
2499 5209 2764 5252 numerus
2783 5211 2884 5266 pro
2911 5196 3305 5268 signiﬁcatione
3323 5197 3676 5269 perfectionis
3701 5198 3840 5253 solet

2237 5287 2368 5358 poni
2396 5287 2450 5342 in
2485 5287 2784 5359 Scripturis
2807 5324 2824 5356 ,
2873 5291 3001 5360 quia
3031 5290 3291 5346 nimirum
3322 5292 3606 5348 denarium
3648 5306 3842 5347 nume-

2240 5397 2364 5437 rum
2396 5381 2719 5452 quadratum
2749 5383 2980 5440 solidum
3010 5384 3158 5440 facit.
3198 5385 3395 5440 Decem
3421 5385 3622 5455 quippe
3653 5384 3838 5440 decies

2242 5476 2404 5532 ducta
2427 5485 2646 5531 centum
2671 5475 2877 5532 faciunt
2901 5494 2914 5530 ε
2947 5492 3068 5548 quae
3094 5477 3347 5532 videlicet
3367 5477 3537 5548 ﬁgura
3560 5475 3679 5545 jam
3702 5490 3842 5545 qua-

2243 5565 2424 5632 drata,
2472 5567 2567 5623 sed
2621 5567 2799 5623 adhuc
2828 5567 2985 5638 plena
3022 5579 3261 5623 nonest.
3298 5569 3500 5624 Verum
3531 5575 3589 5621 ut
3617 5568 3672 5617 in
3718 5564 3841 5618 alti-

2242 5657 2481 5711 tudinem
2508 5668 2712 5728 surgat,
2765 5666 2822 5714 et
2857 5659 3026 5714 solida
3055 5658 3334 5718 eﬁiciatur,
3389 5653 3687 5724 multiplica
3708 5670 3840 5709 cen-

2243 5755 2354 5804 tum
2391 5764 2488 5817 per
2513 5749 2723 5815 decem,
2753 5758 2809 5804 et
2838 5751 2972 5801 ﬁunt
3000 5750 3163 5798 mille.
3200 5744 3317 5812 Quo
3335 5745 3574 5814 perfecto
3605 5759 3836 5801 numero

2239 5842 2448 5894 stabilis
2484 5844 2540 5893 ct
2590 5837 2971 5910 insuperabilis
2997 5846 3052 5895 et
3080 5838 3226 5896 velut
3253 5840 3618 5910 conquadrata
3647 5836 3829 5908 justo-
