4074 6468
267 476 373 529 Hb

1064 462 1421 522 cunnum.
1460 462 1527 518 ΙΝ
1566 457 1812 517 Lissus
1849 456 1917 514 1v
1955 420 2219 515 ﬁscum.
2256 485 2330 501 ..-
2358 455 2430 513 lN
2465 453 2596 513 us.
2635 453 2723 512 ιιι.

3401 454 3510 511 ιη

264 601 389 645 rum
428 579 760 641 conscientia
803 577 1152 647 designatur;
1198 584 1520 646 quocunque
1546 574 1690 629 enim
1714 585 1839 627 ver-
1863 577 1918 634 Α
1940 579 2056 627 toto
2081 577 2199 626 erat
2218 569 2340 625 orbi
2364 568 2725 639 praedicanda,
2772 567 2849 623 ita
2886 566 3051 625 etiam
3071 578 3171 641 per
3206 569 3345 627 duos
3362 569 3513 628 ordia

267 679 399 737 teris
428 673 775 746 quadratum,
809 670 992 725 stabit.
1046 666 1143 723 Sic
1180 674 1238 723 et
1282 668 1495 722 animus
1542 664 1840 721 electorum

265 768 414 828 nullo
458 765 811 821 tentationum
840 774 1076 818 occursu
1106 760 1258 816 novit
1280 776 1314 814 a
1346 766 1490 814 statu
1529 770 1641 813 suae
1680 757 1846 812 certis

266 858 470 915 tudinis
508 853 777 910 inclinari.
804 852 976 909 Batus
997 859 1180 906 autem
1204 850 1554 906 Hebraeorum
1584 858 1843 903 mensura

220 938 225 943 ’
265 963 369 1017 est,
394 962 560 1019 quam
584 945 690 1017 ipsi
714 944 853 999 Batti
892 941 1192 1005 nominant,
1245 941 1451 996 habens
1474 939 1682 995 modios
1711 948 1840 993 tres.

265 1044 385 1114 Ipsa
410 1047 498 1095 est
522 1037 667 1107 ephi,
699 1035 842 1106 quod
870 1033 946 1088 illi
972 1034 1113 1103 epba
1137 1039 1467 1101 nuncupant.
1496 1029 1605 1085 Sed
1621 1028 1748 1099 ephi
1775 1028 1844 1083 ad

264 1144 575 1190 mensuram
594 1128 831 1199 pertinet
857 1127 1133 1181 variarum
1156 1124 1390 1195 frugum,
1418 1116 1607 1187 tritici,
1629 1119 1842 1186 hordei,

264 1223 619 1294 leguminum.
664 1218 831 1272 Batus
862 1230 993 1272 vero
1036 1222 1120 1271 est
1164 1216 1220 1268 in
1271 1214 1554 1283 speciebus
1601 1210 1842 1281 liquidis,

264 1317 413 1382 vino,
436 1316 582 1379 oleo,
632 1327 793 1382 aqua.
844 1311 1029 1380 itaque
1073 1309 1262 1373 Batus,
1289 1308 1415 1377 quia
1464 1312 1629 1361 certat
1654 1312 1845 1359 norma

264 1418 537 1463 mensurae
574 1411 675 1467 est,
727 1416 892 1472 opera
944 1398 1190 1470 designat
1232 1398 1504 1468 aequitatis
1529 1404 1582 1450 et
1598 1396 1842 1465 justitiae,

265 1500 464 1570 quibus
484 1496 564 1563 hi,
589 1496 683 1566 qui
710 1496 766 1550 in
793 1493 1164 1549 remissionem
1193 1497 1535 1562 peccatorum
1559 1487 1844 1558 baptizan—

262 1598 377 1654 tur,
407 1600 636 1644 necesse
661 1585 862 1641 habent
884 1584 1114 1639 institui.
1169 1582 1333 1638 Batus
1356 1584 1553 1652 quippe
1579 1578 1725 1635 mille
1752 1593 1846 1634 ca-

256 1682 444 1753 piebat
462 1693 641 1746 mare,
682 1692 808 1733 cum
851 1691 990 1745 aqua
1019 1674 1362 1745 baptismatis
1389 1673 1599 1744 plebem
1632 1671 1850 1727 J'udaeoa-

1941 676 2039 719 nes
2069 662 2301 719 laterum
2323 664 2552 735 mystice
2578 662 2882 719 ostenditur
2920 663 3048 733 quia
3080 663 3352 735 genuinas
3386 672 3514 721 eum

1939 755 2123 813 Iudaea
2150 756 2207 813 in
2223 764 2391 811 unum
2412 753 2543 811 ﬁdei
2563 754 2894 810 consortium
2912 764 3011 825 per
3033 755 3374 827 baptismatis
3392 762 3518 813 erat

1941 846 2143 902 undam
2162 845 2478 918 colligenda.
2527 844 2682 913 Quod
2710 849 2891 900 autem
2932 854 3169 915 quatuor
3206 847 3517 904 cubitorum

1941 932 2310 1010 longitudinis,
2337 944 2393 993 et
2417 942 2651 1007 quatuor
2674 936 2982 993 cubitorum
3008 937 3324 1007 latitudinis,
3353 940 3519 998 trium

1944 1031 2249 1087 habitorum
2282 1028 2581 1086 altitudinis
2600 1068 2615 1096 ,
2655 1027 2814 1085 bases
2862 1028 3087 1101 sihgulae
3133 1028 3284 1087 fuere
3302 1066 3319 1098 η,
3360 1031 3522 1089 facile

1944 1120 2220 1178 intellectu
2244 1129 2328 1176 est
2352 1134 2373 1172 2-
2398 1119 2674 1191 longitudo
2697 1119 2899 1175 etenim
2939 1118 3011 1175 ad
3046 1120 3364 1191 patientiam
3401 1124 3522 1179 lon-

1945 1210 2296 1286 ganimitatis,
2318 1208 2548 1267 latitudo
2575 1210 2642 1265 ad
2670 1209 3037 1267 dilatationem
3055 1209 3376 1280 dilectionis,
3403 1213 3525 1277 alti-

1944 1300 2077 1359 tudo
2098 1302 2334 1374 pertinet
2357 1303 2425 1357 ad
2464 1316 2616 1373 spem
2661 1314 2908 1373 supernae
2948 1302 3339 1359 retributionis.
3375 1303 3523 1372 Qua-

1946 1392 2075 1451 tuor
2101 1402 2281 1450 autem
2317 1404 2444 1451 sunt
2466 1395 2794 1466 principales
2830 1395 3082 1463 virtutes,
3109 1396 3306 1466 quibus
3329 1403 3527 1451 czetera

1943 1484 2207 1543 Virtutum
2234 1494 2504 1542 structura
2522 1486 2801 1551 imminet:
2837 1486 3123 1557 prudentia
3142 1487 3386 1556 scilicet,
3417 1486 3528 1543 for-

1947 1581 2143 1647 titudo,
2183 1578 2564 1651 temperantia,
2615 1576 2860 1649 iustitia;
2902 1582 2960 1637 et
2981 1577 3106 1637 ideo
3138 1586 3527 1652 quaternorum

1950 1681 2070 1731 erat
2093 1671 2400 1728 cubitorum
2436 1668 2713 1743 longitudo
2756 1677 2810 1725 et
2840 1667 3069 1727 latitudo
3111 1669 3346 1738 basium,
3400 1670 3530 1742 quia

259 1783 382 1825 rum
412 1769 641 1825 abluens
661 1808 678 1834 ,
718 1766 795 1822 ad
823 1778 1054 1836 regnum
1089 1764 1306 1820 caeleste
1330 1763 1647 1819 transmisit.
1687 1761 1850 1818 Reci-
1950 1762 2123 1819 sancti
2144 1760 2526 1832 praedicatores
2554 1761 2668 1817 sive
2714 1760 2942 1817 adversa
2966 1760 3175 1829 mundi,
3220 1770 3275 1817 et
3296 1761 3532 1834 longitu—

258 1862 444 1932 piebat
489 1868 549 1915 et
596 1858 731 1913 alios
776 1856 941 1922 mille,
980 1870 1104 1910 cum
1147 1855 1311 1910 etiam
1341 1854 1527 1909 turbas
1568 1853 1851 1909 nationum
1952 1854 2134 1911 dinem
2159 1850 2405 1908 exercitii
2440 1862 2503 1906 ac
2529 1849 2790 1907 laborum
2833 1853 3179 1923 praesentium
3220 1851 3356 1908 foris
3391 1852 3532 1908 tole-

262 1945 450 2001 eodem
488 1943 643 2000 fonte
666 1948 884 1998 renatas
927 1948 984 1997 et
1007 1938 1264 2009 operibus
1309 1936 1537 2006 justitiae
1559 1937 1849 1994 conﬁrma.
1873 1950 1923 2012 Β
1948 1948 2095 2009 rent,
2125 1956 2220 1999 seu
2240 1956 2337 1997 cor
2360 1941 2416 1996 in
2445 1939 2730 1997 dilectione
2750 1941 2834 1998 sui
2853 1940 3180 2009 Conditoris,
3202 1956 3534 2014 suorumque

260 2043 345 2092 tas
374 2033 627 2102 ejusdem
652 2033 806 2102 regni
825 2030 1078 2102 perennis
1096 2028 1231 2083 fecit
1255 2041 1375 2084 esse
1400 2028 1713 2098 participes.

1954 2033 2343 2106 proximorum,
2396 2032 2611 2087 interna
2642 2032 3000 2089 exsultatione
3026 2030 3271 2103 dilatent,
3320 2048 3535 2106 semper

336 2146 359 2178 ι
385 2128 458 2182 Et
496 2125 631 2181 fecit
654 2126 813 2180 bases
836 2124 1045 2187 decem,
1082 2127 1313 2189 quatuor
1339 2120 1647 2176 cubitorum
1685 2119 1854 2190 longi-
1950 2140 2177 2197 operam
2202 2125 2331 2179 dare
2372 2123 2662 2179 virtutibus
2685 2132 2915 2179 curant:
2967 2126 3260 2195 prudenter
3285 2124 3536 2184 videlicet

262 2234 288 2268 ι
327 2216 538 2272 tudinis
564 2217 725 2270 bases
770 2212 1039 2283 singulas,
1093 2220 1149 2266 et
1172 2220 1406 2280 quatuor
1433 2211 1741 2266 cubitorum
1771 2211 1851 2265 ια·
1953 2217 2098 2273 inter
2143 2217 2284 2271 bona
2315 2220 2372 2270 et
2416 2214 2559 2269 mala
2601 2215 2970 2271 discernentes
2993 2256 3008 2283 ,
3058 2215 3271 2272 fortiter
3306 2217 3534 2274 adversa

264 2316 290 2361 κ
322 2309 595 2374 titndinis,
644 2316 701 2362 et
744 2307 913 2360 trium
957 2304 1263 2359 cubitorum
1317 2302 1636 2369 αιῐίιιιάίιὶὶεν
1686 2310 1791 2356 θιει
1827 2320 1847 2355 ι
1948 2310 2302 2375 sustinentes,
2324 2320 2412 2363 cor
2446 2307 2514 2362 ab
2537 2308 2775 2377 appetitu
2794 2308 3129 2379 voluptatum
3152 2315 3532 2380 temperantes,

258 2400 561 2458 liultifarie
588 2407 646 2454 et
668 2398 853 2452 multis
873 2396 1047 2452 modis
1080 2410 1187 2450 una
1216 2396 1518 2465 eademque
1546 2402 1744 2451 nostrae
1769 2409 1854 2451 εει
1948 2399 2215 2471 justitiam
2251 2396 2304 2451 in
2333 2396 2648 2467 operatione
2670 2404 2938 2454 tenentes.
2970 2398 3159 2455 Trium
3177 2416 3309 2457 vero
3327 2402 3537 2458 cubito-

256 2492 387 2548 iutis
416 2496 762 2547 sacramenta
787 2488 1221 2559 praeﬁgurantur.
1272 2486 1514 2556 Namque
1539 2487 1701 2541 iidem
1729 2501 1857 2556 apo-

254 2585 404 2651 stoli,
436 2584 653 2653 virique
674 2582 991 2652 apostolici,
1027 2581 1120 2650 qui
1143 2593 1243 2650 per
1262 2581 1430 2636 boves
1459 2594 1610 2635 mare
1635 2586 1856 2649 portan-

260 2686 344 2734 tes
360 2675 636 2747 designati
658 2681 809 2740 sunt,
836 2673 1187 2744 designantur
1210 2673 1370 2727 etiam
1391 2686 1489 2742 per
1532 2673 1709 2737 bases,
1735 2680 1857 2740 quae

260 2768 546 2839 portandis
569 2773 724 2821 erant
765 2765 1029 2820 tutoribus
1053 2771 1410 2833 praeparatae:
1455 2762 1723 2832 quomodo
1747 2752 1853 2831 ipsi

263 2860 469 2915 lateres
490 2856 732 2925 ejusdem
762 2855 963 2911 lavacri
985 2854 1266 2925 Spiritalis,
1303 2852 1458 2925 cujus
1480 2859 1537 2907 et
1568 2862 1739 2917 mare,
1768 2858 1856 2922 tyu

262 2964 394 3021 pum
421 2950 703 3022 gerebant.
745 2946 1043 3018 Siquidem,
1079 2957 1138 3002 ut
1174 2944 1352 3002 Verba
1377 2945 1596 3000 bierunt
1632 2950 1860 2998 narrant

262 3038 355 3111 (II
416 3038 547 3093 Par.
587 3037 685 3108 Iv),
736 3037 919 3094 omnia
960 3034 1014 3090 in
1052 3037 1158 3102 eis,
1203 3050 1322 3104 quae
1378 3035 1433 3090 in
1480 3033 1859 3089 holocaustum

262 3130 502 3185 oblaturi
523 3139 699 3195 erant,
722 3130 998 3184 levabant.
1028 3126 1409 3181 iioiocaustum
1442 3132 1621 3180 autem
1643 3123 1858 3180 Domini

260 3222 597 3290 generaliter
622 3221 800 3276 omnis
831 3220 1128 3275 electorum
1171 3217 1457 3272 multitude
1481 3225 1660 3287 potest
1694 3216 1856 3270 intel-

1952 2503 2075 2544 rum
2105 2487 2167 2543 iit
2208 2486 2435 2541 altitudo
2461 2487 2693 2553 basium,
2733 2502 2858 2542 cum
2888 2501 2988 2557 per
3010 2489 3330 2546 exercitium
3363 2491 3537 2547 virtu-

1950 2587 2093 2644 tum,
2131 2591 2265 2650 quas
2294 2590 2415 2632 cum
2450 2577 2707 2648 patientia
2729 2578 3018 2646 malorum,
3041 2586 3096 2635 et
3122 2579 3410 2638 dilectione
3440 2582 3536 2638 bo-

1954 2680 2152 2727 norum
2195 2675 2486 2735 exercent,
2519 2669 2772 2723 continua
2822 2670 3124 2729 intentione
3167 2673 3236 2729 ad
3271 2672 3533 2730 visionem

1954 2770 2160 2822 sanctae
2186 2762 2471 2817 Trinitatis
2490 2762 2776 2831 pervenire
2812 2770 3083 2834 satagunt.

2036 2871 2056 2905 ‹
2088 2853 2155 2908 Et
2179 2852 2356 2923 ipsum
2378 2862 2516 2922 opus
2540 2852 2752 2907 basium
2798 2853 3104 2911 interrasiie
3142 2861 3283 2922 erat,
3306 2863 3366 2912 et
3393 2855 3537 2912 scul-

1960 2958 1985 2996 η
2016 2950 2190 3014 pturae
2233 2941 2695 3011 interjuncturas.
2733 2962 2752 2996 ι
2802 2942 3091 3000 Iuncturas
3116 2945 3297 3002 dicere
3325 2946 3541 3002 videtur

1954 3046 2051 3090 eas
2083 3034 2280 3105 quibus
2306 3033 2422 3103 ipse
2442 3033 2675 3088 laterum
2700 3032 2898 3089 tabulae
2926 3033 3143 3091 sibimet
3156 3036 3388 3093 invicem
3413 3052 3541 3093 con-

1954 3136 2111 3180 nexaa
2139 3133 2284 3191 sunt,
2338 3133 2397 3180 ut
2424 3127 2633 3182 scilicet
2661 3133 2895 3196 quatuor
2920 3128 3038 3183 sive
3080 3129 3318 3200 quinque
3339 3129 3536 3187 tabulis

1955 3224 2068 3272 una
2092 3217 2247 3273 ﬁeret
2282 3218 2449 3273 basis.
2504 3218 2703 3284 Quales
2731 3219 3031 3288 scalpturae
3067 3220 3226 3276 bases
3268 3221 3410 3277 inter
3441 3222 3542 3278 has

262 3312 361 3382 iigi
390 3332 407 3367 :
442 3326 591 3382 quae,
616 3310 771 3378 juxta
796 3322 983 3365 vocem
1004 3309 1355 3380 praecursoris
1372 3309 1651 3377 Baptistae,
1678 3314 1764 3363 ea
1788 3308 1856 3363 ah
1884 3299 1930 3363 C
1956 3309 2259 3380 juncturas,
2306 3310 2362 3364 id
2392 3315 2495 3375 est,
2548 3308 2604 3363 in
2633 3310 2763 3379 ipsis
2801 3311 2913 3365 suis
2938 3311 3195 3368 lateribus
3229 3320 3355 3369 ante
3381 3321 3435 3369 et
3457 3329 3542 3369 re-

266 3402 390 3472 ipso
421 3401 700 3472 baptizata
738 3400 795 3453 in
840 3398 1043 3468 Spiritu
1074 3405 1264 3453 saneto
1289 3404 1346 3452 et
1368 3396 1477 3468 igni
1509 3397 1725 3470 (Manli.
1750 3398 1859 3469 ππ).

267 3492 428 3547 Sicut
447 3506 578 3564 ergo
606 3490 933 3556 sacerdotes,
956 3490 1056 3560 qui
1094 3491 1149 3544 in
1188 3500 1338 3546 mare
1388 3489 1725 3556 lavabantur,
1748 3489 1866 3546 for-

267 3597 417 3638 mam
453 3582 766 3653 exprimunt
791 3592 978 3636 eorum
1002 3581 1097 3650 qui
1140 3594 1240 3649 per
1260 3581 1534 3650 baptisma
1558 3579 1863 3636 elciuntur

262 3675 469 3731 summi
488 3681 766 3730 consortes
798 3673 1106 3739 sacerdotii,
1135 3672 1276 3742 quod
1298 3681 1384 3728 est
1411 3673 1466 3727 in
1490 3673 1716 3729 male
1732 3673 1864 3729 Jesu

260 3764 526 3831 Christo,
570 3766 647 3820 ita
684 3765 850 3820 etiam
892 3764 1209 3820 holocausta
1264 3764 1582 3819 eorumdem
1632 3763 1863 3835 ﬁguram

262 3856 559 3927 aptissime
583 3856 945 3926 praetendunt,
961 3866 1087 3911 cum
1108 3862 1235 3926 post
1254 3854 1585 3910 ablu‘donem
1606 3853 1863 3925 baptismi

278 3949 455 4018 gratia
484 3948 658 4003 sancti
687 3946 921 4018 Spiritus
946 3947 1256 4017 implentur.
1286 3946 1523 4001 Lavatur
1551 3958 1784 4018 namque
1807 3948 1866 4002 in

278 4039 452 4097 lutere
478 4038 680 4106 hostia,
727 4055 850 4095 cum
876 4041 999 4110 quis
1031 4038 1271 4095 ﬁdelium
1290 4052 1433 4110 aqua
1460 4040 1714 4110 baptismi
1739 4056 1865 4112 per-

276 4126 541 4185 funditur.
562 4129 809 4185 Oﬁ'ertur
832 4142 963 4184 vero
986 4129 1040 4183 in
1066 4127 1462 4195 holocaustum,
1490 4144 1613 4183 cum
1637 4143 1736 4199 per
1763 4130 1866 4184 im-

274 4220 603 4289 posilionem
654 4235 845 4276 manus
891 4221 1129 4290 episcopi
1165 4220 1366 4275 donum
1410 4223 1586 4276 sancti
1606 4262 1611 4269 .
1633 4220 1865 4290 Spiritus

280 4309 489 4380 accipit.
551 4309 704 4376 Quod
748 4325 880 4364 vero
916 4308 991 4364 ‘ad
1034 4311 1330 4379 portandus
1381 4309 1584 4366 lateres
1609 4350 1624 4377 ,
1674 4312 1866 4367 decem

276 4407 402 4481 sunt
422 4401 588 4456 bases
623 4397 803 4464 facta},
850 4407 1065 4468 poterat
1117 4400 1192 4454 ita
1235 4401 1465 4471 mystice
1490 4401 1859 4471 interpretari,

279 4490 402 4559 quia
430 4492 672 4547 ministri
698 4491 907 4546 lavacri
934 4490 1115 4547 vitalis
1135 4529 1153 4557 ,
1180 4493 1250 4545 ad
1278 4499 1480 4547 aeterna
1504 4492 1703 4563 gaudia
1727 4492 1860 4548 bea-

283 4579 528 4638 titudinis
574 4582 716 4654 (quae
743 4582 966 4637 denario
994 4581 1172 4637 solent
1213 4594 1440 4638 numero
1486 4582 1731 4655 ﬁgurari)
1764 4597 1862 4640 eos

1962 3406 2073 3466 tro,
2099 3399 2288 3454 dextra
2322 3405 2378 3452 et
2423 3398 2666 3466 sinistra,
2717 3406 2769 3454 et
2796 3406 2959 3470 supra
2996 3414 3208 3473 quoque
3235 3402 3540 3472 habuerint,

1962 3488 2241 3543 subdendo
2262 3487 2522 3559 aperitur,
2559 3498 2683 3543 cum
2710 3488 2945 3544 dicitur:

2040 3603 2061 3635 ι
2101 3584 2246 3639 inter
2294 3584 2585 3641 coronuias
2623 3594 2677 3641 et
2706 3586 2914 3655 plectas
2960 3584 3147 3645 leones
3183 3594 3239 3646 et
3278 3589 3446 3648 boves
3486 3603 3544 3651 et

1971 3689 1992 3724 ‹
2027 3672 2306 3728 cherubim
2349 3682 2407 3729 et
2445 3675 2726 3745 juncturas
2761 3675 3013 3732 similiter
3054 3677 3309 3751 desuper.
3344 3701 3364 3736 ι
3423 3681 3542 3739 Non

1963 3776 2094 3833 ergo
2114 3762 2277 3833 plana
2294 3771 2411 3817 erat
2436 3763 2545 3819 una
2573 3776 2640 3820 ex
2664 3775 2820 3835 parte
2836 3766 3154 3837 superﬁcies
3173 3770 3384 3827 basium
3406 3787 3422 3838 ;
3447 3773 3543 3829 sed

1960 3857 2202 3927 undique
2223 3864 2444 3914 versum
2473 3860 2719 3931 my'sticis
2764 3858 2968 3931 sculpta
3010 3860 3215 3934 ﬁguris,
3259 3864 3385 3933 quia
3413 3878 3541 3919 san-

1963 3958 2174 4005 ctorum
2198 3958 2430 4016 mentes,
2457 3950 2567 4006 imo
2588 3951 2845 4007 universa
2869 3967 3056 4009 eorum
3077 3954 3415 4011 conversatio
3435 3955 3545 4011 vir-

1964 4048 2139 4096 tutum
2176 4042 2231 4097 in
2259 4042 2511 4099 omnibus
2532 4043 2763 4112 gratiam
2786 4044 3110 4115 praetendit;
3163 4062 3340 4118 neque
3365 4047 3544 4119 aliqua

1963 4132 2084 4188 illus
2114 4135 2246 4190 hora
2276 4134 2452 4189 inanis
2476 4140 2533 4190 et
2573 4149 2744 4190 vacua
2777 4137 3050 4213 praeterit,
3098 4137 3153 4193 in
3183 4152 3289 4209 qua
3314 4140 3420 4210 piis
3444 4156 3542 4196 va-

1964 4239 2090 4280 care
2121 4226 2373 4289 Operibus
2420 4224 2506 4280 vel
2531 4226 2871 4283 sennonibus
2895 4228 2982 4284 vel
3028 4238 3176 4286 certe
3204 4231 3547 4304 cogitationi-

1963 4315 2067 4369 bus
2096 4315 2374 4370 desistant.
2420 4315 2716 4372 Coronulas
2742 4318 2941 4389 quippe
2971 4317 3028 4374 in
3072 4334 3134 4376 se
3178 4323 3413 4394 sculptas
3441 4324 3543 4379 lia-

1963 4406 2114 4472 bent,
2173 4420 2297 4461 cum
2327 4406 2395 4460 ad
2430 4407 2734 4477 ingressum
2781 4409 2907 4464 vitae
2931 4411 3184 4478 perennis
3226 4412 3543 4485 infatigabili

1964 4495 2231 4551 desiderio
2259 4494 2533 4551 anhelant.
2579 4494 2793 4553 Plectas
2833 4497 3053 4566 habent,
3104 4512 3226 4556 cum
3279 4502 3421 4558 inter
3452 4506 3544 4561 de-

1964 4587 2163 4643 sideria
2215 4588 2340 4643 vitae
2386 4588 2642 4655 cteiestis,
2692 4604 2813 4661 quae
2863 4600 3078 4648 sursum
3106 4600 3230 4662 est,
3266 4609 3542 4668 nunquam

281 4683 413 4739 quos
440 4651 716 4737 inbuant,
740 4681 954 4729 vocent.
998 4674 1199 4730 Verum
1236 4674 1360 4745 quia
1389 4673 1456 4729 de
1483 4651 1689 4729 eisdem
1711 4651 1858 4730 lute-
1883 4651 1940 4712 D
1964 4680 2221 4736 fraternae
2250 4680 2527 4736 societatis
2550 4720 2567 4747 ,
2616 4651 2736 4750 qua:
2779 4678 2934 4749 juxta
2976 4691 3081 4751 est,
3110 4651 3326 4742 vincula

283 4760 429 4819 ribus
460 4764 717 4820 distincte
738 4765 796 4819 in
824 4764 1175 4835 sequentibus
1192 4766 1457 4835 scriptum
1474 4773 1585 4832 est,
1609 4766 1755 4837 quod
1775 4767 1857 4822 vi-

284 4851 475 4912 delicet
513 4858 757 4929 quinque
793 4873 862 4913 ex
885 4859 971 4915 bis
993 4859 1156 4929 positi
1186 4867 1315 4914 sunt
1341 4861 1410 4916 ad
1432 4861 1711 4916 dexteram
1739 4875 1861 4931 par-

288 4946 389 4997 tem
416 4947 625 5019 templi,
666 4956 723 5002 et
748 4949 984 5018 quinque
1012 4950 1081 5005 ad
1118 4949 1430 5016 sinistram,
1474 4950 1645 5022 magis
1683 4950 1740 5004 in
1778 4949 1860 5006 eis

289 5034 513 5100 quinarii
536 5039 751 5093 numeri
786 5047 913 5094 sunt
941 5042 1197 5097 intuenda
1236 5041 1511 5110 mysteria.
1550 5041 1611 5096 in
1628 5049 1860 5113 utraque

289 5126 478 5181 etenim
500 5136 661 5199 parte
694 5130 878 5199 templi
920 5139 1044 5186 sunt
1076 5131 1266 5201 positae
1298 5133 1456 5187 bases
1497 5132 1754 5199 luterum,
1804 5139 1866 5190 ut

293 5213 496 5283 utrique
536 5218 631 5272 Dei
656 5219 853 5288 papulo
882 5221 1021 5274 sacri
1072 5219 1235 5276 fontis
1278 5222 1447 5291 gratia
1493 5219 1865 5292 designaretur

292 5317 405 5363 esse
445 5313 746 5381 pandenda.
797 5313 865 5368 Et
898 5315 1133 5386 quinque
1181 5324 1307 5371 sunt
1346 5317 1405 5371 in
1439 5324 1667 5388 utraque
1711 5326 1864 5389 parte

297 5393 450 5463 (sicut
468 5403 524 5459 in
546 5406 882 5476 expositione
910 5409 1096 5473 maris,
1116 5409 1277 5478 quod
1298 5410 1539 5479 quinque
1572 5410 1767 5466 «ibitis
1786 5411 1865 5465 al-

298 5492 405 5543 tum
429 5503 533 5561 est,
568 5498 680 5567 jam
706 5497 960 5571 diximus)
1005 5502 1466 5555 demonstraretur
1500 5500 1698 5570 typice,
1745 5500 1865 5555 uni-

300 5588 452 5635 νθιιι
476 5588 738 5651 ﬁdelibus,
765 5606 885 5661 quas
908 5606 1006 5661 per
1029 5593 1267 5661 quinque
1289 5607 1482 5648 sensus
1504 5594 1749 5662 corporis
1774 5593 1867 5647 de-

304 5665 582 5741 ιίειυθηηι,
606 5688 701 5746 per
718 5683 999 5738 hvacrum
1020 5684 1359 5752 baptismatis
1380 5698 1498 5740 esse
1518 5684 1859 5740 remittenda.

309 5753 453 5814 Sicut
470 5776 597 5835 ergo
618 5767 670 5821 in
696 5783 803 5823 uno
826 5767 961 5822 mari
1003 5776 1279 5823 duodecim
1310 5777 1481 5833 bobus
1526 5779 1863 5847 superposito

314 5850 481 5910 unitas
525 5859 840 5931 exprimitur
890 5859 1248 5933 baptismatis,
1290 5873 1407 5930 quae
1459 5874 1554 5930 per
1596 5868 1864 5931 apostolos

1960 4782 2113 4831 vunt.
2144 4774 2357 4830 Habent
2382 4775 2525 4830 inter
2546 4771 2831 4831 coronatas
2857 4778 2911 4831 et
2944 4774 3149 4847 pleotas
3185 4772 3388 4847 lennes,
3418 4795 3541 4837 cum
3614 4804 3635 4825 ο

1958 4866 2035 4920 ita
2066 4865 2134 4920 ad
2154 4863 2418 4936 speranda
2445 4864 2684 4921 coelestia
2724 4875 2957 4923 mentem
2984 4868 3218 4939 erigunt,
3260 4868 3335 4925 ita
3368 4871 3436 4925 ad
3464 4870 3543 4926 di-

1958 4954 2204 5026 ligendus
2226 4956 2501 5026 proximos
2525 4956 2776 5024 dilatant,
2807 4965 2869 5012 ut
2886 4956 2942 5012 in
2966 4968 3250 5030 peccantes
3276 4956 3539 5031 quosque,

1964 5049 2057 5121 qui
2095 5049 2196 5105 sibi
2227 5049 2501 5104 commissi
2551 5057 2694 5115 sunt,
2741 5049 3008 5106 fervorem
3047 5062 3252 5120 aspera
3275 5052 3542 5111 inventio-

1966 5139 2053 5194 nis
2077 5150 2333 5194 exercere
2377 5154 2484 5193 non
2508 5140 2739 5195 tardent.
2790 5137 2999 5195 Habent
3027 5152 3152 5197 cum
3178 5141 3423 5201 leonibus
3445 5146 3543 5203 bon

1960 5244 2078 5297 ves,
2104 5230 2319 5301 quando
2340 5230 2514 5299 ipsam
2543 5231 2900 5286 invectidnem
2934 5231 3255 5302 corripiendi
3289 5248 3410 5291 cum
3432 5238 3542 5308 spi-

1963 5321 2073 5376 ritu
2096 5320 2526 5377 mansuctudinis
2550 5320 2825 5387 exhibent,
2866 5322 3080 5390 quando
3102 5323 3159 5378 in
3204 5318 3415 5382 fervore
3448 5338 3537 5382 ar-

1960 5413 2163 5481 guendi
2188 5424 2466 5482 nunquam
2517 5411 2698 5467 ﬁssam
2752 5411 2950 5469 habere
2995 5417 3248 5487 ungulam
3285 5418 3530 5475 discreta:

1964 5504 2195 5560 actionis
2221 5520 2286 5559 ac
2314 5503 2561 5573 loquelae,
2597 5518 2866 5574 nunquam
2905 5507 3068 5562 verba
3108 5507 3300 5564 divinae
3343 5511 3535 5567 lectio-

1962 5594 2049 5649 nis
2077 5595 2222 5649 velut
2244 5594 2565 5649 ruminando
2598 5594 2653 5648 in
2678 5608 2772 5649 ore
2793 5594 3008 5651 volvere
3030 5607 3281 5653 cessant:

2042 5702 2061 5734 ι
2092 5685 2159 5739 Et
2188 5698 2351 5752 super
2385 5684 2569 5738 leones
2596 5692 2649 5740 et
2692 5686 2855 5741 boves
2880 5689 3032 5756 quasi
3067 5687 3185 5743 lora
3223 5702 3290 5744 ex
3314 5700 3421 5743 tere
3443 5689 3536 5744 de-

1970 5794 1990 5827 ι
2026 5775 2331 5844 pendentia.
2365 5794 2384 5825 ι
2426 5774 2598 5845 Super
2613 5776 2798 5832 leones
2816 5786 2868 5833 et
2890 5779 3053 5832 boves
3080 5776 3193 5831 lora
3217 5776 3534 5844 dependent,

1915 5939 1929 5943 ﬁ
1966 5866 2178 5934 quando
2201 5867 2369 5917 sancti
2397 5868 2661 5929 doctores,
2687 5874 2739 5918 et
2766 5869 2820 5919 in
2846 5860 3132 5919 severitate
3162 5864 3514 5933 districtionis
