3958 6470
464 344 570 401 175

1130 343 1193 396 Β.
1233 337 1489 398 RABANI
1526 337 1742 396 MAURI
1777 335 2099 393 ARCHlEP.
2140 333 2449 393 MOGUNT.
2490 334 2774 397 OPERUM
2806 335 2986 392 PARS
3023 335 3065 392 1.

3597 338 3711 396 176

462 477 568 534 qua
590 469 877 532 peccantes
895 458 1159 530 judicant,
1189 464 1243 509 et
1268 456 1324 510 in
1342 451 1753 510 mansuetudine
1776 449 2035 514 lenitatis,
2064 451 2116 511 Α
2143 465 2241 520 per
2268 451 2447 521 operis
2492 451 2748 506 nimirum
2789 452 3172 522 perfectionem
3213 463 3268 510 et
3312 454 3526 510 initium
3577 471 3718 512 con-

461 570 572 625 qua
621 550 1004 623 paenitentibus
1056 547 1358 612 remittunt,
1401 545 1661 614 judicium
1712 542 1795 598 sui
1844 550 2028 596 tenent

462 645 717 708 auctoris,
744 657 811 697 ne
835 639 972 696 forte
991 637 1187 708 injuste
1223 637 1436 709 ligando
1462 644 1554 690 aut
1577 634 1830 691 solvendo
1849 647 2032 702 quem-

460 737 627 806 piam,
663 734 773 802 jam
790 733 936 803 juste
975 731 1135 801 ligari
1162 729 1264 801 ipsi
1289 729 1357 784 ab
1385 741 1451 784 eo
1487 725 1640 798 cujus
1656 724 1919 798 judicium
1945 737 2032 778 er-

461 841 584 881 rare
613 824 800 893 nequit
831 829 1161 878 mereantur.

536 935 554 966 ‹
591 915 659 969 Ει
679 921 910 983 quatuor
944 919 1076 968 rotae
1095 926 1193 982 per
1214 911 1372 964 bases
1393 906 1628 979 singulas
1646 915 1701 962 et
1723 917 1852 959 axes
1883 901 2029 957 aerei.

461 1025 481 1056 ι
525 1006 592 1059 Et
622 1020 718 1074 per
747 1012 979 1073 quatuor
1005 1011 1187 1073 partes
1233 999 1388 1070 quasi
1437 997 1703 1054 bumeruli
1729 996 1915 1062 subter
1946 993 2032 1048 lu-

461 1115 487 1149 ι
529 1106 703 1151 terem
746 1094 930 1149 fusiles
978 1100 1166 1150 contra
1215 1107 1273 1146 se
1313 1091 1543 1145 invicem
1588 1095 1972 1158 respectantes.
2009 1105 2029 1137 ι

456 1187 703 1255 Quatuor
730 1193 883 1251 rotae,
908 1193 1137 1254 quatuor
1175 1190 1299 1238 sunt
1332 1179 1742 1250 Evangeliorum
1764 1177 1906 1231 libri.
1934 1174 2036 1241 Qui

457 1279 739 1349 aptissime
769 1277 902 1332 rotis
946 1284 1348 1346 comparantur,
1399 1273 1526 1341 quia
1567 1271 1707 1326 sicut
1733 1267 2038 1340 volubilitas

460 1378 595 1424 rotae
615 1369 876 1424 citissimo
915 1383 1095 1431 cursu,
1147 1378 1465 1435 quocunque
1488 1354 1913 1423 ducitur'currit,
1961 1358 2037 1411 ita

457 1461 801 1532 evangelicus
831 1474 1029 1525 sermo,
1070 1456 1294 1526 jubente
1333 1455 1578 1517 Domino,
1628 1467 1726 1523 per
1767 1448 2039 1518 apostolos

459 1552 741 1607 universas
764 1551 818 1605 in
856 1549 1006 1605 brevi
1031 1548 1216 1603 mundi
1241 1547 1422 1618 plagas
1450 1544 1708 1614 implevit.
1739 1541 1891 1596 Sicut
1919 1547 2040 1595 rota

458 1643 772 1712 impositum
802 1641 902 1696 sibi
933 1654 1149 1695 currum
1175 1654 1205 1692 a
1237 1647 1381 1692 terra
1415 1635 1678 1698 sublevat,
1711 1641 1764 1687 et
1789 1631 2039 1686 subleva-

461 1739 595 1796 tum,
623 1745 730 1800 quo
766 1729 953 1799 auriga
983 1728 1184 1799 dirigit,
1213 1732 1410 1797 portat,
1459 1725 1535 1778 ita
1560 1722 1866 1793 evangelica
1897 1735 2037 1790 prae-

457 1799 658 1876 dicatio
689 1830 896 1876 mentes
924 1819 1216 1875 electorum
1244 1834 1275 1871 a
1312 1816 1541 1871 terrenis
1569 1813 1950 1883 cupiditatibus
1982 1811 2037 1864 in
2064 1799 2112 1860 Β

457 1913 700 1970 caelestia
729 1914 994 1970 desideria
1021 1911 1316 1982 suspendit,
1357 1925 1422 1964 ac
1457 1921 1744 1977 suspensas
1771 1905 1838 1958 ad
1863 1903 2039 1974 profe-

462 2013 609 2058 ctum
639 2005 792 2059 bonae
813 2003 1038 2059 actionis
1065 2003 1178 2056 sive
1209 2001 1275 2054 ad
1309 1999 1664 2054 ministerium
1692 1996 2037 2068 praedicatio-

458 2097 544 2152 nis
592 2112 913 2168 quocunque
965 2097 1223 2166 adjuvans
1271 2094 1443 2164 gratia
1494 2091 1727 2162 Spiritus
1779 2089 2038 2156 voluerit,

457 2193 625 2248 ducit.
668 2191 909 2262 Namque
941 2194 992 2246 in
1022 2191 1366 2260 sequentibus
1397 2190 1628 2243 dicitur:

533 2302 551 2332 ‹
598 2283 734 2350 Quia
768 2283 903 2337 tales
931 2290 1086 2336 erant
1123 2290 1286 2345 rotae,
1341 2280 1529 2350 quales
1571 2279 1747 2334 solent
1795 2279 1848 2333 in
1877 2293 2040 2334 curru

462 2393 484 2423 ε
520 2373 658 2428 ﬁeri.
702 2393 720 2425 ι
754 2373 1008 2443 Legimus
1034 2382 1215 2426 autem
1262 2374 1326 2426 de
1377 2371 1617 2426 sanctis:
1668 2389 1686 2420 ‹
1716 2369 1918 2425 Currus
1945 2370 2040 2425 Dei

458 2463 648 2516 decem
708 2463 940 2517 millibus
987 2462 1263 2531 multiplex
1319 2461 1487 2516 millia
1534 2459 1829 2518 laetantium
1866 2457 2037 2529 (Psal.

455 2556 652 2626 vau).
687 2576 706 2608 ι
749 2556 806 2610 Si
846 2571 972 2626 ergo
1009 2557 1169 2610 bases
1216 2555 1449 2609 laterum
1479 2554 1652 2608 sancti
1703 2560 1828 2607 sunt
1853 2552 2042 2606 docto-

459 2660 574 2708 res,
630 2645 720 2713 qui
765 2644 1038 2698 lavacrum
1092 2643 1247 2698 nobis
1288 2643 1411 2696 vitae
1461 2643 1789 2707 ministrant,
1829 2648 1884 2694 et
1911 2647 2043 2694 rotae

463 2744 744 2802 quaternae
775 2735 985 2788 basium
1031 2742 1261 2804 quatuor
1290 2741 1415 2789 sunt
1453 2734 1576 2788 libri
1605 2733 2040 2804 Evangeliorum,

462 2825 595 2894 quid
622 2840 751 2880 axes
794 2833 1052 2890 rotarum,
1095 2827 1182 2894 qui
1215 2828 1375 2880 bases
1401 2832 1631 2898 gestant,
1671 2825 1775 2879 nisi
1809 2825 1919 2892 ipsa
1952 2839 2044 2879 eo-

461 2917 709 2970 rumdem
749 2926 873 2972 sunt
894 2919 1055 2972 corda
1077 2918 1378 2982 doctorum,
1418 2932 1538 2986 quae
1562 2917 1724 2982 dum,
1763 2915 2043 2984 praeceptis

462 3006 785 3078 evangelicis
833 3007 1016 3080 sedulo
1052 3008 1400 3071 intendentia,
1458 3021 1552 3062 eos
1589 3006 1656 3060 ab
1708 3004 2045 3060 inﬁrmorum

467 3101 702 3171 appetitu
734 3099 1040 3162 sustollunt,
1092 3100 1234 3154 velut
1271 3099 1496 3155 immissi
1542 3099 1674 3154 rotis
1719 3113 1848 3152 axes
1883 3097 2044 3150 altius

464 3195 640 3250 basim
669 3211 697 3248 a
733 3204 877 3250 terra
909 3193 1229 3248 sublevant?
1277 3193 1444 3248 Porro
1473 3189 1764 3256 humeruli,
1791 3190 1881 3258 qui
1913 3187 2046 3242 roti's

463 3287 790 3356 anteposili,
840 3301 908 3340 ne
952 3288 1019 3340 ab
1065 3287 1258 3341 axibus
1304 3285 1478 3341 delabi
1520 3292 1768 3355 possent,
1813 3282 2044 3337 obsiste-

463 3379 633 3442 bant,
681 3379 984 3448 signiﬁcant
1036 3379 1303 3448 praeconia
1362 3379 1788 3448 prophetarum,
1852 3375 2046 3444 quibus

469 3469 775 3540 evangelica
803 3479 857 3525 et
905 3471 1198 3540 apostolica
1225 3471 1524 3538 Scriptura,
1551 3486 1618 3523 ne
1644 3469 1728 3523 cui
1754 3468 2047 3539 legentium

463 3559 520 3612 in
554 3559 775 3614 dubium
824 3558 962 3614 forte
1013 3560 1224 3624 veniat,
1275 3559 1643 3613 conﬁrmatur.
1689 3558 1832 3612 Bene
1866 3567 2046 3612 autem

464 3651 664 3705 dicitur
688 3652 830 3720 quod
855 3651 1142 3715 humeruli,
1186 3651 1278 3720 qui
1327 3665 1423 3718 per
1449 3658 1680 3718 quatuor
1709 3659 1895 3719 partes
1921 3650 2048 3704 sub-

467 3751 550 3796 ter
574 3742 806 3797 luterum
845 3752 1004 3796 erant
1026 3743 1206 3812 positi,
1247 3749 1433 3796 contra
1480 3757 1539 3798 se
1585 3743 1817 3798 invicem
1844 3741 2048 3796 fuerint

467 3841 853 3903 respectantes,
898 3834 1025 3902 quia
1078 3833 1332 3888 nimirum
1377 3833 1553 3888 omnis
1601 3832 1882 3902 Scriptura
1916 3847 2044 3902 pro-

463 3925 680 3994 phetica
701 3926 917 3980 sibimet
937 3925 1165 3980 invicem
1192 3932 1549 3980 consentanea
1570 3934 1692 3989 εει,
1720 3933 1779 3978 ut
1797 3931 1921 3992 pote
1940 3937 2048 3978 uno

465 4017 562 4070 Dei
598 4015 802 4084 Spiritu
843 4016 1075 4070 condita.
1128 4015 1369 4082 Quatuor
1416 4023 1597 4070 autem
1641 4015 1793 4070 fuere
1823 4029 1920 4084 per
1954 4015 2045 4069 ba-
2130 4062 2140 4066 _

464 4121 554 4160 ses
583 4106 820 4175 singulas
845 4106 1134 4171 humeruli,
1174 4106 1424 4161 videlicet
1455 4106 1610 4177 juxta
1640 4121 1924 4171 numerum
1962 4119 2048 4159 ro-

467 4205 678 4262 tarum;
731 4211 839 4251 non
891 4196 1015 4264 quia
1067 4205 1297 4265 quatuor
1335 4204 1460 4251 sunt
1492 4206 1700 4250 tantum
1736 4196 1859 4249 libri
1916 4211 2048 4265 pro-

466 4289 702 4358 phetici,
735 4289 827 4343 sed
851 4289 978 4358 quia
1006 4289 1059 4342 in
1089 4288 1338 4343 omnibus
1375 4303 1494 4357 quae
1537 4287 1702 4341 locuti
1745 4294 1872 4341 sunt
1916 4300 2044 4355 pro—

468 4379 645 4446 pheta:
673 4378 954 4448 etMoyses
980 4378 1136 4433 dictis
1165 4387 1396 4447 quatuor
1416 4376 1864 4446 evangelistarum
1895 4376 2047 4431 testi-

468 4469 707 4522 inonium
745 4469 1056 4536 praebuere,
1101 4477 1160 4522 ut
1212 4483 1280 4522 ex
1335 4482 1600 4522 consensu
1639 4467 1919 4534 utriusque
1960 4475 2042 4520 te-

468 4561 720 4614 stamenti
763 4576 869 4612 una
897 4560 1027 4614 fides
1046 4568 1100 4614 ct
1133 4559 1347 4614 dilectio
1369 4557 1571 4613 Christi
1595 4566 1779 4611 nostra
1803 4558 2044 4611 omnium

467 4649 630 4704 corda
656 4650 918 4705 ﬁrmaret.

548 4760 566 4790 ι
603 4741 676 4795 Os
721 4756 934 4810 quoque
984 4741 1170 4796 lateris
1216 4739 1539 4794 intrinsecus
1573 4745 1689 4792 erat
1740 4754 1796 4791 in
1850 4738 2047 4807 capitis

474 4850 490 4881 ι
533 4833 862 4907 sununitate,
886 4841 940 4887 et
967 4833 1110 4902 quod
1138 4831 1438 4886 forinsecus
1464 4830 1756 4900 apparebat
1779 4831 1936 4884 unius
1956 4846 2050 4885 cu-

475 4940 493 4971 ι
531 4923 626 4976 biti
682 4931 797 4977 erat
848 4933 1019 4978 totum
1065 4923 1351 4976 rotundum
1391 4938 1404 4987 ;
1454 4921 1765 4992 pariterque
1815 4919 2049 4975 habebat

475 5031 494 5061 ι
529 5030 691 5068 unum
747 5015 986 5070 cubitum
1029 5023 1083 5067 et
1131 5014 1427 5067 dimidium.
1461 5033 1479 5063 ι
1534 5013 1608 5068 Os
1662 5013 1850 5066 luteris
1893 5012 2049 5065 unius

472 5114 589 5158 erat
631 5107 796 5160 cubiti
844 5114 1065 5174 propter
1117 5105 1378 5158 unitatem
1424 5105 1777 5159 confessionis
1807 5114 1860 5159 et
1903 5102 2048 5169 ﬁdei,

473 5213 576 5266 qua
613 5214 800 5255 omnes
828 5199 880 5252 iu
912 5198 1248 5254 confessione
1291 5198 1466 5252 Patris
1509 5208 1562 5253 et
1583 5198 1704 5253 Filii
1732 5208 1788 5254 et
1817 5186 2052 5269 Spiritus

473 5292 646 5346 sancti
684 5291 1038 5360 baptizamur,
1094 5290 1304 5346 dicente
1348 5290 1636 5360 Apostolo:
1691 5309 1709 5341 ι
1757 5290 1909 5347 Unus
1949 5292 2054 5346 Do-

475 5385 673 5450 minus,
719 5399 826 5437 una
867 5385 1020 5447 ﬁdes,
1078 5401 1241 5438 unum
1289 5386 1575 5454 baptisma,
1614 5402 1753 5441 unus
1794 5386 1957 5453 Deus,
1994 5394 2050 5442 et

476 5471 637 5524 Pater
667 5471 907 5524 omnium
931 5471 1143 5540 (Ep/tes.
1171 5473 1266 5544 iv).
1300 5495 1318 5525 ›
1354 5475 1419 5528 Ει
1449 5477 1620 5544 ipsum
1653 5493 1715 5532 os
1762 5477 1816 5531 in
1861 5477 2052 5546 capitis

479 5575 594 5616 erat
637 5561 966 5627 summitate,
1012 5570 1069 5615 ut
1097 5563 1164 5616 ad
1197 5565 1438 5620 cwleslia
1467 5567 1620 5622 nobis
1647 5583 1806 5638 regna
1835 5583 1929 5637 per
1954 5565 2052 5619 ba-

478 5649 679 5720 ptisma
708 5649 811 5704 iter
835 5666 953 5707 esse
976 5654 1302 5722 patefactum
1336 5657 1571 5712 doceret.
1614 5658 1730 5727 lpse
1756 5672 1884 5712 vero
1915 5657 2057 5709 luter

483 5735 542 5808 in
571 5740 916 5807 amplitudine
948 5745 1182 5802 cubitum
1206 5747 1436 5802 habebat
1475 5765 1640 5805 unum
1671 5758 1724 5806 et
1751 5747 2053 5814 dimidium,

2068 4519 2124 4580 D

2130 543 2506 612 templationis.
2558 544 2769 616 lntegre
2788 546 2987 600 etenim
3042 546 3256 600 cubitus
3305 546 3357 600 in
3389 547 3566 604 lutere
3591 564 3723 619 per--

2129 630 2414 687 fectionem
2443 633 2596 688 bonae
2621 633 2866 705 designat
2905 633 3154 700 actionis,
3183 649 3345 704 quam
3367 635 3573 705 absque
3607 637 3721 692 ulla

2132 723 2408 780 dubietate
2435 722 2670 779 habebat
2697 723 2806 790 ille,
2857 725 2922 780 de
2943 738 3050 794 quo
3076 727 3330 781 tentatori
3359 726 3584 797 antiquo
3605 726 3723 784 Do-

2131 816 2309 873 minus
2331 817 2508 873 aiebat
2535 836 2549 872 :
2586 835 2604 870 ‹
2637 817 2886 887 Nunquid
2903 819 3257 884 considerasti
3288 835 3507 876 servum
3535 837 3724 878 meum

2130 907 2249 974 Job,
2307 911 2450 980 quod
2494 925 2602 965 non
2639 911 2713 966 sit
2737 911 2788 965 ei
2835 910 3026 966 similis
3081 927 3258 982 super
3291 921 3515 979 terram,
3555 915 3725 971 homo

2133 1003 2384 1074 simplex,
2429 1010 2485 1058 et
2515 1011 2697 1058 rectus
2734 1018 2799 1058 ac
2828 1004 3021 1060 timens
3049 1004 3220 1060 Deum
3244 1045 3258 1070 ,
3299 1013 3356 1061 et
3387 1007 3648 1063 recedens
3681 1023 3717 1064 a

2133 1097 2277 1152 malo
2307 1096 2448 1168 (Job.
2487 1097 2566 1168 1)?
2593 1118 2611 1150 ι
2637 1097 2735 1153 Est
2771 1113 2900 1154 vero
2922 1098 3057 1154 alter
3102 1100 3313 1154 cubitus
3342 1100 3536 1156 divinae
3555 1103 3728 1158 visio-

2134 1187 2235 1252 nis,
2267 1187 2357 1256 qui
2391 1203 2459 1243 ex
2482 1196 2636 1258 parte
2663 1187 2918 1244 nonnulla
2962 1188 3127 1244 etiam
3161 1189 3216 1244 in
3257 1191 3362 1246 hac
3388 1191 3566 1248 adhuc
3609 1194 3728 1248 vita

2135 1278 2360 1332 retentis
2403 1277 2650 1334 ﬁdelibus
2701 1279 2889 1333 donari
2935 1281 3254 1345 consuevit,
3300 1290 3360 1336 ut
3411 1282 3553 1338 idem
3597 1283 3726 1351 Job,

2137 1367 2346 1423 devicto
2385 1369 2717 1435 adversario,
2750 1383 2875 1424 cum
2904 1370 3130 1427 Domino
3159 1370 3382 1441 loquens
3408 1372 3485 1426 ait
3512 1390 3525 1425 :
3563 1391 3584 1424 ι
3615 1372 3731 1427 Au-

2137 1455 2253 1510 ditu
2301 1456 2450 1510 auris
2486 1457 2666 1513 audivi
2715 1466 2787 1524 te,
2844 1474 2990 1515 nunc
3017 1469 3200 1516 autem
3233 1460 3422 1516 oculus
3451 1476 3606 1518 meus
3639 1462 3728 1517 vi-

2139 1547 2229 1604 det
2256 1555 2310 1604 te
2337 1548 2480 1620 (Job.
2503 1552 2658 1622 xui).
2689 1569 2709 1602 ι
2746 1551 3019 1621 Scriptum
3042 1560 3127 1608 est
3155 1567 3390 1622 namque
3417 1553 3474 1608 in
3499 1569 3733 1624 sequen-

2139 1637 2282 1694 tibus
2308 1655 2322 1692 :
2359 1657 2378 1690 ‹
2409 1639 2526 1695 Una
2549 1649 2668 1696 rota
2693 1641 2928 1698 habebat
2957 1643 3256 1700 altitudinis
3288 1645 3527 1700 cubitum
3551 1655 3608 1703 et
3638 1661 3732 1704 se-

2136 1731 2262 1786 mis.
2296 1749 2316 1783 ›
2356 1730 2424 1785 Et
2445 1731 2605 1802 paulo
2634 1741 2800 1804 post:
2851 1751 2870 1786 ι
2907 1733 2967 1788 ln
2998 1736 3308 1791 summitate
3365 1746 3546 1792 autem
3578 1739 3734 1796 basis

2139 1832 2258 1877 erat
2277 1823 2524 1892 quaedam
2571 1825 2874 1880 rotunditas
2912 1826 3072 1882 unius
3100 1835 3156 1882 et
3179 1826 3389 1883 dimidii
3423 1829 3613 1895 cubiti,
3654 1830 3734 1886 ita

2139 1913 2456 1982 fabrefacta,
2486 1922 2546 1969 ut
2573 1913 2715 1970 luter
2742 1916 2975 1986 desuper
3000 1925 3183 1986 posset
3208 1917 3431 1988 imponi.

2210 2002 2469 2059 Luterum
2493 2004 2692 2074 quippe
2725 2019 2982 2060 mensura
3009 2006 3169 2062 unius
3208 2015 3328 2062 erat
3357 2007 3524 2062 cubiti
3551 2016 3608 2063 et
3646 2008 3735 2064 di-

2141 2093 2313 2160 midii,
2363 2094 2490 2164 quia
2539 2095 2796 2149 nimirum
2823 2110 2887 2150 ea
2914 2094 3018 2151 ﬁde
3048 2096 3104 2150 in
3135 2094 3284 2152 fonte
3307 2097 3432 2152 vitae
3458 2098 3732 2165 lavamur,

2140 2195 2202 2242 ut
2239 2201 2334 2258 per
2379 2202 2539 2256 opera
2562 2186 2787 2258 justitia:
2811 2187 2879 2242 ad
2920 2187 3089 2242 vitam
3137 2188 3342 2244 intrare
3371 2202 3733 2244 mereamur:

2142 2279 2391 2350 quamvis
2419 2280 2534 2335 sine
2570 2289 2813 2350 peccato,
2859 2281 2984 2335 dum
3035 2281 3122 2335 hic
3158 2281 3411 2349 vivimus,
3459 2297 3584 2337 esse
3634 2296 3735 2338 ne-

2145 2371 2389 2440 quimus,
2444 2369 2618 2439 ipsam
2644 2384 2773 2426 vero
2815 2371 2940 2425 vitae
2968 2370 3205 2426 caelestis
3245 2371 3586 2428 dulcedinem
3640 2388 3740 2444 gu-

2144 2469 2292 2515 stare
2317 2474 2384 2514 ex
2413 2467 2589 2530 parte,
2636 2475 2700 2514 ac
2729 2460 2950 2530 diligere
2983 2460 3037 2514 in
3070 2461 3174 2515 hac
3200 2461 3419 2516 interim
3455 2461 3586 2528 vita,
3611 2476 3739 2531 per-

2144 2550 2286 2607 fecte
2335 2560 2514 2607 autem
2555 2553 2738 2607 videre
2787 2553 2934 2608 nulla
2970 2554 3182 2610 ratione
3231 2554 3525 2610 valeamus.
3579 2554 3738 2611 Butae

2145 2659 2360 2715 quoque
2405 2661 2512 2700 uno
2563 2660 2628 2698 ac
2657 2645 2882 2699 dimidio
2927 2645 3111 2700 cubitu
3142 2655 3552 2712 mensurantur,
3604 2646 3734 2715 quia

2147 2736 2430 2806 Scriptura
2459 2736 2708 2791 lectionis
2736 2735 3058 2806 evangelicae
3091 2736 3325 2806 qualiter
3352 2738 3407 2792 hi
3427 2737 3521 2808 qui
3550 2736 3733 2806 perfe-

2146 2827 2222 2882 cti
2267 2841 2388 2882 esse
2437 2827 2605 2881 velint
2648 2828 2831 2883 vivere
2867 2827 3114 2893 debeant,
3169 2829 3422 2894 ostendit,
3473 2843 3736 2900 spemque

2148 2928 2365 2974 asternae
2392 2905 2766 2973 retributionis
2799 2920 2854 2972 in
2890 2919 3144 2989 praesenti
3177 2919 3530 2985 demonstrat,
3563 2920 3738 2992 ipsam

2147 3024 2279 3064 vero
2307 3009 2680 3065 retributionis
2709 3009 2853 3064 illius
2887 3009 3206 3079 qualitatem
3253 3011 3311 3066 in
3357 3010 3536 3066 futuro
3580 3011 3740 3065 nobis

2150 3103 2494 3172 pandendam
2517 3101 2677 3156 simul
2706 3111 2761 3157 et
2787 3102 3089 3158 donandam
3107 3117 3229 3159 esse
3255 3103 3538 3174 promittit.
3573 3101 3742 3158 Bases

2075 3170 2122 3235 (ἶ
2151 3170 2317 3251 etiam
2357 3195 2488 3264 ipsa:
2522 3209 2690 3249 unum
2733 3193 3005 3249 habebant
3059 3170 3297 3250 cubitum
3354 3209 3419 3250 ac
3454 3195 3744 3250 semissem

2150 3285 2521 3356 amplitudinis
2556 3285 2612 3339 in
2663 3285 2974 3341 summitate
3000 3285 3122 3350 sui,
3163 3285 3256 3341 ubi
3292 3285 3497 3340 luteres
3530 3285 3746 3355 recipe-

2148 3384 2291 3442 rent,
2336 3377 2463 3446 quia
2495 3377 2597 3446 ipsi
2631 3376 2884 3432 doctores
2929 3376 3126 3431 summi
3169 3391 3233 3431 ac
3269 3375 3508 3431 ministri
3536 3361 3746 3431 lavacri

2150 3470 2410 3526 salutaris
2455 3483 2618 3538 opere
2643 3469 2860 3538 quidem
2908 3467 3136 3538 perfecti
3174 3467 3231 3522 in
3277 3467 3379 3522 hac
3413 3468 3526 3521 vita
3577 3467 3747 3523 fulse-

2152 3567 2304 3625 runt,
2346 3558 2442 3614 sed
2471 3557 2590 3612 luce
2616 3557 3082 3627 contemplationis
3129 3571 3195 3611 ex
3220 3565 3375 3627 parte
3406 3565 3536 3612 sunt
3561 3556 3743 3612 fruiti.

2149 3645 2304 3704 Unde
2333 3655 2388 3702 et
2412 3647 2565 3702 aiunt
2593 3665 2606 3700 :
2648 3664 2668 3697 ι
2701 3646 2780 3700 Ex
2800 3655 2958 3718 parte
2990 3647 3134 3702 enim
3161 3648 3560 3718 cognoscimus,
3597 3656 3653 3702 et
3673 3662 3749 3704 ex

2149 3747 2305 3810 parte
2340 3739 2747 3809 prophetamus.
2789 3734 2924 3792 Cum
2955 3745 3137 3793 autem
3169 3737 3379 3792 venerit
3427 3736 3572 3805 quod
3610 3752 3746 3806 per-

2147 3830 2352 3886 fectum
2398 3837 2503 3896 est,
2570 3829 2921 3886 evacuabitur
2961 3829 3106 3898 quod
3149 3843 3218 3885 ex
3245 3835 3402 3898 parte
3419 3835 3504 3884 est
3531 3828 3586 3900 (Ι
3613 3827 3745 3884 Cor.

2149 3921 2294 3994 χιιι).
2329 3941 2350 3974 ι

2227 4031 2245 4064 ι
2280 4012 2342 4067 In
2370 4012 2514 4068 hunc
2545 4013 2767 4068 modum
2812 4009 2944 4068 fecit
2971 4011 3158 4069 decem
3178 4012 3336 4068 bases
3373 4010 3562 4066 fusura
3606 4025 3744 4076 una,

2157 4121 2175 4154 ι
2210 4110 2267 4157 ct
2316 4117 2570 4158 mensura
2616 4103 3000 4172 sculpturaque
3040 4103 3352 4167 consimili;
3417 4101 3546 4157 fecit
3597 4115 3744 4170 quo-

2155 4209 2174 4244 ‹
2211 4208 2316 4261 que
2343 4193 2531 4248 decem
2555 4192 2759 4247 luteres
2783 4207 2974 4248 aereos.
3005 4212 3027 4245 ι
3082 4192 3260 4258 Quare
3287 4191 3474 4246 decem
3501 4191 3612 4245 sint
3638 4192 3744 4245 ba-

2151 4297 2239 4339 ses
2267 4282 2444 4348 l‘actm,
2476 4282 2808 4352 totidemque
2832 4284 2912 4338 eis
2933 4284 3259 4355 superpositi
3305 4283 3506 4337 lutercs
3525 4322 3541 4347 ,
3570 4295 3742 4352 supra

2141 4377 2256 4446 jam
2284 4379 2486 4433 dictum
2514 4387 2616 4434 est.
2652 4377 2806 4444 Quod
2825 4393 2954 4433 vero
2983 4393 3092 4434 una
3122 4387 3242 4433 erat
3263 4378 3471 4444 fusura,
3517 4394 3743 4433 mensu-

2150 4486 2316 4540 raque
2350 4479 2408 4532 et
2447 4472 2724 4541 sculptura
2757 4471 3052 4526 consimilis
3079 4472 3319 4526 omnium
3365 4471 3579 4526 basium
3624 4471 3742 4526 sive

2152 4562 2409 4626 laterum,
2440 4576 2549 4616 non
2577 4562 2631 4615 in
2673 4575 2737 4616 ea
2765 4561 3157 4631 signiﬁcatione
3207 4561 3407 4617 factum
3436 4571 3541 4628 est,
3595 4561 3742 4632 quod

2152 4654 2380 4723 aequalia
2416 4653 2628 4724 possint
2652 4668 2775 4709 esse
2801 4653 3045 4709 omnium
3070 4654 3265 4709 merita
3293 4655 3597 4718 doctorum,
3645 4654 3744 4708 sed

2155 4746 2211 4800 in
2248 4760 2311 4800 ea
2352 4745 2551 4815 potius,
2601 4745 2745 4815 quod
2776 4761 2883 4800 una
2917 4745 3050 4800 ﬁdes
3096 4746 3389 4816 Evangelii,
3430 4760 3536 4814 quo
3583 4744 3743 4799 insti-

2155 4844 2400 4902 tuuntur,
2445 4853 2613 4891 unum
2643 4847 2726 4893 est
2755 4846 3152 4893 sacramentum
3180 4838 3467 4909 baptismi,
3506 4853 3616 4908 quo
3645 4840 3743 4892 ab-

2153 4927 2396 4993 luuntur,
2425 4945 2566 4984 unus
2590 4929 2840 4997 idemque
2865 4938 2950 4983 est
2980 4928 3232 4998 Spiritus,
3269 4944 3377 4999 quo
3399 4944 3589 4984 omnes
3613 4945 3741 4984 con-

2159 5027 2443 5074 secrantur
2487 5021 2666 5084 electi,
2724 5021 2934 5074 tametsi
2974 5020 3288 5075 donationes
3332 5021 3532 5076 habent
3563 5021 3743 5076 diver-

2160 5126 2250 5166 sas
2272 5111 2326 5165 in
2360 5113 2474 5181 ipso
2497 5111 2722 5181 Spiritu,
2755 5110 2848 5180 qui
2884 5129 2902 5160 ‹
2931 5109 3120 5166 dividit
3151 5109 3395 5179 singulis,
3440 5119 3603 5180 prout
3626 5109 3744 5163 vult

2160 5202 2210 5272 (I
2243 5201 2364 5256 Cor.
2394 5202 2516 5272 xu).
2547 5221 2567 5255 ι

2238 5314 2257 5346 ι
2304 5295 2669 5364 Quadraginta
2700 5293 2857 5349 batos
2885 5292 3131 5362 capiebat
3171 5291 3312 5346 Inter
3356 5305 3516 5344 unus.
3550 5308 3571 5342 ι
3603 5288 3744 5355 Qua-

2161 5386 2510 5456 dragenarius
2528 5400 2788 5440 numerus
2809 5385 2943 5448 solet
2969 5398 3174 5454 magnae
3189 5381 3533 5452 perfectionis
3556 5389 3742 5450 typum

2160 5487 2362 5540 tenere,
2411 5477 2536 5545 quia
2584 5476 2838 5530 nimirum
2877 5484 3068 5542 quater
3103 5475 3226 5530 deni
3257 5473 3461 5530 faciunt
3507 5471 3742 5540 quadra-

2160 5571 2328 5642 ginta.
2375 5569 2572 5624 Decem
2599 5579 2779 5624 autem
2826 5578 2953 5624 sunt
2995 5577 3282 5639 praecepta,
3317 5567 3514 5637 quibus
3558 5560 3738 5616 omnis

2162 5669 2348 5716 nostra
2388 5661 2631 5730 operatio
2676 5659 2732 5714 in
2759 5659 2872 5731 lege
2907 5660 3084 5716 divina
3109 5659 3327 5730 praefixa
3354 5662 3457 5718 est,
3498 5661 3739 5721 quatuor

2163 5767 2292 5808 vero
2321 5750 2732 5820 Evangeliorum
2763 5749 2903 5808 libri,
2936 5749 2990 5798 in
3027 5743 3221 5812 quibus
3249 5759 3344 5814 per
3371 5742 3734 5816 dispensatio-
