3958 6474
198 380 301 448 νη

1008 378 1359 442 COMMENT.
1398 382 1468 440 IN
1505 383 1751 441 LIBROS
1786 378 1856 442 IV
1897 375 2159 440 REGUM.
2201 414 2271 425 —-
2305 383 2376 440 IN
2414 384 2542 441 LIB.
2582 384 2669 441 III.

3350 383 3452 443 178

196 518 325 561 nem
349 495 643 558 Dominicae
685 495 1080 554 Incarnationis
1103 498 1343 554 caelestis
1388 497 1579 569 patriae
1620 497 1775 552 nobis
1801 496 1854 560 Α
1878 494 2161 552 dedicabat
2227 498 2507 567 templum.
2554 496 2764 553 Deinde
2802 494 2947 553 ultra
2982 496 3457 568 progredientibus

199 606 284 656 est
300 592 598 667 patefactus
640 591 911 646 introitus.
947 590 1016 645 Et
1056 590 1185 660 quia
1223 603 1416 645 omnes
1450 589 1545 659 qui
1569 590 1636 643 ad
1655 601 1775 659 my-

199 686 425 746 sterium
454 684 596 740 sacri
632 682 973 752 baptismatis
1006 682 1301 751 pertinent,
1334 695 1456 736 cum
1484 679 1587 734 ﬁde
1616 687 1670 734 et
1690 692 1777 733 sa-

199 775 491 834 cramentis
519 771 795 843 Evangelii
834 769 1067 825 fructum
1098 770 1297 825 debent
1324 777 1483 823 recta:
1505 766 1774 838 operatio-

195 868 282 923 nis
310 864 621 929 ostendere,
667 868 790 932 apte
816 859 1018 917 luteres
1058 858 1274 932 singuli,
1308 859 1363 913 in
1397 858 1595 929 quibus
1622 856 1774 912 holo-

193 964 383 1014 causta
436 954 757 1009 lavabantur
780 993 796 1020 ,
854 952 1211 1023 quadraginta
1264 952 1421 1006 batos
1465 949 1770 1019 capiebant.

195 1048 347 1116 Quod
371 1060 503 1102 vero
548 1045 829 1115 sequitur:
884 1062 906 1096 ί
934 1044 1065 1099 Erat
1102 1050 1337 1115 quatuor
1372 1042 1709 1105 cubitorum,
1746 1055 1765 1090 ι

194 1141 307 1197 sive
335 1138 621 1194 altitudine
658 1152 753 1193 seu
787 1137 843 1193 in
861 1136 1162 1201 latitudine,
1216 1135 1345 1205 quid
1365 1132 1652 1205 signiﬁcet,
1683 1131 1772 1186 in-

193 1233 438 1290 tellectus
466 1230 710 1303 mysterii
735 1231 789 1285 in
818 1238 1074 1300 promptu
1100 1234 1203 1284 est.
1253 1228 1420 1282 Luter
1443 1227 1589 1281 enim
1631 1237 1773 1279 unus

192 1332 422 1394 quatuor
459 1331 576 1378 erat
597 1321 925 1386 cubitorum,
953 1320 1040 1376 vel
1083 1328 1307 1390 propter
1334 1325 1571 1388 quatuor
1598 1313 1773 1371 sancti

191 1414 469 1487 Evangelii
519 1414 717 1480 libros,
774 1414 830 1468 in
880 1413 1075 1483 quibus
1115 1412 1286 1467 forma
1330 1410 1487 1466 nobis
1513 1408 1771 1480 baptismi

189 1506 408 1577 praeﬁxa
430 1512 515 1561 est
535 1522 549 1572 ;
585 1504 673 1560 vel
698 1512 920 1575 propter
939 1510 1173 1572 quatuor
1198 1501 1500 1557 cardinales
1520 1500 1767 1566 virtutes,

140 1602 149 1605 '
190 1595 380 1666 quibus
401 1595 634 1665 quisque
658 1594 849 1661 ﬁdelis,
881 1595 1066 1665 sinon
1096 1592 1299 1649 frustra
1327 1592 1503 1648 ﬁdelis
1531 1600 1634 1657 est,
1673 1592 1769 1646 de-

156 1689 278 1745 .bet
318 1689 572 1755 institui;
628 1688 713 1743 vel
738 1696 886 1743 recte
905 1695 1128 1758 propter
1168 1694 1404 1757 quatuor
1441 1683 1629 1739 mundi
1651 1682 1771 1753 pla-

190 1796 301 1853 gas,
346 1780 547 1851 quibus
590 1779 864 1835 lavacrum
904 1778 1095 1834 salutis
1137 1778 1513 1842 ministratur,
1559 1775 1771 1830 dicente

1875 589 2198 644 occurrebat
2225 586 2396 643 altare
2442 586 2766 654 holocausti,
2808 596 2995 642 contra
3028 588 3276 642 medium
3302 588 3449 643 atrii.

1872 681 2077 736 Deinde
2103 680 2342 751 porticus
2363 680 2550 750 templi
2579 680 2692 735 sive
2717 681 3060 747 vestibulum,
3084 681 3141 736 in
3166 679 3457 752 quo'erant

1870 771 2134 828 columnae
2166 786 2322 827 aerea:
2349 772 2494 827 circa
2524 772 2727 826 ostium
2751 773 2957 842 templi.
2977 772 3131 839 Quod
3158 787 3286 845 ergo
3299 780 3455 829 mare

1870 864 2053 934 posuit
2094 863 2164 918 ad
2192 864 2439 919 dextram
2463 871 2674 934 partem
2705 863 2913 934 templi,
2940 864 3210 934 signiﬁcat
3231 881 3332 923 nos
3353 881 3457 937 per

1870 953 2145 1009 lavacrum
2184 954 2437 1024 baptismi
2466 956 2533 1011 ad
2561 971 2790 1027 regnum
2843 956 3084 1022 caeleste,
3138 959 3284 1029 quod
3330 958 3456 1028 jure

1869 1044 2135 1101 vocabulo
2161 1045 2363 1101 dextra:
2383 1045 2665 1116 ﬁguratur,
2701 1047 2897 1103 debere
2916 1048 3219 1117 pervenire.
3280 1069 3299 1101 ‹
3350 1047 3457 1116 Qui

1870 1134 2017 1189 enim
2037 1134 2326 1190 crediderit
2346 1142 2400 1191 et
2420 1135 2723 1206 baptizatus
2736 1134 2899 1190 fuerit
2929 1135 3110 1191 salvus
3132 1136 3240 1192 erit
3260 1135 3459 1209 (Marc.

1870 1224 2008 1296 xvi).
2044 1245 2063 1278 ›
2091 1225 2336 1296 Namque
2370 1227 2461 1283 ubi
2490 1228 2679 1282 dextra
2717 1227 2879 1282 simul
2910 1236 2964 1283 et
2985 1228 3207 1284 sinistra
3232 1228 3289 1283 in
3312 1229 3457 1285 bono

1870 1319 2229 1387 accipiuntur,
2260 1318 2344 1373 vel
2370 1316 2611 1374 Iudaeam
2641 1326 2697 1374 et
2721 1318 3097 1390 gentilitatem,
3130 1326 3190 1373 ut
3212 1319 3267 1374 in
3290 1335 3462 1390 expo-

1871 1414 2065 1470 sitione
2122 1415 2330 1469 basium
2378 1414 2803 1489 supradiximns,
2849 1414 2939 1473 vel
2981 1421 3303 1484 praesentem
3350 1413 3460 1467 Ec-

1872 1506 2052 1561 clesize
2076 1505 2243 1560 vitam
2276 1513 2331 1560 et
2361 1504 2622 1571 futuram,
2647 1505 2733 1560 vel
2764 1503 2883 1559 ιωω
2908 1504 3089 1560 szeculi
3127 1511 3182 1559 et
3210 1502 3459 1569 tristitia,

1870 1596 1957 1649 vel
2006 1595 2206 1665 aliquid
2252 1595 2496 1666 designat
2544 1594 2871 1663 huiusmodi.
2907 1594 3010 1650 Ubi
3048 1611 3179 1649 vero
3216 1594 3463 1650 absolute

1871 1687 1926 1741 in
1953 1689 2098 1743 bono
2140 1689 2405 1759 accipitur
2434 1690 2644 1753 dextra,
2689 1696 2894 1743 aeterna
2922 1688 3117 1758 sacpius
3144 1688 3338 1758 gaudia
3367 1688 3464 1742 de-

1872 1788 2161 1835 monstrat.
2193 1780 2346 1848 Quod
2376 1795 2504 1835 vero
2538 1786 2726 1835 contra
2751 1778 3029 1834 Orientem
3081 1779 3259 1850 posuit
3281 1792 3460 1845 mare,

187 1849 608 1944 I’salmographo
638 1890 651 1926 :
687 1858 707 1922 ἀ
740 1870 885 1939 Quos
938 1871 1167 1927 redemit
1220 1870 1287 1924 de
1327 1884 1490 1923 manu
1541 1865 1770 1933 inimici,

1877 1874 1943 1929 ad
1999 1875 2242 1929 eamdem
2282 1874 2501 1945 proprie
2548 1871 2999 1944 signiﬁcationem
3037 1849 3277 1941 respicit,
3314 1868 3465 1939 quod

188 1966 250 2021 de
288 1965 603 2037 regionibus
661 1964 1011 2036 congregavit
1035 1979 1149 2020 eos.
1197 1963 1243 2018 Α
1266 1963 1397 2019 solis
1438 1969 1561 2018 ortu
1594 1969 1651 2016 et
1684 1974 1775 2016 oc-

187 2069 329 2120 casu,
356 2055 426 2111 ab
477 2055 727 2125 aquilone
746 2062 802 2109 et
827 2054 965 2108 mari
1010 2051 1184 2126 (Psal.
1216 2052 1345 2125 ενι).
1382 2073 1401 2105 ι
1459 2051 1616 2119 Quod
1644 2064 1777 2105 vero

187 2161 344 2216 supra
364 2146 506 2201 dixit
538 2164 551 2200 :
608 2165 627 2198 ‹
663 2144 982 2217 Pariterque
1005 2147 1242 2203 habebat
1261 2162 1428 2200 unum
1450 2144 1693 2200 cubitum
1718 2150 1775 2199 et

185 2235 491 2301 dimidium,
527 2256 546 2289 ι
587 2243 643 2291 et
665 2251 841 2307 neque
871 2237 946 2292 ibi
993 2236 1333 2293 altitudinem
1370 2251 1439 2291 an
1466 2233 1775 2307 amplitudi-

184 2343 306 2385 nem
339 2328 676 2399 signiﬁcaret
705 2327 920 2397 adjecit,
959 2329 1177 2385 videtur
1196 2331 1323 2402 quia
1353 2329 1578 2384 fundum
1604 2327 1775 2397 ipsius

184 2416 372 2474 interis
429 2418 593 2489 hujus
642 2433 763 2474 esse
809 2417 1181 2488 amplitudinis
1221 2419 1452 2474 voluerit
1498 2418 1770 2490 intelligi:

185 2510 324 2581 quod
372 2525 445 2565 ex
478 2524 732 2566 mensura
782 2510 860 2583 (ni
888 2510 1067 2582 fallor)
1114 2510 1286 2577 basis,
1332 2512 1387 2566 in
1415 2526 1519 2581 qua
1566 2511 1774 2582 positus

183 2610 301 2656 erat
319 2603 553 2672 quisque
576 2603 741 2669 luter,
784 2601 1036 2659 facillime
1082 2600 1391 2673 conjicitur,
1416 2615 1538 2673 qua:
1577 2600 1651 2656 ita
1680 2600 1773 2656 de-

186 2694 408 2749 seribitu
416 2710 466 2749 ι’.

258 2826 276 2860 ι
317 2807 378 2863 In
398 2810 713 2867 summitate
751 2819 934 2867 autem
973 2809 1121 2867 basis
1145 2819 1265 2866 erat
1303 2810 1550 2880 quasdam
1578 2815 1775 2864 rotun-

190 2915 210 2950 ι
252 2898 410 2965 ditas,
464 2903 625 2959 unius
667 2914 722 2959 ct
759 2903 967 2959 dimidii
993 2903 1183 2971 cubiti,
1237 2903 1315 2958 ita
1360 2902 1664 2958 fabrefacta
1713 2908 1775 2955 ut

191 3009 210 3043 ι
249 2990 394 3048 lnter
417 2993 653 3065 desuper
674 3005 857 3067 posset
871 2997 1097 3066 imponi.
1132 3015 1151 3048 ι
1181 2995 1437 3052 Latitudo
1461 3011 1593 3068 ergo
1621 2993 1771 3050 fundi

186 3079 241 3136 in
289 3081 559 3140 luteribus
597 3086 758 3143 unius
792 3096 912 3142 erat
932 3087 1102 3143 cubiti
1130 3102 1196 3143 ac
1221 3086 1463 3152 dimidii;
1497 3087 1615 3156 ipsa
1640 3098 1772 3140 vero

184 3174 457 3275 capacitas
495 3176 741 3275 ‘luterum
764 3187 1037 3275 -quatuor
1072 3178 1321 3275 habebat
1394 3177 1627 3243 cubitos,
1675 3176 1769 3232 sed
1799 3210 1844 3275 Ο

184 3270 364 3319 utrum
384 3266 440 3319 in
462 3264 850 3340 altitudine,|an
870 3268 926 3324 in
949 3266 1321 3338 amplitudine,
1345 3283 1414 3322 an
1430 3267 1487 3323 in
1511 3274 1765 3336 utroque,

185 3351 332 3409 dicat
366 3355 461 3425 qui
488 3356 720 3412 noverit.

260 3506 282 3541 ι
321 3488 391 3543 Et
413 3490 692 3547 constituit
710 3492 897 3550 decem
915 3491 1100 3560 bases,
1129 3492 1369 3563 quinque
1394 3492 1465 3548 ad
1489 3492 1771 3549 dexteram

190 3597 208 3632 ι
250 3588 467 3650 partem
500 3582 706 3653 templi,
729 3585 971 3655 quinque
999 3586 1068 3642 ad
1087 3586 1388 3641 sinistram.
1430 3604 1448 3637 ι
1480 3586 1771 3641 Dexteram

185 3678 398 3739 partem
423 3672 605 3744 templi
623 3683 680 3730 et
696 3675 999 3743 sinistram,
1023 3691 1132 3733 non
1152 3677 1300 3733 intus
1327 3678 1382 3732 in
1407 3677 1527 3747 ipso
1551 3676 1771 3746 templo,

188 3762 280 3817 sed
311 3775 441 3820 ante
488 3766 750 3837 templum
792 3768 1038 3849 dicitur:
1072 3770 1147 3825 ad
1183 3768 1517 3826 Orientalem
1556 3768 1775 3840 plagam

192 3852 445 3911 videlicet
486 3857 542 3912 in
595 3860 737 3915 atrio
761 3859 1041 3930 interiore,
1083 3864 1229 3933 quod
1265 3863 1610 3919 sacerdotum
1642 3878 1777 3933 pro-

192 3945 305 4014 prie
339 3949 659 4007 vocabatur.
700 3951 953 4024 Quinque
979 3960 1161 4010 autem
1186 3954 1371 4026 posuit
1396 3954 1466 4009 ad
1491 3955 1774 4009 dexteram

190 4047 394 4108 partem
422 4043 614 4114 templi
639 4053 863 4116 propter
892 4045 1129 4115 Judmos,
1159 4049 1252 4119 qui
1274 4047 1401 4104 Sole
1421 4048 1651 4119 iustitiae
1674 4061 1777 4119 per

195 4125 493 4186 doctrinam
536 4132 668 4203 legis
691 4136 990 4205 antiquitus
1011 4138 1093 4193 uti
1119 4136 1398 4205 solebant;
1452 4144 1509 4192 et
1533 4137 1775 4207 quinque

194 4220 256 4276 ad
280 4221 560 4280 sinistram
587 4234 813 4298 propter
842 4243 964 4295 nos,
1016 4230 1109 4299 qui
1167 4244 1314 4286 caaco
1347 4229 1554 4286 diutius
1606 4228 1772 4284 corde

197 4315 433 4372 servituti
478 4318 890 4378 adhaerebamus
932 4320 1051 4391 eius
1077 4322 1171 4393 qui
1219 4323 1341 4377 ait:
1373 4341 1394 4374 ‹
1453 4321 1770 4391 Ponam_se-

198 4405 311 4463 dem
355 4424 539 4467 meam
584 4413 641 4467 in
679 4413 1001 4485 Aquilonem
1053 4414 1210 4487 (Isai.
1259 4413 1395 4488 xlv).
1428 4433 1447 4465 ι
1480 4413 1641 4482 Quod
1683 4418 1769 4469 est

199 4508 379 4567 aperte
392 4502 607 4559 dicere:
635 4502 743 4562 Illis
767 4506 824 4563 in
846 4507 1102 4563 cordibus
1125 4507 1468 4578 requiescere
1496 4505 1766 4572 desidero,

199 4599 311 4656 qua:
335 4605 366 4647 a
383 4591 508 4650 luce
518 4594 766 4653 veritatis
786 4603 843 4652 et
868 4595 1088 4653 ﬂamine
1114 4596 1310 4654 divinae
1330 4596 1616 4652 charitatis
1640 4595 1773 4652 alie-

200 4693 265 4736 na
290 4696 406 4741 esse
428 4687 738 4745 considero.

271 4814 290 4849 α
330 4798 481 4858 Mare
516 4811 697 4859 autem
720 4804 902 4876 posuit
948 4803 1016 4861 ad
1061 4806 1307 4862 dextram
1349 4811 1560 4876 partem
1591 4802 1777 4874 templi

207 4897 228 4937 ι
267 4897 449 4947 contra
471 4890 752 4949 Orientem
773 4895 840 4949 ad
867 4893 1166 4950 Meridiem.
1207 4914 1225 4947 ι
1268 4893 1335 4949 Et
1362 4894 1466 4949 hoc
1502 4894 1557 4948 in
1584 4894 1775 4949 eodem

206 4977 337 5035 atrio
361 4984 599 5051 positum
629 4992 713 5040 est
765 4985 833 5040 ad
857 4984 1155 5042 Orientem.
1199 4984 1354 5053 Quod
1388 4993 1567 5039 autem
1592 4984 1669 5038 ait
1708 4984 1775 5039 ad

211 5068 471 5132 dexteram
500 5087 711 5147 partem
743 5077 952 5151 templi,
1000 5080 1104 5135 hoc
1139 5086 1240 5143 est,
1276 5077 1419 5147 quod
1447 5077 1661 5147 repetit,
1694 5075 1777 5131 di-

211 5171 350 5229 cens,
380 5167 449 5219 ad
485 5166 782 5223 Meridiani.
834 5167 1261 5239 Ingredientibus
1290 5170 1436 5225 enim
1483 5169 1681 5223 atrium
1708 5166 1777 5223 ab

213 5245 435 5324 Oriente,
472 5258 652 5329 primo
680 5258 1054 5315 divertendum
1090 5268 1209 5316 erat
1248 5261 1317 5315 ad
1347 5259 1653 5326 Meridiem,
1683 5258 1778 5315 ubi

215 5352 354 5399 mare
373 5346 424 5401 in
462 5350 580 5419 ipso
605 5350 803 5421 angulo
835 5349 1031 5416 stabat,
1092 5351 1160 5407 ad
1191 5351 1482 5407 lavandum
1524 5350 1777 5406 sacerdo-

218 5427 348 5487 tibus
377 5448 641 5506 paratum.
667 5440 871 5496 Deinde
911 5441 1383 5513 progredientibus
1408 5443 1550 5497 intro
1584 5455 1776 5497 occur-

217 5520 396 5583 rebant
419 5530 619 5589 luteres
655 5533 722 5589 ad
751 5533 1008 5590 lavandas
1030 5536 1239 5591 hostias
1265 5534 1334 5591 ab
1369 5541 1598 5603 utraque
1622 5539 1778 5603 parte

219 5610 387 5697 positi.
408 5620 549 5677 intra
572 5621 673 5679 hos
691 5624 840 5681 basis
860 5633 980 5681 erat
994 5640 1167 5690 mnea,
1205 5627 1447 5697 quinque
1466 5625 1777 5681 cubitorum

225 5693 575 5773 longitudinis,
618 5715 675 5765 et
711 5718 946 5780 quinque
1006 5693 1311 5775 cubitorum
1359 5693 1691 5786 latitudinis.
1724 5725 1779 5775 εἴ

225 5788 375 5849 trium
400 5797 701 5857 cubitorum
736 5801 1081 5869 altitudinis,‘
1105 5808 1163 5859 in
1210 5822 1317 5872 qua
1342 5816 1495 5861 stans
1520 5808 1780 5867 Salomon

1874 1965 2127 2021 videlicet
2154 1981 2252 2036 per
2281 1964 2557 2021 lavacrum
2596 1963 2737 2020 sacri
2780 1963 2943 2019 fontis
3004 1963 3258 2035 splendor
3303 1962 3465 2017 nobis

1875 2061 2104 2117 interna:
2163 2060 2425 2117 claritatis
2474 2061 2733 2131 aperitur.
2788 2058 2941 2127 Quod
2982 2059 3049 2113 ad
3096 2057 3465 2112 meridianum

1874 2152 2016 2206 latus
2047 2151 2192 2217 atrii,
2234 2149 2505 2220 signiﬁcat
2535 2149 2720 2205 ﬁdeles
2748 2164 2848 2218 per
2885 2148 3255 2220 acceptionem
3278 2146 3462 2202 sancti

1876 2241 2111 2313 Spiritus
2157 2240 2225 2297 ad
2253 2240 2595 2313 flagrantiam
2645 2241 2817 2296 solere
2862 2255 3003 2295 verae
3051 2238 3335 2294 charitatis
3363 2254 3460 2294 ac-

1873 2334 2051 2391 cendi.
2104 2333 2307 2389 Fervor
2349 2333 2549 2389 etenim
2586 2331 2872 2387 meridiani
2920 2330 3050 2386 solis
3093 2330 3375 2386 consuevit
3402 2328 3466 2384 in

1874 2426 2171 2498 Scripturis
2216 2436 2270 2482 et
2306 2427 2556 2481 ardorem
2600 2424 2906 2480 dilectionis
2932 2430 2988 2477 et
3030 2421 3457 2477 illustrationem

1874 2519 2179 2592 signiﬁcare
2205 2518 2378 2573 sancti
2415 2516 2673 2587 Spiritus,
2704 2530 2801 2586 per
2828 2529 2991 2584 quem
3021 2513 3212 2569 eadem
3243 2509 3466 2567 dilectio

1872 2609 2189 2666 diﬁunditur
2225 2610 2281 2664 in
2312 2607 2568 2665 cordibus
2593 2606 2913 2662 electorum.

1948 2722 1968 2754 ‹
2012 2701 2206 2757 Omnia
2234 2715 2365 2756 vasa
2419 2714 2538 2771 quae
2570 2698 2701 2754 fecit
2734 2698 2921 2752 l'liram
2967 2696 3081 2769 regi
3106 2694 3382 2766 Salomoni
3406 2693 3464 2751 in

1878 2810 1897 2844 ι
1941 2791 2102 2847 domo
2141 2789 2378 2856 Domini,
2432 2789 2498 2844 de
2544 2787 2857 2843 aurichalco
2915 2794 3093 2842 crant.
3135 2786 3194 2841 In
3240 2786 3471 2857 regione

1878 2901 1897 2935 ι
1942 2881 2193 2937 Iordanis
2251 2880 2387 2935 fudit
2434 2895 2499 2936 ea
2538 2895 2629 2935 rex
2687 2879 2741 2933 in
2793 2877 3047 2950 argillosa
3072 2885 3241 2943 terra,
3285 2884 3391 2931 etc.
3434 2894 3461 2926 ›

1871 2971 2011 3042 Apte
2055 2972 2108 3026 in
2132 2972 2351 3041 regione
2391 2970 2644 3026 Iordanis
2674 2970 2793 3025 fusa
2816 2978 2941 3024 sunt
2968 2984 3099 3025 vasa
3133 2969 3327 3023 domus
3352 2966 3467 3022 Do-

1874 3061 2026 3127 nini,
2057 3060 2113 3115 in
2145 3076 2253 3132 quo
2295 3059 2546 3116 videlicet
2575 3059 2795 3114 ﬂumine
2840 3058 3100 3114 Dominus
3150 3066 3337 3114 noster
3364 3057 3467 3111 ba-

1873 3157 2081 3227 ptizare
2103 3156 2355 3228 dignatus
2378 3162 2483 3222 est,
2510 3152 2734 3223 ejusque
2765 3153 2967 3208 tinctus
2993 3152 3174 3216 undis,
3197 3165 3467 3220 aquarum

1877 3248 2032 3303 nobis
2060 3247 2388 3302 elementum
2411 3246 2466 3299 in
2497 3245 2826 3299 ablutionem
2852 3250 3199 3313 peccatorum
3233 3254 3467 3295 conver-

1878 3337 1963 3392 tit.
2004 3335 2073 3391 Et
2110 3335 2236 3407 quia
2263 3350 2423 3391 omne
2461 3334 2700 3390 ﬁdelium
2742 3334 3033 3404 baptisma,
3086 3347 3193 3402 quo
3223 3330 3463 3385 Domino

1874 3433 2284 3491 consecrantur,
2326 3426 2383 3480 in
2429 3425 2735 3496 exemplum
2765 3425 3072 3480 celebratur
3112 3419 3465 3493 baptismatis

1874 3516 2019 3573 illius
2045 3531 2152 3588 quo
2200 3515 2316 3586 ipse
2344 3530 2515 3585 aquas
2552 3513 2928 3580 sanctiﬁcavit,
2968 3521 3114 3569 recte
3154 3513 3209 3567 in
3240 3511 3469 3583 regione

1873 3608 2126 3666 Iordanis
2145 3623 2274 3663 vasa
2301 3615 2430 3662 sunt
2454 3608 2648 3663 domus
2670 3607 2885 3663 Domini
2915 3605 3076 3661 facta.
3100 3603 3290 3676 Neque
3317 3606 3465 3661 enim

1875 3700 2036 3756 aliter
2062 3714 2193 3755 vasa
2215 3698 2499 3755 electionis
2519 3706 2576 3754 et
2601 3698 2989 3753 misericordiae
3011 3696 3129 3752 ﬁeri
3150 3711 3468 3768 possumus,

1873 3789 1978 3846 nisi
2008 3798 2065 3845 et
2101 3790 2370 3860 baptisma
2418 3789 2554 3860 ejus,
2605 3790 2747 3859 quod
2783 3788 2875 3844 illo
2920 3789 2976 3843 in
3017 3787 3244 3843 ﬂumine
3275 3787 3469 3853 subiit,

1873 3882 2248 3954 respicientes,
2290 3890 2345 3937 et
2383 3880 2485 3951 ipsi
2525 3879 2678 3935 vitali
2705 3878 2926 3936 ﬂumine
2949 3887 3261 3951 satagamus
3291 3878 3462 3931 ablui.

1873 3973 2183 4030 Notandum
2212 3980 2414 4038 autem,
2448 3972 2591 4042 quod
2614 3986 2723 4027 non
2757 3979 2967 4027 tantum
2996 3971 3052 4025 in
3097 3970 3317 4042 regione
3339 3968 3465 4024 Jor-

1874 4073 2049 4140 danis,
2082 4073 2176 4129 sed
2208 4072 2375 4127 etiam
2402 4067 2694 4140 campestri
2733 4064 2952 4135 regione
2983 4061 3125 4116 illius
3154 4060 3296 4116 facta
3324 4061 3462 4117 dicit

1872 4166 2063 4222 eadem
2115 4178 2267 4229 vasa,
2304 4160 2617 4235 signiﬁcans
2656 4154 3161 4227 multiplicationcm
3194 4153 3464 4217 ﬁdelium,

1873 4269 1995 4325 qua:
2036 4269 2145 4308 non
2195 4252 2369 4308 solum
2395 4251 2449 4305 in
2478 4248 2686 4314 Iudaea,
2719 4246 2814 4302 sed
2857 4245 2991 4301 etin
3020 4246 3261 4299 omnium
3283 4243 3467 4299 natio-

1874 4360 2005 4400 num
2055 4352 2176 4399 erat
2207 4341 2494 4397 latitudine
2538 4339 2739 4402 futura,
2785 4336 2996 4406 expleta
3029 4335 3314 4406 prophetia
3345 4348 3460 4403 qua

1874 4436 2113 4493 dicitur:
2153 4455 2172 4487 ‹
2207 4433 2529 4491 Gaudebant
2576 4431 2775 4500 campi,
2819 4437 2873 4483 et
2902 4429 3084 4483 omnia
3124 4443 3242 4498 qua:
3279 4429 3336 4483 in
3375 4427 3466 4481 eis

1879 4536 2005 4585 sunt
2059 4524 2233 4601 (Paul.
2274 4521 2419 4596 xcv).
2472 4542 2491 4575 ι
2548 4520 2815 4593 Argillosa
2841 4526 3023 4573 autem
3050 4525 3218 4583 terra,
3250 4516 3318 4572 de
3344 4531 3459 4587 qua

1878 4618 2034 4674 factae
2091 4624 2218 4672 sunt
2263 4615 2453 4671 forma:
2480 4612 2550 4670 ad
2589 4609 2862 4667 fundenda
2897 4624 3027 4665 vasa
3064 4608 3303 4675 Domini,
3340 4623 3470 4680 quae

1877 4709 2074 4766 melius
2098 4724 2264 4780 quam
2307 4706 2589 4779 Scriptura
2619 4720 2798 4770 sacra,
2826 4704 2891 4759 de
2918 4718 3023 4775 qua
3055 4701 3298 4773 regulam
3321 4700 3472 4757 bene

1876 4803 2091 4859 vivendi
2120 4802 2436 4872 accipimus,
2459 4799 2604 4855 valet
2626 4798 2893 4869 intelligi?
2914 4795 3078 4869 Quasi
3107 4795 3250 4850 enim
3272 4792 3469 4862 argilla
3564 4798 3583 4817 '

1878 4894 2092 4966 ignibus
2132 4894 2325 4948 durata
2373 4891 2605 4946 formam
2657 4890 2802 4945 vasis
2854 4888 3117 4951 Domini,
3152 4891 3356 4954 quanta
3406 4893 3468 4937 et

1880 4983 2059 5054 qualia
2084 4982 2203 5037 ﬁeri
2249 4981 2497 5043 debeant,
2529 4978 2771 5044 exhibet,
2816 4993 2939 5033 cum
2968 4975 3126 5030 nobis
3174 4971 3463 5040 Scriptura

1879 5073 2121 5145 regulam
2142 5070 2388 5140 iustitiae,
2412 5086 2573 5140 quam
2600 5083 2913 5139 sequamur,
2943 5062 3205 5129 ostendit,
3244 5069 3469 5118 sancto-

1882 5178 2112 5234 rumque
2140 5163 2294 5218 nobis
2342 5161 2609 5231 exempla,
2643 5158 2735 5229 qui
2790 5158 2844 5212 in
2878 5156 3002 5226 igne
3050 5151 3467 5208 tribulationum

1882 5256 2221 5312 invincibiles
2241 5259 2747 5326 perseveraverunt,
2799 5248 2854 5303 in
2885 5246 3137 5301 omnibus
3183 5244 3464 5315 sequenda

1879 5355 2283 5420 praemonstrat,
2312 5346 2357 5403 si
2392 5361 2520 5401 vasa
2549 5343 2605 5397 in
2629 5343 2789 5397 domo
2810 5337 3023 5393 Domini
3054 5338 3225 5393 electa
3253 5351 3317 5390 ac
3338 5350 3465 5406 pre-

1883 5443 2020 5497 tiosa
2055 5458 2175 5498 esse
2205 5423 2657 5511 concupiscimus.
2702 5434 2907 5505 IEsque
2954 5433 3077 5504 igne
3108 5429 3464 5502 liquefactum

1884 5534 2085 5605 argillae
2108 5533 2309 5588 formas
2335 5529 2656 5601 ingreditur,
2688 5542 2795 5597 quo
2826 5542 2920 5582 vas
2946 5525 3119 5597 possit
3145 5531 3329 5593 aptum
3359 5520 3465 5575 mi-

1884 5625 2124 5679 nisteriis
2147 5620 2458 5679 celestibus
2495 5617 2654 5685 efﬁci,
2683 5608 2805 5674 cu'm
2837 5618 2939 5689 ipsi
2967 5614 3257 5672 salubriter
3279 5610 3461 5667 humi—

1884 5715 2021 5780 liati,
2070 5722 2125 5769 et
2149 5714 2363 5767 ﬂamma
2402 5726 2513 5766 sua:
2549 5709 2742 5764 divina:
2788 5706 3092 5771 charitatis,
3150 5703 3263 5759 sive
3296 5701 3462 5754 etiam

1884 5806 2133 5862 humana:
2147 5802 2489 5861 adversitatis
2503 5801 2747 5867 emolliti,
2777 5801 2918 5857 viam
2944 5804 3161 5863 patrum
3191 5793 3326 5843 bene
3338 5798 3465 5855 ope-
