3958 6474
460 330 570 393 179

1131 326 1193 380 Β.
1235 323 1495 384 RABAM
1526 322 1750 383 MAURI
1781 321 2041 385 ARCHIE

2147 315 2455 383 MOGUNT.
2495 315 2785 379 ορειιωί
2820 311 3002 371 PARS
3036 312 3080 369 1.

3617 308 3730 367 180

461 444 637 503 nudo
656 442 941 507 intramus,
963 448 1025 495 ut
1051 437 1119 497 ad
1138 435 1360 509 praemia
1377 443 1595 507 patrum
1614 436 1755 497 bene
1773 432 2040 493 currendo
2066 430 2122 499 Α
2146 427 2350 496 altaris,
2396 427 2691 501 amplitudo
2716 427 2773 482 in
2829 425 3097 483 charitate
3118 424 3218 480 Dei
3260 436 3325 479 ac
3346 422 3583 493 proximi
3626 435 3734 492 per

533 549 862 593 rvemamus.

533 550 862 593 rvemamus.

460 550 559 683 per
601 627 858 699 Fecitque
885 621 1141 681 Salomon
1164 620 1349 681 omnia
1371 635 1522 687 vasa,
1574 617 1747 681 altare
1787 633 2040 687 aureum,

464 738 489 785 ς
528 726 584 779 οι
613 731 860 781 mensam
885 729 1050 785 super
1086 728 1251 785 quam
1274 719 1607 783 ponerentur
1629 725 1800 781 panes
1843 724 2042 781 propo-

460 808 693 879 sitionis,
722 822 966 873 auream,
998 814 1107 863 etc.
1149 824 1168 857 ›
1201 804 1386 861 Altare
1418 819 1642 860 aureum
1676 804 1839 861 corda
1875 801 2041 873 signi-

459 901 588 961 ﬁcat
633 900 1003 979 perfectorum
1040 899 1337 970 iustorum,
1389 898 1618 954 interna:
1669 895 1953 959 charitatis
1986 898 2044 957 et

458 993 729 1053 eastitatis,
759 993 880 1050 luce
929 1006 1175 1059 corusca,
1225 1002 1458 1060 quorum
1485 988 1807 1046 sublimitati
1831 985 2044 1059 signiﬁe

457 1083 644 1139 eandm
673 1084 837 1141 etiam
859 1082 1012 1140 locus
1032 1082 1283 1141 convenit
1303 1081 1546 1154 ejusdem
1575 1081 1786 1137 altaris.
1842 1078 2037 1137 Stabat

458 1175 607 1230 enim
638 1182 762 1229 ante
791 1175 991 1231 ostium
1038 1174 1211 1233 sancti
1258 1181 1592 1237 sanctorum,
1641 1170 1781 1225 utin
1826 1169 2043 1227 factura

457 1263 793 1321 tabernaculi
818 1262 1104 1321 manifeste
1124 1263 1370 1335 legimus.
1401 1262 1461 1319 In
1487 1278 1594 1333 quo
1616 1260 1869 1317 videlicet
1883 1259 2046 1319 altari

456 1368 567 1410 non
594 1354 896 1411 hostiarum
926 1354 1164 1426 sanguis,
1189 1369 1365 1424 neque
1394 1352 1673 1418 libamina,
1700 1352 1792 1406 sed
1814 1348 2043 1421 thymia-

456 1452 603 1501 mata
628 1451 840 1503 tantum
867 1430 1291 1501 incendebantur
1319 1462 1332 1497 :
1364 1458 1597 1514 quorum
1643 1440 1823 1496 fumus
1844 1440 1911 1495 ad
1942 1455 2039 1494 sur

454 1535 672 1606 periora
703 1536 1004 1592 ascendens
1024 1536 1306 1607 operiebat
1328 1551 1532 1599 arcam,
1568 1542 1732 1604 atque
1758 1531 2043 1595 oraculum

455 1625 622 1682 odore
661 1626 945 1681 suavitatis
970 1626 1249 1698 implevit;
1282 1625 1339 1681 in
1365 1641 1474 1695 quo
1502 1624 1674 1696 ﬁgura
1707 1623 2042 1694 exprimeba-

456 1723 545 1769 tur
571 1725 904 1782 sanctorum,
951 1715 1044 1786 qui
1072 1716 1220 1783 dum,
1253 1715 1513 1784 neglectis
1545 1712 1922 1785 temporalium
1952 1727 2037 1766 re-

2138 520 2510 588 latitudinem,
2550 535 2674 592 spes
2718 520 2773 573 in
2807 515 3209 588 exspectatione
3254 513 3451 568 divinae
3496 512 3733 569 visionis

2137 627 2237 685 per
2293 610 2632 666 altitudinem
2686 608 3005 678 ﬁgurantur.
3054 603 3206 673 Quod
3234 611 3414 660 autem
3440 601 3731 673 longitudo

2142 714 2198 762 et
2224 703 2449 765 latitudo
2459 703 2647 760 altaris
2660 702 2970 761 vicenorum
2985 706 3103 756 erat
3118 698 3448 765 cubitorum,
3472 711 3736 769 magnam

2140 796 2326 865 utique
2372 792 2760 866 perfectionem
2830 793 3075 862 designat
3123 789 3365 862 ejusdem
3433 786 3737 845 indefessa

2140 886 2489 959 longitudinis
2508 902 2572 943 ae
2594 887 2821 943 sincera:
2849 884 3181 951 dilectionis,
3232 898 3354 955 quae
3398 897 3498 957 per
3519 881 3736 935 utrius-

2140 997 2245 1055 que
2273 981 2579 1039 testamenti
2606 981 2762 1039 nobis
2786 979 3193 1041 observantiam
3213 977 3491 1039 tribuitur.
3521 973 3736 1042 Quater

2141 1072 2290 1141 enim
2333 1072 2481 1142 quini
2515 1072 2849 1127 vicenarium
2885 1086 3177 1131 numerum
3219 1068 3510 1139 complent.
3559 1063 3738 1133 Quin-

2141 1178 2246 1235 que
2272 1171 2451 1219 autem
2484 1163 2608 1219 libri
2640 1162 2888 1219 Mosaicae
2936 1162 3072 1235 legis
3122 1169 3355 1232 quatuor
3401 1166 3531 1215 sunt
3566 1171 3739 1212 evan-

2142 1255 2324 1339 gelicae
2377 1255 2662 1311 libertatis.
2708 1256 2775 1311 Et
2822 1271 2947 1311 eum
2990 1255 3058 1309 ad
3103 1250 3518 1324 intelligentiam
3567 1257 3741 1319 atque

2146 1348 2447 1407 custodiam
2470 1348 2603 1418 legis
2633 1348 2954 1418 spiritalem,
2985 1343 3287 1403 illustrante
3311 1342 3586 1414 Evangelii
3610 1359 3742 1414 gra-

2143 1441 2240 1507 tia,
2264 1442 2630 1512 pervenimus,
2663 1441 2996 1499 vicenarium
3020 1438 3266 1511 profecto
3296 1451 3587 1495 numerum
3618 1450 3742 1505 pcr-

2143 1531 2375 1590 ﬁcimus.

2216 1624 2405 1694 Sitque
2437 1625 2580 1681 idem
2610 1639 2871 1681 numerus
2898 1624 2953 1679 in
2978 1621 3316 1693 longitudine
3344 1626 3399 1675 et
3436 1616 3741 1673 latitudine

2143 1715 2354 1779 altaris,
2387 1732 2509 1771 cum
2538 1716 2703 1773 corda
2730 1716 3046 1779 electorum,
3095 1714 3325 1769 docente
3360 1718 3598 1779 utroque
3637 1705 3745 1761 Te-

456 1821 577 1869 rum
604 1807 1010 1889 cupiditatibus,
1038 1815 1149 1889 tota
1168 1807 1474 1881 intentione
1496 1805 1737 1861 cmlestia
1764 1810 2034 1875 quaerunt,
2067 1796 2119 1860 Β
2147 1816 2439 1874 stamento,
2491 1816 2544 1863 et
2577 1808 2866 1878 adiuvante
2905 1808 3021 1878 ipso
3060 1822 3172 1863 uno
3212 1804 3496 1874 utriusque
3541 1801 3743 1857 Testa-

455 1895 603 1952 velut
629 1897 775 1952 intus
800 1897 855 1953 in
883 1881 1063 1952 vicino
1086 1881 1315 1952 'oraculi
1343 1903 1470 1951 sunt
1518 1895 1701 1967 positi.
1739 1892 1849 1949 Nec
1881 1893 2039 1965 longe

456 1995 582 2042 sunt
630 1989 825 2044 remoti
862 2004 893 2045 a
923 1987 1066 2054 velo,
1099 2002 1208 2060 quo
1236 1987 1493 2059 templum
1524 1994 1578 2043 et
1606 1996 1795 2043 sancta
1834 1992 2046 2039 sancto-

455 2092 581 2132 rum
616 2076 963 2146 dirimuntur,
997 2078 1123 2151 quia
1162 2093 1389 2149 corpora
1418 2086 1630 2131 tantum
1661 2083 1861 2131 terram
1894 2074 2045 2130 inco-

454 2169 589 2237 lunt,
624 2180 879 2229 caeterum
901 2173 1198 2230 secundum
1218 2175 1537 2229 interiorem
1568 2173 1841 2228 hominem
1873 2180 2046 2229 totam

456 2260 659 2319 habent
714 2265 1186 2321 conversationem
1236 2265 1290 2319 in
1340 2264 1515 2320 caelis.
1556 2263 1923 2345 Ascenditque
1974 2263 2042 2318 ab

456 2353 769 2425 huiusmodi
820 2357 976 2413 altari
1034 2356 1213 2412 fumus
1271 2358 1614 2413 incensorum
1660 2357 1806 2411 intra
1854 2364 2045 2411 sancta

460 2456 793 2517 sanctorum,
849 2449 941 2505 ubi
987 2466 1115 2505 arca
1145 2460 1229 2505 est
1274 2450 1555 2506 recondita
1600 2465 1725 2504 cum
1767 2448 2045 2505 orationes

456 2547 770 2597 sanctorum
826 2540 1043 2620 flamma
1085 2541 1371 2598 charitatis
1423 2542 1674 2597 excitatae
1722 2541 1787 2595 ad
1833 2539 2045 2612 Lcmlum

460 2647 632 2704 usque
675 2635 1019 2706 perveniunt,
1066 2653 1084 2686 ι
1121 2634 1210 2690 ubi
1239 2633 1491 2689 Christus
1521 2640 1603 2689 est
1627 2633 1682 2687 in
1705 2633 1930 2688 dextera
1946 2629 2046 2686 Dei

462 2725 658 2782 sedens
689 2725 825 2799 (Col.
856 2726 961 2800 tu).
998 2748 1015 2779 ι
1064 2726 1182 2783 Non
1220 2728 1365 2784 enim
1393 2728 1449 2783 in
1496 2728 1599 2784 hoc
1634 2726 1796 2781 altari
1824 2724 2047 2799 sanguis

452 2817 775 2888 hostiarum,
806 2824 899 2879 sed
925 2821 1220 2894 thymiama
1276 2829 1488 2877 tantum
1537 2819 1865 2886 incenditur,
1913 2816 2043 2888 quia

456 2908 592 2965 tales
628 2910 733 2964 viri
760 2926 865 2967 non
888 2911 1091 2968 habent
1116 2927 1280 2983 opera
1304 2912 1485 2969 carnis
1514 2919 1569 2968 et
1597 2909 1898 2981 sanguinis,
1919 2923 2043 2980 quae

455 3001 631 3058 in'ara
663 3003 745 3059 sui
773 3004 951 3060 cordis
994 3003 1335 3061 immolantes
1365 3004 1594 3061 Domino
1643 3009 1905 3068 mactent,
1945 3000 2041 3057 sed

405 3135 413 3141 .
455 3091 791 3149 solummodo
815 3093 1177 3166 lacrymarum
1210 3102 1265 3150 et
1294 3095 1563 3150 orationis
1591 3092 1641 3147 ei
1662 3101 1790 3147 vota
1815 3107 1916 3165 pro
1944 3091 2037 3146 de-

450 3183 653 3241 siderio
692 3186 844 3263 regni
872 3186 1113 3242 caelestis
1147 3185 1403 3243 oﬁ‘erunt.
1446 3186 1598 3243 Fecit
1622 3199 1838 3258 quoque
1866 3184 2038 3239 altare

449 3290 658 3333 aeneum
696 3278 885 3350 viginti
936 3278 1241 3335 cubitorum
1303 3278 1678 3352 longitudinis,
1742 3284 1797 3335 et
1846 3275 2045 3349 viginti

450 3368 758 3425 dubitorum
776 3368 1101 3435 latitudinis,
1131 3378 1188 3425 et
1224 3369 1414 3427 decem
1451 3370 1759 3427 cubitorum
1802 3364 2040 3422 altitudi-

458 3459 566 3527 nis.
609 3458 677 3514 Et
720 3459 940 3530 quidem
989 3460 1161 3516 altare
1188 3461 1560 3532 thymiamatis
1586 3461 1797 3532 Moyses
1823 3459 1954 3517 fecit
1983 3459 2040 3514 in

457 3562 667 3615 eremo,
686 3547 891 3605 habens
911 3548 1152 3609 cubitum
1176 3549 1546 3621 longitudinis,
1576 3557 1630 3605 et
1658 3549 1891 3607 alterum
1919 3548 2040 3605 lati-

455 3636 679 3705 tudinis,
708 3646 763 3694 et
789 3638 922 3695 duos
950 3639 1161 3699 cubitos
1182 3640 1238 3695 in
1260 3639 1543 3699 altitudine
1568 3639 1765 3712 (Exod.
1805 3639 2040 3712 xxxvu).

459 3729 684 3801 Quantae
716 3738 901 3788 autem
934 3732 1321 3802 magnitudinis
1357 3734 1461 3791 hoc
1517 3732 1773 3791 Salomon
1823 3732 2039 3799 fecerit,

458 3816 740 3891 Scriptura
777 3836 883 3878 non
911 3822 1065 3891 dicit,
1087 3823 1182 3881 sed
1211 3831 1423 3885 tantum
1446 3824 1591 3900 quod
1613 3824 1786 3901 altare
1811 3840 2043 3891 aureum

452 3910 669 3982 fecerit,
690 3913 840 3973 dicit.
862 3912 1087 3972 Constat
1125 3924 1306 3975 autem
1340 3916 1470 3987 quia
1491 3923 1701 3975 tantum
1725 3916 1905 3976 facere
1929 3933 2043 3975 non

449 4005 645 4074 potuit,
682 4016 949 4077 quantum
999 4007 1129 4066 fecit
1164 4008 1506 4077 holocausti;
1566 4011 1694 4082 quia
1747 4011 1793 4067 si
1846 4010 2042 4083 viginti

450 4098 755 4163 cubitorum
791 4100 1205 4174 inlongitudine
1236 4112 1291 4161 et
1315 4102 1605 4167 latitudine
1636 4103 1842 4159 factum
1867 4112 2037 4171 esset,

453 4196 624 4245 totam
665 4190 851 4264 templi
902 4192 1241 4253 latitudinem
1295 4194 1567 4265 impleret.
1619 4194 1833 4263 Quanto
1877 4195 2042 4265 igitur

450 4280 699 4347 exterius
715 4289 834 4339 erat
845 4282 1082 4355 positum
1104 4283 1277 4341 altare
1302 4283 1630 4349 holocausti,
1658 4300 1823 4355 quam
1848 4284 2040 4340 incen-

458 4371 523 4438 si,
554 4381 924 4444 quantumque
950 4388 1149 4447 genere
1175 4375 1467 4437 oblationis
1486 4392 1550 4432 ac
1574 4375 1807 4447 utilitate
1832 4376 2045 4435 metalli

454 4462 745 4566 ignobilius
775 4464 898 4531 fuit,
947 4472 1156 4523 tantum
1186 4467 1487 4539 quantitate
1523 4482 1791 4525 mensurae
1834 4476 1889 4522 et
1913 4468 2040 4523 hos-
2062 4507 2127 4575 Β

456 4552 652 4609 tiarum
693 4553 1003 4627 frequentia.
1046 4558 1363 4626 praestabat.
1406 4557 1544 4629 Quia
1575 4557 1831 4612 nimirum
1856 4557 2042 4628 plures

458 4650 587 4698 sunt
627 4642 799 4699 multo
844 4645 1041 4715 quibus
1069 4644 1319 4699 dicatur:
1353 4664 1372 4696 ‹
1409 4643 1469 4700 Si
1522 4645 1606 4700 vis
1649 4645 1716 4715 ad
1742 4645 1912 4700 vitam
1958 4647 2039 4701 in-

360 4784 375 4799 ,
457 4732 630 4801 gredi,
664 4746 822 4803 serva
868 4732 1125 4793 mandata
1156 4733 1376 4806 (Matth.
1413 4735 1553 4807 XIX),
1584 4750 1747 4805 quam
1778 4750 1915 4807 quos
1940 4752 2036 4790 au-

455 4822 574 4879 dire
610 4822 840 4880 delectet
883 4841 897 4879 :
931 4844 949 4878 ‹
996 4822 1059 4881 Si
1080 4824 1164 4879 vis
1190 4824 1463 4895 perfectus
1490 4840 1634 4895 esse,
1683 4826 1838 4893 vade,
1868 4827 2039 4883 vende

457 4927 576 4985 qua:
603 4912 795 4981 habes,
830 4920 886 4969 et
934 4913 1001 4970 da
1024 4914 1354 4985 pauperibus
1380 4912 1592 4987 (Ibid.).
1652 4934 1670 4966 ι
1716 4914 1829 4970 Nec
1855 4923 2040 4971 tamen

457 5001 617 5072 hujus
641 5019 900 5071 mensura
944 5004 1132 5061 altaris
1172 5005 1390 5080 mystici
1416 5006 1626 5061 ratione
1654 5015 1806 5062 caret
1838 5014 1893 5062 et
1942 5023 2040 5062 nu—

459 5107 630 5147 mero.
671 5093 847 5150 Habet
882 5094 1026 5150 enim
1080 5093 1269 5167 viginti
1302 5094 1514 5151 cubitos
1559 5095 1933 5169 longitudinis,
1985 5105 2040 5152 et

461 5183 688 5239 totidem
716 5184 1038 5253 latitudinis,
1085 5194 1141 5243 et
1166 5187 1353 5244 decem
1384 5189 1597 5246 cubitos
1626 5189 1946 5257 altitudinis,
1972 5191 2043 5244 de

461 5289 571 5351 quo
608 5275 823 5345 quidem
853 5293 1080 5333 numero
1108 5294 1273 5351 supra
1303 5280 1358 5334 in
1388 5281 1726 5352 expositione
1764 5279 1950 5351 templi
1985 5290 2041 5336 et

462 5365 715 5421 vestibuli
745 5367 862 5445 ejus
904 5368 1156 5436 diximus,
1209 5371 1305 5428 sed
1331 5379 1386 5425 et
1411 5387 1555 5426 nunc
1579 5370 1865 5426 dicendum
1912 5371 2037 5426 bre-

462 5455 625 5524 viter,
662 5457 790 5529 quia
843 5458 888 5516 si
931 5459 1100 5516 altare
1125 5459 1427 5517 bolocausti
1452 5460 1667 5515 illorum
1693 5460 1748 5514 in
1796 5459 2041 5515 Ecclesia

462 5556 654 5619 typum
678 5555 847 5619 tenet,
872 5549 966 5622 qui
996 5566 1152 5607 suum
1191 5567 1389 5621 corpus
1419 5559 1473 5605 et
1500 5550 1737 5606 animam
1770 5551 1881 5607 Deo
1906 5567 2039 5607 con-

463 5650 682 5696 secrare
707 5657 808 5714 per
836 5642 1017 5716 ignem
1053 5642 1256 5699 amoris
1302 5642 1445 5698 illius
1491 5651 1762 5714 quaerunt,
1793 5659 2041 5716 perseve-

467 5730 645 5783 rantia
697 5731 889 5791 borum
914 5735 970 5790 in
994 5734 1136 5791 bona
1177 5734 1489 5805 operatione
1526 5750 1623 5806 per
1651 5735 2037 5808 longitudinem

2147 1902 2315 1959 menti
2347 1908 2592 1966 auctore,
2627 1908 2683 1956 et
2704 1899 3167 1971 perseverantiam
3194 1897 3324 1954 boni
3359 1895 3541 1966 operis
3563 1894 3741 1949 etiam

2146 1993 2205 2052 in
2242 1992 2705 2063 persecutionibus
2753 2002 2996 2057 servant,
3026 2000 3081 2047 et
3120 1991 3452 2047 hilaritatem
3476 1987 3739 2043 dilectio-

2145 2085 2232 2142 nis
2262 2070 2425 2141 ctiam
2454 2086 2509 2141 in
2534 2101 2630 2142 eos
2666 2085 2761 2156 qui
2792 2091 3192 2155 persequuntur
3220 2080 3498 2139 exhibent.
3555 2078 3747 2133 Dena-

2146 2178 2228 2234 rio
2262 2186 2441 2233 autem
2475 2193 2701 2234 numero
2740 2192 2863 2247 spes
2898 2175 3201 2233 cmlestium
3227 2172 3575 2245 praemiorum
3607 2166 3749 2223 solet

2148 2269 2440 2341 designari,
2470 2270 2698 2325 Domino
2727 2268 3053 2334 afﬁrmante,
3102 2282 3226 2324 cum
3258 2280 3354 2320 eos
3379 2263 3470 2333 qui
3496 2263 3552 2316 in
3583 2261 3751 2317 vinea

2147 2361 2332 2429 magni
2362 2358 2774 2429 patrisfamilias
2812 2359 3062 2414 laborant
3109 2355 3331 2419 denario
3388 2364 3750 2408 remuneratio

2149 2448 2249 2509 dos
2275 2464 2395 2505 esse
2432 2457 2659 2505 testatur
2680 2449 2899 2521 (Matth.
2926 2448 3041 2521 xx).
3072 2448 3143 2503 Et
3177 2447 3320 2502 idem
3354 2446 3551 2509 altare,
3595 2439 3751 2513 quod

2149 2542 2206 2611 in
2248 2542 2421 2614 ﬁgura
2450 2542 2653 2601 factum
2674 2551 2758 2600 est
2787 2543 3105 2607 electorum,
3122 2542 3192 2597 ob
3211 2536 3627 2611 signiﬁcandam
3651 2548 3749 2589 eo-

2149 2648 2269 2687 rum
2283 2637 2451 2687 vitam
2465 2642 2803 2703 perpetuam,
2822 2636 3009 2690 decem
3032 2639 3150 2688 erat
3172 2631 3370 2686 cubitis
3393 2628 3587 2683 altum.
3604 2625 3747 2683 Cum

2149 2738 2280 2779 vero
2329 2726 2533 2781 dictum
2572 2736 2655 2783 est
2678 2728 2805 2798 quia
2849 2728 2979 2783 fecit
3006 2725 3263 2782 Salomon
3285 2723 3460 2777 altare
3486 2732 3745 2785 aureum,

2150 2815 2391 2870 additum
2418 2826 2504 2870 est
2532 2817 2810 2873 continuo.

2197 2925 2245 2970 ,ί
2289 2904 2358 2960 Et
2388 2896 2655 2975 mensam,
2679 2924 2841 2980 super
2864 2923 3024 2980 quam
3054 2912 3391 2978 ponerentur
3416 2913 3589 2973 panes
3614 2913 3745 2971 pro-

2155 3015 2174 3051 ι
2218 2998 2525 3067 positionis,
2545 3017 2788 3068 auream,
2818 3010 2923 3058 etc.
2961 3020 2979 3053 ι
3011 2999 3388 3055 Mensaautem
3410 3009 3580 3050 aurea
3596 2992 3741 3048 Scri-

2148 3109 2309 3171 ptura
2350 3106 2435 3154 cst
2488 3110 2642 3150 sacra
2679 3093 2939 3165 spiritalis
2986 3090 3355 3165 intelligentiae
3384 3086 3635 3142 claritate
3666 3082 3745 3139 fe-

2147 3189 2341 3245 cunda.
2371 3189 2449 3243 De
2472 3202 2576 3257 qua
2605 3183 2892 3241 Psalmista
2919 3182 3149 3238 Domino
3173 3199 3185 3235 :
3218 3200 3236 3231 ‹
3278 3177 3511 3243 Parasti,
3538 3174 3747 3246 inquit,

2145 3281 2201 3336 in
2247 3286 2542 3350 conspectu
2584 3291 2707 3331 meo
2733 3290 2978 3331 mensam
3011 3275 3269 3329 adversus
3308 3286 3401 3326 eos
3441 3269 3534 3340 qui
3568 3268 3749 3325 tribu—

2144 3370 2259 3425 lant
2318 3385 2406 3424 me
2451 3367 2625 3439 (Psal.
2668 3366 2842 3437 xxiv).
2908 3386 2926 3416 ι
2978 3365 3057 3419 Ne
3105 3364 3251 3421 enim
3290 3377 3391 3417 nos
3432 3357 3746 3415 adversarii

2144 3461 2467 3518 tribulantea
2487 3460 2556 3515 ad
2576 3472 2822 3515 errorem
2844 3456 3141 3523 inﬂectant,
3163 3468 3408 3511 mensam
3429 3452 3593 3508 nobis
3612 3466 3748 3507 con-

2145 3552 2288 3609 ditor
2312 3559 2499 3608 noster
2544 3551 2789 3608 scientia
2811 3549 3069 3613 caelestis,
3099 3564 3198 3618 per
3223 3561 3393 3618 quam
3417 3546 3471 3600 in
3504 3544 3613 3600 ﬁde
3630 3558 3738 3599 ve-

2144 3644 2326 3701 n'tatis
2359 3642 2755 3709 confortemur,
2792 3643 3026 3714 paravit.
3055 3640 3231 3696 Panes
3262 3652 3500 3707 namque
3540 3649 3750 3706 propo-

2145 3737 2360 3795 sitionis
2394 3737 2571 3794 sancti
2630 3745 2756 3793 sunt
2802 3736 3085 3799 doctores;
3149 3747 3380 3803 quorum
3419 3729 3509 3786 vel
3560 3743 3743 3798 opera

2143 3828 2322 3894 nobis,
2357 3828 2441 3885 vel
2476 3828 2643 3885 verba
2677 3828 2934 3883 salutaria
2963 3826 3041 3882 ad-
3058 3823 3367 3894 exemplum
3394 3822 3522 3877 vita:
3543 3834 3750 3891 propo-

2145 3918 2274 3985 sita,
2323 3934 2540 3989 semper
2570 3919 2626 3976 in
2653 3919 2859 3977 divinis
2890 3917 3124 3990 paginis,
3151 3915 3401 3987 quisquis
3428 3914 3568 3969 bene
3590 3926 3747 3982 quae-

2145 4010 2240 4077 rit,
2271 4010 2497 4067 invenit.
2526 4011 2680 4071 Unde
2700 4019 2825 4082 apte
2853 4012 3015 4067 iidem
3044 4024 3215 4081 panes
3244 4010 3299 4064 in
3326 4007 3513 4064 Exodo
3533 4004 3745 4061 duode-

2147 4101 2254 4159 cim
2277 4102 2403 4159 ﬁeri
2419 4104 2679 4173 praecepti
2713 4112 2843 4160 sunt
2872 4120 2887 4158 :
2920 4102 3173 4159 videlicet
3204 4107 3431 4170 propter
3456 4093 3743 4165 φοεωίω

2146 4192 2456 4258 duodecim,
2488 4207 2725 4263 quorum
2765 4194 3073 4253 ministerio
3112 4191 3273 4249 nobis
3306 4190 3587 4259 Scriptura
3631 4186 3743 4241 To-

2150 4285 2352 4343 smenti
2379 4286 2599 4343 condita
2625 4294 2729 4352 est,
2771 4294 2826 4343 et
2850 4284 3203 4343 [mnumenti
3224 4281 3458 4345 Veteeis,
3496 4280 3749 4335 thum

2146 4373 2403 4443 Domino,
2443 4377 2680 4433 revelata
2713 4378 2991 4448 mysteria.
3040 4376 3161 4442 Quo
3211 4373 3471 4433 nimia-mn
3505 4382 3743 4427 nutriere

2143 4481 2253 4525 non
2302 4474 2513 4522 tanwm
2546 4467 2708 4525 iidem
2760 4466 3008 4537 apostoli,
3054 4465 3153 4525 sed
3191 4478 3383 4523 omnes
3432 4457 3737 4519 eumdem-

2147 4558 2319 4627 ΒΜΙ-ίν
2362 4558 2476 4626 Qui,
2503 4559 2731 4617 verbum
2756 4557 3121 4629 prmdieando,
3158 4553 3417 4624 pabulum
3446 4552 3573 4606 vita:
3594 4548 3736 4606 ﬁde-

2145 4652 2287 4710 libus
2322 4654 2632 4710 ministrant
2664 4671 2677 4707 :
2713 4653 2838 4723 quia
2875 4667 3064 4707 omnes
3093 4651 3281 4720 utique
3308 4648 3487 4717 ipsum
3519 4642 3733 4699 doctri-

2144 4758 2229 4801 nae
2257 4742 2507 4807 formam,
2534 4757 2697 4811 quam
2725 4744 2779 4798 in
2812 4742 3038 4799 Domino
3066 4738 3310 4810 Apostoli
3334 4748 3615 4805 accepere.
3648 4747 3738 4793 se-

2145 4838 2406 4902 quuntur.
2440 4830 2593 4897 Quod
2611 4846 2737 4886 vero
2767 4830 2822 4884 in
2850 4827 3043 4885 Verbis
3070 4828 3291 4883 Dierum
3321 4824 3573 4894 legimus.
3604 4819 3743 4891 quia,

2151 4940 2168 4972 ι
2216 4921 2344 4976 fecit
2398 4919 2654 4981 Salomon
2701 4936 2917 4977 mensas
2972 4921 3180 4984 decem,
3219 4918 3508 4988 posuitque
3550 4927 3648 4975 cas
3678 4912 3731 4967 iu

2144 5010 2364 5082 templo,
2392 5012 2631 5083 quinque
2680 5028 2711 5067 a
2737 5011 2963 5076 dextris,
3006 5019 3061 5065 et
3101 5008 3342 5080 quinque
3384 5023 3415 5062 a
3471 5003 3732 5070 sinistris,

2141 5103 2353 5174 phialas
2394 5119 2608 5174 quoque
2660 5119 2852 5160 aureas
2892 5112 3108 5159 centum
3143 5101 3227 5173 (ΙΙ
3258 5100 3387 5155 Par.
3430 5096 3529 5170 ιν),
3569 5115 3588 5148 ι
3623 5110 3733 5150 non

2143 5193 2245 5253 has
2271 5211 2561 5249 mensuras
2580 5203 2690 5250 tam
2732 5196 2799 5251 ad
2827 5210 3000 5266 panes
3028 5192 3445 5264 propositionis,
3469 5204 3632 5259 quam
3661 5185 3737 5241 ad

2142 5302 2275 5345 vasa
2325 5289 2538 5345 Domini
2588 5289 2852 5358 portanda
2902 5287 3076 5345 factas
3134 5300 3252 5341 csse
3309 5280 3571 5339 credibile
3621 5286 3731 5344 est,

2144 5377 2357 5451 phialas
2404 5377 2673 5445 videlicet,
2704 5394 2838 5449 quas
2884 5379 3088 5449 pariter
3137 5376 3307 5433 factas
3331 5373 3615 5442 Scriptura
3644 5383 3731 5425 re-

2146 5465 2271 5535 fert,
2289 5469 2741 5539 thymiamateria,
2761 5469 3051 5534 tburibula,
3074 5466 3411 5531 mortariola,
3443 5470 3731 5527 etcactera,

2147 5574 2267 5631 quae
2305 5560 2359 5614 in
2396 5562 2745 5630 sequentibus
2769 5561 3037 5633 leguntur.
3075 5560 3211 5617 Nam
3240 5557 3382 5629 quod
3413 5554 3573 5628 paulo
3604 5557 3729 5620 υυδι

2148 5649 2202 5705 in
2219 5652 2407 5706 eodem
2431 5653 2717 5708 verborum
2735 5653 3007 5710 volumine
3020 5650 3355 5709 subinfertur
3382 5658 3397 5697 :
3427 5662 3443 5694 ι
3464 5641 3729 5714 Ὲεείιςιιθ

2150 5736 2404 5796 Salomon
2431 5742 2610 5815 omnia
2643 5757 2769 5805 vasa
2792 5742 2981 5795 domus
3009 5733 3129 5801 Dei,
3159 5740 3215 5788 et
3235 5731 3406 5791 altare
3427 5748 3640 5791 aeneum
3667 5743 3729 5790 et
