3958 6470
505 388 611 450 185

1144 387 1209 442 B.
1249 383 1502 443 RABANI
1537 379 1759 440 MAURI
1795 375 2115 434 ARCHlEl’.
2155 372 2465 430 MOGUNT.
2506 370 2790 431 OPERUM
2833 370 3009 428 PARS
3042 371 3083 427 l.

3650 372 3757 432 εει

502 505 731 577 tes,‘qui
760 500 1106 569 instruendo,
1134 500 1476 574 baptizando,
1504 498 1717 556 Domini
1756 494 1997 566 corporis
2020 496 2077 547 et
2100 486 2157 548 Α
2176 502 2306 544 num
2337 488 2507 563 (Psal.
2537 490 2688 562 xxx).
2732 511 2751 543 ι
2788 489 2854 545 Ει
2881 498 3006 560 apte
3049 484 3200 542 multi
3246 494 3367 543 sunt
3407 487 3655 544 thesauri
3699 488 3759 545 in

500 596 780 670 sanguinis
822 596 1079 667 mysteria
1106 592 1576 658 communicando,
1606 587 1768 661 primi
1797 587 1952 641 nobis
1970 583 2073 639 Ec-

498 690 678 745 clesia
700 687 981 758 praesentis
1005 684 1193 741 limina
1213 684 1475 755 pandunt,
1504 682 1633 752 quid
1659 678 1906 735 cardines
1926 683 2076 731 utro-

498 792 727 848 rumque
749 775 1034 843 ostiorum,
1060 776 1166 831 nisi
1184 790 1374 831 sensus
1394 781 1450 829 et
1491 772 1655 829 corda
1692 776 1818 827 sunt
1861 782 2077 824 eorum-

496 870 619 925 dem
656 869 967 941 angelorum
1013 868 1127 925 sive
1172 866 1450 922 hominum
1492 873 1832 929 sanctorum,
1879 860 2074 930 quibus

495 959 845 1015 immobiliter
877 957 1314 1028 contemplationi
1357 960 1421 1012 ac
1450 954 1722 1011 dilectioni
1771 952 1856 1009 sui
1874 950 2075 1007 Condi-

491 1051 629 1107 toris
654 1052 953 1117 adhaerent,
976 1058 1037 1105 ut
1058 1063 1124 1105 eo
1169 1049 1529 1105 ministerium
1565 1045 1822 1100 divinitus
1849 1042 1951 1098 sibi
1982 1042 2073 1097 de-

491 1139 729 1211 legatum
761 1148 907 1196 recte
938 1140 1261 1210 compleant,
1286 1154 1393 1209 quo
1424 1155 1457 1194 a
1484 1138 1764 1192 voluntate
1808 1134 1954 1189 illius
1982 1132 2070 1188 cui

489 1222 804 1285 ministrant
854 1246 1130 1300 nunquam
1175 1230 1358 1286 oculos
1410 1229 1694 1285 avertunt?
1740 1226 2073 1298 Aperiuntur

491 1323 635 1377 enim
657 1332 712 1377 et
740 1322 1063 1379 clauduntur
1090 1324 1227 1379 ostia
1256 1332 1496 1391 tempore
1521 1334 1781 1391 congruo,
1813 1319 1905 1373 sed
1926 1315 2071 1372 nullo

490 1431 646 1470 suum
676 1417 951 1472 cardinem
977 1425 1217 1487 tempore
1242 1416 1516 1480 deserunt,
1550 1414 1675 1483 quia
1719 1421 1775 1467 et
1802 1411 1978 1482 angeli
1995 1408 2071 1464 ‘et

489 1505 738 1562 homines
761 1506 934 1561 sancti
961 1507 1075 1561 sive
1103 1506 1158 1559 in
1188 1506 1328 1559 hanc
1355 1505 1522 1558 vitam
1554 1503 1677 1568 ﬁde,
1712 1517 1807 1558 seu
1828 1502 1882 1555 in
1921 1500 2067 1555 illam

488 1613 584 1668 spe
611 1598 793 1654 ﬁdeles
831 1605 990 1667 atque
1020 1597 1220 1652 electos
1248 1595 1563 1665 suscipiant,
1593 1608 1807 1664 semper
1830 1593 2068 1647 animum

489 1685 543 1742 in
570 1691 752 1744 radice
779 1690 1005 1744 interna:
1040 1688 1345 1744 dilectionis
1373 1686 1537 1741 ﬁxum
1566 1693 1767 1740 tenent.
1802 1684 1955 1740 Unde
1982 1684 2070 1739 be

487 1793 556 1832 ne
586 1779 785 1833 ibidem
826 1766 985 1835 iidem
1024 1778 1272 1833 cardines
1310 1793 1375 1833 ex
1406 1793 1537 1831 auro
1565 1792 1684 1832 esse
1712 1774 1843 1829 facti
1879 1773 2065 1844 perhi—

480 1867 705 1934 bentur,
729 1877 948 1937 propter
972 1868 1222 1922 videlicet
1251 1867 1335 1921 vel
1375 1867 1625 1921 meritum
1650 1864 1885 1934 propria:
1904 1864 2065 1918 clari-

488 1960 631 2022 tatis,
661 1959 746 2012 vel
770 1960 931 2024 illius,
956 1974 1117 2028 quam
1146 1959 1346 2012 habent
1373 1957 1427 2011 in
1454 1972 1600 2021 eum,
1627 1955 1928 2011 charitatis.

559 2072 577 2103 ι
614 2051 679 2107 Et
723 2051 953 2122 perfecit
980 2067 1141 2107 omne
1183 2066 1318 2120 opus
1362 2051 1505 2121 quod
1549 2049 1782 2105 faciebat
1812 2048 2070 2103 Salomon

494 2158 513 2190 ι
552 2141 607 2194 in
652 2141 814 2196 domo
842 2142 1074 2197 Domini.
1110 2162 1128 2193 ›
1165 2141 1387 2196 Perﬁcit
1434 2141 1691 2196 Salomon
1745 2155 1880 2210 opus
1926 2140 2070 2209 quod

476 2228 715 2283 faciebat
741 2230 795 2284 in
824 2231 982 2286 domo
1022 2232 1255 2295 Domini,
1286 2247 1408 2287 cum
1437 2233 1551 2287 Rex
1579 2232 1841 2302 paciﬁcus
1879 2239 2070 2287 noster

476 2320 532 2374 in
564 2321 651 2375 die
694 2322 989 2377 novissima
1025 2338 1213 2379 omnes
1257 2324 1460 2379 electos
1500 2325 1917 2380 resurrectionis
1966 2327 2069 2379 im-

475 2412 810 2468 mortalitate
840 2414 1126 2483 gloriﬁcat.
1155 2415 1411 2486 Alioquin
1442 2415 1679 2485 quandiu
1702 2424 1877 2471 status
1904 2416 2066 2486 hujus

477 2503 658 2557 saeculi
688 2505 910 2573 geritur,
938 2504 1069 2560 facit
1097 2505 1315 2575 quidem
1340 2521 1475 2576 opus
1500 2506 1694 2561 domus
1718 2505 1931 2561 Domini
1964 2502 2067 2560 Sa?

481 2592 687 2660 lomon,
725 2595 821 2649 sed
848 2596 1085 2651 nondum
1132 2595 1365 2666 perﬁcit,
1399 2598 1527 2666 quia
1566 2596 1730 2652 corda
1765 2595 2064 2651 electorum

475 2689 757 2755 Dominus,
792 2699 852 2744 ut
886 2675 1032 2746 bona
1060 2699 1352 2760 operentur
1373 2731 1389 2756 ,
1427 2690 1658 2761 inspirat
1702 2697 1757 2744 et
1810 2687 2059 2757 adjuvat,

474 2780 681 2834 nullum
716 2788 896 2835 tamen
929 2782 983 2836 in
1016 2782 1119 2838 hac
1169 2783 1433 2838 duntaxat
1480 2782 1592 2837 vita
1631 2788 2063 2839 commorantem

469 2871 675 2940 absque
697 2881 931 2942 .peccato
963 2888 1086 2929 esse
1120 2873 1333 2940 tribuit,
1359 2888 1592 2943 namque
1619 2874 1723 2929 hoc
1751 2873 1950 2928 donum
1980 2870 2063 2926 fu-

472 2968 606 3016 turae
635 2962 757 3045 vitae
786 2964 1108 3019 beatitudini
1138 2973 1467 3023 reservatur.
1492 2964 1713 3020 Perﬁcit
1738 2977 1869 3019 vero
1894 2977 2058 3018 omne

468 3064 607 3119 opus
637 3052 820 3122 templi
840 3053 962 3121 sui,
998 3063 1053 3109 ct
1092 3056 1196 3111 hoc
1244 3055 1571 3112 dedicationi
1626 3062 1810 3126 aptum
1858 3054 2057 3120 reddit,

472 3157 595 3197 cum
621 3144 909 3201 translatos
949 3148 1015 3203 de
1059 3149 1163 3204 hac
1206 3148 1317 3204 vita
1364 3149 1567 3206 electos
1609 3164 1737 3204 suos
1791 3156 2056 3204 aeternum

468 3233 716 3302 perducit
755 3237 823 3292 ad
871 3252 1117 3309 regnum.
1150 3237 1303 3306 Quod
1331 3240 1471 3296 bene
1526 3238 1863 3311 signiﬁcatur
1890 3238 2055 3294 etiam

469 3322 523 3376 in
549 3339 613 3379 eo
658 3328 802 3395 quod
831 3330 1092 3400 templum
1123 3339 1329 3402 septem
1387 3332 1542 3387 annis
1568 3329 1891 3387 aediﬁcatum
1935 3339 2055 3399 est,

466 3422 663 3469 octavo
692 3425 872 3472 autem
899 3421 1200 3489 perfectum
1246 3438 1310 3477 ac
1338 3423 1641 3479 dedicatum
1679 3433 1781 3480 est.
1833 3423 2055 3494 Septem

466 3516 702 3574 namque
728 3507 918 3564 diebus
945 3525 1107 3567 omne
1156 3513 1259 3567 hoc
1306 3521 1519 3583 tempus
1542 3514 1809 3581 volvitur;
1860 3523 2054 3570 octava

466 3602 551 3648 est
580 3595 696 3650 dies
743 3596 935 3665 judicii
976 3608 1032 3654 et
1075 3603 1495 3659 resurrectionis
1539 3603 1775 3671 lutum,
1832 3605 1899 3659 de
1944 3620 2054 3677 qua

466 3685 663 3754 psalmi
691 3697 876 3745 sextus
904 3698 959 3746 et
989 3692 1310 3775 undecimus
1330 3694 1585 3750 attitulati
1610 3704 1754 3752 sunt.
1785 3695 1885 3753 Cui
1904 3697 2055 3753 vide-

464 3774 591 3834 licet
617 3781 849 3852 tempori
875 3783 1129 3839 convenit
1163 3792 1289 3855 apte
1313 3784 1457 3855 quod
1488 3786 1765 3856 sequitur:

545 3889 564 3922 ε
604 3871 673 3927 Et
710 3872 891 3928 intulit
916 3890 1037 3945 quae
1065 3875 1500 3932 sanctificaverat
1524 3878 1693 3934 David
1715 3885 1873 3950 pater
1898 3893 2050 3947 suus,

470 3978 489 4012 ι
525 3971 807 4032 argentum
839 3973 895 4020 et
924 3979 1119 4021 aurum
1146 3975 1201 4023 et
1230 3981 1393 4036 vasa,
1443 3969 1794 4041 reposuitque
1837 3969 1894 4024 in
1936 3969 2056 4025 the-

467 4070 486 4102 ‹
526 4053 703 4108 sauris
728 4053 921 4110 domus
947 4055 1183 4113 Domini.
1222 4076 1243 4112 ι
1271 4058 1570 4132 Argentum
1608 4077 1844 4133 namque
1869 4062 1938 4119 ad
1964 4062 2053 4118 ni-

463 4150 637 4199 torem
660 4144 998 4215 eloquentiae,
1023 4163 1217 4205 aurum
1253 4151 1321 4206 ad
1360 4152 1701 4222 splendorem
1731 4153 2010 4225 sapientiae
2034 4194 2052 4222 ,

461 4248 592 4289 vasa
639 4237 966 4307 generaliter
1007 4239 1074 4295 ad
1119 4242 1497 4297 rationabilem
1541 4244 1815 4315 pertinent
1838 4253 2056 4301 creatu-

459 4339 599 4380 ram.
655 4326 1073 4400 Sanctiﬁcatque
1103 4331 1272 4388 David
1310 4342 1466 4403 pater
1496 4333 1806 4391 Salomonis
1857 4350 2051 4408 argeno

457 4422 593 4484 tum,
619 4433 744 4474 cum
769 4419 913 4477 Deus
944 4421 1104 4478 Pater
1130 4423 1446 4495 eloquentes
1492 4441 1738 4497 quosque
1768 4427 1941 4499 gratia
1968 4429 2051 4484 sui

2168 584 2376 653 quibus
2394 598 2523 639 vasa
2548 582 2825 638 electionis
2847 580 3210 636 recondantur
3228 619 3244 644 ,
3301 580 3397 634 sed
3419 594 3530 634 una
3559 580 3760 636 domus

2176 674 2421 739 Domini,
2476 675 2531 729 in
2574 690 2679 744 qua
2706 672 2865 728 iidem
2900 671 3029 727 facti
3059 678 3185 727 sunt
3211 670 3491 736 thesauri,
3538 671 3673 740 quia
3706 678 3764 726 et

2168 768 2281 820 una
2313 767 2398 820 e‘st
2419 763 2680 830 Ecclesia,
2720 764 2776 818 in
2813 778 2920 833 qua
2949 775 3137 817 omnes
3165 759 3516 816 continentur
3560 760 3759 827 electi,

2175 856 2570 928 quantumlibet
2593 856 2801 911 meritis
2820 856 3042 920 distent,
3057 862 3111 909 et
3137 869 3261 920 una,
3290 868 3355 909 ac
3381 868 3490 907 non
3512 852 3759 919 diversa,

2175 958 2259 1006 est
2278 951 2449 1021 patria
2476 949 2566 1004 illa
2594 948 2847 1013 caelestis,
2880 962 2986 1018 qua
3018 947 3203 1002 electis
3247 944 3590 1015 promittitur
3638 960 3758 1000 om-

2173 1039 2364 1105 nibus;
2394 1038 2640 1109 quamvis
2667 1058 2685 1089 ι
2720 1037 2858 1093 sicut
2883 1035 3036 1091 stella
3079 1050 3110 1089 a
3147 1032 3303 1089 stella
3328 1031 3511 1089 differt
3548 1032 3607 1086 in
3641 1031 3759 1087 cla-

2175 1131 2354 1196 ritate,
2385 1130 2459 1184 ita
2496 1137 2553 1184 et
2591 1128 2920 1183 resurrectio
2962 1132 3297 1181 mortuorum
3327 1122 3381 1194 (Ι
3423 1120 3547 1176 Cor.
3576 1121 3696 1191 xv).
3736 1139 3756 1173 ι

2174 1222 2243 1276 Et
2265 1222 2408 1292 quod
2433 1230 2784 1291 utrorumque
2806 1218 2969 1289 judex
3017 1219 3132 1288 ipse
3166 1232 3233 1272 ac
3261 1216 3583 1271 distributor
3613 1229 3760 1284 prae-

2173 1313 2403 1368 miorum
2432 1313 2711 1377 Dominus,
2739 1326 2845 1365 una
2881 1308 3149 1365 sententia
3177 1305 3587 1369 demonstravit,
3627 1319 3760 1359 cum

2173 1404 2290 1458 ait:
2334 1423 2352 1454 ι
2387 1402 2444 1457 In
2495 1401 2656 1457 domo
2686 1401 2862 1457 Patris
2903 1399 3008 1455 mei
3037 1397 3348 1453 mansiones
3396 1395 3581 1452 multa:
3628 1402 3761 1449 sunt

2173 1494 2354 1567 (Joan.
2384 1494 2518 1557 xxv).
2557 1513 2576 1547 ι

2760 1581 2987 1639 CAPUT
3030 1579 3155 1638 VIII.

2174 1697 2327 1766 Quod
2346 1699 2495 1755 illata
2508 1716 2632 1753 arca
2648 1698 2855 1752 Domini
2874 1699 2927 1751 in
2948 1695 3219 1751 oraculum
3241 1692 3483 1766 templiin
3504 1688 3765 1766 Sanctum

2248 1781 2568 1835 sanctorum,
2595 1778 2758 1824 vectes
2779 1767 2893 1837 ejus
2916 1767 3057 1820 ultra
3082 1783 3185 1819 non
3210 1763 3531 1835 apparebant
3557 1763 3766 1837 eali-in-

2092 1832 2139 1891 B
2237 1858 2385 1896 secus
2417 1831 2563 1894 sicut
2596 1831 3024 1910 primaprimae
3066 1831 3458 1910 consueuerant.
3491 1862 3561 1872 -—
3584 1831 3664 1886 De
3699 1848 3764 1886 eo

2243 1910 2382 1982 quod
2414 1905 2606 1982 nebula
2638 1905 2863 1977 impleuit
2887 1909 3099 1982 domum
3124 1905 3357 1982 _Domt'm'
3386 1913 3433 1957 et
3460 1919 3564 1956 non
3612 1910 3763 1982 pote-

2245 1971 2363 2035 rant
2403 1971 2877 2034 sacerdotes'slare
2910 1985 2959 2030 et
3006 1976 3305 2029 ministrare
3340 1982 3551 2043 propter
3592 1971 3765 2025 nebu-

2244 2051 2382 2116 lam;
2438 2060 2484 2103 et
2533 2048 2596 2103 de
2646 2047 2973 2102 dedicatione
3002 2045 3179 2116 templi
3206 2060 3299 2115 per
3327 2043 3666 2098 Salomonem
3710 2048 3764 2094 et

2241 2121 2493 2193 populum
2520 2117 2712 2173 Israel.
3142 2162 3145 2163 ν

2243 2232 2392 2306 (αλιι.
2416 2230 2560 2304 vni.)
2594 2250 2613 2283 ‹
2646 2230 2715 2285 Et
2765 2228 3061 2285 intulerunt
3106 2225 3416 2283 sacerdotes
3445 2235 3634 2278 arcam
3661 2218 3766 2277 fm-

2174 2344 2194 2378 c
2226 2325 2370 2381 deris
2390 2324 2602 2378 Domini
2656 2323 2710 2378 in
2756 2322 2935 2378 locum
2971 2335 3150 2387 suum,
3181 2320 3235 2375 in
3261 2316 3540 2374 oraculum
3572 2312 3765 2384 templi

2173 2435 2192 2467 ‹
2230 2416 2286 2471 ἰη
2317 2414 2579 2471 Sanctum
2621 2423 2930 2470 sanctorum
2960 2413 3145 2468 subter
3182 2409 3294 2465 alas
3343 2405 3648 2464 cherubim.
3698 2402 3764 2458 Si

2172 2525 2192 2559 ‹
2228 2506 2446 2576 quidem
2473 2505 2753 2562 cherubim
2796 2501 3175 2572 expandebant
3222 2498 3336 2554 alas
3366 2509 3532 2567 super
3572 2494 3761 2549 locum

2171 2616 2190 2650 ι
2226 2611 2388 2662 arcae,
2402 2603 2458 2651 et
2483 2595 2840 2665 protegebant
2861 2606 3045 2647 arcam
3069 2597 3126 2645 et
3151 2594 3333 2643 vectes
3359 2584 3477 2654 ejus
3495 2584 3757 2650 desuper.

2171 2705 2190 2739 ι
2221 2687 2465 2758 Cumque
2493 2685 2800 2741 eminerent
2826 2692 3010 2738 vectes
3039 2688 3096 2737 et
3115 2682 3442 2751 apparerent
3467 2672 3759 2730 summita-

2167 2805 2189 2839 ς
2219 2793 2303 2841 tes
2329 2800 2519 2841 eorum
2552 2782 2686 2838 foris
2715 2761 3084 2837 sanctuarium
3126 2784 3254 2831 ante
3296 2770 3608 2833 oraculum,
3641 2780 3754 2822 non

2167 2896 2187 2931 ‹
2220 2877 2551 2948 apparebant
2584 2874 2726 2930 ultra
2772 2872 3108 2928 extrinsecus
3129 2907 3147 2935 ,
3202 2856 3295 2937 qui
3321 2873 3379 2919 et
3427 2861 3651 2917 fuerunt
3677 2857 3759 2913 ibi

2167 2984 2187 3019 ι
2216 2981 2391 3036 usque
2409 2965 2463 3020 in
2484 2970 2808 3037 praesentem
2832 2961 2995 3017 diem.
3030 2958 3085 3013 ln
3107 2971 3235 3013 arca
3271 2962 3453 3009 autem
3492 2965 3600 3005 non
3628 2955 3754 3003 erat

2165 3078 2185 3112 ‹
2221 3058 2386 3124 aliud,
2410 3058 2517 3112 nisi
2538 3057 2656 3112 duae
2683 3054 2879 3110 tabula:
2904 3051 3146 3123 lapideae,
3163 3062 3297 3119 quas
3316 3050 3578 3117 posuerat
3604 3040 3662 3094 in
3684 3053 3753 3093 ea

2165 3170 2185 3203 ι
2216 3150 2426 3221 Moyses
2461 3150 2517 3203 in
2544 3148 2748 3214 Horeb,
2783 3145 2999 3216 quando
3033 3140 3238 3213 pepigit
3282 3137 3459 3193 fmdus
3488 3132 3757 3221 Dominus

2166 3262 2185 3294 ι
2218 3220 2342 3297 cum
2371 3239 2496 3294 ﬁliis
2526 3237 2711 3302 Israel,
2739 3231 3272 3305 cumegrederentur
3310 3228 3376 3283 de
3405 3233 3553 3281 terra
3577 3220 3754 3293 Egy-

2164 3349 2183 3384 r
2214 3331 2314 3402 pti,
2344 3338 2452 3386 etc.
2483 3347 2502 3381 ι
2531 3328 2684 3396 Quod
2710 3326 2862 3381 illata
2888 3339 3015 3395 arca
3044 3323 3098 3376 in
3127 3319 3386 3376 Sanctum
3426 3323 3751 3371 sanctorum

2157 3410 2383 3486 dicitur,
2444 3433 2677 3489 cumque
2726 3417 3023 3473 eminerent
3066 3421 3245 3468 vectes
3291 3417 3349 3464 et
3391 3414 3745 3479 apparerent,

2158 3512 2497 3569 summitates
2518 3523 2706 3564 eorum
2733 3507 2863 3562 foris
2885 3503 3253 3560 sanctuarium
3270 3516 3379 3556 non
3406 3498 3752 3568 apparebant

2157 3601 2299 3658 ultra
2321 3600 2678 3665 extrinsecus,
2708 3598 2813 3652 hoc
2839 3593 3181 3650 manifestius
3204 3592 3260 3647 in
3296 3588 3754 3658 Paralipomenon

2156 3695 2430 3751 volumine
2451 3691 2707 3749 scribitur
2735 3708 2748 3744 :
2791 3709 2809 3741 ι
2843 3688 3113 3753 Vectium,
3143 3684 3344 3757 inquit,
3375 3682 3574 3753 quibus
3623 3694 3758 3751 por-

2157 3786 2349 3843 tab'ant
2376 3797 2583 3850 arcam,
2606 3781 2733 3853 quia
2770 3778 3048 3851 paululum
3072 3776 3345 3848 longiores
3369 3779 3546 3837 erant,
3568 3770 3759 3840 capita

2152 3878 2424 3950 parebant
2446 3882 2574 3931 ante
2596 3872 2898 3930 oraculum.
2930 3870 2989 3926 Si
3007 3882 3141 3925 vero
3160 3867 3285 3938 quis
3311 3863 3589 3937 paululum
3614 3860 3757 3917 fuis-

2155 3975 2241 4025 set
2260 3966 2621 4032 extrinsecus,
2635 3979 2731 4021 eos
2756 3963 2942 4019 videre
2959 3976 3069 4017 non
3093 3966 3326 4031 poterat.
3360 3975 3380 4008 ι
3409 3954 3513 4011 Ubi
3550 3960 3758 4008 notan-

2155 4057 2286 4114 dum
2312 4056 2457 4128 quod
2486 4055 2590 4111 etsi
2619 4054 2798 4124 capita
2823 4053 3060 4109 vectium
3092 4045 3476 4105 accedentibus
3522 4042 3758 4113 propius

2155 4165 2222 4205 ac
2249 4147 2559 4220 diligentius
2604 4144 2936 4201 intuentibus
2961 4142 3219 4214 patebant
3274 4146 3401 4194 ante
3427 4133 3741 4199 oraculum,

2153 4254 2264 4295 non
2293 4247 2474 4293 tamen
2503 4236 2621 4291 ﬁeri
2648 4242 2889 4306 poterat,
2942 4240 3002 4286 ut
3030 4232 3145 4302 ipsa
3169 4242 3355 4285 eorum
3384 4224 3561 4297 capita
3618 4232 3755 4280 ante

2153 4329 2434 4387 oraculum
2470 4328 2795 4393 eminerent,
2825 4323 2953 4394 quia
2989 4323 3246 4378 nimirum
3274 4332 3497 4375 necesse
3520 4322 3747 4382 eratut,

2154 4421 2337 4477 clauso
2367 4419 2587 4476 oraculo
2621 4425 2679 4473 et
2713 4430 2951 4487 appenso
2998 4420 3125 4469 ante
3152 4411 3294 4468 ostia
3316 4409 3456 4477 velo,
3486 4409 3587 4479 ipsi
3611 4421 3750 4478 quo-

458 4506 695 4577 Spiritus
735 4512 803 4567 ad
825 4512 1153 4583 loquendum
1192 4518 1416 4572 verbum
1452 4519 1728 4590 Evangelii
1760 4519 2048 4576 confortat.
2078 4528 2133 4589 D
2158 4527 2263 4590 que
2299 4519 2483 4566 νθοῑθε
2503 4508 2603 4564 to“
2628 4502 2750 4563 cum
2778 4521 2907 4563 ποθ
2927 4514 2984 4561 et
3009 4504 3293 4560 Chembim
3317 4500 3751 4590 abderemmiin'

457 4597 775 4655 Sanctiﬁcat
803 4619 993 4657 aurum
1019 4646 1033 4670 ,
1083 4622 1206 4661 cum
1246 4609 1480 4663 naturali
1527 4610 1743 4681 ingenio
1789 4613 2046 4681 pricditos

455 4701 555 4742 suo
584 4690 798 4758 replens
826 4691 1043 4761 Spiritu'
1058 4696 1128 4749 ad
1153 4697 1547 4753 consideranda
1578 4700 1633 4753 in
1660 4699 1778 4770 lege
1808 4716 1906 4756 sua
1952 4703 2047 4757 mi-

455 4778 644 4833 rabilia
685 4779 975 4838 illuminat.
1022 4782 1340 4842 Sanctiﬁcat
1368 4795 1422 4842 et
1453 4803 1605 4854 vasa,
1634 4805 1758 4846 cum
1791 4793 2043 4849 omnibus

453 4871 783 4960 generaliter
810 4872 1067 4931 Ecclesiae
1100 4876 1226 4933 ﬁliis
1253 4879 1495 4950 ejusdem
1526 4880 1767 4952 Spiritus
1810 4885 2061 4960 gratiam.

454 4958 702 5030 largitus,
734 4962 800 5017 ad
823 4964 1054 5021 amanda
1090 4966 1209 5023 illos
1244 4978 1300 5024 et
1330 4971 1629 5041 appetenda
1672 4973 1813 5029 dona
1840 4989 2037 5045 perpe-

455 5057 561 5103 tua:
586 5051 777 5108 salutis
804 5053 1120 5111 inﬂammat.
1140 5055 1254 5114 Hoc
1279 5069 1455 5116 autem
1480 5072 1783 5137 argentum,
1814 5063 1921 5119 hoc
1943 5077 2039 5118 au-

454 5156 599 5208 rum,
624 5144 741 5198 haec
780 5148 1116 5205 sanctiﬁcata
1141 5165 1286 5216 vasa,
1316 5151 1570 5211 Salomon
1599 5153 1765 5210 infert
1810 5155 1863 5209 in
1899 5162 2065 5210 tem-'

453 5232 623 5303 plum,
655 5250 778 5317 cum
817 5237 1080 5295 Dominus
1106 5251 1310 5310 noster,
1366 5244 1907 5315 peracto‘universali
1948 5244 2040 5314 ju-

455 5321 618 5390 dicio,
642 5339 832 5383 omnes
878 5327 1083 5388 electos
1108 5342 1165 5391 et
1201 5335 1483 5392 doctorum
1510 5335 1764 5390 videlicet
1799 5343 1855 5390 et
1882 5343 2015 5391 caete

453 5424 638 5468 rorum
669 5413 905 5474 fidelium
936 5434 1137 5479 coetum
1164 5464 1180 5492 ,
1235 5425 1291 5480 in
1339 5425 1592 5496 gaudium
1622 5426 1773 5497 regni
1803 5426 2039 5483 coelestia

451 5502 766 5563 introducit.
800 5510 1137 5586 Reponitque
1161 5529 1293 5570 vasa
1321 5517 1522 5571 diversi
1544 5517 1760 5589 generis
1780 5526 2039 5589 argentea

450 5594 566 5652 sive
615 5615 779 5658 aurea
819 5604 873 5659 in
911 5606 1183 5662 thesauris
1212 5606 1406 5663 domus
1438 5608 1668 5675 Domini,
1702 5610 1916 5679 quando
1945 5624 2039 5665 eos

449 5689 540 5757 qui
566 5692 907 5751 multitudine
936 5697 1235 5753 dulcedinis
1259 5696 1375 5766 ejus
1401 5697 1502 5751 frui
1527 5700 1844 5763 meruerint,
1877 5721 1893 5751 ι
1917 5701 2039 5757 abs-

450 5778 633 5836 condit
666 5780 723 5836 in
769 5780 953 5839 abdito
972 5787 1158 5837 vultus
1207 5788 1291 5842 sui
1339 5803 1370 5841 a
1409 5790 1822 5849 conturbatione
1859 5794 2037 5849 homi-

2213 4604 2345 4657 rius.
2379 4601 2533 4667 Quod
2560 4598 2679 4653 ﬁeri
2713 4613 2820 4653 non
2859 4602 3094 4667 poterat,
3120 4594 3166 4649 si
3189 4591 3558 4663 prominentes
3600 4587 3746 4643 ulte-

2152 4696 2270 4750 rius
2288 4701 2471 4750 vectes
2491 4690 2854 4764 producendis
2888 4691 2957 4745 ad
2990 4687 3347 4744 claudendum
3371 4684 3528 4740 ostiis
3562 4682 3745 4738 locum

2151 4800 2261 4841 non
2289 4784 2501 4839 darent.
2531 4782 2772 4850 Quorum
2822 4780 3146 4852 positionem
3178 4776 3416 4833 vectium
3454 4772 3744 4843 Scriptura

2148 4891 2257 4932 non
2296 4876 2413 4931 sine
2442 4874 2744 4941 causa,sed
2781 4871 2964 4942 magni
3008 4871 3206 4926 intuitu
3249 4868 3598 4934 sacramenti,
3627 4875 3742 4923 tam

2148 4967 2436 5039 diligenter
2478 4964 2735 5037 expedire
2773 4963 3002 5020 curavit.
3039 4961 3265 5018 Constat
3300 4960 3445 5016 enim
3470 4957 3598 5029 quia
3642 4957 3742 5013 do-

2148 5072 2272 5112 mus
2297 5056 2482 5127 templi
2511 5054 2751 5111 exterior
2800 5052 3238 5125 peregrinantem
3282 5051 3336 5105 in
3364 5050 3530 5106 terris
3552 5047 3740 5105 Eccle-

2148 5148 2306 5214 siam,
2336 5154 2525 5203 sancta
2581 5154 2763 5201 autem
2813 5148 3126 5199 sanctorum
3175 5143 3444 5198 internam
3488 5154 3739 5210 superna

2145 5241 2336 5311 patria:
2361 5239 2677 5295 felicitatem
2704 5237 2969 5309 designat.
2987 5236 3120 5291 item
3143 5235 3288 5291 illata
3312 5236 3363 5290 in
3391 5243 3580 5289 sancta
3605 5247 3736 5288 san-

2147 5342 2357 5389 ctorum
2377 5348 2503 5389 arca
2529 5340 2862 5402 assumptam
2886 5330 3085 5387 Christi
3107 5330 3493 5385 humanitatem
3517 5335 3573 5383 et
3590 5327 3737 5382 intra

2144 5423 2324 5479 velum
2349 5422 2515 5495 regite
2543 5421 2780 5477 ctelestis
2826 5421 3119 5486 inductam,
3141 5427 3326 5475 vectes
3360 5432 3511 5482 vero,
3536 5415 3737 5487 quibus

2141 5516 2331 5571 eadem
2361 5529 2488 5571 arca
2511 5515 2847 5584 portebatur,
2874 5514 3259 5584 praedicatores
3279 5511 3453 5575 verbi,
3475 5523 3573 5580 per
3594 5521 3737 5579 quos

2141 5608 2255 5678 ipse
2287 5608 2497 5664 mundo
2531 5608 2788 5675 innotuit,
2811 5608 2992 5677 typice
3014 5605 3355 5662 denuntiant.
3387 5602 3518 5657 Erat
3542 5604 3732 5652 autem
3788 5633 3826 5671 α

2142 5700 2194 5753 in
2235 5715 2361 5756 arca
2389 5714 2526 5754 urna
2565 5714 2729 5755 aurea
2759 5699 2968 5755 habens
3018 5706 3231 5754 manna,
3271 5689 3399 5759 (lilia
3432 5706 3451 5740 ί
3484 5688 3541 5743 in
3572 5706 3593 5739 ³
3623 5688 3729 5743 h0-

2140 5794 2287 5849 minc
2311 5814 2329 5840 ι
2366 5793 2584 5841 Christo
2628 5790 2836 5840 habitat
2874 5784 3050 5840 omnis
3093 5783 3371 5854 plenitudo
3424 5781 3728 5848 divinitatis
