3958 6478
201 414 309 475 185

1020 413 1369 471 COMMENT.
1410 414 1477 472 IN
1513 414 1759 472 LIBROS
1795 414 1864 472 IV
1898 412 2157 472 REGUM.
2197 446 2267 456 ——
2303 412 2370 471 IN
2408 415 2534 473 LIB.
2571 415 2657 473 IlI.

3344 412 3449 475 186

200 525 711 604 corporaliter'(Col.
738 525 865 603 11).}
892 528 1425 603 EratjvirgaAaron,
1450 547 1570 602 qum
1593 531 1773 586 excisa
1802 530 1852 589 Α
1956 548 1974 580 ε
2010 529 2076 583 Et
2100 529 2483 585 dedicaverunt
2534 530 2788 600 templum
2837 528 3051 587 Domini
3108 545 3202 586 rex
3254 541 3309 588 et
3351 533 3450 590 ﬁlii

199 627 383 681 denuo
394 621 649 678 ﬂoruerat
670 621 858 693 (Num.
874 622 1028 693 xvn),
1043 625 1167 691 quia
1182 631 1418 694 potestas
1441 625 1616 679 omnis
1624 623 1769 693 judi-

197 715 361 771 candi
382 728 545 785 penes
558 727 679 767 eum
693 710 962 781 est,’cujus
969 711 1228 780 judicium
1253 715 1307 769 in
1328 716 1628 771 humilitate
1644 729 1771 785 pas-

197 806 373 862 sionis
388 804 668 859 videbatur
687 817 806 859 esse
820 804 1111 859 sublatum.
1129 806 1296 861 Erant
1316 814 1365 861 et
1395 808 1584 861 tabulae
1608 814 1772 861 testa-

197 897 394 960 menti,
417 896 543 965 quia
595 914 614 947 ι
643 895 695 949 in
722 895 815 949 illo
843 903 969 951 sunt
995 911 1184 952 omnes
1232 898 1470 952 thesauri
1499 898 1775 966 sapientiae

198 993 255 1040 et
292 984 535 1040 scientiae
560 985 860 1040 absconditi
885 983 1020 1057 (Col.
1047 986 1131 1059 11).
1166 1005 1185 1037 1
1216 987 1581 1043 Adhmrebant
1607 989 1655 1043 ei
1685 1003 1775 1042 ve-

197 1085 332 1141 ctes,
368 1077 564 1146 quibus
584 1078 916 1147 portabatur,
944 1079 1069 1149 quia
1090 1078 1361 1146 doctores,
1392 1082 1481 1150 qui
1504 1079 1774 1151 quondam

196 1166 520 1221 laborabant
533 1167 585 1220 in
599 1167 765 1222 verbo
777 1166 1000 1234 Christi,
1015 1184 1157 1224 nunc
1168 1171 1421 1239 prmsenti
1435 1172 1640 1227 visione
1652 1186 1776 1225 con-

196 1258 440 1330 gaudent
460 1258 642 1329 gloriaa
664 1258 888 1315 Christi.
911 1261 1062 1328 Quod
1085 1262 1226 1316 enim
1253 1278 1393 1318 unus
1418 1278 1603 1318 eorum
1632 1265 1696 1319 de
1719 1278 1777 1319 se

197 1348 369 1404 dixit:
389 1370 408 1401 ‹
430 1348 598 1420 Cupio
620 1351 862 1415 dissolvi,
892 1359 1088 1406 etcum
1110 1352 1326 1408 Christo
1341 1368 1460 1409 esse
1474 1351 1641 1425 (Phil.
1664 1356 1726 1425 1),
1752 1374 1770 1407 1

198 1439 264 1495 de
294 1438 551 1494 omnibus
580 1441 766 1510 utique
798 1441 878 1495 sui
905 1442 1084 1510 operis
1106 1444 1449 1497 consortibus
1476 1444 1776 1515 intelligen-

199 1530 326 1584 dum
357 1530 598 1599 reliquit.
628 1530 973 1601 Apparebant
1016 1532 1355 1587 summitates
1381 1534 1614 1588 vectium
1644 1534 1777 1590 foris

197 1627 321 1675 ante
345 1620 693 1675 oraculorum
717 1637 822 1676 non
853 1637 1082 1692 semper,
1113 1625 1207 1678 sed
1232 1639 1355 1679 cum
1376 1625 1513 1679 ostia
1535 1626 1774 1691 ejusdem

194 1714 398 1769 oraculi
433 1715 634 1784 aperiri
657 1715 1022 1786 contingeret;
1053 1731 1229 1787 neque
1258 1719 1361 1773 hoc
1391 1719 1658 1784 omnibus,
1680 1718 1774 1774 sed

194 1806 278 1861 his
322 1805 663 1861 solummodo
707 1806 800 1875 qui
839 1808 987 1877 prius
1027 1808 1363 1875 accedentes,
1397 1809 1656 1864 attentius
1707 1824 1771 1864 ea

193 1914 311 1970 quze
337 1899 488 1953 intus
512 1906 667 1953 erant
692 1899 1006 1970 satagebant
1042 1901 1260 1955 intueri.
1290 1902 1408 1971 Ipsa
1445 1910 1623 1957 autem
1651 1917 1777 1957 arca

192 1991 367 2060 qualis
395 2000 457 2045 et
480 1994 748 2060 quomodo
776 2000 919 2047 esset
963 1993 1158 2062 posita,
1198 1992 1326 2048 solis
1356 1994 1434 2049 eis
1457 1994 1549 2063 qui
1580 2009 1776 2049 oracu—

189 2082 298 2137 lum
325 2083 628 2140 intrassent
648 2085 831 2140 videre
871 2085 1089 2150 licebat,
1120 2085 1245 2155 quia
1271 2087 1447 2142 nullus
1469 2095 1778 2143 sanctorum

191 2173 244 2229 in
280 2176 383 2229 hac
413 2177 595 2231 adhuc
620 2177 729 2231 vita
759 2177 965 2246 positus
1017 2179 1228 2233 tametsi
1257 2180 1483 2234 multum
1514 2180 1568 2234 in
1600 2180 1780 2234 altitu-

191 2259 313 2320 dine
340 2280 399 2319 se
435 2267 639 2322 mentis
662 2267 934 2331 attollens,
966 2269 1060 2322 sed
1088 2268 1187 2323 soli
1230 2269 1374 2325 illius
1416 2273 1605 2341 patriae
1632 2272 1779 2327 cives

182 2353 416 2426 gloriam
489 2355 620 2410 inibi
676 2357 758 2411 sui
803 2356 1180 2426 Redemptoris
1228 2358 1383 2429 plene
1433 2370 1777 2417 contuentur.

190 2444 327 2501 Sunt
351 2456 408 2502 et
437 2456 624 2504 vectes
651 2463 773 2505 cum
803 2464 928 2504 arca
956 2450 1011 2503 in
1056 2450 1277 2506 oraculo
1328 2453 1623 2518 reconditi,
1650 2455 1777 2523 quia

188 2535 501 2593 absconditi
526 2548 651 2593 sunt
685 2539 849 2594 etiam
897 2556 1040 2596 nunc
1074 2540 1301 2610 perfecti
1345 2543 1543 2613 quique
1587 2544 1775 2612 electi,

190 2627 431 2695 quinos
462 2638 856 2698 praecesserunt
905 2630 970 2684 de
1001 2631 1201 2686 mundo
1232 2650 1250 2682 ε
1285 2632 1338 2686 in
1373 2633 1554 2688 abdito
1596 2634 1778 2690 vultus

189 2716 302 2783 Dei,
331 2734 362 2773 a
390 2720 807 2775 conturbatione
859 2720 1139 2776 hominum
1182 2721 1353 2793 (Psal.
1391 2724 1542 2796 xxx).
1577 2744 1595 2776 1
1635 2725 1780 2792 Quo—

187 2822 308 2864 rum
352 2818 539 2867 tamen
585 2812 924 2867 summitates
971 2812 1207 2868 vectium
1260 2829 1536 2883 nunquam
1590 2822 1777 2885 aperto

189 2901 413 2958 oraculo
433 2903 522 2957 his
556 2904 648 2972 qui
677 2905 998 2975 appropiant
1045 2905 1313 2971 visuntur,
1342 2923 1466 2962 cum
1493 2907 1777 2978 perfectio-

188 2992 340 3048 ribus
372 2992 679 3065 quibusque
717 3005 878 3067 atque
902 2997 1117 3051 oculum
1143 2998 1224 3052 sui
1255 3000 1433 3055 cordis
1455 3008 1563 3055 tota
1597 2982 1775 3056 inten-

190 3081 336 3137 tione
363 3084 780 3154 puriﬁcantibus
801 3086 981 3143 divina
1015 3091 1188 3161 gratia
1234 3090 1438 3162 aliquid
1473 3098 1776 3146 extremum

190 3174 255 3230 de
282 3191 644 3247 supernorum
666 3180 863 3234 civium
893 3182 1088 3252 gaudio
1108 3184 1576 3253 contemplandum
1604 3186 1774 3240 dona-

1880 639 1899 671 σ
1925 618 2107 675 Israel.
2142 640 2160 672 1
2193 620 2470 689 Templum
2516 622 2765 687 Domini,
2814 631 2997 678 sancta
3044 632 3129 679 est
3174 624 3447 691 Ecclesia,

1874 711 2013 765 sicut
2045 726 2205 781 supra
2233 720 2509 766 ostensum
2532 720 2633 766 est.
2683 712 2834 768 Hanc
2863 714 3128 769 dedicavit
3170 729 3263 771 rex
3289 715 3448 771 Chri-

1873 809 2009 867 stus,
2040 802 2253 871 quando
2281 817 2402 857 eam
2432 803 2693 873 sanguine
2735 818 2833 858 suo
2865 794 3168 872 mundavit,
3195 814 3250 860 et
3279 805 3451 877 Spiri-

1874 901 1962 949 tus
1988 893 2160 948 sancti
2187 894 2360 965 gratia
2387 893 2776 960 sanctiﬁcavit,
2818 910 2882 950 ac
2914 896 3142 952 diversis
3183 897 3447 953 virtutum

1874 983 2028 1039 donis
2056 984 2452 1053 multiplicavit.
2489 983 2640 1039 Hanc
2669 985 2917 1040 dedicant
2937 994 2995 1040 et
3033 986 3127 1040 ﬁlii
3170 986 3333 1042 Israel
3362 1002 3450 1042 se-

1874 1090 2022 1139 cum,
2043 1075 2257 1145 quando
2278 1075 2643 1145 unusquisque
2666 1075 2901 1130 ﬁdelium
2926 1077 3220 1130 secundum
3249 1077 3452 1132 donum

1875 1168 1976 1223 sibi
1997 1169 2250 1223 collatum
2281 1185 2311 1223 a
2345 1168 2458 1224 Deo
2483 1170 2648 1224 verbo
2670 1168 3070 1239 praedicationis
3102 1180 3156 1224 et
3192 1170 3451 1225 virtutum

1875 1258 2128 1328 cperibus
2179 1259 2456 1328 proximos
2503 1274 2649 1324 suos,
2683 1274 3030 1330 quoscunque
3053 1261 3219 1323 valet,
3248 1261 3313 1315 ad
3341 1275 3453 1314 me-

1874 1347 2007 1403 liora
2056 1356 2109 1403 et
2142 1348 2465 1418 perfectiora
2508 1357 2820 1405 convertere
2875 1350 3088 1419 satagit.
3119 1368 3137 1400 (
3172 1349 3454 1419 Templum

1874 1439 2017 1493 enim
2049 1439 2163 1504 Dei,
2195 1440 2270 1494 ait
2292 1438 2600 1508 Apostolus,
2624 1447 2869 1495 sanctum
2900 1450 3002 1506 est,
3027 1441 3169 1511 quod
3204 1440 3336 1495 estis
3359 1454 3457 1496 vos

1876 1526 1929 1598 (Ι
1958 1526 2081 1582 Cor.
2106 1526 2211 1598 111).
2249 1548 2268 1579 1
2305 1526 2412 1584 Sed
2443 1530 2584 1607 hanc
2617 1528 3099 1583 sanctiﬁcationem
3149 1544 3243 1584 rex
3275 1537 3330 1583 et
3352 1544 3453 1598 po-

1873 1619 2051 1689 pulus,
2076 1630 2238 1691 caput
2271 1630 2327 1676 et
2375 1621 2616 1676 membra
2658 1635 2764 1676 non
2811 1622 3091 1691 aequaliter
3138 1621 3457 1692 perﬁciunt,

1875 1715 2001 1784 quia
2023 1717 2088 1770 de
2116 1715 2331 1773 Christo
2358 1717 2595 1773 Joannes
2623 1719 2737 1773 ait:
2780 1738 2799 1769 ‹
2835 1718 2911 1773 De
2961 1720 3291 1789 plenitudine
3341 1718 3459 1787 eius

1874 1820 1975 1861 nos
2003 1821 2192 1862 omnes
2236 1809 2562 1876 accepimus,
2596 1817 2650 1863 et
2677 1810 2905 1879 gratiam
2929 1825 3030 1879 pro
3059 1810 3234 1879 gratia
3263 1809 3447 1878 (Joan.

1804 1883 1852 1942 Β
1878 1896 1942 1966 1).
1985 1916 2003 1949 1
2053 1897 2190 1952 Hinc
2211 1897 2411 1953 Paulus
2434 1899 2566 1953 dicit
2594 1917 2607 1952 :
2647 1918 2666 1949 ι
2701 1898 2887 1969 Itaque
2914 1915 3089 1969 neque
3113 1899 3203 1969 qui
3234 1888 3460 1968 plantat,

1879 1993 1961 2040 est
1984 1986 2205 2056 aliquid,
2234 2003 2407 2057 neque
2429 1989 2521 2058 qui
2556 1989 2735 2061 rigat,
2786 1989 2880 2044 sed
2930 1989 3024 2058 qui
3069 1989 3463 2044 incrementum

1879 2076 1990 2142 dat,
2018 2076 2156 2131 Deus
2194 2076 2245 2149 (ι
2273 2077 2393 2132 Cor.
2428 2078 2533 2151 111).
2591 2099 2609 2132 1
2646 2080 2753 2135 Sed
2785 2089 3049 2149 quantum
3076 2080 3255 2135 valeat
3287 2079 3463 2134 homi-

1878 2167 1965 2221 nis
1993 2168 2276 2233 dedicatio,
2303 2170 2592 2238 przedictus
2617 2170 2906 2240 Aposmlus
2951 2171 3346 2240 subsequenter
3370 2184 3465 2224 ex-

1878 2258 2030 2326 ponit
2056 2258 2281 2314 dicens:
2326 2278 2343 2310 (
2383 2260 2484 2327 Qui
2530 2261 2739 2330 plantat
2769 2269 2948 2316 autem
2975 2302 2990 2326 ,
3046 2270 3101 2316 et
3152 2261 3244 2331 qui
3288 2261 3462 2331 rigat,

1877 2366 2045 2405 unum
2076 2360 2230 2406 sunt:
2264 2352 2633 2422 unusquisque
2656 2361 2836 2408 autem
2862 2353 3137 2423 propriam
3158 2350 3467 2407 mercedem

1878 2446 2125 2515 accipiet,
2148 2446 2446 2502 secundum
2475 2461 2630 2501 suum
2676 2447 2935 2502 laborem.
2982 2446 3080 2500 Dei
3105 2445 3251 2499 enim
3277 2456 3466 2498 sumus

1877 2538 2151 2608 adjutores
2177 2578 2191 2602 ,
2268 2538 2363 2592 Dei
2420 2538 2750 2609 agricultura
2796 2539 2931 2594 estis
2954 2579 2968 2603 ,
3035 2537 3131 2593 Dei
3183 2535 3468 2591 aediﬁcatio

1876 2629 2010 2684 estis
2035 2628 2244 2701 (Ibid.),
2268 2637 2374 2684 etc.
2411 2649 2429 2681 1
2457 2629 2628 2701 Igitur
2652 2630 2770 2699 ipse
2801 2629 3104 2685 sanctiﬁcat
3138 2641 3296 2682 suum
3324 2635 3466 2681 tem-

1877 2717 2023 2789 plum
2042 2760 2056 2785 ,
2082 2719 2238 2789 quasi
2270 2718 2412 2774 Deus
2450 2729 2506 2774 et
2529 2719 2789 2775 Dominus
2814 2718 3188 2783 inhabitando,
3221 2731 3321 2772 nos
3356 2731 3459 2771 au-

1878 2817 1989 2866 tem
2015 2810 2176 2881 digne
2199 2808 2520 2865 habitationi
2548 2809 2665 2879 ejus
2693 2808 3083 2866 conversando.
3118 2805 3414 2876 Sequitur:

1955 2920 1975 2952 ‹
2006 2900 2065 2955 ln
2088 2901 2174 2955 die
2206 2901 2294 2955 illa
2322 2899 2685 2956 sanctiﬁcavit
2718 2901 2954 2955 medium
2984 2899 3126 2954 atrii.
3163 2895 3306 2967 quod
3350 2900 3472 2950 erat

1885 3009 1906 3044 ι
1935 2999 2061 3047 ante
2095 2991 2313 3048 domum
2343 2991 2576 3047 Domini.
2637 2991 2789 3047 Fecit
2841 2992 3046 3061 quippe
3085 2980 3158 3045 ibi
3208 2987 3467 3043 bolocau~

1886 3100 1905 3134 ι
1941 3089 2085 3137 stum
2113 3090 2170 3137 et
2212 3082 2541 3138 sacriﬁcium
2588 3090 2645 3138 et
2692 3082 2906 3152 adipem
2943 3078 3315 3151 paciﬁcorum,
3340 3076 3469 3147 quia

1889 3190 1908 3225 ι
1940 3172 2111 3228 altare
2162 3189 2382 3239 aereum,
2416 3173 2562 3244 quod
2611 3182 2727 3229 erat
2771 3187 2956 3228 coram
3013 3170 3242 3225 Domino
3289 3167 3471 3222 minus

189 3267 349 3322 verit.
410 3267 542 3334 Qua:
584 3271 840 3325 nimirum
891 3274 1274 3344 contemplatio
1326 3275 1413 3329 his
1472 3275 1564 3343 qui
1616 3274 1779 3345 paulo
1806 3257 1849 3318 C
1887 3281 1906 3314 ι
1940 3271 2133 3320 eratet
2159 3279 2354 3334 capere
2377 3281 2483 3320 non
2508 3272 2725 3334 poterat
2748 3263 3124 3319 holocaustum
3154 3270 3209 3316 et
3256 3258 3466 3314 sacriﬁ-

188 3353 410 3425 Iongius
431 3359 761 3413 recesserint
784 3360 1010 3417 minime
1038 3363 1383 3428 conceditur;
1423 3364 1549 3432 quia
1577 3372 1779 3433 quanto

186 3446 440 3501 exterius
473 3454 653 3502 mente
693 3463 827 3520 vaga
857 3460 1178 3517 remanent,
1231 3459 1382 3507 tanto
1431 3452 1611 3507 minus
1660 3468 1781 3509 quae

187 3536 299 3592 sint
319 3538 535 3593 interna
570 3540 762 3609 gaudia
795 3541 996 3597 vident.

263 3646 283 3679 ‹
321 3627 551 3683 Factum
577 3639 658 3685 est
677 3640 881 3698 autem,
912 3648 1034 3687 cum
1075 3635 1313 3690 exissent
1355 3635 1667 3692 sacerdotes
1713 3635 1779 3691 de

195 3738 213 3771 ι
247 3720 582 3787 sanctuario,
608 3721 800 3776 nebula
829 3723 1069 3792 implevit
1091 3725 1309 3780 domum
1334 3726 1571 3795 Domini,
1597 3733 1652 3780 et
1667 3740 1776 3781 non

195 3826 214 3860 ι
242 3815 501 3879 poterant
546 3812 856 3868 sacerdotes
901 3822 1047 3869 stare
1093 3822 1149 3870 et
1194 3815 1504 3870 ministrare
1558 3822 1782 3886 propter

188 3913 217 3950 ·‹
250 3898 530 3954 nebulam.
561 3899 885 3971 Impleverat
918 3903 1063 3959 enim
1097 3904 1269 3976 gloria
1298 3906 1512 3961 Domini
1559 3906 1778 3961 domum

196 4006 217 4040 ι
250 3988 506 4056 Domini,
539 4000 643 4048 etc.
679 4013 697 4045 1
733 3992 843 4058 (Ea:
857 3992 1160 4066 Gregorio.)
1187 3996 1341 4064 Quod
1368 4004 1551 4051 autem
1580 3995 1778 4051 nebula

188 4074 431 4148 implevit
453 4081 676 4135 domum
702 4082 941 4149 Domini,
972 4091 1029 4139 et
1059 4099 1169 4139 non
1189 4092 1444 4154 poterant
1470 4087 1779 4142 sacerdotes

191 4174 334 4224 stare
361 4178 418 4225 et
443 4172 757 4228 ministrare
791 4181 1017 4244 propter
1061 4175 1335 4242 nebulam,
1366 4177 1481 4231 haec
1509 4176 1779 4231 sententia

187 4259 451 4329 superbos
484 4259 796 4318 Judazorum
832 4264 1116 4334 pontiﬁces
1155 4280 1221 4351 ac
1244 4266 1495 4323 doctores
1519 4266 1775 4333 insinuat,

189 4352 281 4419 qui
294 4354 421 4409 dum
437 4355 741 4412 nativitatis
752 4354 955 4412 Christi
971 4360 1582 4431 sacramentainstigare
1597 4360 1778 4430 despi-

197 4443 340 4499 ciunt
354 4486 368 4511 ,
391 4447 636 4503 debitum
649 4446 772 4502 ﬁdei
788 4462 899 4503 suae
911 4449 1275 4507 ministerium
1288 4465 1387 4521 per
1397 4451 1600 4505 erroris
1612 4450 1780 4505 nebu-

195 4530 299 4588 lam
308 4537 697 4606 perdiderunt;
734 4538 808 4593 ita
823 4553 1009 4595 eorum
1033 4550 1243 4598 mentes
1264 4542 1592 4597 inﬁdelitatis
1607 4542 1777 4612 caligo

196 4624 439 4695 replevit,
453 4634 518 4682 ut
535 4627 874 4699 exigentibus
888 4631 1123 4701 propriis
1136 4631 1346 4687 meritis
1361 4647 1468 4686 non
1485 4640 1779 4703 agnoscant

196 4715 390 4772 cultum
417 4718 775 4775 credulitatis.
801 4719 1009 4775 Nebula
1049 4737 1178 4793 ergo
1202 4722 1561 4794 Synagogam,
1597 4724 1648 4778 id
1671 4730 1777 4791 est,

197 4805 410 4865 domum
447 4810 666 4866 Domini
699 4810 957 4881 implevit.
991 4812 1058 4867 Et
1093 4815 1407 4870 sacerdotes
1438 4824 1659 4886 propter
1684 4831 1781 4870 ne-

198 4897 371 4957 bulam
396 4903 713 4960 ministrare
740 4919 850 4959 non
872 4913 1146 4975 poterant,
1176 4907 1305 4975 quia
1332 4906 1460 4961 dum
1498 4907 1552 4961 in
1592 4906 1781 4962 Testa-

200 5002 378 5050 mento
404 4996 594 5052 Veteri
631 5011 824 5052 sensus
850 4996 1112 5068 mysticos
1142 4997 1339 5052 litterae
1381 4997 1647 5052 velamine
1691 5012 1782 5053 co-

174 5148 179 5151 ,
201 5094 407 5153 opertos
431 5089 846 5145 interobscuras
870 5088 1251 5159 allegoriarum
1271 5088 1534 5159 caligines
1558 5088 1783 5144 investi-

204 5190 323 5245 gare
343 5182 668 5255 despiciunt,
697 5184 936 5240 debitum
965 5185 1089 5240 ﬁdei
1129 5201 1241 5241 sua;
1272 5185 1635 5241 ministerium
1656 5201 1783 5257 pro-

204 5272 317 5337 Net
338 5276 588 5333 nebulam
621 5274 988 5348 perdiderunt.
1020 5278 1226 5344 Quibus
1245 5285 1300 5334 et
1321 5286 1449 5335 tunc
1493 5279 1547 5334 in
1579 5277 1776 5334 nebula

206 5354 456 5423 doctrinae
499 5383 610 5423 sua:
653 5383 843 5423 vocem
886 5368 1143 5423 Dominus
1178 5370 1421 5440 protulit,
1452 5384 1572 5425 cum
1600 5370 1667 5424 de
1717 5380 1778 5423 se

211 5450 362 5508 etiam
383 5468 565 5527 aperta
592 5460 853 5515 narravit.
872 5459 1009 5527 Quid
1027 5470 1110 5516 est
1131 5462 1277 5517 enim
1299 5464 1538 5532 apertius
1573 5477 1735 5533 quam
1760 5477 1775 5516 :

214 5548 234 5588 't
256 5539 371 5609 'E'go
402 5556 458 5603 et
488 5551 649 5605 Pater
686 5566 851 5606 unum
884 5565 1070 5606 sumus
1114 5551 1296 5623 (Joan.
1329 5551 1432 5624 x)?
1461 5573 1477 5604 1
1514 5552 1619 5609 Sed
1648 5553 1777 5623 quia

216 5632 510 5690 auditorum
528 5653 736 5700 mentes
786 5644 1121 5699 inﬁdelitatis
1165 5644 1339 5715 caligo
1377 5645 1776 5715 compleverat,

216 5722 380 5871 quasie
390 5726 645 5783 emissum
679 5733 809 5782 sons
826 5735 1042 5790 rudium
1072 5734 1265 5790 nebula
1294 5735 1621 5807 interjacens
1659 5735 1778 5792 abs-

219 5821 315 5869 con
382 5815 489 5871 bat.
1206 5822 1215 5827 ’
1543 5848 1549 5855 ο

219 5815 489 5875 condebat.
1206 5822 1215 5827 ‘

438 5951 519 5964 ..σο
552 5948 587 5957 ⁵*
632 5948 689 5959 ἀν

1887 3373 1906 3407 ε
1936 3356 2081 3411 cium
2103 3365 2158 3411 et
2187 3357 2399 3426 adipem
2427 3356 2793 3424 paciﬁcorum.
2830 3374 2850 3405 1
2879 3354 3018 3421 Quid
3041 3368 3172 3422 ergo
3194 3359 3298 3417 est,
3325 3349 3471 3420 quod

1881 3441 2135 3498 Salomon
2159 3444 2519 3499 sanctiﬁcavit
2540 3443 2776 3499 medium
2790 3443 2937 3507 atrii;
2950 3441 3184 3497 oﬁ‘erens
3208 3440 3280 3495 ibi
3310 3439 3464 3494 bolo-

1880 3543 2125 3590 caustum
2170 3542 2226 3591 et
2254 3533 2605 3601 sacriﬁcium,
2636 3535 2762 3605 quia
2802 3534 2974 3589 altare
3020 3546 3231 3588 aeneum
3257 3573 3272 3596 ,
3324 3530 3469 3601 quod

1875 3626 2030 3697 juxta
2057 3627 2493 3683 constitutionem
2549 3628 2682 3698 legis
2736 3636 2861 3682 ante
2912 3625 3059 3682 fores
3104 3625 3290 3695 templi
3319 3624 3469 3695 posi-

1881 3726 1996 3773 tum
2016 3726 2155 3786 erat,
2180 3734 2304 3779 non
2323 3727 2534 3789 poterat
2559 3726 2733 3774 totum
2770 3734 2986 3790 capere,
3009 3718 3115 3773 nisi
3141 3718 3282 3787 quod
3313 3716 3472 3773 Chri-

1879 3817 1996 3865 stus
2022 3824 2087 3865 ea
2112 3825 2232 3881 quae
2253 3810 2308 3864 in
2332 3809 2449 3881 lege
2490 3818 2711 3881 propter
2734 3808 3106 3865 inﬁrmitatem
3135 3807 3253 3877 ejus
3281 3806 3471 3879 perﬁci

1838 3970 1839 3973 η
1879 3914 1988 3954 non
2021 3907 2290 3968 poterant,
2317 3915 2462 3954 nunc
2488 3899 2541 3954 in
2562 3899 2807 3956 Ecclesia
2836 3899 3101 3954 catholica
3128 3898 3359 3967 pleniter
3379 3912 3469 3968 ge-

1879 3988 1992 4043 rit?
2026 3987 2147 4057 Ipsa
2177 3996 2263 4045 est
2287 3988 2433 4043 enim
2463 3989 2663 4044 atrium
2690 3989 2884 4045 domus
2928 3987 3174 4052 Domini,
3217 3986 3345 4058 quia
3373 4000 3471 4056 per

1879 4081 2054 4152 ipsam
2081 4081 2361 4152 ingressus
2398 4089 2547 4150 patet
2592 4081 2647 4136 in
2680 4080 2939 4152 templum
2967 4079 3201 4143 Domini,
3227 4078 3280 4133 in
3312 4075 3468 4134 Jeru-

1879 4175 2050 4229 salem
2079 4174 2329 4230 videlicet
2372 4174 2670 4229 cmlestem.
2712 4173 2850 4241 Quia
2889 4187 3020 4244 ergo
3066 4172 3381 4228 holocausta
3416 4177 3474 4226 et

1881 4264 2146 4320 sacriﬁcia
2185 4264 2367 4319 omnia
2396 4264 2450 4318 in
2490 4263 2645 4318 altari
2686 4264 2862 4334 typico
2890 4264 3106 4318 Veteris
3128 4259 3464 4318 Testamenti

1880 4370 1988 4410 non
2020 4363 2313 4425 potuerunt
2331 4353 2534 4419 oﬁ‘erri,
2565 4368 2631 4408 eo
2652 4355 2796 4422 quod
2844 4354 3027 4408 omnia
3057 4353 3130 4409 ibi
3171 4351 3471 4422 ﬁguraliter

1882 4446 2103 4511 ﬁebant,
2136 4461 2234 4500 rex
2266 4451 2450 4500 noster
2476 4453 2533 4499 et
2573 4443 2827 4499 sacerdos
2849 4443 3023 4498 erexit
3070 4457 3269 4497 novum
3297 4438 3493 4495 altare

1882 4538 2008 4593 ﬁdei
2039 4538 2090 4591 in
2115 4536 2357 4591 Ecclesia
2397 4534 2683 4601 catholica,
2710 4534 2767 4589 in
2815 4548 2921 4603 quo
2947 4532 3167 4602 pinguia
3215 4530 3472 4586 holocau-

1802 4605 1856 4663 D
1883 4639 1965 4685 sta
1995 4638 2049 4684 et
2070 4628 2336 4686 sacriﬁcia
2366 4627 2720 4698 acceptabilia
2755 4626 2994 4697 quotidie
3023 4624 3340 4694 spiritaliter
3361 4623 3471 4679 Deo
3571 4694 3591 4705 -

1881 4721 2201 4778 offeruntur.
2249 4722 2387 4776 Ilinc
2414 4730 2495 4776 est
2521 4720 2664 4791 quod
2687 4719 2968 4784 Dominus,
2995 4718 3291 4787 reprobans
3314 4721 3471 4770 vetus

1884 4815 2232 4880 sacriﬁcium,
2263 4831 2360 4885 per
2388 4804 2706 4885 prophetam
2733 4812 2844 4867 ait:
2876 4830 2896 4862 ι
2915 4810 3237 4866 Holocausta
3258 4817 3313 4864 et
3338 4823 3468 4863 san-

1884 4907 2101 4978 guinem
2170 4905 2512 4960 victimarum
2560 4903 2706 4959 nolui
2751 4902 2907 4974 (Isai.
2948 4900 3009 4971 1).
3052 4920 3070 4951 1
3110 4900 3177 4953 Et
3229 4899 3359 4952 item
3388 4895 3470 4963 ,in

1883 4999 2135 5065 Psalmis,
2161 4997 2486 5054 sacriﬁcium
2516 4997 2751 5066 probans
2766 4989 3270 5063 Novifl‘estamenti,
3290 4987 3468 5042 taliter

1882 5104 1981 5160 per
2000 5088 2325 5158 Prophetam
2353 5087 2565 5142 locutus
2588 5086 2664 5139 ait
2690 5102 2702 5136 :
2737 5103 2756 5135 ι
2795 5078 3134 5137 Sacriﬁcium
3168 5077 3341 5132 laudis
3372 5076 3471 5131 Ιιο⁴

1883 5179 2189 5236 noriﬁcabit
2219 5194 2325 5245 me,
2351 5185 2406 5233 et
2432 5177 2542 5232 illic
2581 5177 2685 5230 iter
2718 5182 2822 5239 est,
2856 5173 2912 5227 in
2938 5184 3046 5226 ouo
3071 5168 3354 5225 ostendam
3392 5166 3470 5222 illi

1886 5272 2121 5327 salutare
2142 5270 2236 5325 Dei
2266 5268 2439 5341 (Paal.
2469 5267 2641 5339 xux).
2682 5286 2700 5318 1

1963 5380 1981 5413 ‹
2015 5361 2167 5417 Fecit
2188 5375 2317 5430 ergo
2339 5358 2593 5413 Salomon
2639 5357 2693 5411 in
2718 5365 2959 5423 tempore
3000 5352 3091 5409 illo
3118 5347 3466 5407 festivitatem

1893 5472 1913 5506 ι
1953 5454 2240 5516 celebrem,
2262 5460 2317 5505 et
2338 5450 2514 5506 omnis
2543 5447 2708 5503 Israel
2729 5461 2850 5502 cum
2875 5461 2940 5502 eo
2959 5444 3244 5500 multitudo
3272 5455 3468 5512 magna

1893 5566 1913 5600 ‹
1944 5548 2013 5601 ab
2043 5546 2267 5600 introitu
2292 5542 2486 5597 Emath
2506 5555 2680 5610 usque
2699 5541 2766 5595 ad
2817 5540 2990 5594 rivum
3013 5534 3258 5607 Egypti,
3284 5546 3469 5590 coram

1810 5638 1815 5647 '
1893 5655 1912 5689 ι
1948 5636 2177 5690 Domino
2198 5635 2310 5689 Deo
2335 5640 2545 5697 nostro,
2569 5637 2673 5686 etc.
2706 5648 2725 5681 1
2778 5629 2886 5701 (Ea:
2906 5625 3099 5697 Beda.)
3145 5623 3299 5691 Quod
3336 5620 3470 5676 dici-

1889 5735 1998 5792 tur,
2030 5725 2156 5796 quia
2192 5723 2321 5778 fecit
2348 5721 2603 5777 Salomon
2656 5720 3006 5775 festivitatem
3058 5714 3328 5771 celebrem
3351 5749 3366 5770 .
3390 5712 3469 5796 et

1887 5795 2064 5880 omnis
2110 5817 2277 5874 Israel
2302 5832 2423 5874 cum
2449 5829 2533 5884 eo,
2558 5812 2847 5871 multitudo
2876 5822 3092 5876 .magua
3130 5802 3203 5895 ab
3239 5795 3466 5856 introitu
