3958 6480
200 317 307 374 189

1017 316 1373 375 COMMENT.
1410 317 1480 374 IN
1517 315 1764 374 LIBROS
1797 316 1868 373 IV
1905 314 2168 372 REGUM.
2209 345 2281 358 —
2315 314 2383 370 IN
2422 313 2550 371 LIB.
2591 315 2675 370 III.

3368 313 3470 369 190

198 437 424 487 vocatur
451 426 790 500 Scenopegia
829 425 1032 483 faciens
1057 435 1182 484 ante
1211 428 1488 498 templum,
1513 428 1658 483 clare
1706 427 1788 482 ni-
1811 435 1866 494 Α
1891 426 2186 497 gaudentes
2229 433 2284 480 et
2310 423 2593 480 laudantes
2619 424 2789 478 Deum
2823 435 2988 492 super
3014 421 3266 479 omnibus
3310 422 3470 479 bonis

198 523 304 579 mis
324 527 381 576 et
397 518 682 590 magniﬁce
713 519 904 574 diebus
922 519 1334 589 quatuordecim
1363 535 1460 574 rex
1486 534 1611 575 cum
1633 517 1782 574 omni

197 614 396 686 populo
413 627 510 668 suo
539 611 745 684 pariter
762 611 1010 682 epulatus
1031 619 1134 666 est.
1152 610 1395 680 Cumque
1415 611 1532 665 haec
1555 609 1786 663 fuissent

199 703 530 761 sufﬁcienter
579 701 838 767 exhibita,
870 700 1107 770 nihilque
1133 701 1343 756 deesset
1373 700 1518 754 circa
1566 697 1788 768 pietatis

199 800 396 856 divinat
425 797 714 863 culturam,
741 795 951 851 dimissi
1000 811 1030 850 a
1059 809 1188 866 rege
1215 793 1407 866 singuli
1455 792 1521 846 ad
1567 791 1787 862 propria

199 897 530 960 remearunt,
556 897 777 960 agentes
809 887 1008 959 gratias
1025 887 1138 958 regi
1162 893 1382 956 propter
1393 881 1786 955 providentiam

199 998 361 1053 quam
389 982 684 1046 habuisset,
711 989 766 1036 et
803 995 966 1050 opera
1019 993 1138 1050 quae
1177 978 1408 1041 fecisset,
1459 986 1515 1032 et
1561 981 1783 1031 orantes

199 1073 370 1128 Deum
399 1080 460 1127 ut
481 1073 560 1128 eis
591 1087 771 1142 regem
807 1071 1069 1143 praeberet
1119 1070 1360 1142 longaevo
1403 1077 1646 1140 tempore
1682 1066 1788 1120 Sa-

199 1164 500 1229 lomonem;
540 1163 772 1235 agebant
793 1171 1124 1217 revertentes
1147 1178 1269 1218 cum
1309 1162 1502 1233 gaudio
1548 1159 1789 1214 sublimi-

199 1263 302 1319 ter,
325 1263 380 1310 et
406 1270 529 1310 cum
556 1253 915 1310 delectatione
943 1253 1190 1309 homines
1221 1254 1592 1315 decantautes,
1633 1251 1706 1304 ita
1731 1255 1790 1303 ut

198 1361 260 1401 ea
293 1343 634 1414 jucunditate
667 1346 786 1401 sine
819 1345 1003 1401 labore
1031 1345 1100 1400 ad
1149 1347 1369 1417 prepria
1399 1351 1724 1400 remearent.
1765 1361 1783 1393 ι
1811 1416 1824 1422 _

269 1435 319 1488 Μ
321 1437 494 1508 ystice
519 1444 698 1490 autem
721 1437 846 1501 hoc,
869 1438 1012 1506 quod
1028 1435 1303 1498 Salomon,
1333 1435 1600 1504 completo
1628 1445 1792 1504 Opere

201 1528 404 1598 templi,
453 1528 813 1584 festivitatem
849 1529 1118 1585 celebrem
1153 1531 1283 1584 fecit
1333 1538 1386 1585 et
1415 1530 1592 1585 omnis
1625 1527 1792 1584 Israel

199 1637 317 1676 cum
345 1637 435 1688 eo,
490 1623 777 1678 multitudo
804 1639 998 1694 magna
1027 1623 1094 1678 ab
1130 1623 1358 1678 introitu
1390 1623 1589 1678 Emath
1617 1636 1791 1692 usque

197 1713 260 1766 ad
291 1713 471 1768 rivum
500 1713 718 1786 Egypti
751 1731 934 1770 coram
963 1716 1190 1770 Domino
1215 1715 1349 1780 Deo,
1392 1714 1659 1786 signiﬁcat
1710 1715 1792 1768 iu-

1888 533 2008 586 quze
2046 516 2099 570 in
2126 515 2355 570 Domino
2399 515 2622 571 Christo
2657 515 2822 571 Pater
2870 515 3214 587 omnipotms
3242 515 3474 572 contulit

1886 607 2084 680 pupulo
2106 607 2440 662 Christiano.

2505 695 2732 752 CAPUT
2769 695 2862 752 IX.

1890 790 2042 858 Quod
2091 789 2340 845 Salomon
2383 797 2499 858 post
2535 785 2940 858 aediﬁcationem
2986 785 3166 858 templi
3207 793 3260 840 et
3289 785 3476 858 imus

1960 863 2092 932 regis
2121 856 2398 939 aediﬁcavit
2420 859 2572 939 urbes
2609 856 2886 939 plurimas,
2922 866 2972 914 et
2990 856 3218 939 eiceret!
3239 874 3294 916 te
3317 857 3480 939 pertit-

1959 927 2135 988 ue'utes
2173 927 2388 986 munivit
2413 927 2621 994 muris;
2655 940 2702 982 et
2747 927 2812 981 de
2839 943 2898 998 eo
2923 928 3060 998 quod
3081 929 3248 983 tribus
3281 927 3478 998 vicibus

1958 1021 2050 1074 per
2073 1019 2236 1074 annos
2253 1001 2497 1074 singulos
2509 1000 2756 1074 o/fcrebat
2771 997 3097 1074 holocausta,
3119 1007 3170 1074 et
3192 999 3330 1074 quod
3343 997 3480 1054 clas-

1959 1067 2064 1128 sem
2096 1072 2318 1128 instituit
2338 1067 2435 1125 'ad
2465 1067 2762 1124 ducendum
2789 1083 2982 1122 aurum
3020 1068 3086 1122 de
3108 1067 3294 1138 Ophir.

1961 1164 2167 1237 (CAPUT
2197 1162 2300 1236 1x.)
2364 1181 2384 1214 ι
2427 1162 2586 1218 Dedit
2622 1177 2718 1216 rex
2751 1160 3007 1216 Salomon
3052 1159 3238 1215 Hiram
3287 1162 3477 1232 viginti

1895 1275 1914 1308 ι
1959 1256 2153 1326 Oppida
2203 1256 2258 1310 in
2285 1262 2430 1311 terra
2459 1253 2709 1308 Galilaeae.
2760 1253 3138 1324 Egressusque
3164 1262 3248 1308 est
3289 1253 3480 1310 Hiram

1897 1369 1916 1401 ι
1962 1350 2030 1404 de
2055 1349 2217 1420 'I‘yro,
2270 1355 2332 1402 ut
2351 1349 2560 1403 videret
2585 1345 2782 1418 Oppida
2827 1362 2950 1416 qua:
2983 1347 3208 1402 dederat
3240 1347 3292 1402 ei
3324 1345 3480 1402 Salo-

1899 1463 1917 1495 (
1964 1460 2124 1510 mon;
2152 1450 2206 1498 et
2248 1457 2358 1497 non
2391 1442 2708 1511 placuerunt
2734 1442 2804 1505 ei,
2839 1451 2892 1494 et
2917 1441 2994 1494 ait
3017 1453 3035 1494 :
3059 1439 3310 1495 Haecine
3355 1445 3484 1494 sunt

1899 1553 1917 1588 ι
1965 1537 2230 1600 civitates,
2283 1550 2418 1604 quas
2445 1533 2638 1588 dedisti
2669 1533 2824 1598 mihi,
2863 1531 3072 1586 frater?
3098 1531 3167 1586 Et
3194 1529 3485 1602 appellavit

1900 1653 1918 1685 ‹
1964 1647 2078 1695 cas,
2103 1639 2245 1685 terra
2267 1628 2476 1684 Chabul
2501 1643 2674 1698 usque
2701 1628 2754 1681 in
2787 1628 2928 1682 diem
2957 1627 3121 1693 hanc,
3143 1633 3250 1681 etc.
3291 1643 3310 1676 ι
3374 1621 3484 1696 (Επ

1893 1722 2165 1795 Joseplto.)
2197 1723 2272 1778 De
2293 1723 2397 1777 hoc
2421 1720 2686 1792 Josephns
2717 1721 2792 1774 ita
2830 1726 3056 1774 narrat:
3087 1715 3352 1772 diuitum
3388 1729 3486 1769 au-

200 1811 407 1859 teruum
461 1807 717 1878 gaudium
776 1815 1112 1874 sanctorum,
1175 1808 1316 1877 quod
1348 1822 1470 1862 cum
1517 1822 1643 1877 rege
1690 1820 1788 1860 suo

1899 1793 2028 1870 runt
2067 1821 2122 1869 et
2161 1822 2443 1884 argentum
2475 1813 2602 1883 Tyri
2641 1824 2734 1866 rex
2792 1811 2858 1865 ad
2897 1808 3185 1866 aediﬁcium
3235 1804 3483 1872 contulit,

196 1893 429 1963 Christo,
486 1913 614 1952 vero
645 1899 895 1954 videlicet
931 1898 1186 1964 Paciﬁco,
1244 1899 1636 1970 perpetualiter
1693 1898 1789 1952 ha-

193 1986 346 2054 bent;
377 2002 486 2042 nec
509 2003 614 2042 nou
641 1993 696 2047 et
728 1989 842 2044 loca
865 1990 1004 2061 ipsa,
1057 1990 1252 2060 quibus
1280 1990 1500 2045 termini
1531 1998 1689 2045 terrae
1713 1989 1788 2044 Iso

195 2079 301 2134 rael
325 2078 588 2152 descripti
619 2089 767 2148 sunt,
826 2081 1021 2138 Emath
1049 2083 1303 2138 videlicet
1356 2092 1410 2137 et
1440 2083 1591 2137 rivus
1621 2081 1790 2153 Egy-

191 2170 288 2240 pti,
363 2171 499 2226 huic
549 2173 929 2242 sTgniﬁcationi
977 2191 1084 2230 non
1131 2175 1528 2230 contradicunt.
1590 2174 1789 2229 Emath

192 2259 334 2315 enim
381 2261 780 2333 interpretatur
826 2264 1040 2318 Domini
1085 2265 1299 2318 veritas.
1357 2264 1424 2318 Et
1456 2265 1630 2318 rivum
1675 2263 1789 2318 sive

193 2359 496 2406 torrentem
542 2352 764 2424 ABgypti
811 2369 972 2425 quem
1025 2355 1220 2410 melius
1251 2355 1552 2426 intelligere
1597 2369 1788 2424 possu-

190 2457 327 2510 mus,
359 2459 531 2515 quam
554 2456 784 2500 mortem
810 2446 1198 2518 temporalem?
1223 2446 1359 2514 Quia
1388 2447 1528 2501 hanc
1553 2445 1608 2500 in
1622 2444 1789 2515 lEgy-

189 2539 302 2604 pto,
334 2533 390 2588 id
424 2541 534 2601 est,
563 2535 618 2589 in
653 2536 890 2592 tenebris
925 2537 1082 2592 istius
1111 2537 1297 2592 mundi
1335 2537 1638 2592 consistens
1669 2535 1788 2590 nul-

190 2621 273 2679 lus
319 2626 561 2680 evadere
606 2633 804 2696 potest,
861 2625 1132 2698 Propheta
1173 2635 1487 2692 attestante,
1539 2627 1632 2696 qui
1662 2627 1782 2681 ait:

195 2732 214 2767 ‹
272 2714 407 2794 Quis
435 2723 520 2770 est
554 2716 718 2772 homo
747 2717 838 2787 qui
867 2717 1022 2784 vivit,
1075 2725 1130 2772 et
1173 2733 1280 2772 non
1312 2717 1514 2773 videbit
1553 2725 1786 2771 mortem

189 2803 362 2876 (Psal.
387 2806 606 2880 ιινιιιγῖ
641 2827 661 2860 ›
693 2805 846 2864 Unde
872 2811 937 2864 de
981 2809 1099 2878 ipso
1133 2808 1428 2865 Mediatore
1473 2810 1566 2864 Dei
1613 2819 1666 2864 et
1693 2811 1788 2864 bo-

191 2893 398 2966 minum
432 2897 492 2950 in
515 2895 732 2952 Psalmo
781 2898 1043 2969 scriptum
1083 2906 1210 2955 est:
1249 2917 1267 2950 ι
1317 2900 1394 2954 De
1445 2907 1688 2955 torrente
1733 2899 1788 2953 in

189 2987 277 3041 via
323 2985 498 3054 bibet,
540 2997 829 3060 propterea
877 2990 1138 3046 exaltabit
1175 2999 1339 3060 caput
1378 2989 1552 3063 (Psal.
1580 2989 1714 3062 crx).
1762 3009 1782 3042 ι

191 3077 432 3137 Torrens
471 3078 576 3136 fuit
630 3083 940 3138 turbulenta
994 3083 1302 3153 persecutio
1348 3081 1676 3148 Iudaeorum,
1723 3083 1790 3136 de

1889 1905 2110 1974 insuper
2163 1912 2218 1959 et
2241 1903 2387 1974 ligna
2410 1902 2631 1959 cedrina
2673 1910 2728 1956 et
2750 1901 3088 1973 cypressina,
3137 1913 3297 1970 quem
3331 1894 3486 1952 Salo-

1888 2007 2015 2046 mon
2063 1994 2280 2062 quoque
2335 1989 2548 2061 magnis
2599 1985 3136 2057 compensationibus
3181 1981 3484 2047 redonavit,

1888 2085 2111 2140 mittens
2147 2085 2198 2137 ci
2255 2097 2353 2154 per
2396 2095 2566 2136 annos
2597 2079 2836 2148 singulos
2891 2077 3154 2141 triticum,
3192 2073 3381 2128 vinum
3428 2075 3487 2124 et

1889 2178 2088 2241 oleum,
2133 2175 2329 2245 quibus
2351 2174 2589 2227 maxime
2616 2171 2801 2237 rebus,
2846 2184 2918 2224 eo
2947 2169 3094 2238 quod
3115 2165 3390 2221 habitaret
3429 2161 3487 2217 in

1890 2271 2087 2335 msula,
2129 2265 2664 2338 sicutpraédiximus,
2693 2263 2993 2336 indigebat.
3042 2261 3127 2316 Ad
3148 2261 3266 2314 haec
3300 2261 3485 2312 autem

1890 2369 1945 2415 et
1997 2361 2246 2416 civitates
2276 2357 2508 2414 Galilaeae
2536 2357 2793 2430 regionis,
2838 2354 3029 2425 viginti
3076 2366 3324 2418 numero,
3376 2363 3486 2404 non

1887 2453 2128 2523 procula
2158 2451 2302 2522 Tyro
2329 2450 2533 2519 positas
2562 2447 2905 2504 condonavit.
2937 2445 3080 2512 Quas
3104 2443 3236 2498 dam
3260 2441 3489 2496 circuis-

1891 2550 1974 2597 set
2024 2551 2187 2612 atque
2213 2539 2636 2604 considerasset,
2687 2535 3162 2607 displicuissetque
3183 2531 3238 2587 ei
3261 2532 3482 2592 donum,

1889 2633 2114 2688 mittens
2162 2631 2230 2685 ad
2280 2628 2646 2694 Salomonem,
2725 2626 2863 2681 dixit
2909 2637 2972 2681 se
3020 2621 3337 2680 civitatibus
3377 2631 3488 2674 non

1891 2740 2080 2796 egere;
2119 2731 2173 2778 et
2193 2738 2260 2777 ex
2292 2730 2418 2777 tunc
2460 2721 2546 2776 hte
2567 2719 2846 2791 appellata
2875 2724 3002 2772 sunt
3038 2723 3183 2770 terra
3205 2711 3482 2776 Gabalon;

1889 2819 2092 2873 etenim
2153 2818 2564 2887 interpretatum
2622 2815 2804 2886 lingua
2841 2810 3136 2882 phmni'cia,
3188 2805 3485 2879 diapﬁrere,

1891 2910 2178 2982 signiﬁcat.
2222 2931 2240 2962 ι
2287 2909 2393 2963 Sed
2421 2907 2638 2972 chabul,
2706 2905 2858 2976 quasi
2878 2919 3108 2975 germen,
3157 2901 3485 2970 interpreta-

1893 3009 2006 3055 tum
2031 3002 2086 3056 in
2113 3001 2252 3054 libro
2278 2998 2630 3054 Hebrteorum
2657 2997 2934 3053 nominum
2966 2992 3291 3048 invenimus.
3342 2989 3487 3056 Quo-

1892 3094 2054 3149 modo
2111 3101 2295 3146 autem
2340 3091 2444 3145 hoc
2479 3103 2678 3143 nomen
2731 3085 3006 3157 displicere
3035 3079 3322 3152 signiﬁcet,
3382 3090 3488 3131 non

191 3185 294 3241 qua
314 3172 581 3228 Dominus
603 3171 854 3228 Christus
876 3173 1013 3228 bibit
1038 3176 1094 3228 in
1115 3175 1222 3242 via,
1243 3175 1298 3230 id
1319 3182 1422 3240 est,
1452 3175 1506 3230 in
1528 3175 1634 3229 hac
1652 3171 1785 3240 vita,
1817 3183 1870 3247 ρ,
1896 3185 2222 3248 invenimus,
2269 3183 2373 3237 nisi
2396 3181 2538 3235 forte
2574 3195 2676 3250 per
2704 3177 2937 3232 ironiam
2960 3173 3166 3230 dictum
3189 3170 3284 3236 sit.
3332 3165 3487 3238 (θωπί

192 3264 319 3318 dum
351 3279 584 3336 corpore
616 3267 859 3334 pertulit.
891 3266 1000 3321 Sed
1025 3267 1176 3334 dum,
1234 3268 1291 3321 in
1313 3270 1424 3334 via,
1466 3266 1688 3332 dicitur,
1735 3267 1792 3320 in

190 3353 408 3413 Latinis
439 3359 769 3424 ostenditur,
796 3369 853 3414 et
879 3359 1256 3416 velocissimus
1287 3361 1550 3416 transitus
1579 3360 1790 3414 indica-

190 3453 304 3513 tur,
346 3461 451 3521 per
469 3463 634 3518 quam
661 3449 983 3504 iliuerantes
1006 3451 1133 3506 vehi
1155 3449 1333 3506 solent
1362 3451 1429 3505 ad
1453 3450 1616 3504 aliam
1644 3464 1792 3503 man-

191 3537 428 3594 sionem.
465 3537 714 3595 rChristo
745 3541 892 3594 enim
929 3560 948 3592 ι
999 3551 1225 3612 prepter
1257 3541 1505 3612 gloriosa:
1535 3541 1792 3595 meritum

189 3627 464 3697 passionis
517 3647 536 3680 ‹
581 3630 876 3698 datumest
910 3645 1128 3697 nomen,
1181 3631 1326 3701 quod
1354 3639 1440 3686 est
1473 3645 1636 3700 supra
1673 3645 1791 3684 om-

191 3731 260 3772 ne
286 3733 510 3786 nomen,
562 3719 706 3774 utin
737 3719 956 3774 nomine
985 3720 1103 3790 ejus
1156 3734 1316 3774 omne
1349 3735 1489 3790 genu
1541 3719 1794 3773 ﬂectatur

194 3807 519 3876 ctelestium,
573 3811 917 3865 terrestrium
968 3820 1023 3866 et
1051 3810 1388 3866 infernarum
1427 3807 1593 3884 (Phil.
1625 3809 1709 3882 ιι).
1763 3829 1784 3862 ι

195 3899 382 3956 Omnis
407 3913 538 3974 ergo
563 3901 731 3958 Israel
783 3919 813 3957 a
841 3905 959 3958 rivo
997 3902 1217 3974 Egypti
1261 3917 1430 3974 usque
1456 3903 1655 3958 Emath
1705 3901 1789 3957 fe-

197 3999 340 4046 stum
383 3992 602 4049 celebre
647 4011 774 4050 cum
801 3995 1092 4051 Salomone
1127 3995 1276 4062 facit,
1337 3995 1555 4065 quando
1611 3993 1789 4050 sancti

195 4091 314 4152 post
339 4083 507 4141 ﬁnem
533 4087 821 4157 praesentis
846 4088 970 4144 vita:
1015 4088 1285 4144 veraciter
1323 4088 1542 4144 aeternis
1576 4085 1788 4158 gaudiis

197 4189 316 4229 cum
344 4177 579 4234 Domino
605 4177 823 4235 Christo
872 4179 1247 4251 perimatur.
1293 4179 1449 4248 Quod
1487 4187 1668 4234 autem
1702 4193 1788 4234 se-

194 4274 338 4338 ptem
381 4279 442 4326 et
465 4278 679 4340 septem
705 4271 898 4327 diebus
935 4272 1182 4328 eamdem
1225 4272 1582 4328 festivitatem
1637 4270 1786 4328 cele-

197 4357 444 4430 brabant,
504 4360 816 4434 signiﬁcare
841 4371 1022 4435 potest
1053 4365 1198 4434 quod
1221 4364 1380 4421 electi
1407 4379 1508 4436 per
1535 4363 1789 4434 septifor-

197 4465 334 4506 mem
385 4453 628 4526 Spiritus
660 4455 836 4513 sancti
881 4457 1117 4528 gratiam
1162 4457 1476 4523 illuminati,
1523 4457 1685 4513 modo
1730 4457 1785 4512 in

1894 3292 2124 3347 germen,
2175 3289 2297 3329 cum
2329 3270 2722 3342 plenitudinem
2745 3267 3020 3322 fructuum
3051 3277 3160 3318 non
3190 3259 3432 3315 aﬁ'erret.

1973 3385 1992 3417 ‹
2048 3363 2364 3420 ΛΕὰὶῆεεινὶῐ
2396 3375 2526 3431 ergo
2572 3358 2831 3414 Salomon
2880 3355 3076 3420 Gaser,
3126 3359 3184 3408 et
3211 3347 3490 3404 Bethorou

1899 3477 1920 3510 ‹
1983 3456 2318 3521 inferiorem,
2364 3461 2420 3508 ct
2443 3451 2670 3506 Baalath
2700 3457 2754 3506 et
2783 3448 3072 3504 Palmiram
3101 3445 3157 3500 in
3186 3451 3334 3499 terra
3363 3440 3494 3498 soli-

1901 3567 1920 3602 ‹
1967 3549 2190 3614 tudinis,
2231 3555 2288 3601 et
2323 3561 2516 3601 omnes
2545 3544 2697 3598 vicos
2723 3542 2816 3612 qui
2845 3541 2913 3596 ad
2939 3555 2998 3595 se
3025 3536 3388 3610 pertinebant,
3429 3539 3486 3590 et

1900 3657 1920 3692 ι
1961 3655 2082 3711 quae
2102 3647 2260 3693 erant
2307 3637 2512 3706 absque
2535 3649 2712 3700 muro,
2769 3631 3020 3696 munivit,
3077 3635 3183 3685 etc.
3244 3646 3270 3680 ι
3309 3625 3487 3682 Urbes

1893 3747 2045 3798 vero,
2099 3746 2234 3801 quas
2285 3727 2586 3784 aediﬁcasse
2634 3724 2890 3782 Salomon
2947 3722 3165 3789 dicitur,
3227 3720 3334 3775 hoc
3379 3725 3486 3785 est,

1892 3823 2049 3879 Mello
2077 3829 2131 3877 et
2147 3835 2362 3876 murum
2377 3817 2702 3885 Jerusalem,
2732 3815 2893 3883 Ezer,
2911 3812 3190 3885 Mageddo,
3215 3818 3276 3866 et
3292 3806 3488 3874 Gaser,

1895 3915 2194 3980 Bcthoron,
2238 3911 2488 3980 Baalath,
2537 3920 2594 3968 et
2612 3909 2927 3976 Paimiram,
2983 3914 3186 3962 sanctae
3228 3901 3489 3958 Ecclesia

1890 4009 2143 4066 decorem
2175 4008 2504 4080 signiﬁcant,
2550 4019 2714 4076 quam
2735 4017 2900 4058 verus
2927 3999 3184 4056 Salomon
3211 3997 3266 4052 in
3286 3994 3486 4066 jucun-

1892 4100 2060 4156 ditate
2085 4099 2240 4170 regni
2269 4098 2352 4154 sui
2391 4097 2459 4151 ad
2485 4095 2700 4151 laudem
2743 4101 2801 4149 et
2829 4091 3216 4164 sempiternam
3241 4086 3492 4144 laetitiam

1851 4194 1853 4196 ’
1889 4191 1992 4248 sibi
2021 4189 2367 4262 praeparavit.
2394 4187 2790 4259 interpretatur
2817 4194 3002 4241 autem
3045 4181 3202 4238 Melie
3227 4177 3488 4252 adimple-

1890 4283 1997 4348 tio;
2025 4281 2501 4351 Ezer,separatus,
2532 4276 2618 4334 vel
2637 4275 3035 4346 sanctiﬁcante;
3066 4271 3349 4346 Mageddo,
3385 4284 3489 4324 σω-

1892 4371 2142 4426 naculum
2175 4371 2326 4442 ejus;
2349 4369 2546 4437 Gazer,
2600 4369 2864 4440 praecisio,
2912 4366 3002 4422 vel
3027 4364 3252 4428 divisio;
3281 4361 3484 4418 Bethe-

1893 4477 2013 4528 ron,
2048 4463 2237 4516 domus
2266 4461 2560 4526 montium;
2586 4469 2641 4514 et
2667 4457 2894 4512 Baalatb
2919 4454 3203 4511 ascendens
3224 4453 3491 4523 interpre—

198 4538 293 4596 hac
319 4543 452 4612 vita,
499 4561 620 4618 quae
651 4548 963 4618 septenario
995 4564 1220 4606 numero
1255 4549 1464 4604 dierum
1505 4548 1784 4616 discurrit,
1811 4550 1871 4618 Β
1895 4564 2059 4610 tatur.
2094 4553 2294 4608 Sancta
2321 4565 2451 4624 ergo
2475 4549 2718 4606 Ecclesia
2744 4549 2864 4619 ipsa
2893 4565 2914 4598 ι
2965 4545 3158 4602 civitas
3183 4541 3282 4599 Dei
3303 4541 3416 4598 vivi
3463 4559 3484 4594 ι

199 4635 425 4704 gaudent
453 4637 514 4693 in
544 4653 660 4710 spe,
692 4646 749 4694 et
778 4647 892 4694 tum
927 4641 982 4694 in
1005 4639 1230 4696 sabbato
1260 4656 1410 4706 vero,
1447 4643 1554 4694 hoc
1585 4645 1689 4704 est,
1725 4639 1783 4694 iu

200 4724 369 4783 futura
407 4729 717 4788 animarum
747 4731 936 4802 requie
965 4730 1273 4802 gaudebunt
1303 4731 1358 4786 in
1389 4731 1559 4802 ipsius
1585 4730 1786 4784 verita-

203 4816 266 4872 tis
290 4821 661 4896 perceptione.
692 4821 846 4890 Quod
875 4831 1054 4877 autem
1086 4823 1352 4892 sequitur,
1384 4821 1438 4876 in
1470 4821 1558 4877 die
1587 4830 1784 4876 octavo

204 4903 449 4966 Salomon
480 4910 753 4966 dimisisse
787 4912 1066 4982 populum,
1111 4912 1204 4982 qui
1243 4913 1628 4968 benedicentes
1667 4911 1782 4982 regi

203 4997 421 5066 profecti
441 5009 572 5058 sunt
593 5001 790 5074 singuli
813 5004 866 5058 in
879 4998 1239 5058 tabernacula
1273 5019 1369 5058 sua
1397 5003 1642 5059 laetantes
1673 5003 1786 5058 ala-

207 5090 281 5144 cri
302 5094 464 5150 corde
494 5109 656 5166 super
675 5095 928 5150 omnibus
958 5095 1116 5150 bonis
1143 5111 1264 5166 qua:
1293 5095 1498 5150 fecerat
1521 5095 1784 5152 Dominus

208 5179 371 5244 David
393 5205 556 5248 servo
581 5205 699 5256 suo,
732 5198 788 5247 ct
814 5189 980 5246 Israel
1005 5189 1202 5260 populo
1223 5204 1344 5256 suo,
1374 5189 1642 5260 signiﬁcat
1665 5197 1790 5260 post

209 5273 365 5336 ﬁnem
388 5284 547 5342 istius
567 5287 710 5354 vitae,
761 5294 991 5358 postque
1034 5287 1428 5342 sabbatismum
1480 5289 1787 5344 animarum

211 5379 536 5445 sanctarum,
588 5393 708 5448 qua:
746 5393 893 5432 nunc
931 5377 1220 5448 quiescunt
1253 5387 1378 5433 ante
1407 5379 1550 5434 diem
1574 5378 1784 5450 judicii,

212 5459 266 5517 in
285 5478 470 5526 octava
495 5480 674 5541 aetate,
726 5474 830 5529 hoc
855 5481 958 5540 est,
1009 5474 1059 5528 in
1090 5475 1176 5528 die
1198 5476 1613 5530 resurrectionis
1651 5492 1781 5531 san—

215 5561 324 5608 ειοε
349 5574 656 5636 recepturos
682 5582 909 5638 corpora
932 5567 1279 5634 immortalia,
1331 5576 1386 5625 et
1413 5567 1466 5622 in
1489 5569 1784 5623 mansioni-

217 5639 314 5702 bus
335 5649 638 5708 ctelesubus
664 5676 907 5731 quosque
927 5661 1222 5716 secundum
1243 5662 1524 5716 beatorum
1553 5661 1784 5732 qualita—

220 5743 298 5798 tes
322 5741 676 5802 collocandos.
728 5743 818 5801 ubi
850 5758 1060 5817 Semper
1111 5752 1277 5809 alacri
1303 5752 1468 5809 corde
1506 5754 1780 5824 laetentur,

1898 4655 1983 4704 est
2011 4645 2199 4720 (Hebr.
2229 4645 2352 4720 xu),
2381 4645 2473 4700 ubi
2504 4642 2762 4713 impletur
2791 4638 3033 4712 quotidie
3079 4636 3175 4694 Dei
3214 4634 3484 4692 voluntas.

1898 4737 2027 4796 Haec
2060 4746 2312 4810 separata
2336 4735 2404 4792 ab
2417 4736 2562 4792 omni
2587 4749 2778 4791 errore
2805 4731 3122 4795 inﬁdelium,
3153 4728 3488 4787 sanctiﬁcata

1894 4841 1980 4889 est
2010 4833 2063 4888 in
2093 4831 2200 4886 ﬁde
2249 4839 2305 4885 et
2334 4830 2490 4885 bonis
2514 4827 2786 4899 operibus.
2850 4824 2929 4881 lbi
2969 4823 3192 4879 refectio
3225 4822 3489 4876 virtutum

1895 4933 2008 4990 est;
2039 4923 2156 4978 haec
2189 4921 2448 4976 discernit
2483 4919 2747 4974 mundum
2773 4917 2841 4972 ab
2867 4914 3168 4980 immundo,
3203 4911 3430 4966 virtutes
3455 4923 3488 4964 a

1888 5017 2070 5083 vitiis;
2103 5025 2157 5071 et
2185 5016 2375 5072 domus
2406 5021 2490 5070 est
2507 5013 2793 5078 montium,
2840 5009 2898 5066 id
2927 5017 3032 5075 cst,
3065 5005 3329 5062 habitatio
3363 5018 3488 5060 san-

1891 5117 2127 5175 ctorum,
2159 5119 2214 5164 et
2239 5107 2450 5162 fruetus
2469 5105 2716 5176 justitize,
2734 5104 2875 5162 sicut
2897 5100 3096 5174 palma,
3124 5097 3323 5153 florens
3357 5114 3378 5148 ‹
3405 5110 3488 5152 as-

1889 5201 2074 5257 cendit
2103 5201 2169 5256 de
2196 5199 2398 5254 virtute
2426 5198 2480 5253 in
2520 5198 2798 5261 virtutem,
2828 5202 2889 5248 ut
2915 5192 3163 5248 videatur
3191 5189 3336 5245 Deus
3359 5188 3486 5244 deo-

1889 5311 2014 5350 rum
2043 5295 2098 5348 in
2123 5293 2254 5349 Sion
2285 5290 2459 5365 (Psal.
2486 5286 2739 5360 Lxxxm).
2789 5305 2809 5338 ι
2871 5284 3071 5340 Omnes
3097 5283 3264 5348 vicos,
3293 5280 3386 5352 qui
3416 5280 3486 5336 ad

1889 5403 1948 5444 sc
1979 5387 2342 5458 pertinebant,
2381 5393 2434 5438 et
2467 5397 2588 5452 qua:
2622 5385 2777 5434 erant
2806 5377 3010 5450 absque
3040 5391 3218 5441 muro,
3251 5370 3484 5428 munivit

1893 5476 2172 5542 Salomon,
2219 5475 2344 5547 quia
2371 5473 2622 5528 Christus
2651 5477 2824 5524 coetus
2849 5467 3084 5524 ﬁdelium
3111 5479 3332 5521 suorum
3358 5475 3484 5533 gra-

1891 5571 1980 5625 tia:
2008 5585 2118 5624 sua:
2150 5566 2485 5638 protectione
2515 5563 2592 5618 ita
2621 5562 2870 5630 munivit,
2905 5569 2964 5616 ut
2995 5559 3240 5616 hostibus
3264 5557 3480 5618 spirita-

1888 5659 2032 5715 libus
2063 5656 2458 5726 insupcrahiles
2486 5653 2698 5726 semper“
2723 5654 3024 5710 existerent
3379 5669 3384 5674 ·

1965 5774 1984 5807 ‹
2032 5753 2352 5811 Universum
2380 5749 2658 5822 populum,
2688 5749 2781 5822 qui
2807 5749 3150 5806 remanserat
3190 5740 3255 5799 de
3277 5734 3472 5791 Λωυυ·
