3958 6472
457 358 553 415 191

1092 358 1153 414 Β.
1198 357 1453 413 RABANI
1490 356 1708 413 MAURI
1742 350 2056 410 ARCHIEP.
2100 354 2406 416 MOGUNT.
2448 354 2733 417 OPERUM
2769 354 2951 416 PARS
2988 356 3029 412 Ι.

3589 356 3699 418 ιω

456 494 475 526 ι
522 475 704 541 rhteis,
735 482 791 531 et
813 475 880 531 de
899 472 1152 538 Cethasis,
1182 481 1238 528 et
1272 472 1592 537 Pherewis,
1623 478 1679 525 et
1708 469 1937 535 Hevzeis,
1961 477 2016 523 et
2041 476 2094 536 Α
2118 473 2378 543 quidquid
2403 476 2459 530 in
2488 475 2626 536 bona
2651 475 2982 545 operatione,
3020 473 3279 544 quidquid
3303 474 3358 530 in
3391 477 3696 547 gratiarum

453 582 473 616 ι
516 562 794 631 Jebusaeis,
836 565 929 635 qui
956 579 1065 619 non
1094 572 1221 617 sunt
1256 562 1324 616 de
1353 562 1481 616 ﬁliis
1506 560 1691 624 israel,
1730 560 1920 614 horum
1956 556 2022 611 ﬁ-

455 675 475 709 (
519 658 640 723 lios,
694 658 784 727 qui
811 664 1185 713 remanserant
1211 655 1266 709 in
1293 662 1464 720 terra,
1504 668 1638 724 quos
1667 652 1874 708 scilicet
1909 664 2022 705 non

454 765 475 798 ς
514 755 764 817 poterant
810 746 908 802 ﬁlii
960 744 1128 802 Israel
1155 744 1540 809 exterminare,
1594 742 1722 797 fecit
1768 739 2022 795 Salomon

450 855 469 888 ο
511 837 828 893 tributarios
864 854 1035 908 usque
1081 840 1136 894 in
1183 841 1326 895 diem
1369 841 1527 894 hanc.
1576 837 1651 892 De
1679 836 1804 892 ﬁliis
1842 842 2022 890 autem

447 942 469 979 ι
512 927 676 983 Israel
699 945 806 984 non
836 931 1117 985 constituit
1152 930 1405 985 Salomon
1434 929 1638 985 servire
1666 941 2017 997 quemquam,

365 1093 369 1097 ν
446 1038 467 1072 ι
509 1022 604 1076 sed
630 1031 787 1077 erant
812 1024 915 1078 viri
942 1023 1227 1079 bellatores
1265 1032 1320 1078 et
1353 1021 1585 1077 ministri
1604 1018 1741 1088 ejus,
1792 1026 1847 1073 et
1870 1017 2022 1088 prin-

445 1130 465 1163 ι
511 1113 677 1183 cipes,
728 1122 784 1169 et
806 1115 991 1171 duces.
1048 1135 1067 1168 ι
1121 1115 1441 1170 Universum
1468 1112 1741 1184 populum,
1796 1110 1885 1180 qui
1913 1123 2021 1164 non

439 1202 659 1259 fuerunt
682 1206 750 1261 de
774 1205 901 1261 ﬁliis
919 1206 1104 1273 Israel,
1138 1207 1271 1263 fecit
1295 1207 1558 1262 Paciﬁcus
1584 1214 1768 1262 noster
1787 1205 2019 1259 tributa-

438 1298 570 1367 rios,
607 1315 729 1355 cum
753 1317 868 1367 eos,
897 1303 990 1372 qui
1020 1318 1128 1357 non
1152 1310 1276 1357 sunt
1303 1303 1360 1356 in
1387 1301 1618 1357 ﬁliorum
1647 1313 1895 1364 numero,
1927 1296 2022 1352 sed

436 1388 494 1444 in
518 1392 700 1446 servili
721 1394 1027 1449 conditione
1050 1394 1231 1464 positi,
1278 1394 1333 1447 in
1354 1400 1619 1463 potestate
1634 1407 1731 1446 sua
1756 1390 2018 1453 continet,

435 1490 491 1536 et
520 1480 747 1553 singulis
766 1485 936 1539 utitur
960 1487 1027 1540 ad
1053 1484 1332 1555 proprium
1361 1483 1661 1538 servitium.
1719 1482 1845 1537 Sive
1874 1480 2020 1534 enim

433 1568 628 1638 Judaei,
661 1574 775 1628 sive
801 1574 1050 1644 gentiles,
1080 1575 1193 1630 sive
1220 1574 1482 1639 haeretici,
1506 1572 1621 1642 ejus
1655 1571 2022 1627 dominatione

442 1662 771 1729 consistunt,
798 1666 925 1735 quia
947 1666 1064 1735 ipse
1090 1666 1463 1720 universorum
1489 1665 1796 1720 dominator
1824 1670 1927 1731 est,
1962 1670 2021 1718 et

433 1752 513 1807 eis
554 1754 726 1810 utitur
766 1756 836 1810 ad
877 1771 1031 1811 suam
1064 1756 1415 1811 voluntatem.
1465 1756 1521 1809 ln
1553 1755 1705 1825 cujus
1746 1753 2020 1809 voluntate

2124 564 2335 618 actione
2362 564 2622 631 elaborat,
2673 566 2877 635 justum
2906 570 2991 620 est
3036 572 3095 618 ut
3120 572 3291 621 totum
3348 566 3406 621 in
3427 568 3700 624 suavitate

2123 649 2357 720 Spiritus
2371 654 2543 708 sancti
2567 652 2757 709 oﬁ‘erat
2771 654 2900 710 Deo.
2933 652 3130 723 Sicque
3154 654 3389 710 adolebit
3402 655 3699 727 thymium

2121 755 2307 795 coram
2351 741 2600 809 Domino,
2649 743 2865 812 quando
2887 743 3187 799 orationem
3206 759 3401 813 puram
3429 743 3487 799 in
3518 746 3702 803 cordis

2120 839 2330 886 secreto
2367 841 2635 903 praeparat
2664 834 2796 900 Deo,
2847 842 2903 890 et
2922 849 2988 889 ea
3015 849 3135 904 quae
3154 836 3460 907 suntdigna
3505 844 3563 893 et
3587 836 3703 895 Deo

2119 920 2316 990 placita
2339 924 2592 994 postulat.
2638 923 2904 980 Caeterum
2940 926 3030 995 qui
3060 927 3371 982 transitoria
3397 928 3597 998 poscit,
3647 936 3706 984 et

2120 1025 2238 1080 qua:
2273 1013 2341 1067 ad
2369 1013 2552 1069 luxum
2581 1015 2759 1071 saeculi
2785 1018 3075 1087 pertinent,
3118 1033 3225 1073 non
3257 1034 3439 1074 coram
3466 1020 3706 1076 Domino

2120 1107 2335 1163 adolere
2390 1110 2685 1180 thymiama
2729 1111 2942 1178 dicitur,
2994 1112 3120 1183 quia
3150 1128 3256 1167 non
3295 1114 3350 1168 in
3376 1128 3511 1184 pura
3564 1128 3706 1170 con-

2121 1197 2345 1253 scientia
2373 1214 2531 1255 orare
2554 1201 2951 1270 comprobatur.

2197 1308 2215 1340 ‹
2259 1287 2497 1344 Classem
2532 1306 2747 1360 quoque
2795 1290 2925 1346 fecit
2954 1290 3208 1348 Salomon
3255 1293 3310 1347 in
3338 1292 3704 1365 Asiongaber,

2127 1396 2145 1429 ι
2190 1392 2309 1447 quae
2328 1387 2409 1433 est
2431 1378 2585 1449 juxta
2603 1380 2785 1434 Ailath
2812 1381 2864 1435 in
2891 1381 3070 1438 littore
3094 1384 3260 1438 maris
3286 1384 3456 1438 Rubri
3478 1384 3533 1438 in
3550 1393 3706 1439 terra

2126 1488 2146 1521 ι
2191 1471 2443 1525 ldumaea.
2497 1471 2745 1541 Misitque
2765 1472 2950 1528 Hiram
2982 1474 3034 1528 in
3061 1474 3232 1531 classe
3253 1475 3340 1529 illa
3361 1490 3548 1531 servos
3572 1491 3708 1531 suos

2126 1580 2145 1613 ι
2189 1562 2335 1617 viros
2384 1563 2629 1619 nauticos
2671 1574 2724 1620 et
2749 1580 2945 1635 gnaros
2972 1566 3139 1620 maris
3161 1593 3172 1605 -
3197 1582 3321 1621 cum
3350 1567 3525 1622 servis
3546 1565 3708 1621 Salo-

2128 1668 2147 1702 ‹
2189 1653 2383 1708 monis.
2416 1653 2661 1721 Quicum
2689 1656 2963 1711 venissent
2992 1656 3045 1710 in
3063 1655 3251 1726 Ophir,
3276 1664 3551 1727 sumptum
3576 1656 3710 1712 inde

2128 1761 2146 1793 ι
2191 1757 2381 1797 aurum
2424 1745 2938 1816 quadringentorum
2960 1746 3149 1816 viginti
3175 1746 3498 1803 talentorum
3541 1747 3707 1801 detu-

432 1842 688 1897 universa
713 1852 839 1898 sunt
862 1845 1056 1914 posita,
1110 1854 1166 1898 et
1188 1860 1297 1899 non
1327 1852 1411 1898 est
1439 1845 1532 1914 qui
1559 1843 1730 1913 possit
1761 1842 2006 1898 resistere

2125 1852 2144 1883 ‹
2188 1833 2366 1888 lerunt
2418 1834 2487 1890 ad
2533 1851 2715 1906 regem
2781 1834 3144 1893 Salomonem.
3201 1856 3222 1890 ›
3296 1836 3405 1908 (Ea:
3449 1834 3706 1908 Hieron.)

432 1933 696 1988 voluntati
718 1935 854 2006 ejus.
904 1935 1061 1991 Tales
1090 1935 1218 1990 licet
1238 1935 1294 1989 in
1318 1935 1503 1990 multis
1525 1935 1898 1999 adversantur,
1934 1945 2016 1987 ta-

430 2036 556 2077 men
594 2022 905 2095 frequenter
949 2026 1137 2081 usibus
1181 2026 1424 2080 serviunt
1463 2025 1740 2090 Ecclesim,
1794 2040 1917 2078 cum
1959 2023 2014 2077 in

427 2116 680 2183 praesenti
710 2125 950 2187 tempore
989 2117 1298 2172 necessaria
1342 2117 1605 2183 tribuunt,
1661 2123 1716 2171 et
1762 2116 1827 2170 de
1851 2116 2013 2170 rebus

426 2206 541 2261 suis
564 2207 756 2263 solatia
777 2209 1020 2279 praebent
1044 2209 1181 2281 (Act.
1213 2207 1323 2275 xv).
1359 2208 1436 2264 De
1467 2207 1592 2263 ﬁliis
1620 2215 1799 2262 autem
1826 2204 2009 2272 Israel,

425 2296 531 2353 hoc
551 2307 658 2365 est,
707 2300 799 2369 qui
825 2316 935 2356 non
962 2301 1168 2357 ancilla:
1194 2300 1288 2355 ﬁlii
1317 2310 1463 2367 sunt,
1516 2301 1612 2355 sed
1642 2299 1817 2365 liberi,
1875 2313 2013 2369 quos

425 2390 541 2461 ipse
566 2391 737 2447 Filius
763 2392 859 2447 Dei
880 2394 1142 2464 sanguine
1165 2408 1262 2449 suo
1281 2392 1530 2448 liberavit
1546 2390 1754 2464 (Galat.
1782 2390 1880 2462 ιν),
1904 2405 2012 2445 non

429 2475 710 2536 constituit
751 2481 1009 2539 Salomon
1046 2492 1233 2540 noster
1260 2484 1466 2539 servire
1494 2498 1840 2554 quemquam,
1885 2482 2012 2552 quia

422 2572 697 2628 neminem
721 2575 866 2645 cogit
881 2577 989 2631 ritu
1014 2577 1198 2647 gentili
1218 2577 1422 2642 vivere,
1451 2576 1720 2632 neminem
1751 2590 2009 2632 caeremo-

423 2664 542 2720 nias
553 2667 754 2722 veteris
766 2668 900 2739 legis
920 2671 1251 2741 temporibus
1270 2671 1394 2726 novi
1415 2672 1723 2726 testamenti
1749 2686 2007 2737 servare;

423 2754 519 2810 sed
546 2755 692 2812 viros
712 2757 1003 2814 bellatores
1022 2775 1161 2825 esse,
1193 2762 1286 2831 qui
1308 2769 1502 2817 contra
1528 2762 1800 2831 spiritales
1822 2762 2011 2832 nequi-

424 2847 531 2903 tias
582 2858 739 2907 scuto
766 2850 890 2905 ﬁdei
930 2860 987 2907 et
1011 2851 1189 2924 gladio
1240 2854 1464 2924 spiritus
1504 2854 1765 2909 dimicent
1788 2853 2005 2925 (Ep/tes.

420 2938 529 3009 γι);
561 2948 613 2994 et
642 2941 922 2999 ministros
944 2958 1071 2999 suos
1096 2944 1234 3010 ﬁeri,
1285 2945 1389 3000 hoc
1419 2952 1525 3012 est,
1576 2944 1823 3015 spiritale
1851 2946 2009 3001 obse-

421 3029 609 3100 quium
644 3031 699 3085 in
725 3034 881 3088 bonis
908 3035 1165 3104 operibus
1192 3035 1296 3090 sibi
1320 3037 1563 3107 praebere
1585 3035 1763 3108 (Rom.
1795 3051 1874 3103 vl,
1904 3052 2005 3103 vn,

426 3120 579 3192 vni);
608 3129 675 3177 et
712 3123 985 3194 principes
1037 3133 1091 3181 et
1108 3126 1339 3197 judices,
1389 3127 1603 3183 scilicet
1651 3135 1710 3182 ut
1733 3129 1872 3184 bene
1905 3127 2007 3183 sibi

417 3213 813 3284 principeutur,
855 3225 911 3272 et
938 3219 1121 3274 carnis
1152 3219 1430 3275 lasciviam
1469 3221 1691 3275 doment
1735 3219 1880 3292 (Gal.
1912 3220 2004 3293 v);

419 3304 535 3359 sive
567 3311 627 3359 ut
656 3307 904 3363 subditos
923 3308 1027 3364 sibi
1068 3310 1207 3365 bene
1228 3318 1422 3381 regant
1460 3320 1515 3366 et
1543 3311 1599 3366 in
1622 3311 1815 3366 semita
1846 3309 2008 3380 justi-

417 3394 508 3449 tite
521 3395 751 3450 ducant.
776 3397 930 3463 Quod
946 3407 1127 3455 autem
1148 3402 1395 3470 sequitur
1421 3419 1435 3455 :
1467 3421 1486 3454 ‹
1532 3402 1702 3457 Erant
1729 3402 2007 3472 principes

424 3501 445 3536 ι
490 3499 654 3555 super
676 3488 857 3541 omnia
875 3503 1041 3557 opera
1081 3489 1385 3546 Salomonis
1422 3493 1698 3562 praepositi
1728 3492 2008 3564 quingenti

422 3595 442 3628 ι
487 3577 901 3650 quinquaginta,
950 3580 1044 3650 qui
1069 3581 1341 3637 habebant
1385 3582 1685 3653 subjectum
1727 3584 2006 3656 populum,

422 3689 441 3722 ι
482 3677 537 3725 et
565 3671 782 3727 statutis
808 3674 1064 3741 Operibus
1092 3674 1453 3744 imperabant,
1493 3695 1513 3727 ι
1562 3676 1693 3746 quid
1712 3677 2003 3748 signiﬁcat,

415 3760 521 3815 nisi
556 3761 703 3831 quod
736 3762 792 3817 hi
818 3763 910 3832 qui
950 3762 1187 3834 Spiritus
1213 3767 1389 3821 sancti
1420 3767 1594 3835 gratia
1627 3766 1761 3837 legis
1790 3766 2005 3823 Domini

416 3851 702 3906 scientiam
747 3852 948 3909 habere
995 3864 1291 3921 merentur,
1342 3865 1398 3911 et
1428 3858 1751 3927 semetipsos
1793 3866 1850 3913 et
1868 3857 2006 3913 alios

415 3943 553 3998 bene
586 3958 778 4014 regere
816 3946 1082 4015 possunt?
1106 3945 1563 4019 Quinquagesimo
1588 3964 1718 4021 ergo
1745 3951 1832 4006 die
1883 3957 2009 4021 post

412 4035 617 4103 pascha
640 4042 696 4089 et
716 4034 771 4089 in
791 4036 964 4090 veteri
992 4044 1317 4092 testamento
1338 4037 1425 4093 lex
1451 4038 1508 4093 in
1536 4038 1668 4093 Sina
1697 4040 1902 4095 tributa
1922 4047 2007 4096 est

417 4124 617 4196 (Exod.
643 4125 759 4199 xx),
805 4133 861 4181 et
890 4127 945 4181 in
974 4142 1116 4183 novo
1155 4143 1319 4198 super
1377 4129 1653 4199 apostolos
1711 4137 1767 4184 et
1793 4144 1888 4186 eos
1912 4131 2004 4201 qui

415 4228 539 4270 cum
561 4217 693 4287 ipsis
719 4227 897 4285 erant,
928 4217 1165 4288 Spiritus
1186 4220 1485 4290 paraclitus
1508 4220 1657 4275 venit
1683 4220 1821 4293 (Act.
1846 4221 1931 4294 ιι).

494 4327 512 4360 ι
566 4308 840 4366 Oﬁ'erehat
884 4326 1099 4381 quoque
1153 4327 1252 4367 rex
1272 4311 1550 4367 .Salomon
1600 4312 1776 4367 tribus
1794 4312 2006 4369 vicibus

418 4416 438 4450 ‹
480 4413 579 4469 per
592 4414 763 4457 annos
785 4402 1024 4472 singulos
1050 4401 1366 4459 holocausta
1394 4411 1450 4458 et
1470 4402 1728 4474 paciﬁcas
1754 4404 2004 4460 victimas

417 4509 441 4563 ι⁸
484 4506 647 4564 super
669 4494 860 4561 altare,
901 4495 1047 4565 quod
1070 4496 1432 4551 aediﬁcaverat
1467 4496 1697 4552 Domino
1725 4515 1739 4551 :
1766 4504 1822 4552 et
1875 4496 2004 4552 ado-

416 4601 434 4634 ι
479 4582 625 4639 lebat
674 4585 974 4654 thymiama
1030 4599 1215 4639 coram
1269 4586 1522 4650 Domino,
1579 4593 1686 4639 etc.
1732 4603 1752 4636 ι
1824 4583 1997 4640 Oﬁ'ert

410 4688 626 4742 quoque
640 4673 909 4730 Paciﬁcus
932 4683 1117 4730 noster
1140 4676 1314 4731 tribus
1339 4677 1549 4731 vicibus
1575 4691 1674 4746 per
1700 4691 1872 4732 annos
1893 4677 2000 4732 sin-

412 4762 566 4834 gulos
606 4763 921 4819 holocausta
952 4765 1207 4832 Domino,
1250 4782 1372 4822 cum
1397 4767 1451 4820 in
1483 4767 1744 4822 membris
1765 4768 1877 4823 suis
1899 4782 1998 4838 per

410 4861 612 4909 sancta:
649 4855 932 4909 Trinitatis
971 4855 1131 4910 ﬁdem
1186 4874 1206 4907 ‹
1253 4856 1492 4911 hostiam
1521 4857 1906 4927 acceptabilem
1970 4877 1991 4912 ι

409 4946 630 5001 exhibet
651 4946 762 5002 Deo
794 4946 973 5018 (Rom.
1007 4948 1129 5021 xu).
1164 4946 1336 5004 Oﬁ'ert
1364 4948 1509 5002 enim
1538 4950 1909 5020 unusquisque
1936 4949 1998 5004 ﬁ-

410 5035 546 5114 delis
588 5038 903 5093 holocausta
958 5038 1204 5107 Domino,
1265 5056 1388 5096 cum
1432 5057 1631 5113 corpus
1677 5043 1996 5114 castigando

410 5111 669 5192 macierat,
717 5137 772 5182 et
798 5136 910 5183 tota
930 5128 1198 5185 desideria
1222 5132 1405 5187 carnis
1452 5111 1574 5202 igne
1600 5111 1844 5201 Spiritus
1865 5148 1992 5188 san-

411 5216 485 5272 cti
517 5231 837 5274 consumere
862 5218 1102 5275 festinat.
1131 5220 1303 5277 Oﬁert
1330 5223 1590 5293 paciﬁcas
1611 5223 1840 5289 hostias,
1871 5239 1994 5279 cum

410 5306 677 5362 bonorum
720 5324 944 5379 operum
981 5327 1178 5367 munus
1209 5314 1446 5368 exhibet.
1504 5313 1674 5370 Oﬁ‘ert
1716 5316 1993 5382 victimas,

412 5409 536 5449 cum
575 5405 702 5451 vota
734 5399 999 5455 labiorum
1028 5416 1250 5457 suorum
1278 5404 1333 5458 in
1363 5403 1521 5459 laude
1548 5405 1761 5461 Domini
1791 5420 1995 5475 expen—

413 5485 511 5541 dit.
560 5488 630 5541 Et
666 5489 782 5544 hzec
804 5493 983 5546 omnia
1040 5508 1205 5566 super
1230 5497 1401 5552 altare
1452 5497 1596 5567 quod
1624 5499 1994 5553 mdiﬁcaverat

410 5577 641 5635 Domino
668 5579 862 5637 oﬁ'erre
891 5584 1069 5651 debet,
1118 5587 1244 5657 quia
1274 5589 1326 5642 in
1354 5604 1451 5642 ara
1479 5587 1685 5654 cordis,
1710 5589 1801 5642 ubi
1839 5586 1996 5642 decet

412 5668 591 5738 ignem
620 5672 859 5729 divinum
909 5692 1125 5749 semper
1166 5679 1379 5745 ardere,
1424 5680 1526 5734 hoc
1565 5688 1665 5744 est,
1721 5678 1992 5733 ﬁammam

2113 1926 2447 1997 Asiongaber
2479 1924 2652 1981 fertur
2676 1943 2795 1983 esse
2840 1928 3039 1994 insula,
3076 1927 3432 1999 haudprocul
3483 1927 3551 1981 ab
3580 1926 3709 1982 Aila

2114 2019 2169 2073 in
2194 2018 2376 2073 Rubro
2398 2020 2553 2085 mari,
2575 2019 2667 2075 ubi
2688 2020 2875 2076 classis
2897 2019 3155 2090 Josaphat
3178 2022 3337 2089 hujus
3362 2019 3710 2090 tempestatis

2115 2112 2297 2166 attrita
2322 2120 2426 2166 est.
2481 2111 2649 2181 Ophir
2698 2120 2877 2167 autem
2926 2127 3125 2168 nomen
3155 2121 3241 2169 est
3275 2112 3593 2183 provinciae,
3632 2126 3712 2167 ex
3770 2110 3817 2155 ν’

2114 2198 2303 2270 Ophir,
2344 2217 2452 2256 uno
2483 2202 2549 2257 de
2593 2203 2826 2272 posteris
2861 2202 3021 2266 Eber,
3091 2204 3392 2269 nominata,
3434 2208 3502 2257 de
3543 2202 3709 2273 cujus

2114 2294 2281 2363 stirpe
2300 2294 2603 2360 venientes,
2634 2311 2667 2349 a
2696 2292 2858 2350 ﬁuvio
2877 2294 3099 2362 Rosnae,
3127 2311 3297 2367 usque
3320 2296 3389 2351 ad
3418 2296 3708 2367 regionem

2111 2383 2279 2449 Iudae,
2314 2400 2433 2454 qua:
2456 2394 2678 2440 vocatur
2706 2385 2910 2453 Hieria,
2948 2387 3220 2443 habitasse
3252 2386 3587 2450 referuntur,
3640 2393 3709 2440 ut

2111 2473 2375 2545 Josephus
2386 2484 2590 2530 narrat.
2606 2475 2846 2532 Classem
2869 2478 3075 2549 itaque,
3095 2494 3258 2548 quam
3284 2476 3416 2533 fecit
3435 2475 3700 2532 Salomon

2111 2567 2165 2622 in
2195 2569 2531 2638 Asiongaber
2559 2569 2720 2640 (quae,
2750 2552 3075 2641 festinantes,
3127 2577 3218 2627 aut
3246 2571 3428 2641 fortes,
3478 2569 3597 2625 sive
3623 2568 3707 2624 oi-

2112 2656 2280 2713 rili'ter
2307 2660 2714 2734 interpretatur)
2761 2678 2870 2718 non
2895 2662 3059 2718 aliam
3081 2678 3200 2719 esse
3220 2669 3372 2734 puto,
3411 2676 3574 2731 quam
3598 2658 3709 2715 Ec-

2112 2749 2332 2805 clesiam
2383 2750 2645 2819 ﬁdelium,
2691 2768 2811 2824 quae
2839 2754 2895 2809 in
2922 2754 3059 2809 mari
3086 2755 3244 2809 istius
3270 2753 3457 2809 mundi
3493 2752 3703 2824 posits,

2112 2840 2351 2897 studium
2386 2842 2647 2912 impendit
2697 2843 2985 2900 thesauros
3025 2844 3301 2914 sapientiae
3341 2851 3398 2898 et
3435 2841 3701 2906 scientiae,

2110 2947 2347 3003 opesque
2375 2935 2637 2990 virtutum
2676 2937 2978 3006 acquirere.
3030 2934 3108 2992 Ibi
3127 2945 3256 2992 sunt
3294 2933 3439 2990 servi
3483 2931 3700 2999 Hiram,

2109 3023 2212 3076 viri
2254 3024 2456 3080 nautici
2497 3032 2553 3080 et
2582 3026 2733 3096 gnari
2764 3027 2931 3082 maris
2969 3041 3092 3082 cum
3143 3025 3317 3081 servis
3353 3020 3701 3085 Salomonis;

2110 3113 2239 3169 dum
2273 3115 2500 3187 gentiles
2522 3118 2769 3173 sreculari
2790 3120 3056 3189 sapientia
3090 3117 3286 3175 eruditi
3320 3131 3445 3173 cum
3475 3114 3562 3170 his
3602 3112 3704 3184 qui

2034 3184 2080 3249 Ο
2113 3205 2168 3259 in
2193 3184 2310 3279 lege
2349 3206 2547 3280 Moysis
2586 3209 2747 3280 periti
2767 3184 2893 3264 sunt
2927 3209 2983 3264 in
3010 3209 3218 3264 unitate
3241 3206 3367 3262 ﬁdei
3393 3204 3705 3261 sociantur.

2108 3297 2219 3353 Hos
2238 3314 2367 3369 ergo
2385 3298 2640 3355 Salomon
2670 3308 2854 3356 noster
2905 3301 2959 3355 in
2976 3299 3163 3370 .Ophir
3185 3298 3329 3371 (quae
3351 3296 3702 3366 interpreta-

2110 3397 2200 3443 tur
2228 3389 2534 3463 inﬁrmans)
2564 3391 2731 3446 mittit
2753 3400 2813 3445 ut
2841 3399 3113 3462 sumptum
3144 3390 3268 3446 inde
3314 3403 3506 3444 aurum
3536 3386 3605 3441 ad
3638 3401 3710 3443 se

2109 3478 2375 3546 deferant,
2423 3497 2545 3536 cum
2575 3482 2630 3536 in
2656 3482 2861 3537 vilitate
2889 3483 3084 3538 litterae
3140 3496 3361 3538 sensum
3388 3480 3708 3552 pretiosum

2104 3570 2256 3641 jubet
2281 3587 2549 3643 quaerere.
2598 3572 2667 3626 Et
2693 3573 2774 3629 sic
2816 3582 3096 3644 acceptam
3141 3588 3409 3630 summam
3438 3570 3712 3642 quadrin-

2108 3672 2395 3734 gentorum
2416 3663 2607 3735 viginti
2630 3663 2955 3721 talentorum
2974 3665 3093 3720 auri
3123 3665 3191 3721 ad
3219 3678 3398 3734 regem
3422 3660 3710 3727 deferunt,

2109 3768 2233 3808 cum
2261 3767 2481 3810 sensum
2520 3755 2817 3824 pretiosum
2845 3755 3107 3824 historiae,
3137 3753 3436 3825 allegoriae,
3465 3749 3713 3821 trepolo-

2107 3844 2231 3915 ϐίων
2281 3853 2444 3916 atque
2488 3862 2766 3919 anagogen
2805 3849 2862 3903 in
2890 3847 3099 3904 duobus
3124 3845 3480 3911 testamentis,
3538 3843 3709 3899 inve-

2107 3940 2283 4008 niunt,
2311 3950 2367 3996 et
2406 3956 2532 3998 eum
2583 3943 2864 4013 sapientiae
2898 3950 2955 3998 et
2992 3940 3220 3998 oonsilio
3255 3940 3437 3997 divino
3489 3936 3711 3994 adscri-

2106 4031 2299 4090 bentes
2328 4033 2593 4089 tribuunt.

2745 4143 2974 4201 CAPUT
3015 4141 3083 4199 X.

2106 4253 2184 4309 De
2214 4254 2392 4325 regina
2417 4253 2578 4326 Saba,
2617 4271 2736 4326 quae
2753 4255 2910 4326 _ve_nit
2955 4253 3150 4326 audire,
3180 4251 3493 4326 sapientiam
3525 4247 3703 4326 Asula-

2176 4319 2346 4395 monis
2375 4341 2394 4391 ;
2421 4319 2571 4395 quod
2591 4319 2713 4395 fecit
2740 4323 2991 4380 Salomon
3020 4325 3085 4377 de
3114 4319 3272 4395 lignis
3295 4322 3491 4395 thyinis
3512 4319 3697 4391 fulcra

2175 4393 2383 4459 domus.
2417 4393 2650 4461 Domini,
2700 4403 2821 4462 etc;
2866 4404 2916 4448 et
2980 4394 3128 4475 quoii
3159 4393 3166 4394 ί
3200 4393 3568 4475 magnificatus
3612 4398 3699 4446 est

2179 4481 2335 4535 super
2373 4481 2550 4521 omnes
2589 4482 2732 4537 reges
2782 4475 2937 4520 term
2957 4464 3154 4519 divitiis
3197 4472 3245 4519 et
3274 4464 3551 4535 sapientia.

2179 4577 2331 4651 (Car.
2349 4579 2429 4651 x.)
2452 4598 2471 4629 ί
2496 4576 2603 4634 Sed
2626 4586 2683 4635 et
2695 4578 2884 4651 regina
2898 4577 3061 4645 Saba,
3078 4579 3258 4634 audita
3283 4576 3427 4632 fama
3446 4573 3701 4631 Salomo—

2111 4688 2132 4723 ε
2176 4650 2281 4737 nis,
2301 4671 2355 4725 in
2378 4650 2598 4727 nomine
2614 4650 2829 4726 Domini
2842 4671 2992 4727 venit
3005 4678 3216 4726 tentare
3228 4650 3353 4725 eum
3375 4669 3429 4724 in
3444 4668 3702 4736 aenigma-

2111 4782 2131 4816 ι
2177 4764 2343 4828 tibus,
2367 4771 2421 4817 et
2451 4764 2695 4834 ingressa
2717 4762 3022 4820 Jerusalem
3061 4779 3187 4820 cum
3223 4763 3395 4818 multo
3429 4761 3700 4819 comitatu

2112 4873 2131 4907 ‹
2177 4862 2233 4909 et
2254 4854 2478 4921 divitiis,
2501 4854 2724 4910 camelis
2746 4855 3087 4924 portantibus
3117 4862 3383 4921 aromata,
3415 4861 3471 4909 et
3496 4868 3695 4908 aurum

2103 4966 2122 4999 ι
2165 4948 2435 5002 inﬁnitum
2488 4948 2650 5003 nimis
2687 4956 2741 5003 et
2793 4936 3035 5019 gemmas
3067 4949 3355 5017 pretiosas.
3418 4946 3579 5003 Venit
3618 4943 3693 5000 ad

2102 5059 2122 5093 ι
2169 5040 2537 5105 Salomonem,
2559 5048 2615 5095 et
2645 5040 2823 5096 locuta
2866 5049 2951 5097 est
2973 5040 3025 5096 ei
3043 5041 3321 5107 universa,
3367 5053 3489 5110 quae
3516 5037 3696 5093 habe-

2103 5151 2124 5185 ‹
2169 5134 2265 5188 bat
2289 5134 2344 5188 in
2374 5133 2536 5188 corde
2559 5147 2678 5199 suo,
2711 5140 2813 5190 etc.
2838 5152 2858 5185 ι
2892 5132 3100 5204 Regina
3123 5141 3301 5188 autem
3324 5130 3535 5196 Austri,
3562 5144 3691 5200 qua

2101 5244 2132 5284 a
2156 5230 2353 5286 ﬁnibus
2397 5232 2656 5286 extremis
2699 5232 2935 5287 excitata
2968 5230 3215 5297 veniens,
3256 5227 3564 5284 Salomonis
3592 5240 3694 5282 au-

2101 5320 2218 5376 dire
2240 5322 2560 5391 sapientiam
2587 5323 2919 5393 concupivit,
2943 5321 3056 5391 jam
3085 5300 3217 5377 tunc
3245 5329 3528 5376 venturam
3555 5333 3692 5389 gen-

2102 5412 2244 5467 tibus
2270 5413 2587 5477 Eeclesiam,
2637 5413 3039 5469 desiderantem
3065 5412 3343 5468 Christum
3375 5408 3694 5480 praeﬁgura-

2100 5504 2211 5569 bat,
2242 5520 2362 5575 quae
2388 5504 2561 5577 (juxta
2599 5504 2952 5579 Prophetam)
3006 5524 3026 5557 ι
3061 5502 3467 5583 circumamicta
3488 5509 3572 5557 est
3596 5514 3694 5556 va-

2102 5597 2293 5651 rietate
2335 5597 2388 5649 in
2418 5596 2616 5651 vestitu
2654 5597 2936 5661 deaurato,
2970 5604 3027 5651 et
3046 5595 3226 5667 populi
3255 5594 3336 5648 sui
3361 5601 3419 5646 et
3441 5599 3684 5654 paterna:

2100 5689 2291 5744 domus
2315 5690 2484 5745 oblita
2512 5686 2683 5762 (Psal.
2708 5688 2882 5759 λων),
2915 5708 2933 5741 ι
2961 5687 3213 5743 currebat
3237 5678 3465 5731 barbam
3490 5682 3679 5746 gente.

413 5758 696 5820 Charilaus
734 5775 944 5835 semper
980 5770 1215 5841 fervere,
1265 5772 1525 5843 quidquid
1564 5773 1618 5829 in
1641 5771 1988 5840 abstinentia,
2097 5792 2206 5834 non
2241 5778 2451 5834 animo.
2477 5758 2608 5838 Quae
2632 5779 2691 5825 in
2717 5758 2907 5839 aperto
2934 5767 3220 5840 peregrina
3236 5763 3358 5834 fuit,
3384 5765 3480 5823 sed
3503 5768 3558 5821 in
3583 5779 3680 5824 oo-
