3958 6480
177 389 323 456 ,195

1034 387 1381 444 COMMENT.
1419 389 1489 444 IN
1526 387 1774 446 LIBROS
1809 388 1876 444 IV
1917 388 2176 444 REGUM.
2217 419 2288 430 —
2323 391 2392 446 IN
2429 391 2556 448 LIB.
2599 394 2682 448 III.

3345 383 3464 458 ἰθι

205 504 368 560 culto
393 511 700 560 sanctorum
723 503 840 559 ﬁeri
865 502 997 558 civis
1021 505 1260 574 optabat.
1299 505 1453 560 Unde
1483 521 1592 560 non
1615 505 1787 560 solum
1814 507 1868 568 Α
1898 522 1916 555 ι
1963 503 2076 558 Non
2098 512 2223 557 sunt
2251 503 2411 558 allata
2435 506 2740 575 hujusmodi
2762 507 2903 576 ligna
2928 508 3130 578 tltyina,
3151 526 3322 580 neque
3353 514 3463 568 visa

205 597 432 654 ccclesti
458 598 682 668 praemio
709 597 1123 653 resurrectionis
1163 599 1341 663 beata,
1371 599 1462 652 sed
1509 599 1673 652 etiam
1699 613 1794 667 po-

207 696 420 744 testate
456 689 771 759 apostolica,
807 689 873 744 de
915 687 1113 744 Iudaeis
1160 689 1420 744 adulteris
1463 689 1788 760 judicandis,

205 779 390 850 ipsius
426 794 520 835 ore
554 777 762 835 Iudicis
813 780 972 851 digna
1017 787 1290 844 censetur,
1337 780 1464 849 quia
1515 779 1790 834 Christum

204 868 263 924 in
329 868 625 925 Salomone
671 871 890 936 mirata,
938 885 1126 926 verum
1176 871 1375 941 reginae
1437 871 1676 926 caelestis
1718 871 1795 926 af-

203 957 418 1013 fectum
482 959 714 1034 imagine
759 959 984 1030 mystica
1022 959 1278 1015 Ecclesiae
1311 960 1645 1029 providentis
1690 960 1786 1014 im-

201 1048 474 1119 pleverat.
501 1049 638 1105 Hinc
659 1050 775 1120 ipsa
819 1050 1002 1121 regina
1024 1049 1167 1106 Saba
1194 1052 1248 1106 in
1280 1050 1568 1108 Salomone
1589 1060 1645 1108 et
1677 1053 1790 1124 glo-

201 1139 288 1194 ria
315 1141 439 1210 ejus
452 1150 673 1211 stupens
699 1155 861 1211 super
883 1141 1170 1212 prudentia
1189 1141 1306 1211 ejus
1321 1143 1455 1198 dixit
1488 1163 1501 1198 :

281 1246 299 1278 α
351 1229 530 1284 Verus
577 1237 661 1284 est
712 1243 913 1295 sermo,
963 1245 1124 1300 quem
1155 1231 1334 1286 audivi
1383 1233 1436 1286 in
1481 1241 1626 1288 terra
1669 1248 1789 1288 mea

207 1335 226 1370 ι
274 1331 447 1386 super
475 1317 814 1372 sermonibus
843 1317 973 1382 tuis,
1014 1327 1071 1373 et
1097 1335 1261 1389 super
1281 1323 1567 1392 prudentia
1593 1331 1702 1389 tua,
1735 1332 1790 1379 et

204 1425 224 1459 ι
271 1421 387 1461 non
411 1406 698 1462 credebam
724 1406 1069 1463 narrantibus
1103 1408 1256 1474 mihi,
1306 1410 1478 1465 donec
1514 1412 1630 1481 ipsa
1665 1412 1788 1467 veni

204 1514 224 1549 ι
269 1504 326 1550 et
356 1495 474 1551 vidi
514 1495 686 1552 oculis
717 1497 852 1552 meis
881 1505 937 1552 et
967 1497 1208 1566 probavi,
1263 1498 1405 1568 quod
1445 1499 1620 1555 media
1663 1517 1790 1572 pars

202 1606 221 1638 ι
268 1588 409 1642 mihi
436 1587 687 1642 nuntiata
735 1603 842 1643 non
876 1587 1056 1644 fuerit.
1090 1588 1257 1658 Major
1297 1599 1380 1647 est
1402 1593 1664 1663 sapientia
1694 1602 1788 1649 tua

202 1694 222 1728 ι
267 1684 328 1732 et
357 1691 530 1746 opera
573 1685 686 1744 tua,
723 1693 885 1748 quam
937 1694 1123 1735 rumor
1156 1695 1315 1750 quem
1371 1682 1571 1749 audivi,
1625 1691 1730 1738 etc.
1760 1702 1780 1736 i

195 1767 354 1835 Quod
380 1768 524 1824 bene
569 1771 822 1826 convenit
868 1779 1067 1828 sanctae
1115 1772 1390 1838 Ecclesiae,
1437 1790 1580 1844 quae,
1634 1776 1787 1830 audi-

1899 611 1918 644 ‹
1963 609 2134 663 usque
2160 594 2211 646 in
2259 603 2580 663 praesentem
2639 597 2802 662 diem,
2855 606 2960 653 etc.
3001 619 3019 650 ι
3053 599 3161 670 (Ea:
3194 601 3463 671 Josepho.)

1863 717 1866 720 «
1890 683 1968 738 De
1994 699 2100 753 quo
2133 683 2397 753 Iosephus
2423 685 2498 740 ita
2524 695 2748 741 narrat:
2789 707 2807 739 ι
2834 687 3038 742 Eodem
3067 704 3195 745 vero
3227 683 3468 760 tempore

1891 774 2052 829 delati
2088 786 2217 829 sunt
2245 776 2356 846 regi
2389 792 2417 830 ιι
2465 785 2632 843 terra,
2664 793 2784 847 quae
2823 787 3054 834 vocatur
3086 796 3271 846 aurea,
3323 781 3460 851 lapi-

1890 865 1986 921 des
2011 866 2236 937 pretiosi
2261 876 2316 922 et
2337 867 2515 938 lignea
2551 869 2710 937 pinea
2738 869 2935 939 quibus
2959 871 3108 926 visus
3143 880 3228 927 est
3262 873 3330 927 ad
3356 872 3463 926 for-

1891 954 2174 1011 titudiuem
2216 956 2400 1025 templi
2423 957 2748 1026 domumque
2774 957 3030 1027 regalem,
3061 968 3116 1015 et
3159 961 3226 1014 ad
3262 961 3465 1035 instru-

1890 1057 2073 1104 menta
2127 1049 2480 1104 musicorum.
2515 1049 2774 1119 Fecitque
2804 1065 2870 1104 ex
2911 1051 2991 1106 eis
3027 1052 3264 1107 citharas
3288 1061 3343 1109 et
3367 1069 3466 1108 na-

1889 1140 2006 1205 bas,
2036 1150 2096 1195 ut
2121 1142 2362 1198 dicerent
2384 1143 2643 1213 hymnum
2673 1143 2779 1198 Deo
2802 1142 3024 1198 Levitae.
3055 1142 3309 1198 Omnium
3337 1159 3466 1199 vero

1888 1250 2094 1302 rerum,
2145 1252 2266 1304 qua:
2322 1235 2542 1291 fuerunt
2582 1251 2906 1306 quocunque
2948 1244 3190 1306 tempore
3221 1237 3335 1307 regi
3373 1238 3466 1292 de-

1886 1326 1998 1382 lata
2020 1336 2166 1392 sunt,
2212 1329 2586 1398 magnitudine
2636 1337 2692 1383 et
2737 1329 3144 1399 pulchritudine
3195 1330 3468 1400 praecelle-

1889 1421 2040 1475 bant.
2066 1419 2255 1474 Nullus
2275 1420 2441 1490 igitur
2457 1421 2776 1485 arbitretur,
2809 1421 2935 1491 quia
2957 1420 3132 1492 lignea
3155 1421 3336 1490 pinea,
3351 1435 3471 1490 quae

1888 1525 2032 1564 nunc
2074 1516 2296 1580 propter
2333 1511 2504 1579 pretia
2559 1510 2906 1565 vendentium
2979 1511 3058 1565 sic
3098 1510 3457 1580 appellantur,

1885 1598 1994 1655 illis
2044 1599 2221 1654 vicina
2272 1600 2401 1654 sint.
2455 1600 2552 1654 Illa
2609 1601 2878 1670 siquidem
2947 1601 3158 1656 visione
3202 1601 3455 1665 rotunda,

1888 1692 2044 1762 quasi
2089 1693 2250 1763 pinea
2305 1700 2470 1758 sunt,
2521 1691 2615 1747 sed
2649 1692 2820 1747 multo
2880 1691 3195 1747 candidiora
3244 1700 3300 1746 et
3352 1691 3466 1746 val-

1891 1783 1958 1837 de
2007 1781 2286 1854 fulgentia.
2354 1781 2470 1838 Hoc
2537 1790 2719 1838 autem
2765 1782 2920 1848 dixi,
2980 1791 3041 1836 ut
3088 1783 3270 1839 nullus
3305 1791 3466 1838 natu-

193 1857 267 1912 tis
325 1857 613 1915 miraculis
661 1860 882 1928 Christi,
942 1872 1233 1932 provocata
1284 1874 1370 1921 est
1428 1867 1496 1922 ad
1541 1883 1787 1937 quaeren-
1811 1863 1861 1926 B
1893 1888 2008 1928 ram
2064 1888 2208 1928 verae
2261 1873 2420 1942 pinus
2456 1872 2750 1944 ignoraret.
2811 1872 2950 1926 Bene
3005 1880 3188 1926 autem
3231 1871 3462 1939 dicitur,

194 1946 324 2002 dum
355 1962 510 2002 eum.
551 1949 659 2004 Sed
684 1959 969 2021 postquam
1003 1953 1072 2009 ad
1097 1954 1272 2023 ipsum
1303 1956 1454 2011 venit
1481 1971 1579 2027 per
1607 1959 1782 2028 bapti-

193 2052 376 2094 smum
397 2048 458 2094 et
488 2039 670 2107 ﬁdem,
700 2043 1057 2099 consideratis
1083 2053 1284 2100 sancta:
1319 2045 1611 2117 Scripturae
1637 2051 1782 2105 testi-

194 2128 422 2194 moniis,
453 2128 766 2186 Divinitatis
794 2133 910 2202 ejus
925 2133 1225 2202 potentiam
1247 2150 1564 2207 agnoscens,
1591 2154 1781 2209 parum

190 2216 242 2270 ei
267 2216 495 2272 videtur
515 2233 634 2274 esse
653 2234 814 2275 omne
841 2222 983 2291 quod
1012 2223 1113 2277 sibi
1141 2232 1300 2280 antea
1328 2226 1395 2280 de
1420 2240 1486 2282 eo
1502 2235 1783 2284 narratum

192 2313 296 2369 est,
350 2308 409 2364 in
441 2311 848 2380 comparatione
883 2322 1173 2384 perceptae.
1201 2315 1354 2372 Unde
1381 2326 1437 2372 et
1463 2317 1784 2375 admirando

193 2394 250 2451 in
277 2395 506 2454 laudem
532 2399 647 2469 ejus
676 2405 930 2474 erumpit,
959 2405 1143 2461 dicens
1168 2424 1182 2460 :

273 2525 293 2560 ι
339 2507 503 2565 Beati
519 2510 623 2567 viri
656 2512 733 2566 tui
761 2520 814 2567 et
835 2515 980 2569 beati
1008 2517 1148 2571 servi
1186 2517 1285 2583 tui,
1315 2518 1407 2588 qui
1430 2527 1577 2575 stant
1599 2535 1782 2576 coram

196 2614 217 2649 ι
259 2604 319 2654 te
353 2613 600 2670 semper,
632 2609 686 2658 et
715 2604 937 2659 audiunt
959 2607 1278 2676 sapientiam
1301 2616 1468 2664 tuam.
1493 2609 1578 2666 Sit
1604 2611 1782 2666 Domi-

199 2705 220 2739 t
266 2706 373 2746 nus
403 2693 553 2748 Deus
595 2702 718 2751 tuus
742 2695 1060 2755 benedictus
1087 2701 1174 2754 cui
1200 2701 1471 2770 placuisti,
1521 2713 1577 2758 et
1603 2705 1782 2774 posuit

196 2795 217 2831 ι
258 2790 316 2837 te
345 2799 518 2854 super
540 2787 795 2842 thronum
827 2788 1010 2857 Israel,
1040 2807 1106 2846 eo
1131 2795 1273 2862 quod
1317 2794 1566 2850 dilexerit
1593 2797 1777 2851 Domi-

198 2886 218 2922 ι
262 2886 372 2926 nus
393 2875 571 2929 Israel
597 2877 652 2930 in
691 2879 1099 2948 sempiternum,
1123 2893 1178 2938 et
1193 2884 1475 2940 constituit
1501 2894 1552 2941 te
1575 2901 1780 2958 regem,

198 2977 225 3012 ι
267 2970 330 3016 ιιι
359 2960 578 3018 faceres
603 2964 868 3032 judicium
897 2977 950 3026 et
969 2969 1255 3039 justitiam.
1307 2996 1326 3027 ι
1359 2976 1453 3032 His
1479 2992 1690 3047 quoque
1709 2977 1782 3032 si-

191 3053 344 3107 milia
395 3062 453 3110 et
490 3054 799 3125 Psalmista,
847 3069 902 3116 et
934 3062 1204 3120 desiderio
1228 3081 1376 3138 regni
1406 3062 1666 3124 caelestis
1696 3085 1782 3124 ex-

193 3142 518 3211 ardescens,
558 3161 623 3200 ex
651 3163 880 3216 persona
919 3162 1232 3208 sanctorum
1261 3156 1506 3225 protulit,
1553 3159 1772 3213 dicens:

197 3250 216 3284 ‹
261 3233 445 3300 Quam
491 3237 742 3292 amabilia
796 3249 921 3294 sunt
975 3221 1322 3300 tabernacula
1384 3221 1498 3313 tua,
1554 3221 1853 3304 Dominec

196 3323 477 3380 virtutum
501 3327 514 3379 !
545 3329 876 3398 concupiscit
916 3339 972 3385 et
996 3333 1180 3388 deﬁcit
1202 3336 1382 3390 anima
1410 3353 1531 3393 mea
1559 3339 1614 3393 in
1639 3339 1781 3394 atria

188 3416 467 3471 Domini:
501 3433 596 3472 cor
641 3436 820 3475 meum
869 3431 925 3476 et
949 3439 1074 3479 caro
1124 3442 1246 3482 mea
1287 3429 1695 3486 exsultaverunt
1727 3433 1780 3486 in

190 3505 374 3560 Deum
425 3507 624 3561 vivum.
664 3529 684 3561 ι
719 3509 786 3563 Et
831 3512 992 3580 paulo
1035 3523 1156 3583 post
1193 3533 1206 3569 :
1251 3535 1270 3568 ι
1324 3518 1496 3584 Beati,
1544 3520 1640 3588 ait,
1687 3522 1779 3591 qui

194 3602 454 3657 habitant
497 3604 550 3657 in
599 3603 761 3660 domo
787 3615 897 3671 tua,
929 3608 1176 3675 Domine,
1206 3611 1261 3665 in
1317 3613 1572 3668 saeculum
1600 3615 1780 3671 saeculi

194 3688 500 3746 laudabunt
526 3700 578 3747 te
610 3691 782 3764 (Psal.
812 3699 1064 3770 Lxxxut).
1105 3718 1123 3750 ι
1156 3699 1235 3754 Illi
1257 3717 1387 3774 ergo
1408 3705 1551 3759 beati
1580 3714 1636 3760 ct
1655 3721 1783 3763 vere

195 3779 344 3834 beati
377 3793 525 3848 sunt,
556 3801 784 3853 quorum
814 3803 910 3842 rex
941 3797 1025 3846 est
1046 3789 1324 3860 Christus;
1385 3805 1441 3850 et
1466 3797 1558 3866 qui
1579 3805 1782 3853 aeterna

198 3871 411 3962 visione
431 3873 550 3944 ejus
576 3876 780 3946 perfrui
805 3891 1103 3950 merentur,
1125 3895 1180 3940 et
1205 3887 1433 3956 gloriam
1458 3889 1593 3959 ejus,
1620 3907 1783 3962 quam

199 3959 518 4018 habetcum
549 3965 713 4022 Patre
753 3977 807 4023 et
850 3969 1056 4040 Spiritu
1105 3984 1314 4042 sancto,
1355 3959 1688 4049 conspicere,
1730 3993 1787 4039 et

200 4053 550 4124 sapientiam,
614 4073 712 4129 per
744 4076 908 4131 quam
942 4063 1056 4134 ipse
1094 4069 1309 4125 mundis
1338 4072 1501 4127 corde
1531 4071 1786 4144 dignatur

200 4154 260 4197 se
283 4149 575 4205 ostendere
607 4151 822 4220 (Matth.
853 4156 930 4227 v),
960 4161 1346 4227 perpetualiter
1371 4165 1649 4233 percipere
1688 4165 1781 4220 lae-

207 4238 406 4290 tentur.
433 4235 635 4308 Sicque
671 4244 976 4309 probabunt
993 4263 1180 4302 verum
1211 4265 1331 4306 esse
1356 4251 1458 4308 hoc
1485 4254 1629 4322 quod
1655 4255 1786 4310 scri-

203 4332 354 4390 ptum
381 4336 471 4384 est
499 4347 512 4384 :
548 4348 565 4380 ι
617 4331 753 4398 Quia
783 4349 884 4389 nec
923 4338 1113 4393 oculus
1137 4340 1290 4405 vidit,
1320 4357 1420 4397 nec
1453 4344 1601 4398 auris
1639 4345 1788 4398 audi-

202 4413 298 4503 vit,
350 4433 454 4474 nec
485 4419 541 4473 in
571 4435 666 4475 cor
715 4423 950 4480 hominis
1000 4431 1260 4495 ascendit,
1299 4447 1418 4500 quae
1459 4437 1786 4503 praeparavit

205 4501 343 4563 Deus
392 4509 743 4581 diligentibus
779 4530 838 4571 se
866 4515 1000 4587 (Isa.
1046 4534 1204 4582 inv;
1227 4519 1257 4573 Ι
1285 4519 1404 4574 Cor.
1435 4501 1518 4592 ιι).
1555 4501 1586 4572 »ί
1614 4541 1631 4572 ‹
1668 4524 1784 4594 Rex

1883 1967 2028 2038 quod
2076 1980 2174 2021 rex
2223 1965 2478 2021 Salomon
2529 1967 2596 2021 de
2621 1965 2780 2037 lignis
2821 1965 3231 2036 pretiosissimis
3279 1965 3471 2021 fecerit

1883 2055 2056 2112 fulcra
2089 2055 2282 2112 domus
2325 2057 2559 2121 Domini,
2607 2064 2662 2112 et
2680 2057 2872 2113 domus
2905 2058 3092 2127 regite,
3149 2064 3204 2112 et
3227 2057 3468 2112 citharas

1884 2146 2134 2217 lyrasque
2156 2145 2486 2209 cantoribus,
2527 2145 2651 2214 quia
2674 2145 2933 2201 Conditor
2960 2154 3146 2201 noster
3171 2146 3314 2217 ligna
3346 2160 3467 2216 pre-

1884 2227 2042 2302 tiosa,
2069 2236 2172 2292 hoc
2199 2244 2300 2301 est,
2345 2237 2597 2291 doctores
2627 2244 2861 2302 sanctos,
2913 2252 3144 2307 quorum
3164 2221 3313 2291 viror
3336 2236 3463 2292 ﬁdei

1882 2341 2157 2396 nunquam
2185 2326 2399 2391 arescit,
2451 2340 2550 2380 nec
2578 2323 2708 2380 folia
2737 2325 3025 2381 verborum
3054 2326 3328 2392 decidunt,
3369 2327 3464 2392 sed

1883 2416 1975 2486 qui
2022 2415 2258 2471 fructum
2291 2417 2554 2471 bonorum
2592 2431 2817 2485 operum
2846 2417 3080 2472 reddunt
3129 2417 3464 2487 temporibus

1883 2509 1996 2565 suis
2020 2508 2190 2580 (Psal.
2226 2508 2288 2581 l),
2323 2509 2391 2564 ad
2405 2509 2682 2564 munimen
2710 2509 2902 2564 domus
2933 2509 3030 2565 Dei
3075 2517 3132 2564 et
3155 2509 3347 2564 domus
3375 2523 3463 2564 re-

1884 2601 2000 2670 giae,
2041 2601 2144 2656 hoc
2171 2608 2273 2666 est,
2297 2599 2363 2658 ad
2387 2599 2848 2656 confirmationem
2873 2599 3129 2655 Ecclesia
3157 2613 3268 2654 sua:
3287 2598 3461 2668 ponit,

1884 2703 1945 2748 ut
1971 2708 2160 2748 eorum
2187 2694 2423 2764 undique
2450 2693 2646 2748 vallata
2679 2693 2942 2749 doctrinis
2985 2700 3148 2763 atque
3195 2691 3456 2761 exemplis

1883 2786 2096 2841 ruinam
2126 2801 2373 2841 errorum
2417 2795 2472 2842 et
2501 2786 2768 2842 scelerum
2797 2801 2902 2842 non
2939 2785 3156 2842 sentiat.
3203 2783 3470 2852 Talesque

1883 2877 1989 2931 viri
2011 2878 2206 2932 merito
2229 2878 2382 2947 quasi
2419 2879 2656 2950 cytbarae
2676 2879 2892 2950 et'lyrte
2917 2879 2983 2934 ad
3004 2877 3330 2933 laudandum
3359 2875 3469 2932 Do-

1883 2969 2092 3024 minum
2113 2969 2392 3026 fabricata:
2411 2970 2686 3036 dicuntur,
2717 2971 2845 3040 quia
2871 2989 2890 3020 ‹
2933 2969 3112 3025 omnia
3135 2980 3468 3038 quacunque

1882 3060 2114 3117 fecerint
2136 3063 2593 3132 prosperabuntur
2627 3061 2814 3134 (Ibid.)
2846 3081 2864 3113 ι
2923 3069 2980 3116 et
3011 3060 3223 3114 laudem
3251 3058 3468 3114 Domini

1886 3152 2027 3207 inter
2056 3153 2281 3208 adversa
2303 3161 2356 3207 et
2377 3168 2634 3223 prospera
2665 3151 2849 3217 corde,
2885 3166 2979 3206 ore
3022 3150 3181 3205 simul
3202 3158 3258 3205 et
3295 3164 3461 3219 opera

1883 3247 2236 3316 pronuntiare
2270 3261 2376 3300 non
2403 3255 2636 3300 cessant.
2665 3245 2731 3298 Hi
2775 3243 3092 3316 (secundum
3117 3239 3456 3314 Apostolum)

1890 3334 2028 3406 [σοι.
2054 3335 2138 3408 ιιι]
2153 3335 2412 3404 quidquid
2432 3343 2598 3404 agunt
2622 3335 2678 3389 in
2698 3334 2864 3389 verbo
2879 3341 2970 3388 aut
2996 3334 3049 3388 in
3071 3347 3254 3402 opere,
3278 3332 3462 3387 omnia

1885 3425 1939 3480 in
1963 3425 2186 3496 gloriam
2210 3425 2306 3480 Dei
2331 3424 2555 3480 faciunt.
2579 3426 2655 3481 De
2681 3425 2877 3494 quibus
2903 3440 2968 3479 ex
2995 3438 3224 3493 persona
3249 3422 3462 3478 Domini

1883 3528 1982 3585 per
2024 3515 2352 3586 Prophetam
2383 3515 2583 3571 dicitur
2618 3533 2631 3568 :
2673 3532 2690 3566 ι
2737 3513 2911 3584 Super
2938 3528 3121 3569 muros
3166 3510 3466 3568 Jerusalem

1886 3607 2144 3662 constitui
2173 3609 2444 3674 custodes,
2489 3615 2603 3664 tota
2632 3607 2720 3663 die
2763 3616 2818 3662 et
2845 3614 2956 3662 tota
2999 3615 3158 3662 nocte
3184 3621 3291 3662 non
3317 3613 3462 3662 tace-
3549 3664 3566 3681 .

1884 3698 2019 3754 bunt
2043 3700 2265 3757 laudare
2287 3717 2484 3757 nomen
2514 3700 2728 3757 Domini
2767 3699 2924 3773 (Isai.
2968 3698 3122 3771 Lxu).
3153 3719 3174 3752 ι

1965 3811 1982 3843 ι
2013 3792 2166 3849 Fecit
2215 3808 2428 3864 quoque
2473 3808 2570 3847 rex
2622 3791 2879 3847 Salomon
2929 3790 3159 3846 ducenta
3207 3796 3357 3846 scuta
3402 3790 3471 3843 de

1894 3905 1912 3960 ᾳ
1947 3903 2082 3943 auro
2107 3901 2247 3956 puro
2265 3927 2280 3953 ,
2318 3893 2606 3942 sexcentos
2635 3885 2753 3939 auri
2783 3883 2946 3940 siclos
2976 3884 3208 3962 deditjn
3239 3882 3470 3936 laminas

1897 3997 1916 4030 ι
1947 3978 2086 4035 scuti
2120 3978 2315 4042 unius,
2344 3985 2400 4032 et
2433 3984 2705 4031 trecentas
2735 3977 2909 4045 peltas
2943 3990 3011 4030 ex
3049 3988 3182 4028 auro
3209 3973 3466 4043 probato;

1894 4089 1912 4121 ‹
1939 4077 2197 4127 trecentae
2225 4070 2370 4123 enim
2398 4069 2560 4123 minae
2585 4067 2706 4122 auri
2730 4082 2894 4120 unam
2919 4067 3118 4135 peltam
3143 4064 3466 4119 vestieb'ant.

1893 4183 1912 4216 ι
1941 4165 2235 4235 Posuitque
2271 4179 2334 4218 ea
2375 4179 2471 4218 rex
2501 4162 2556 4216 in
2590 4162 2749 4216 domo
2779 4161 2927 4216 silvae
2957 4159 3177 4225 Libani,
3210 4169 3316 4214 etc.
3353 4179 3371 4210 ι
3405 4157 3463 4211 1η

1887 4257 2081 4312 Verbis
2109 4270 2323 4326 quoque
2351 4255 2569 4309 Dierum
2602 4255 2677 4308 ita
2705 4255 2968 4325 scriptum
2997 4261 3115 4309 est:
3150 4270 3168 4303 ι
3189 4251 3339 4307 Fecit
3370 4251 3468 4321 igi-

1889 4354 1980 4400 tur
2008 4361 2105 4400 rex
2138 4345 2397 4400 Salomon
2430 4346 2693 4399 ducentas
2723 4345 2911 4398 hastas
2941 4358 3135 4397 aureas
3163 4344 3229 4398 de
3261 4356 3469 4396 summa

1891 4444 2269 4492 sexcentorum
2306 4450 2598 4489 aureorum
2629 4475 2644 4500 ,
2681 4435 2774 4503 qui
2811 4435 2865 4487 in
2904 4434 3079 4488 hastis
3114 4433 3343 4501 singulis
3377 4449 3471 4487 ex-

1890 4525 2300 4595 pendebantur,
2339 4531 2587 4578 trecenta
2621 4537 2837 4593 quoque
2871 4530 3023 4577 scuta
3059 4538 3225 4578 aurea
3266 4530 3474 4578 trecen-

211 4612 229 4646 ι
269 4605 453 4654 autem
484 4597 742 4658 Salomon
761 4604 909 4661 dedit
928 4608 1128 4679 regina:
1151 4608 1294 4664 Saba
1329 4576 1512 4667 omnia
1551 4591 1788 4683 quaevo-
1809 4576 1865 4638 D
1891 4576 2070 4671 forum
2104 4630 2422 4681 aureorum,
2461 4576 2658 4685 quibus
2693 4576 3015 4685 tegebantur
3044 4621 3200 4670 scuta
3232 4613 3468 4684 singula.

214 4707 232 4740 ι
274 4690 390 4757 luit,
424 4703 484 4750 et
511 4698 702 4766 petivit
732 4700 799 4754 ab
853 4715 940 4767 eo,
983 4703 1221 4772 exceptis
1252 4703 1338 4759 his
1367 4719 1486 4773 quae
1522 4706 1665 4762 ultro
1693 4708 1788 4763 ob—

212 4798 231 4830 ‹
270 4784 472 4871 tulerat
503 4788 553 4842 ei
581 4805 807 4846 munere
851 4793 1021 4862 regio.
1061 4812 1080 4844 ι
1105 4793 1240 4860 Quia
1291 4793 1558 4851 Paciﬁcus
1601 4807 1788 4853 noster

209 4884 346 4929 vera:
374 4877 580 4947 regina:
611 4920 625 4944 ,
669 4880 925 4936 Ecclesia:
960 4883 1210 4939 videlicet
1247 4899 1379 4951 suae,
1432 4887 1612 4941 omnia
1665 4902 1786 4956 quae

211 4965 339 5028 petit
360 4969 533 5035 dabit,
566 4970 631 5024 de
659 4987 766 5040 quo
795 4974 1054 5043 scriptum
1082 4985 1165 5030 est
1193 4994 1205 5028 :
1247 4995 1265 5026 ‹
1304 4977 1639 5032 Desiderium
1667 4979 1784 5034 ani-

215 5067 310 5140 ma:
336 5058 452 5127 ejus
481 5061 715 5118 tribuisti
746 5065 819 5130 ei,
859 5074 913 5122 et
932 5067 1209 5123 voluntate
1241 5068 1506 5125 labiorum
1531 5072 1649 5140 ejus
1673 5088 1783 5128 non

215 5139 471 5232 fraudasti
506 5168 630 5208 eum
662 5153 832 5225 (l’sal.
888 5157 1002 5228 xx).
1070 5175 1088 5207 ›
1122 5158 1192 5211 Et
1233 5158 1287 5212 in
1325 5139 1619 5231 Evangelio
1668 5161 1785 5232 ipse

219 5231 382 5293 dicit:
419 5261 438 5294 ι
497 5243 841 5314 Quaecunque
886 5249 1156 5318 petieritis
1207 5249 1423 5306 Patrem
1466 5253 1520 5306 in
1567 5231 1784 5310 nomine

219 5338 353 5395 meo,
413 5333 561 5390 dabit
594 5331 745 5392 vobis
797 5336 976 5409 (Joan.
1038 5339 1151 5412 xv).
1197 5360 1215 5393 ι
1246 5341 1362 5398 Non
1389 5343 1565 5399 solum
1601 5354 1783 5401 autem

221 5429 298 5481 ea.
331 5437 448 5493 quae
473 5430 726 5498 petimus,
775 5432 885 5488 imo
911 5434 1073 5488 etiam
1109 5433 1222 5501 illa,
1268 5451 1388 5506 quae
1409 5438 1645 5492 humana
1678 5437 1784 5492 fra-

223 5507 392 5575 gilitas
431 5528 520 5575 aut
577 5524 790 5591 nescit,
841 5533 934 5582 aut
982 5528 1262 5598 pmsumit
1302 5538 1510 5600 petere,
1548 5529 1784 5600 gratuito

227 5609 442 5657 munere
463 5612 718 5680 largitur.

252 5727 259 5734 -
299 5704 316 5737 ε
337 5687 484 5746 FeCil
498 5710 593 5749 rex
623 5698 688 5751 de
716 5706 876 5770 lignis
907 5708 1114 5777 thyinis
1135 5707 1310 5764 fulcra
1329 5710 1520 5766 domus
1547 5710 1782 5776 Domini,

237 5787 275 5853 ι,
295 5785 350 5838 et
390 5781 576 5847 domus
608 5788 788 5860 regiae,
815 5799 870 5848 et
895 5790 1132 5850 citharas
1156 5801 1416 5862 lyraeque
1448 5801 1781 5861 cantoribus.

1887 4704 2185 4775 Posuitque
2214 4720 2280 4760 ea
2312 4719 2409 4759 rex
2438 4705 2494 4758 in
2523 4705 2946 4759 armamentario
2965 4745 2979 4769 ,
3013 4704 3160 4774 quod
3192 4712 3312 4759 erat
3342 4718 3474 4758 con-

1888 4799 2052 4854 situm
2093 4799 2148 4854 in
2183 4813 2405 4854 nemore
2443 4796 2546 4869 (II
2577 4795 2708 4851 Par.
2743 4813 2800 4851 ix
2821 4797 2862 4869 ).
2895 4816 2913 4848 ›
2947 4795 3114 4851 Scuta
3149 4812 3278 4866 ergo
3311 4795 3472 4850 simul

1887 4898 1943 4945 et
1967 4891 2139 4944 hastae
2163 4903 2342 4944 aureae
2365 4929 2379 4954 ,
2409 4889 2605 4959 quibus
2634 4888 2926 4943 utebantur
2957 4888 3137 4960 (sicut
3164 4887 3220 4940 in
3249 4902 3476 4956 sequen-

1889 4979 2032 5033 tibus
2061 4977 2411 5043 ostenditurl,
2442 4978 2606 5033 duces
2633 4979 2724 5048 qui
2751 4979 3092 5034 excubabant
3121 4985 3248 5031 ante
3273 4976 3469 5030 ostium

1891 5069 2082 5125 domus
2111 5072 2286 5143 regis,
2317 5071 2448 5140 quid
2475 5073 2816 5141 signiﬁcant,
2846 5072 2954 5125 nisi
2994 5079 3327 5124 armaturam
3363 5067 3472 5137 spi-

1891 5160 2174 5226 ritualem,
2225 5177 2389 5230 quam
2440 5161 2644 5215 habent
2688 5159 3074 5229 praedicatores
3119 5157 3326 5223 sancti,
3375 5154 3468 5225 qui

1890 5252 2201 5308 custodiunt
2248 5252 2465 5306 domum
2515 5251 2643 5316 Dei,
2719 5260 2773 5304 et
2832 5250 3108 5305 excubant
3156 5250 3223 5304 ad
3267 5249 3468 5304 ostium

1890 5343 2006 5412 ejus
2024 5385 2038 5410 ,
2069 5353 2131 5399 ut
2158 5343 2366 5400 callidis
2396 5341 2810 5399 insidiatoribus
2838 5341 3201 5396 intercludant
3229 5339 3432 5394 aditum
3451 5377 3467 5403 ,

1893 5452 1963 5493 ne
1989 5437 2263 5506 decipiant
2293 5437 2633 5491 innocentes.
2672 5436 2748 5489 De
2775 5434 2972 5504 quibus
3001 5435 3055 5488 in
3086 5433 3309 5488 Cantico
3339 5445 3466 5486 can-

1894 5527 2126 5582 ticorum
2161 5526 2422 5595 scriptum
2457 5531 2580 5578 est:
2614 5543 2631 5576 (
2663 5523 2943 5579 Lectulum
2979 5521 3284 5576 Salomonis
3310 5533 3468 5574 sexa-

1893 5620 2040 5690 ginta
2068 5617 2235 5672 fortes
2260 5616 2503 5671 ambiunt
2528 5631 2595 5670 ex
2621 5613 2931 5670 fortissimis
2954 5610 3118 5667 Israel
3139 5651 3153 5674 ,
3179 5621 3368 5664 omnes
3395 5616 3469 5660 te-

1892 5719 2083 5772 nentes
2114 5709 2353 5780 gladios,
2387 5716 2440 5762 ct
2472 5709 2537 5764 ad
2568 5708 2708 5763 bella
2737 5706 3037 5762 doctissimi
3069 5702 3255 5776 (Cant.
3284 5699 3401 5765 ιιι).
3438 5716 3458 5745 ι

1893 5800 2011 5873 (Ex
2038 5799 2238 5871 Beda.)
2283 5800 2419 5867 Quia
2465 5808 2520 5857 et
2561 5808 2884 5871 praesentem
2927 5796 3184 5849 Ecclesiae
3226 5785 3464 5858 quietem
