3958 6470
515 369 622 429 195

1189 367 1247 420 Β.
1288 366 1540 422 RABANI
1580 368 1803 425 MAURI
1836 368 2155 425 ARCHIEP.
2197 368 2507 427 MOGUNT.
2549 371 2832 429 OPERUM
2870 372 3048 427 PARS
3083 373 3126 428 l.

513 498 578 540 ac
607 497 798 552 pacem
828 480 1210 549 praedicatores
1245 480 1418 534 sancti
1467 489 1659 535 contra
1708 480 2084 536 haereticorum
2110 483 2163 544 Α
2188 491 2464 553 aptatum,
2511 486 2604 542 sed
2655 487 2912 556 quoniam
2962 486 3212 555 elephas,
3258 486 3417 555 cuius
3462 489 3584 543 hanc
3634 500 3772 544 ossa

515 588 737 634 tuemur
774 576 1050 632 incursus,
1090 579 1145 625 et
1179 572 1453 628 internum
1492 573 1731 628 caelestis
1766 574 1958 642 patriae
2002 590 2088 628 re—

512 669 697 739 quiem
724 663 1079 735 perfectiores
1106 663 1311 731 quique
1342 662 1449 717 ﬁxa
1476 664 1778 718 intentione
1807 664 2093 734 speculan-

518 766 626 812 tur.
656 755 800 809 Bene
828 761 1011 809 autem
1042 752 1293 807 iterando
1323 752 1636 823 adiungitur
1661 771 1675 807 :
1704 773 1722 803 ι
1750 754 1832 808 Ex
1863 753 2095 809 fortissi-

517 846 619 901 mis
645 843 832 899 lsrael.
866 862 885 893 ι
910 842 1079 897 Israel
1104 842 1302 912 quippe
1327 841 1407 895 vir
1436 842 1614 895 videns
1636 842 1807 896 Deum
1833 842 2096 911 interpre-

514 945 681 991 tatur.
704 934 907 990 Omnes
930 933 1149 1004 quidem
1166 972 1183 995 ,
1216 932 1310 1001 qui
1335 932 1402 985 ad
1432 932 1629 986 divinae
1652 933 1877 988 visionis
1903 932 2095 1003 gaudia

516 1026 746 1081 tendunt
782 1031 933 1079 recte
966 1022 1138 1077 Israel
1173 1023 1395 1078 nomine
1428 1031 1740 1078 censentur.
1775 1023 1881 1079 Sed
1911 1023 2096 1079 fortis-

516 1120 645 1175 simi
677 1120 732 1174 in
764 1119 845 1174 eis
872 1125 999 1173 sunt
1024 1118 1245 1187 utrique
1271 1118 1380 1184 illi,
1413 1118 1504 1187 qui
1543 1118 1657 1174 sive
1685 1119 1921 1175 caelestis
1955 1120 2096 1175 dono

514 1207 907 1280 speculationis
935 1207 1321 1273 sublimantur,
1350 1224 1448 1262 seu
1490 1210 1896 1278 prazdicationis
1935 1210 2097 1265 mini—

516 1300 863 1373 steriumlrite
882 1298 1246 1369 peragendum
1261 1300 1581 1369 suscipiunt.
1598 1301 1704 1368 Qui
1723 1309 1779 1357 et
1799 1312 1921 1371 apte
1943 1316 2098 1357 sexa-

517 1393 740 1466 genario
766 1400 896 1449 sunt
919 1406 1147 1447 numero
1181 1392 1482 1464 designati,
1512 1395 1638 1463 quia
1668 1395 1805 1450 tales
1842 1396 2099 1450 nimirum

514 1484 803 1540 denarium
823 1491 1040 1539 aeternae
1064 1484 1442 1539 retributionis
1464 1500 1566 1555 pro
1587 1467 1923 1556 perfectione
1945 1487 2099 1542 bonae

518 1574 847 1646 operationis
870 1583 1212 1644 exspectant.
1244 1592 1263 1626 ι
1293 1574 1493 1631 Omnes
1516 1584 1763 1631 tenentes
1786 1577 2015 1647 gladios,
2044 1583 2100 1632 et

518 1665 589 1720 ad
618 1665 757 1721 bella
785 1664 1111 1720 doctissimi.
1140 1683 1162 1716 ο
1188 1665 1312 1721 Illos
1340 1673 1592 1721 tenentes
1621 1667 1850 1738 gladios,
1882 1667 1949 1722 de
1976 1667 2099 1736 qui-

518 1757 621 1812 bus
653 1756 788 1812 dicit
821 1755 1116 1825 Apostolus
1149 1772 1163 1810 :
1200 1774 1217 1806 ι
1256 1756 1329 1810 Et
1358 1756 1567 1826 galeam
1606 1757 1797 1811 salutis
1834 1756 2097 1812 assumite

2191 583 2348 639 sunt,
2377 575 2562 630 nimia:
2587 577 2858 631 castitatis
2896 576 3182 641 asseritur,
3208 576 3303 646 qui
3344 576 3490 631 inter
3523 577 3775 647 quadru-

2190 663 2345 733 pedis
2375 672 2431 719 et
2457 680 2621 721 sensu
2649 666 2941 736 plurimm
2970 666 3114 720 valet
3134 704 3149 731 ,
3179 674 3235 721 et
3260 674 3634 737 temperanter
3658 669 3778 724 mi-

2193 762 2378 810 scetur
2402 754 2622 812 feminae
2653 771 2767 812 sua:
2784 796 2801 822 ,
2828 764 2884 812 et
2910 757 3140 827 conjuge
3168 758 3402 812 secunda
3434 773 3546 813 non
3572 759 3773 814 utitur.

2194 844 2309 901 lloc
2345 846 2558 914 pudicis
2594 847 2880 903 animabus
2919 848 3177 903 decenter
3213 856 3460 919 aptatum
3488 858 3605 915 est,
3643 852 3778 920 quia

2193 935 2300 991 illae
2351 937 2489 991 ebur
2540 936 2706 993 fuisse
2759 946 3079 1004 noscuntur,
3128 955 3252 1009 quae
3304 956 3406 1011 per
3458 942 3778 999 castitatem

2192 1026 2395 1083 Christi
2426 1029 2639 1084 Domini
2666 1039 2935 1100 praecepta
2960 1040 3163 1087 secutae
3193 1041 3339 1087 sunt.

2272 1139 2291 1171 ι
2325 1119 2477 1175 Hanc
2503 1121 2725 1176 vestivit
2750 1137 2888 1178 auro
2913 1121 3063 1178 fulvo
3091 1124 3271 1179 nimis.
3303 1143 3322 1175 ι
3356 1123 3494 1193 Quia
3522 1124 3782 1196 quenda-

2197 1224 2312 1264 rem
2336 1209 2523 1278 gloria:
2551 1225 2662 1265 suae
2689 1211 2745 1265 in
2771 1227 2837 1266 ea
2866 1211 3168 1268 clarescere
3200 1212 3360 1279 fecit,
3390 1230 3515 1270 cum
3554 1231 3657 1285 per
3700 1216 3780 1272 si-

2197 1317 2299 1373 gua
2329 1302 2586 1356 miracula
2618 1302 2915 1370 maiestatis
2944 1319 3055 1358 suae
3078 1304 3377 1374 potentiam
3403 1305 3670 1365 ostendit.

2272 1411 2293 1444 ι
2326 1392 2568 1446 Habebat
2592 1401 2774 1447 autem
2800 1394 3030 1448 thronus
3070 1394 3171 1448 iste
3201 1409 3295 1449 sex
3324 1395 3550 1465 gradus.
3583 1412 3602 1445 ι
3634 1394 3787 1462 Quid

2197 1498 2299 1555 per
2328 1484 2601 1538 senarium
2630 1498 2916 1538 numerum
2937 1523 2952 1550 ,
2982 1484 3084 1538 nisi
3112 1484 3379 1539 bonorum
3404 1498 3633 1555 operum
3662 1499 3788 1554 per-

2198 1572 2360 1629 fectio
2385 1574 2743 1645 designatur?
2769 1593 2787 1626 ι
2817 1573 2928 1629 Sex
2957 1573 3146 1630 diebus
3168 1574 3399 1646 perfecit
3423 1576 3568 1631 Deus
3590 1576 3787 1631 mundi

2198 1673 2486 1732 ornatum,
2536 1675 2593 1719 et
2641 1666 2874 1736 septimo
2920 1666 3188 1736 requievit
3235 1668 3303 1722 ab
3350 1668 3615 1737 cperibus
3660 1667 3788 1722 suis

2200 1757 2373 1831 (Gen.
2408 1760 2507 1830 ιι).
2539 1779 2557 1811 ι
2594 1758 2872 1829 Siquidem
2913 1768 2969 1813 et
3006 1759 3256 1814 senarius
3293 1758 3504 1830 primus
3549 1765 3639 1813 est
3676 1772 3787 1812 nu-

515 1857 576 1904 et
608 1850 846 1920 gladium
882 1848 1149 1919 Spiritus,
1189 1850 1334 1919 quod
1369 1859 1454 1905 est
1486 1851 1714 1904 verbum
1751 1849 1848 1904 Dei
1880 1849 2097 1919 (Ephes.
2122 1846 2174 1912 Β
2198 1865 2414 1915 νιηεινιιδ,
2444 1851 2536 1921 qui
2565 1851 2677 1905 suis
2701 1851 2947 1920 partibus
2969 1850 3246 1921 perfectus
3271 1865 3396 1906 esse
3420 1850 3788 1922 dignoscitur.

520 1957 574 1997 vt
595 1941 637 2013 ).
667 1960 688 1995 ι
719 1940 802 1997 Ad
836 1941 930 1995 illa
968 1940 1111 1997 bella
1142 1941 1465 2007 doctissimi,
1495 1942 1566 1997 de
1599 1942 1798 2011 quibus
1832 1941 1977 1995 idem
2006 1941 2100 1995 ad-

516 2044 705 2089 mouet
726 2074 743 2101 ,
780 2034 965 2089 dicens
997 2050 1015 2089 :
1050 2053 1069 2085 ι
1104 2033 1317 2088 Induite
1350 2050 1449 2089 vos
1485 2045 1818 2089 armaturam
1858 2034 1998 2101 Dei,
2040 2041 2101 2088 ut

514 2126 736 2198 possitis
763 2135 911 2181 stare
933 2127 1195 2180 adversus
1224 2126 1449 2181 insidias
1474 2127 1671 2183 diaboli
1691 2158 1709 2193 ,-
1734 2128 1861 2199 quia
1888 2135 2101 2183 nonest

514 2215 677 2270 nobis
710 2215 1024 2270 colluctatio
1060 2216 1323 2270 adversus
1366 2231 1591 2270 carnem
1636 2225 1689 2272 et
1740 2207 2097 2290 sanguinein,

517 2308 614 2363 sed
639 2308 900 2363 adversus
925 2307 1200 2378 principes
1222 2318 1277 2362 et
1300 2316 1595 2378 potestates
1616 2310 1830 2383 (Ibid.),
1866 2319 2005 2366 etc.»
2036 2311 2109 2391 Et,

516 2407 698 2469 recte,
734 2400 1057 2466 doctissimi,
1092 2403 1223 2471 quia
1267 2416 1463 2473 magna
1508 2404 1744 2459 bellandi
1792 2413 1912 2460 arte
1953 2406 2099 2464 indi-

516 2499 679 2563 gent,
718 2492 811 2562 qui
844 2506 1011 2547 carne
1046 2492 1270 2559 inclusi,
1320 2495 1376 2548 in
1424 2496 1588 2551 terris
1634 2497 1845 2565 positi,
1903 2506 2098 2552 contra

516 2585 822 2656 spiritualia
862 2584 1118 2655 nequitiae
1158 2586 1215 2640 in
1258 2587 1574 2643 ctelestibus
1617 2595 1869 2655 certant;
1905 2603 2103 2658 magna

518 2685 637 2731 arte
680 2676 791 2730 imo
834 2690 1031 2747 magna
1072 2676 1168 2731 Dei
1202 2678 1380 2748 gratia
1413 2678 1688 2749 indigent,
1742 2693 1864 2734 cum
1914 2687 2103 2734 contra

512 2766 936 2838 archangelum,
972 2774 1056 2822 tot
1083 2767 1324 2823 millibus
1355 2780 1625 2823 annorum
1665 2769 1732 2824 ad
1768 2768 1909 2824 bella
1945 2784 2105 2824 exer-

508 2856 779 2924 citamur,
821 2858 1005 2913 carnis
1046 2858 1313 2930 fragilitas
1352 2868 1577 2931 pugnat.
1622 2859 1795 2915 Recte
1833 2874 1966 2930 ergo
2006 2860 2104 2915 du-

515 2959 691 3006 centis
712 2952 886 3006 hastae
910 2951 977 3006 de
1002 2967 1217 3007 summa
1242 2959 1621 3007 sexcentarum
1662 2953 1921 3008 siclorum
1946 2953 2104 3010 factae

519 3050 680 3107 sunt,
723 3043 850 3111 quia
889 3050 1078 3112 patres
1118 3044 1406 3114 utriusque
1432 3045 1749 3100 testamenti
1775 3045 2022 3100 doctrina
2049 3052 2107 3100 et

2201 1941 2376 1998 Habet
2404 1943 2547 1997 enim
2578 1942 2925 1999 medietatem
2955 1944 3089 2010 tria,
3122 1944 3339 2001 tertiam
3375 1952 3594 2015 partem
3635 1944 3749 1999 duo
3769 1984 3787 2012 ,

2200 2044 2413 2089 sextam
2453 2051 2659 2104 unum;
2691 2053 2859 2092 unum
2900 2052 3056 2103 vero,
3102 2038 3209 2093 duo
3250 2045 3306 2094 et
3344 2040 3453 2093 tria
3493 2053 3592 2095 sex
3622 2038 3786 2093 ﬁunt.

2200 2128 2368 2199 lgitur
2394 2129 2521 2198 quia
2552 2136 2608 2183 et
2634 2143 2732 2185 sex
2761 2129 3012 2185 aetatibus
3042 2129 3273 2185 mundus
3301 2137 3552 2197 constat,
3580 2130 3639 2184 in
3667 2128 3793 2199 qui-

2199 2220 2302 2274 bus
2348 2220 2478 2274 licet
2520 2220 2771 2290 operari,
2820 2220 3068 2291 quisquis
3118 2221 3187 2276 ad
3225 2220 3504 2276 etelestem
3547 2220 3791 2290 patriam

2200 2312 2486 2380 pervenire
2514 2312 2822 2376 desiderat,
2854 2312 3013 2367 bonis
3034 2312 3294 2382 operibus
3318 2312 3615 2367 ascendere
3642 2309 3797 2364 festis

2202 2411 2332 2468 net,
2364 2403 2523 2472 quia,
2548 2403 2655 2457 nisi
2683 2403 2841 2457 bonis
2871 2403 3082 2458 actibus
3108 2403 3454 2459 ascendatur.
3474 2401 3604 2456 illuc
3632 2400 3792 2455 mini-

2201 2509 2290 2549 me
2317 2493 2650 2564 pervenitur.
2686 2492 2944 2564 Sequitur
2966 2512 2980 2548 :

2278 2602 2297 2634 ‹
2332 2583 2403 2638 Et
2442 2584 2730 2640 summitas
2770 2585 2951 2639 throni
2994 2584 3229 2640 rotunda
3265 2591 3384 2639 erat
3416 2583 3476 2640 in
3500 2591 3665 2655 parte
3692 2598 3795 2654 po-

2208 2694 2226 2725 ι
2265 2674 2513 2731 steriore.
2552 2695 2572 2726 ›
2602 2675 2741 2742 Quid
2788 2676 2934 2732 enim
2984 2676 3293 2732 rotunditas
3338 2676 3521 2732 throni
3551 2677 3607 2731 in
3634 2684 3796 2747 parte

2201 2766 2510 2835 posteriore
2553 2766 2659 2821 nisi
2702 2766 2947 2835 requiem
2994 2774 3289 2832 aeternam,
3334 2782 3454 2837 quae
3492 2774 3620 2837 post
3650 2768 3798 2822 hanc

2205 2858 2377 2912 vitam
2422 2857 2605 2912 futura
2650 2865 2736 2913 est
2773 2858 3009 2924 sanctis,
3052 2858 3353 2928 signiﬁcat,
3398 2859 3490 2913 ubi
3538 2857 3795 2928 quisquis

2202 2947 2290 3002 his
2316 2942 2456 3003 bene
2486 2947 2726 3013 laborat,
2752 2948 3009 3003 mercede
3036 2948 3218 3018 aperis
3252 2946 3338 3001 sui
3380 2956 3790 3014 remuneratur,

2202 3041 2432 3109 perenni
2454 3039 2637 3109 quiete
2660 3040 3011 3109 perfmetur?
3042 3040 3196 3097 Unde
3223 3048 3279 3095 et
3304 3039 3364 3094 in
3389 3038 3618 3095 Cantico
3660 3055 3795 3095 can-

516 3133 838 3204 opcratioue
874 3135 1106 3206 perfecti
1149 3149 1272 3191 esse
1312 3145 1635 3203 noscuntur,
1677 3152 1801 3192 cum
1839 3134 2104 3208 quidquid
2141 3202 2175 3208 Δ
2206 3129 2442 3184 ticorum
2470 3128 2539 3184 de
2565 3130 2670 3184 hoc
2700 3129 2818 3199 ipso
2846 3130 3044 3186 throno
3081 3130 3182 3184 sub
3215 3128 3323 3183 alio
3341 3127 3603 3197 exemplo
3643 3142 3795 3182 com-

515 3202 572 3279 ui
601 3238 854 3282 sermone
875 3202 1166 3282 docuerint
1187 3267 1201 3293 ,
1231 3226 1390 3283 bonis
1418 3229 1679 3298 exemplis
1704 3202 2094 3298 probaverunt.
2126 3202 2177 3267 α
2207 3228 2562 3284 memoratur,
2607 3220 2700 3276 ubi
2727 3220 2928 3275 dicitur
2955 3237 2968 3274 ε
3003 3240 3020 3270 ι
3053 3219 3340 3274 Ferculum
3377 3218 3508 3274 fecit
3546 3219 3654 3275 sibi
3692 3234 3789 3273 rex

514 3314 738 3374 Necnon
767 3326 822 3373 et
850 3326 1101 3374 trecenta
1131 3326 1283 3375 scuta
1305 3356 1320 3385 ,
1353 3334 1586 3389 quorum
1615 3321 1825 3392 singula
1863 3323 2098 3379 trecenti

514 3408 670 3462 aurei
719 3409 1053 3472 vestiebant,
1100 3410 1399 3479 perfectam
1448 3411 1611 3466 ﬁdem
1660 3424 1851 3467 eorum
1893 3412 2097 3484 signiﬁ-

516 3504 676 3564 cant,
704 3510 870 3567 quam
914 3498 973 3552 in
1014 3507 1217 3553 sanctze
1247 3499 1533 3555 Trinitatis
1560 3500 1905 3557 confessione
1933 3503 2099 3558 habe-

510 3587 661 3643 bant.
693 3589 838 3644 Bene
863 3603 994 3660 ergo
1020 3590 1274 3645 custodes
1304 3591 1498 3647 domus
1526 3591 1624 3647 Dei
1652 3593 1833 3649 hastas
1860 3601 1916 3648 et
1942 3602 2097 3651 scuta

517 3693 683 3734 aurea
710 3686 966 3749 portant,
996 3681 1122 3751 quia
1166 3681 1342 3736 sancti
1378 3683 1797 3751 praedicatores,
1836 3686 1930 3755 qui
1970 3694 2098 3742 sunt

511 3768 770 3825 Ecclesia:
792 3780 1003 3827 sancta
1031 3774 1302 3837 custodes,
1335 3773 1581 3830 claritate
1609 3790 1855 3846 supernae
1880 3780 2097 3849 sapien-

508 3862 604 3918 tiae
628 3863 979 3934 splendentes
998 3902 1013 3931 ,
1043 3873 1099 3920 et
1124 3868 1415 3922 verborum
1454 3868 1651 3939 iaculis
1689 3871 1942 3927 inimicos
1968 3887 2099 3927 con-

510 3953 727 4010 fodiunt
746 3995 763 4023 ,
806 3964 867 4011 et
915 3965 1071 4012 scuto
1098 3971 1269 4013 sacrm
1293 3959 1423 4014 ﬁdei
1448 3961 1558 4015 tela
1587 3962 1911 4031 nequissimi
1940 3965 2097 4035 ignea

513 4045 839 4117 repellentes
888 4048 1260 4119 exstinguunt.
1305 4048 1460 4116 Quod
1532 4060 1715 4106 autem
1765 4052 2094 4125 adiungitur,

518 4156 537 4191 ι
563 4139 748 4209 posuit
785 4152 850 4193 ea
890 4153 983 4194 rex
1026 4140 1085 4193 in
1125 4140 1289 4195 domo
1332 4141 1483 4196 silvae
1510 4140 1742 4210 Libani,
1772 4162 1792 4195 ι
1817 4154 1943 4215 apte
1970 4146 2099 4201 huic

511 4227 772 4298 mysterio
799 4228 1072 4298 congruit.
1098 4228 1242 4295 Quid
1267 4244 1398 4298 ergo
1423 4230 1558 4285 silva
1584 4230 1815 4299 Libani,
1839 4233 1946 4288 nisi
1975 4249 2100 4303 gen-

515 4318 653 4372 tium
692 4317 995 4373 Ecclesiae:
1035 4319 1341 4390 signiﬁcat,
1379 4335 1503 4391 quae
1534 4322 1601 4377 de
1644 4321 1788 4377 fastu
1831 4326 2099 4394 superbiae

510 4409 757 4489 abscissa
785 4410 842 4464 in
868 4408 1077 4465 fabrica
1104 4411 1296 4467 domus
1316 4412 1411 4466 Dei
1435 4413 1825 4470 convenienter
1845 4418 2098 4485 aptatur?

512 4498 672 4555 Unde
708 4510 764 4555 et
800 4516 901 4571 per
926 4500 1275 4557 Pselmistam
1304 4502 1505 4558 dicitur
1533 4522 1545 4556 :
1575 4521 1595 4555 ι
1622 4504 1763 4560 Ecoe
1789 4507 2096 4565 audivimus

502 4605 632 4646 eun
670 4591 733 4645 in
777 4591 1054 4660 Ephrata,
1098 4594 1409 4667 invenimus
1454 4609 1578 4649 eam
1605 4595 1663 4649 in
1694 4598 1904 4667 campis
1945 4598 2093 4652 silva:

506 4678 705 4752 (Paul.
731 4697 897 4736 cxxxt
922 4683 976 4753 ),
1007 4691 1115 4739 etc.
1148 4703 1167 4737 ι
1790 4706 1807 4716 ο

586 4790 608 4823 ι
634 4770 787 4827 Fecit
833 4774 1001 4829 etiam
1048 4790 1146 4830 rex
1191 4776 1453 4833 Salomon
1504 4780 1763 4835 thronum
1811 4780 1879 4836 de
1928 4781 2095 4839 ebore

512 4881 536 4916 ι
563 4863 858 4935 madent,
886 4872 946 4920 et
984 4867 1206 4922 vestivit
1243 4881 1367 4923 eum
1418 4882 1552 4923 auro
1593 4868 1738 4926 fulvo
1766 4872 1960 4939 nimis,
2002 4876 2096 4944 qui

512 4972 534 5007 ι
562 4955 798 5011 habebat
837 4972 933 5011 sex
959 4958 1180 5027 gradus.
1212 4958 1282 5012 Et
1310 4960 1596 5016 summitas
1637 4963 1821 5019 throni
1863 4966 2096 5020 rotunda

514 5062 534 5095 ι
562 5052 683 5099 erat
708 5046 765 5100 in
792 5055 947 5116 parte
975 5048 1307 5117 posteriore,
1336 5057 1393 5104 et
1418 5050 1537 5106 dua;
1562 5067 1757 5109 manus
1780 5056 1908 5111 hinc
1935 5065 2097 5125 atque

514 5152 535 5187 ι
567 5133 689 5191 inde
717 5144 969 5192 tenentes
998 5138 1205 5203 sedile,
1233 5148 1290 5193 et
1320 5141 1429 5196 duo
1459 5142 1646 5199 leones
1686 5147 1904 5202 stabant
1939 5149 2095 5219 juxta

514 5247 535 5281 ι
564 5244 761 5285 manus
785 5230 1027 5301 singulas
1046 5266 1065 5296 ,
1095 5238 1151 5283 et
1176 5230 1464 5288 duodecim
1507 5235 1739 5291 lennculi
1772 5247 1980 5295 stantes
2006 5256 2096 5295 su-

516 5339 536 5375 ι
564 5337 664 5393 per
709 5337 806 5379 sex
858 5321 1062 5393 gradus
1109 5322 1237 5378 hinc
1284 5333 1448 5395 atque
1488 5326 1615 5382 inde
1641 5366 1657 5394 ,
1690 5338 1797 5384 etc.
1834 5349 1853 5381 ›
1887 5330 2094 5387 Solium

502 5429 641 5487 ergo
681 5414 826 5487 quod
863 5429 960 5468 rex
998 5414 1256 5470 Salomon
1298 5417 1430 5472 fecit
1470 5418 1606 5475 bene
1633 5418 1875 5477 Ecclesia
1906 5435 2095 5479 saneta

513 5519 636 5561 esse
683 5504 1024 5575 intelligitur,
1070 5507 1125 5560 in
1173 5518 1280 5577 qua
1325 5508 1591 5565 Paciﬁcus
1634 5520 1820 5567 noster
1858 5529 2094 5584 regnans

508 5596 711 5669 judicia
742 5611 839 5651 sua
868 5595 1052 5651 facere
1081 5596 1435 5669 dignoscitur.
1480 5601 1613 5669 Quia
1646 5604 1824 5659 anima
1848 5605 1979 5675 justi
2011 5622 2097 5662 se-

514 5686 610 5736 des
633 5694 717 5743 est
741 5689 1034 5758 sapientiae.
1060 5691 1126 5746 Et
1153 5693 1290 5748 bene
1316 5694 1383 5749 de
1408 5697 1572 5751 ebore
1601 5698 1727 5752 illud
1753 5698 1951 5753 factum
1977 5715 2097 5754 esse

516 5776 873 5840 inmoratur,
898 5783 1046 5844 quod
1066 5798 1179 5838 non
1206 5785 1275 5843 ad
1302 5786 1444 5842 solas
1475 5788 1692 5860 divitias
1734 5789 2095 5861 intelligamus

2203 3311 2460 3368 Salomon
2484 3313 2551 3368 de
2572 3312 2734 3384 lignis
2754 3312 2967 3368 Libani.
2990 3310 3282 3367 Columnas
3300 3309 3419 3379 ejus
3440 3310 3572 3365 fecit
3597 3325 3794 3380 argen-

2199 3411 2354 3470 teas;
2394 3405 2801 3461 reclinatorium
2849 3418 3091 3468 niueum,
3137 3418 3420 3459 ascensum
3457 3418 3789 3474 purpurei-Ii

2200 3498 2376 3552 media
2401 3498 2673 3553 charitate
2696 3496 2997 3552 constravit
3019 3492 3202 3566 (Cant.
3234 3494 3349 3567 ιιι).
3371 3513 3391 3545 ι
3423 3494 3442 3565 (
3466 3492 3550 3548 Ea:
3577 3493 3790 3565 Beda.)

2198 3591 2487 3647 Ferculum
2536 3592 2660 3647 inde
2706 3591 2909 3647 dictum
2958 3589 3101 3659 quod
3147 3587 3232 3643 vel
3276 3587 3629 3642 residentium
3677 3587 3794 3641 sive

2200 3683 2656 3739 discumbentium
2680 3681 2738 3735 in
2763 3679 3012 3736 convivio
3032 3693 3262 3748 corpora
3288 3678 3425 3733 ferat
3452 3693 3468 3743 ;
3496 3677 3584 3732 vel
3611 3679 3793 3747 ipsum

2201 3777 2266 3833 de
2293 3776 2415 3831 loco
2444 3776 2511 3831 ad
2540 3776 2722 3830 locum
2752 3774 2925 3829 soleat
2952 3788 3053 3843 pro
3083 3772 3346 3841 temporis
3376 3769 3792 3840 opportunitate

2199 3866 2561 3923 circumierri.
2609 3864 2712 3920 Cui
2764 3864 2958 3919 merito
2995 3872 3181 3918 sancta
3219 3860 3458 3917 Boebeia
3499 3874 3791 3930 compara-

2199 3966 2307 4024 tur,
2332 3970 2453 4028 quae
2476 3957 2763 4013 credentes
2788 3956 2859 4010 ad
2884 3962 3097 4009 aeternae
3124 3951 3626 4008 vitm’refecsiouem
3648 3965 3791 4020 pra:-

2198 4054 2503 4108 dicatorum
2530 4067 2752 4107 suorum
2781 4049 3089 4105 ministerio
3116 4045 3457 4104 circumfert.
3494 4044 3787 4101 Ferculum

2200 4146 2389 4214 itaque
2416 4144 2562 4213 regis
2592 4143 2763 4198 iiestri
2790 4148 2977 4197 sancta
3005 4140 3247 4196 Ecclesia
3276 4146 3395 4203 est,
3428 4150 3547 4205 quae
3577 4136 3649 4191 de
3675 4134 3787 4189 for-

2199 4238 2347 4292 tibus
2376 4245 2595 4307 patrum
2614 4277 2629 4302 ,
2660 4235 2818 4306 quasi
2858 4234 3017 4305 lignis
3048 4231 3285 4288 cedrinis
3316 4226 3781 4298 imputribilibus,

2199 4326 2472 4382 mentibus
2508 4334 2593 4381 est
2628 4332 2958 4382 constructa.
3000 4323 3133 4391 Quae
3164 4329 3314 4377 recte
3350 4318 3615 4375 ferculum
3652 4319 3787 4374 diei-

2198 4429 2307 4486 tur,
2336 4420 2463 4489 quia
2496 4419 2609 4489 ipsa
2635 4418 2742 4472 fert
2767 4417 3006 4486 quotidie
3034 4416 3242 4471 animas
3270 4414 3337 4469 ad
3364 4421 3633 4469 aeternum
3654 4427 3789 4471 cono

2201 4511 2405 4564 vivium
2434 4510 2734 4567 conditoris
2762 4509 2865 4563 sui.
2899 4508 3032 4563 Cum
3062 4505 3268 4563 ferculo
3297 4505 3558 4561 columna:
3588 4518 3789 4574 algen-

2200 4611 2303 4658 teae
2352 4601 2510 4656 factae
2554 4610 2713 4666 sunt,
2761 4601 2888 4670 quia
2933 4596 3317 4670 praedicatores
3363 4598 3537 4653 senui
3581 4596 3790 4666 eloquii

2199 4692 2321 4749 luce
2350 4692 2715 4764 resplendent.
2758 4691 2856 4748 Est
2878 4702 3066 4747 autem
3095 4691 3359 4747 columnis
3382 4691 3667 4761 argenteis
3697 4703 3788 4743 re~

2198 4787 2545 4843 clinatorium
2592 4798 2846 4853 aureum,
2878 4786 3006 4855 quia
3048 4796 3151 4855 per
3188 4786 3292 4840 hoc
3326 4783 3471 4853 quod
3510 4796 3543 4836 a
3578 4781 3790 4837 sanctis

2197 4879 2646 4955 prmdicatoribus
2701 4877 2879 4933 lucide
2936 4877 3136 4933 dicitur
3187 4884 3398 4933 mentes
3448 4873 3788 4929 audientium

2202 4970 2467 5042 fulgorem
2505 4969 2769 5025 claritatis
2804 4970 3042 5037 intimae,
3077 4970 3134 5025 in
3168 4983 3274 5039 qua
3309 4967 3667 5029 reclinentur,
3703 4964 3790 5019 in-

2200 5062 2445 5116 veniunt.
2485 5062 2616 5116 Item
2656 5060 3062 5115 reclinatorium
3099 5060 3154 5114 in
3190 5059 3395 5114 ferculo
3439 5056 3601 5121 fecit,
3656 5070 3784 5111 cum

2198 5168 2350 5225 spem
2386 5163 2660 5225 perpetuae
2687 5154 2884 5223 quietis
2916 5154 3160 5209 ﬁdelibus
3187 5152 3458 5223 promisit.
3492 5170 3511 5203 ι
3546 5148 3748 5205 Tollite
3767 5188 3785 5213 ,

2200 5245 2411 5315 inquit,
2457 5242 2646 5315 jugum
2690 5250 2865 5299 meum
2903 5254 3063 5314 super
3098 5258 3222 5310 vos,
3246 5252 3312 5325 .et
3346 5243 3540 5298 discite
3583 5255 3614 5293 a
3662 5253 3782 5303 me,

2200 5338 2327 5406 quia
2356 5336 2504 5391 mitis
2535 5351 2686 5401 sum,
2720 5345 2774 5389 et
2805 5337 3022 5391 humilis
3056 5337 3253 5402 corde,
3282 5343 3337 5388 et
3373 5330 3661 5388 invenietis
3697 5336 3813 5385 πει-⁸

2201 5427 2382 5496 quiem
2423 5426 2709 5481 animabus
2743 5428 2938 5482 vestris
2974 5426 2992 5493 (
3020 5426 3213 5480 Matth.
3249 5441 3305 5479 XI
3328 5425 3371 5497 ).
3403 5445 3421 5476 ι
3456 5424 3524 5478 Et
3558 5423 3664 5477 hoc
3699 5433 3786 5474 re-

2198 5517 2549 5573 clinatorium
2576 5516 2706 5571 fecit
2731 5530 2954 5571 aureum
2972 5559 2987 5583 ,
3018 5517 3143 5586 quia
3173 5518 3414 5586 requiem
3444 5513 3599 5569 nobis
3624 5520 3785 5566 aeter-

2203 5627 2329 5665 nam
2365 5610 2557 5665 tlivinre
2592 5626 2702 5665 suae
2737 5611 2959 5664 visionis
2998 5611 3167 5681 gloria
3199 5624 3481 5665 coruscam
3508 5616 3781 5673 [impara-

2202 5703 2297 5754 vit.
2329 5701 2394 5753 Et
2422 5716 2527 5755 non
2556 5701 2657 5754 nisi
2689 5715 2986 5768 purpureus
3008 5701 3203 5747 adhuc
3230 5692 3491 5746 ferculum
3518 5706 3777 5747 ascensus

2204 5791 2496 5849 invenitur,
2526 5792 2655 5852 quia
2686 5784 2868 5836 nullus
2906 5783 3239 5851 Ecclesiam,
3276 5784 3380 5840 nisi
3416 5783 3776 5841 sacramentis
