3958 6472
250 372 365 433 197
1058 366 1417 425 COMMENT.
1456 366 1523 420 lN
1561 363 1808 420 LIBROS

1951 363 2214 422 REGUM.
2249 396 2321 407 ——
2354 364 2423 422 IN
2454 365 2582 423 LIB.
2616 363 2709 421 lli.
3404 365 3507 422 198

243 482 548 544 Domi-iet:
572 479 844 554 passionis
876 478 1144 545 imbutus,
1172 478 1492 551 ingreditur.
1528 477 1684 533 Unde
1716 477 1830 547 ipse
1858 482 1912 542 Α
1939 498 1957 531 ι
1992 479 2223 535 lomonis
2244 518 2259 545 ,
2310 486 2418 536 etc.
2453 498 2473 532 ι
2503 480 2697 535 Omnia
2738 492 2869 535 vasa
2906 492 3027 550 qua
3072 475 3290 534 Paciﬁci
3335 481 3509 537 nostri

242 580 368 636 ait:
399 597 419 628 ‹
444 574 560 631 Nisi
590 573 1047 630 manducaveritis
1074 587 1298 628 carnem
1328 571 1452 627 Filii
1479 570 1747 636 hominis,
1775 577 1833 624 et
1934 573 2239 629 ministerio
2271 574 2567 644 funguntur
2597 587 2765 630 aurea
2793 572 2966 639 ﬁunt,
3007 572 3134 643 quia
3172 587 3363 629 mines
3397 576 3512 629 ani-

244 669 507 728 hiberitis
546 666 665 736 ejus
694 666 1050 737 sanguinem,
1098 679 1207 721 non
1248 663 1517 720 habebitis
1562 662 1731 717 vitam
1773 662 1831 717 in

248 757 1833 832 whiLQuinaIbcatmemcat-nemmtbibitmeum

240 856 607 928 ειιιςιιίιιοιι,
644 855 810 910 habet
839 852 1010 908 vitam
1032 861 1331 917 tamam,
1368 858 1428 907 et
1461 864 1564 921 ego
1597 848 1835 904 resusci-

244 940 1835 1016 taboeuminnovissimodie(loan.vt).ilediacha-

246 1043 412 1098 τεοιιι
432 1038 732 1096 constravit
757 1045 968 1109 propter
992 1035 1134 1107 μευ
1154 1033 1474 1091 Jerusalem.

324 1134 407 1189 Ea
438 1134 561 1204 ipsa
587 1129 846 1186 videlicet
872 1128 1142 1185 charitate
1158 1167 1175 1194 ,
1202 1138 1309 1197 qua
1334 1140 1436 1197 pro
1464 1124 1621 1181 nobis
1642 1136 1835 1197 passus

248 1234 358 1284 est.
386 1245 413 1279 τ
444 1224 702 1295 Maiorem
735 1224 882 1279 enim
910 1223 1019 1278 hac
1049 1220 1319 1277 ebaritate
1346 1233 1510 1274 nemo
1546 1218 1709 1273 habet
1727 1257 1743 1283 ,
1771 1225 1835 1273 ut

246 1321 498 1377 animum
541 1330 699 1374 suam
745 1321 913 1387 ponat
954 1314 1080 1383 quis
1124 1326 1224 1384 pro
1265 1310 1455 1365 amicis
1488 1309 1602 1364 suis
1629 1306 1832 1380 (Ioan.

251 1426 329 1469 xv
350 1411 394 1482 ).
422 1428 449 1462 τ
476 1406 550 1464 Β
575 1410 682 1465 hoc
704 1415 794 1463 est
816 1405 962 1476 quod
988 1403 1199 1459 addidit
1226 1420 1239 1455 :
1275 1420 1294 1453 ι
1322 1401 1552 1472 Propter
1576 1397 1713 1454 ﬁlias
1742 1395 1834 1453 Je-

258 1501 506 1560 rusalem
523 1536 540 1568 ,
569 1518 589 1552 ι
616 1500 678 1556 id
706 1507 798 1555 est
817 1538 833 1564 ,
865 1503 1092 1568 propter
1120 1496 1333 1567 annuas
1364 1492 1665 1550 caelestium
1694 1491 1837 1548 desi-

248 1594 414 1651 derio
440 1593 754 1664 ﬂagrantes.
785 1590 998 1658 Quanto
1024 1588 1173 1643 enim
1201 1584 1461 1655 majorem
1490 1584 1631 1640 Deus
1658 1582 1836 1639 chari-

256 1692 429 1743 tatetn
456 1698 613 1743 suam
638 1683 798 1740 nobis
822 1694 926 1755 pio
953 1680 1111 1737 nobis
1137 1678 1392 1752 patiendo
1420 1675 1832 1741 commendavit,

257 1787 414 1836 tanto
442 1778 630 1851 pini-es
664 1778 733 1833 ad
768 1786 832 1833 se
864 1775 1255 1831 redamandum
1295 1784 1361 1826 ac
1392 1784 1496 1841 pro
1528 1783 1589 1825 se
1621 1768 1833 1839 patien-

254 1868 685 1926 dumaeeendit.

335 1999 355 2033 ι
382 1978 455 2035 Et
486 1977 608 2035 dote
641 1988 836 2033 manus
866 1976 996 2033 hinc
1047 1982 1210 2045 atque
1264 1974 1392 2030 inde
1442 1980 1690 2028 tenentes
1747 1984 1831 2027 se-

255 2070 383 2128 dile.
417 2090 435 2123 ι
466 2068 610 2139 Quid
639 2076 768 2143 ergo
804 2069 922 2125 dua:
957 2082 1151 2124 manus
1184 2072 1429 2122 tenentes
1477 2064 1643 2121 sedile
1684 2058 1836 2120 Salo-

256 2163 436 2221 monis
473 2160 785 2235 signiﬁcant
812 2202 826 2227 ,
860 2160 970 2217 nisi
1006 2160 1196 2216 solatia
1232 2159 1425 2215 divinae
1459 2161 1676 2231 gratiae,
1718 2174 1838 2228 quae

262 2261 506 2310 Sanctam
538 2252 840 2309 Ecclesiam
874 2250 941 2307 ad
980 2251 1200 2307 caeleste
1235 2260 1460 2321 regnum
1494 2250 1839 2322 provehunt?

125 2379 145 2397 .
257 2341 331 2399 Et
352 2344 472 2398 haec
501 2350 623 2415 apte
650 2358 752 2414 per
776 2343 1051 2399 biuarium
1075 2354 1360 2397 numerum
1386 2340 1658 2410 descripta
1684 2348 1836 2405 sunt,

259 2432 389 2503 quia
436 2431 494 2487 in
540 2440 774 2501 utroque
822 2438 1149 2486 testamento
1194 2430 1301 2486 hoc
1343 2431 1689 2500 praedicatur,
1735 2428 1839 2485 hoc

263 2525 502 2581 maxime
544 2524 977 2580 commendatur.
1012 2523 1149 2591 Quia
1181 2534 1289 2579 non
1329 2523 1429 2578 nisi
1465 2536 1563 2595 per
1600 2522 1842 2577 divinum

258 2616 589 2690 adiutorium
620 2616 826 2687 aliquid
854 2616 982 2673 boni
1021 2615 1209 2687 perﬁci
1252 2622 1431 2687 potest
1472 2613 1544 2686 (1
1574 2613 1696 2670 Cor.
1728 2631 1789 2669 ιιι
1819 2630 1834 2680 ;

259 2704 463 2783 Philip.
492 2708 595 2783 ιι).
626 2720 645 2762 ι
693 2708 850 2766 Unde
896 2710 1011 2781 ipsa
1060 2708 1277 2764 Veritas
1324 2708 1497 2764 dicit:
1528 2728 1546 2759 ‹
1577 2706 1707 2763 Sine
1756 2714 1843 2763 'me

258 2800 395 2857 nihil
425 2801 652 2874 potestis
680 2800 859 2857 facere
891 2799 1091 2873 (Joan.
1127 2799 1259 2869 xv).
1297 2819 1314 2851 ι

343 2927 361 2960 ι
394 2905 465 2962 Et
510 2911 616 2962 duo
655 2894 847 2966 leones,
882 2904 1100 2965 stabant
1120 2906 1275 2977 juxta
1304 2925 1497 2966 manus
1527 2909 1785 2982 singulas.
1819 2928 1838 2961 ι

262 2992 403 3067 Quid
430 3013 529 3070 per
558 2997 742 3053 leones
770 2994 873 3053 nisi
905 3007 1087 3069 patres
1116 3000 1398 3070 utriusque
1441 3000 1749 3055 testamenti
1785 2996 1847 3053 ii-

262 3098 548 3163 gurantur,
580 3089 673 3160 qui
703 3106 804 3162 per
831 3086 1207 3147 fortitudinem
1238 3090 1403 3147 animi
1433 3100 1488 3147 et
1516 3093 1617 3147 sibi
1644 3101 1697 3148 et
1725 3086 1847 3147 aliis

261 3182 530 3239 dominari
569 3183 709 3239 bene
747 3182 1090 3239 didicerunt?
1122 3204 1140 3236 ι
1169 3182 1285 3240 Duo
1310 3199 1439 3256 ergo
1476 3183 1660 3239 leones

260 3278 456 3329 manus
486 3272 731 3337 stabant,
759 3292 777 3324 ›
807 3272 935 3342 quia
963 3273 1019 3328 in
1049 3273 1168 3343 lege
1197 3280 1252 3329 et
1280 3273 1334 3328 in
1362 3271 1651 3345 Evangelio
1678 3272 1850 3328 sancti

258 3368 448 3435 patres
497 3360 763 3432 quidquid
806 3361 938 3416 boni
986 3356 1270 3428 iecerunt,
1303 3378 1410 3417 non
1447 3363 1577 3428 sibi,
1615 3364 1711 3417 sed
1740 3362 1851 3418 Deo

262 3452 678 3523 deputaverunt.
704 3448 860 3507 Unde
884 3460 940 3506 et
963 3450 1256 3507 Psalmista
1285 3452 1416 3509 dicit
1444 3471 1456 3507 :
1487 3472 1504 3505 ι
1523 3451 1639 3508 Νοιι
1669 3452 1847 3521 nobis,

254 3544 520 3612 Domine,
566 3560 675 3599 non
719 3543 910 3611 nobis,
957 3543 1055 3599 sed
1097 3545 1303 3599 nomini
1347 3552 1439 3599 tuo
1480 3540 1546 3600 da
1586 3545 1846 3614 gloriam,

262 3646 429 3707 Super
485 3634 861 3691 misericordia
920 3640 1013 3689 tua
1079 3642 1133 3689 et
1190 3632 1422 3689 veritate
1476 3644 1566 3689 tua
1648 3628 1845 3707 (Psal.

262 3743 421 3782 cxuv
443 3724 485 3798 ).
520 3746 538 3779 ι
568 3724 634 3783 Et
654 3724 949 3797 Apostolus
978 3742 991 3779 :
1022 3744 1041 3778 ι
1072 3724 1261 3782 Gratia
1280 3768 1294 3793 ,
1345 3726 1549 3797 inquit,
1603 3724 1700 3781 Dei
1729 3743 1847 3781 sum

262 3807 318 3869 id
366 3814 509 3884 quod
556 3829 674 3868 sum
725 3813 830 3886 (II
858 3811 979 3868 Cor.
1012 3814 1145 3886 xv).
1179 3834 1199 3865 ι
1226 3812 1295 3870 Et
1324 3806 1455 3869 item
1488 3834 1500 3869 :
1530 3836 1547 3867 ι
1582 3815 1686 3883 Qui
1734 3815 1849 3888 glo-

263 3902 457 3969 tiatur,
507 3902 562 3960 in
604 3903 833 3960 Domino
875 3903 1138 3976 glorietur
1179 3900 1330 3975 (Jer.
1361 3921 1455 3971 1x;
1484 3898 1518 3958 1
1548 3903 1671 3960 Cor.
1706 3902 1790 3976 ι).
1823 3924 1842 3957 ι

254 3986 524 4064 Sequitur
551 4011 565 4049 :
596 4012 615 4045 ι
640 3984 710 4049 Et
738 3990 1020 4049 duodecim
1048 3993 1280 4048 leunculi
1317 3998 1523 4050 stantes
1552 4011 1713 4066 super
1752 4012 1846 4051 sex

271 4100 290 4134 ι
310 4084 531 4155 gradus,
556 4076 685 4141 hinc
708 4092 871 4156 atque
902 4086 1045 4141 inde.
1069 4105 1087 4137 ι
1108 4084 1247 4153 Quid
1270 4102 1367 4157 per
1391 4085 1675 4143 duodecim
1697 4088 1850 4144 leun-

265 4170 447 4239 culos,
503 4174 609 4228 nisi
652 4173 1072 4245 praedicatorum
1129 4172 1299 4241 ordo,
1351 4176 1442 4246 qui
1493 4172 1848 4247 apostolicam

267 4258 571 4316 doctrinam
617 4260 900 4332 sequitur,
957 4262 1335 4335 signiﬁcatur?
1385 4264 1451 4321 Hi
1508 4283 1634 4337 ergo
1687 4284 1849 4338 supra

267 4362 364 4406 sex
406 4351 606 4423 gradus
648 4351 778 4407 hinc
819 4360 983 4422 atque
1024 4352 1148 4407 inde
1190 4358 1366 4421 stant,
1417 4359 1541 4425 quia
1582 4358 1848 4413 bonorum

265 4457 493 4515 operum
534 4458 753 4517 gressus
789 4444 917 4500 hinc
958 4452 1013 4500 et
1054 4445 1182 4501 inde
1221 4447 1334 4501 suis
1383 4445 1644 4501 doctrinis
1687 4458 1849 4519 atque

1931 677 2037 719 mat
2084 673 2430 731 sanctorum,
2477 679 2599 735 qua:
2642 672 2769 720 sunt
2809 679 2939 720 vasa
2984 665 3109 731 Dei,
3136 671 3200 720 ut
3243 665 3511 721 voluntati

1930 757 2252 814 deserviant
2274 759 2505 825 divine,
2536 758 2825 829 splendore
2850 758 3130 828 sapientis
3170 765 3227 812 et
3262 757 3512 814 dilectio~

1932 850 2024 906 nis
2050 850 2319 917 nitentes,
2353 852 2634 906 continent
2660 854 2846 921 potum
2886 860 3041 919 aqua
3068 849 3237 915 vim,
3275 857 3334 905 et
3366 868 3386 900 ι
3422 849 3515 903 ﬁet

1934 943 1993 999 it
2020 943 2102 998 eis
2128 942 2251 999 fons
2278 956 2435 1013 aqua
2458 943 2707 999 salientis
2732 943 2789 996 in
2817 942 2986 996 vitam
3012 946 3271 996 aeternam
3301 941 3321 1013 (
3347 939 3509 995 Joan.

1934 1049 1993 1091 tv
2013 1034 2054 1109 ).
2088 1050 2109 1088 ι
2140 1035 2251 1092 Nec
2296 1037 2526 1107 alicujus
2570 1035 2731 1107 pretii
2778 1041 3060 1105 argentum
3106 1034 3407 1104 putabatur
3452 1033 3509 1088 in
3610 1094 3619 1103 .

1935 1128 2129 1185 diebus
2182 1129 2527 1195 Salomonis,
2578 1130 2745 1199 quia,
2798 1126 3097 1183 secundum
3148 1125 3510 1195 Apostolum,

1936 1242 1960 1276 ι
1992 1239 2102 1279 non
2143 1232 2228 1279 est
2274 1225 2331 1279 in
2372 1239 2621 1279 sermone
2654 1236 2883 1294 regnum
2924 1220 3055 1286 Dei,
3098 1219 3197 1277 sed
3235 1220 3291 1274 in
3317 1219 3516 1274 virtute

1932 1312 2001 1387 (1
2026 1313 2151 1370 Cor.
2182 1331 2236 1369 IV
2259 1314 2299 1387 ).
2328 1334 2349 1366 ι
2375 1315 2445 1369 Et
2470 1314 2787 1385 praedicatio
2816 1311 3091 1383 Evangelii
3118 1328 3137 1363 ι
3167 1324 3278 1367 non
3304 1309 3362 1364 in
3388 1324 3514 1365 sua-

1936 1407 2181 1464 sibilibus
2208 1408 2459 1462 humanae
2485 1406 2763 1478 sapientia
2793 1406 2975 1461 verbis
3004 1424 3022 1455 ι
3054 1402 3332 1469 consistit,
3369 1421 3389 1454 ι
3414 1401 3508 1457 sed

1934 1501 1990 1556 in
2032 1501 2345 1557 ostensione
2394 1499 2631 1569 Spiritus
2668 1506 2727 1553 et
2770 1499 3016 1563 virtutis,
3056 1505 3116 1552 ut
3146 1495 3281 1551 ﬁdes
3312 1501 3498 1549 nostra

1932 1606 2041 1648 non
2071 1594 2144 1649 sit
2171 1593 2222 1647 in
2254 1592 2521 1663 sapientia
2548 1591 2861 1655 hominum,
2891 1588 2989 1645 sed
3012 1589 3070 1643 in
3097 1588 3297 1643 virtute
3322 1586 3419 1641 Dei
3448 1585 3512 1657 (Ι

1934 1682 2062 1739 Cor.
2092 1683 2199 1755 ιι).
2237 1702 2255 1735 ›
2290 1683 2447 1739 Unde
2475 1683 2590 1754 ipsa
2618 1682 2834 1738 Veritas
2873 1682 2950 1735 ait
2976 1698 2989 1733 :
3025 1698 3045 1732 ι
3076 1678 3194 1734 Non
3220 1678 3400 1734 omnis
3420 1676 3519 1747 qui

1934 1774 2070 1830 dicit
2111 1773 2275 1838 mihi,
2322 1772 2580 1839 Domine,
2624 1771 2884 1836 Domine,
2928 1766 3156 1824 intrabit
3198 1768 3253 1822 in
3292 1780 3522 1836 regnum

1862 1855 1914 1917 B
1940 1866 2242 1931 calorum,
2298 1866 2393 1921 sed
2440 1865 2534 1934 qui
2582 1862 2717 1918 facit
2766 1862 3101 1917 voluntatem
3148 1854 3327 1913 Patris
3378 1856 3518 1922 mei,

1934 1957 2056 2028 ipse
2085 1956 2313 2011 intrabit
2340 1955 2395 2010 in
2424 1964 2651 2026 regnum
2676 1953 2940 2009 calorum
2968 1951 2989 2023 (
3016 1950 3206 2005 lauti.
3235 1960 3313 2004 tm
3338 1946 3380 2021 ).
3411 1966 3431 1999 ι
3454 1946 3525 2002 Et

1938 2048 2137 2105 iterum
2166 2066 2179 2102 :
2210 2067 2234 2100 ι
2264 2048 2363 2114 Qui
2396 2047 2620 2102 solverit
2644 2061 2811 2101 unum
2850 2046 2918 2101 de
2956 2043 3228 2099 mandatis
3262 2042 3382 2097 istis
3421 2040 3526 2095 mi-

1940 2140 2124 2204 nimis,
2149 2148 2203 2193 et
2228 2139 2472 2194 docuth
2492 2137 2576 2193 sic
2595 2137 2864 2201 homines,
2886 2135 3142 2192 minimus
3159 2133 3445 2189 vocabitur
3466 2131 3526 2186 in

1938 2244 2108 2302 regno
2134 2228 2396 2284 caelorum
2421 2245 2436 2294 ;
2467 2227 2562 2297 qui
2590 2235 2769 2283 autem
2808 2226 3002 2282 iecerit
3030 2233 3086 2281 et
3122 2223 3402 2291 docuerit,
3435 2222 3525 2278 hic

1941 2332 2170 2389 magnus
2196 2319 2483 2374 vocabitur
2509 2318 2567 2372 in
2597 2331 2763 2388 regno
2791 2315 3054 2372 caelorum
3082 2314 3311 2387 (Matth.
3344 2314 3432 2386 v).
3467 2332 3487 2366 ι

2018 2428 2039 2459 ‹
2074 2407 2447 2480 Magniﬁcatus
2489 2413 2574 2463 est
2612 2422 2708 2462 rex
2742 2406 2996 2462 Salomon
3025 2420 3192 2476 super
3216 2416 3407 2462 omnes
3434 2419 3524 2461 re-

1946 2521 1969 2553 ι
2000 2516 2097 2572 ges
2122 2509 2315 2566 teme,
2340 2499 2550 2554 divitiis
2580 2506 2636 2553 et
2664 2498 2953 2569 sapientia.
2996 2497 3067 2552 Et
3090 2497 3347 2553 universa
3383 2506 3530 2552 terra

1950 2612 1968 2645 ι
2003 2591 2349 2648 desiderabat
2374 2590 2559 2646 videre
2583 2591 2794 2644 vultum
2823 2588 3129 2644 Salomonis
3148 2629 3164 2654 ,
3202 2594 3265 2643 ut
3308 2587 3527 2643 audiret

1952 2704 1970 2735 ι
2004 2684 2325 2754 sapientiam
2375 2682 2533 2754 ejus,
2585 2694 2749 2753 quam
2800 2681 3023 2738 dederat
3066 2680 3209 2737 Dens
3258 2680 3315 2735 in
3360 2679 3526 2736 corde

1950 2794 1971 2827 ι
2005 2773 2143 2843 ejus.
2188 2774 2256 2829 Et
2298 2774 2499 2844 singuli
2539 2773 2854 2829 deferebant
2901 2774 2952 2828 ei
2984 2780 3247 2839 munera,
3285 2784 3417 2827 vasa
3446 2786 3533 2825 ar-

1952 2882 1972 2917 ι
2006 2874 2203 2937 gentes
2232 2874 2287 2921 et
2314 2878 2513 2937 aurea,
2541 2873 2727 2921 vestes
2765 2874 2821 2920 et
2860 2879 3010 2919 anna
3050 2863 3266 2919 bellica.
3321 2880 3342 2915 ι
3382 2861 3532 2918 Bene

1948 2966 2079 3028 ergo
2110 2957 2316 3013 dictum
2341 2965 2427 3013 est
2452 2956 2595 3027 quod
2622 2955 3002 3028 magniﬁcatus
3035 2956 3107 3012 sit
3145 2971 3240 3012 rex
3278 2948 3531 3011 Salomon

1946 3062 2114 3119 super
2135 3062 2292 3121 reges
2318 3057 2480 3105 terrae
2496 3089 2511 3117 ,
2550 3049 2677 3119 quia
2712 3047 2977 3103 Paciﬁcus
3017 3059 3203 3103 noster
3224 3058 3392 3118 super
3414 3060 3533 3103 om-

1952 3155 2079 3196 nem
2106 3141 2489 3196 celsitudinem
2525 3148 2838 3196 sanctorum
2855 3181 2870 3207 ,
2896 3141 2989 3211 qui
3014 3152 3139 3196 vere
3164 3153 3319 3210 reges
3344 3137 3533 3195 dicun—

1876 3208 1923 3275 C
1952 3239 2065 3297 tur,
2102 3230 2393 3299 exaltatur,
2429 3239 2484 3287 et
2522 3232 2701 3287 nullus
2725 3232 2774 3287 ei
2800 3191 3068 3302 cdzejquari
3109 3191 3303 3302 potest.
3332 3251 3350 3283 ι
3383 3230 3529 3300 Quo-

1949 3326 2099 3379 niam
2124 3327 2248 3395 quis
2284 3326 2341 3380 in
2377 3326 2611 3382 nubibus
2649 3326 2953 3397 aequabitur
2988 3325 3247 3393 Domino,
3283 3333 3376 3380 aut
3412 3324 3533 3396 quis

1949 3417 2145 3473 similis
2169 3418 2277 3473 erit
2303 3418 2413 3473 Deo
2440 3418 2582 3473 inter
2608 3416 2749 3474 ﬁlios
2774 3415 2914 3473 Dei?
2939 3416 3114 3482 Deus,
3143 3416 3235 3487 qui
3262 3414 3530 3488 gloriﬁca-

1949 3516 2041 3563 tur
2090 3507 2144 3561 in
2186 3507 2414 3563 consilio
2458 3516 2806 3575 sanctorum,
2850 3520 3079 3578 magnus
3117 3517 3173 3562 et
3208 3507 3533 3562 metuendus

1950 3610 2114 3666 super
2169 3611 2359 3653 omnes
2414 3599 2508 3668 qui
2563 3599 2617 3653 in
2667 3598 2901 3655 circuitu
2971 3597 3088 3668 ejus
3147 3604 3276 3654 sunt
3325 3596 3523 3669 (Psal.

1948 3704 2193 3744 xxxxvm
2220 3690 2260 3761 ).
2298 3708 2317 3741 ι
2341 3690 2411 3745 Et
2453 3691 2653 3747 iterum
2686 3711 2697 3746 :
2730 3708 2754 3744 ι
2787 3688 3014 3762 Magnus
3039 3688 3300 3747 Dominus
3323 3698 3528 3756 noster,

1947 3789 2004 3835 et
2041 3796 2236 3853 magna
2271 3782 2445 3837 virtus
2470 3783 2588 3854 ejus
2608 3824 2623 3849 ,
2654 3791 2708 3838 et
2731 3784 3009 3853 sapientia:
3032 3783 3148 3853 ejus
3173 3798 3281 3838 non
3308 3790 3390 3838 est
3426 3796 3529 3836 nu-

1948 3886 2134 3927 merus
2173 3873 2367 3944 (Paul.
2404 3888 2507 3929 CXL
2531 3873 2569 3945 ).
2606 3892 2625 3925 ι
2657 3872 2811 3930 Unde
2844 3878 2902 3930 et
2929 3871 3169 3930 Joannes
3198 3874 3329 3929 dicit
3357 3890 3371 3926 :
3407 3892 3426 3922 ι
3459 3871 3530 3926 Ει

1947 3963 2181 4018 vidimus
2223 3964 2450 4036 gloriam
2493 3964 2642 4034 ejus,
2692 3965 2916 4035 gloriam
2964 3965 3119 4037 quasi
3174 3962 3445 4036 Unigeniti
3496 3978 3527 4017 a

1948 4054 2147 4120 Patre,
2178 4056 2398 4125 plenum
2426 4058 2601 4127 gratia
2631 4065 2685 4114 et
2709 4059 2941 4113 veritate
2966 4056 3163 4129 (lacn.
3196 4054 3266 4129 ι).
3297 4064 3316 4109 ι

2028 4164 2046 4197 ι
2085 4146 2153 4200 Et
2178 4147 2430 4202 universa
2460 4156 2606 4203 terra
2637 4146 2913 4204 desiderat
2941 4148 3127 4205 videre
3154 4144 3360 4205 vultum
3390 4148 3536 4220 regis

1955 4257 1976 4291 ι
2010 4240 2206 4295 nostri.
2236 4259 2255 4291 ι
2282 4240 2418 4306 Quia
2446 4242 2701 4296 universa
2724 4241 2962 4297 Ecclesia
2990 4248 3301 4297 sanetorum
3325 4238 3429 4296 hoc
3452 4255 3539 4296 so-

1950 4327 2226 4385 lummodo
2250 4332 2487 4400 appetit,
2511 4340 2571 4385 ut
2598 4331 2663 4385 ad
2692 4340 3043 4402 conspectum
3069 4326 3251 4405 gloria:
3274 4333 3392 4404 ejus
3415 4347 3539 4401 per-

1951 4419 2153 4472 veniat.
2182 4418 2316 4473 Cum
2342 4435 2440 4489 per
2464 4419 2794 4491 Prophetam
2822 4422 3054 4476 dicitur:
3089 4439 3108 4474 ι
3138 4418 3257 4477 Tibi
3283 4421 3419 4477 dixit
3446 4435 3541 4476 cor

267 4536 528 4605 exemplis
571 4536 787 4591 munire
828 4545 1076 4603 certant,
1118 4553 1188 4593 ne
1229 4537 1352 4608 pius
1394 4537 1549 4593 labor
1585 4538 1723 4594 bene
1761 4540 1847 4594 in-
1870 4562 1925 4624 Β
1950 4510 2790 4624 Ἓῗηξλξῐξίθξ-Ἦ-ξθβ
2826 4508 3279 4624 Ψίέίξξῇ
3301 4512 3539 4624 iis???

266 4629 585 4701 cipientium
622 4631 678 4686 in
715 4632 991 4701 operando
1028 4632 1280 4701 vacillet,
1329 4632 1424 4689 sed
1468 4634 1845 4690 rectitudinem

265 4720 323 4777 in
350 4735 643 4792 progressu
669 4722 932 4779 virtutum
959 4723 1179 4780 fortiter
1208 4734 1511 4781 conservet.
1556 4724 1711 4793 Quod
1752 4742 1846 4782 au-

264 4818 379 4870 tem
405 4811 655 4869 subditur
687 4832 701 4869 :

345 4926 364 4957 ι
392 4904 510 4960 Non
538 4913 623 4962 est
649 4905 852 4963 factum
879 4908 989 4964 tale
1015 4924 1151 4980 opus
1184 4909 1241 4964 in
1270 4908 1538 4966 universis
1567 4909 1751 4982 regnis
1770 4951 1785 4975 ,
1822 4929 1841 4962 ι

268 5002 395 5067 apte
442 5002 643 5053 sanctae
688 4996 948 5055 Ecclesia:
996 5000 1280 5067 convenit,
1335 5001 1402 5057 de
1439 5018 1545 5074 qua
1585 5003 1850 5074 scriptum

268 5093 351 5141 est
381 5098 395 5140 ε
430 5105 450 5139 ι
474 5084 759 5146 Fortitudo
798 5098 852 5145 et
896 5090 1060 5147 decor
1099 5092 1473 5149 indumentum
1502 5093 1658 5163 ejus;
1691 5104 1746 5149 et
1775 5086 1851 5150 ri-

270 5175 420 5233 debit
461 5176 516 5234 in
558 5179 646 5236 die
686 5181 1002 5237 novissimo.
1048 5183 1421 5240 Surrexerunt
1460 5185 1563 5241 ﬁlii.
1598 5184 1749 5259 ejus,
1795 5196 1851 5244 et

269 5260 644 5328 beatissimam
691 5275 1159 5345 prazdicaverunt,
1213 5286 1267 5333 et
1311 5276 1397 5333 vir
1445 5280 1562 5351 ejus
1610 5274 1850 5336 laudavit

272 5372 413 5417 eam.
448 5363 624 5420 Multae
653 5366 774 5422 ﬁliae
804 5381 1264 5440 congregaverunt
1290 5371 1534 5439 divitias,
1569 5382 1626 5428 tu
1656 5388 1847 5444 super-

273 5467 459 5525 gressa
487 5470 545 5510 es
575 5458 854 5513 universas
884 5457 1083 5531 (Prov.
1114 5476 1242 5516 xxxi
1268 5460 1309 5534 ).
1340 5483 1358 5515 ι
1388 5462 1646 5534 Sequitur
1675 5480 1690 5519 :

353 5564 373 5590 ‹
404 5543 511 5602 Sed
540 5554 595 5600 et
621 5549 803 5604 omnia
830 5567 960 5606 vasa
990 5550 1057 5607 de
1086 5553 1281 5623 quibus
1310 5557 1533 5625 potabat
1564 5573 1660 5611 rex
1692 5554 1849 5612 Salo-

284 5647 304 5682 ¢
335 5644 463 5684 ιιιοιι
507 5640 661 5684 εἴπω(
701 5656 899 5709 aurea,
943 5653 998 5699 et
1044 5645 1297 5699 universa
1360 5648 1597 5716 supellex
1661 5649 1853 5703 domus

286 5739 306 5773 1
338 5719 508 5776 saltus
757 5720 820 5776 de
846 5737 978 5777 allt'o
1018 5735 1325 5794 purissimo,
1361 5737 1478 5792 Non
1520 5747 1635 5793 eral
1664 5754 1854 5807 {ll-gen-

286 5820 308 5862 ι
341 5816 455 5866 tum
475 5852 492 5879 ,
522 5826 623 5869 nec
663 5812 886 5885 alicujus
925 5814 1082 5885 pretii
1110 5816 1399 5887 putabatur
1450 5828 1504 5873 tn
1533 5828 1721 5876 diebus
1748 5828 1847 5876 Sa-

1950 4616 2069 4656 ram
2109 4600 2293 4673 (Psal.
2320 4602 2500 4675 xxvi).
2524 4618 2542 4654 ›
2570 4598 2638 4658 Et
2663 4600 2791 4658 alibi
2818 4616 2863 4657 :t
2892 4602 3044 4659 Sicut
3069 4616 3296 4672 cervus,
3322 4602 3535 4674 inquit,

1950 4693 2223 4748 desiderat
2262 4693 2328 4748 ad
2368 4690 2546 4750 ibntes
2587 4706 2883 4765 aquarum,
2922 4692 3000 4752 ita
3043 4682 3316 4753 desiderat
3358 4695 3540 4752 anima

1948 4792 2072 4839 mea
2099 4784 2163 4840 ad
2195 4793 2274 4851 te,
2302 4780 2447 4842 Deus
2474 4786 2658 4860 (Psal.
2688 4787 2833 4858 xu).
2867 4802 2888 4840 ι

2030 4893 2048 4926 ι
2080 4874 2149 4929 Et
2174 4877 2373 4948 singuli
2402 4874 2655 4934 deferunt
2679 4879 2729 4935 ei
2756 4890 3003 4935 munera.
3036 4899 3055 4933 ι
3081 4874 3220 4935 Dum
3244 4880 3541 4951 unusquis-

1948 4978 2060 5036 que
2081 4964 2376 5024 secundum
2401 4969 2455 5025 id
2483 4971 2627 5041 quod
2650 4971 2795 5026 vires
2818 4972 2919 5027 sibi
2945 4977 3267 5042 suppetunt,
3295 4971 3351 5028 in
3374 4971 3545 5035 verbo

1959 5072 2057 5116 seu
2086 5060 2242 5118 factis
2270 5062 2589 5135 obsequium
2615 5066 2798 5121 studet
2820 5074 3081 5136 praestare
3107 5064 3234 5121 Deo.

2565 5168 2793 5235 CAPUT
2831 5175 2905 5233 X1

2027 5262 2105 5321 De
2147 5266 2451 5339 alienigenis
2483 5264 2787 5323 mulieribus
2816 5285 2948 5340 quas
2976 5269 3168 5325 amavit
3196 5268 3469 5328 Salomon.

2026 5377 2194 5448 (CAP.
2227 5377 2345 5444 XI.)
2382 5398 2400 5430 ι
2432 5379 2547 5433 Rex
2574 5386 2756 5433 autem
2782 5376 3038 5435 Salomon
3061 5380 3265 5436 amavit
3286 5380 3541 5436 mulieres

1963 5486 1983 5520 ι
2012 5468 2347 5538 alienigenas
2386 5470 2606 5524 multas.
2651 5468 2841 5524 Filiam
2872 5484 3085 5541 quoque
3113 5470 3446 5535 Pharaonis,
3486 5478 3544 5524 et

1960 5578 1979 5613 ι
2012 5559 2354 5625 Moabitidas,
2382 5569 2438 5615 et
2463 5560 2876 5628 Ammonitidas,
2903 5571 2959 5617 et
2981 5562 3261 5627 Idumaeas,
3289 5569 3345 5616 et
3371 5560 3543 5632 Sydo-

1962 5666 1980 5698 ι
2010 5648 2161 5713 nias,
2202 5656 2256 5701 ct
2289 5648 2504 5704 Etbzcas
2524 5689 2538 5714 ,
2569 5649 2634 5704 de
2659 5651 2941 5721 gentibus,
2972 5666 3136 5721 super
3171 5652 3369 5721 quibus
3405 5647 3543 5704 dixit

1963 5760 1981 5793 (
2012 5739 2274 5795 Dominus
2314 5741 2438 5796 ﬁliis
2482 5743 2644 5798 Israel
2676 5764 2686 5798 :
2731 5743 2847 5799 Non
2892 5744 3266 5815 ingrediemimi
3304 5743 3371 5790 ad
3405 5750 3539 5802 6³8,

1961 5850 1980 5876 ‹
2010 5845 2185 5893 neque
2212 5831 2278 5878 de
2305 5831 2410 5880 illis
2435 5833 2805 5894 ingrediontur
2843 5835 2912 5883 ad
2946 5834 3185 5893 vestras,
3214 5833 3321 5882 etc.
3352 5844 3371 5877 ι
3407 5823 3536 5897 (Ea;
