3958 6480
505 357 609 414 199

1164 360 1224 415 Β.
1261 360 1515 417 RABANI
1554 359 1774 419 MAURI
1808 360 2125 417 ARCHIEP.
2166 362 2475 421 MOGUNT.
2513 366 2797 425 OPERUM
2833 369 3011 428 PARS
3039 368 3084 428 ι.

501 475 773 548 Isidoro.)
799 475 919 532 Jam
944 489 1106 546 porro
1141 476 1207 530 de
1239 477 1452 532 caeteris
1485 478 1738 547 operibus
1766 476 2069 531 Salomonis
2094 477 2148 537 Α
2177 496 2195 528 ι
2222 478 2467 534 tribubus
2491 481 2673 536 Israel.
2705 501 2724 534 ι
2757 482 2953 540 Decem
2978 485 3122 540 enim
3157 486 3422 543 scissuras
3451 465 3756 547 Jeroboam

504 566 636 635 quid
662 566 836 621 dicam
856 604 871 629 ,
901 580 1061 634 quem
1100 566 1451 621 vehementer
1485 568 1665 637 arguit
1697 575 1883 621 sancta
1915 566 2067 621 Scri-

501 667 697 727 ptura,
744 667 904 728 atque
947 660 1307 726 condemnat,
1356 661 1598 731 nihilque
1642 661 1709 716 de
1749 660 2069 730 poenitentia

506 745 622 815 ejus
660 747 742 802 vel
767 748 822 803 in
848 763 971 804 eum
1020 749 1353 820 indulgentia
1376 750 1470 806 Dei
1498 750 1717 807 omnino
1741 765 2070 808 commemo-

504 845 619 902 rat,
649 851 745 892 nec
770 852 995 907 prorsus
1017 840 1292 905 occurrit,
1327 841 1458 910 quid
1493 843 1685 898 saltem
1720 843 1775 897 in
1813 843 2069 914 allegoria

498 926 626 981 boni
653 928 939 999 signiﬁcet.
971 930 1096 985 Haec
1120 939 1204 986 est
1238 931 1415 987 ﬂenda
1450 935 1766 1001 subversio;
1797 934 1901 990 nisi
1930 933 2069 991 forte

500 1016 646 1072 dicat
700 1019 823 1091 quis
871 1020 1127 1076 mulieres
1179 1021 1543 1093 alienigenas,
1602 1040 1833 1095 quarum
1886 1037 2069 1080 amore

501 1117 814 1174 exarserat,
844 1110 1150 1181 signiﬁcare
1174 1113 1441 1170 Ecclesias
1469 1116 1672 1172 electas
1695 1131 1764 1170 ex
1797 1117 2066 1187 gentibus.

501 1195 691 1254 Posset
729 1200 832 1255 hoc
878 1198 1111 1257 fortasse
1149 1219 1258 1259 non
1304 1206 1533 1261 absurde
1573 1205 1838 1277 intelligi,
1881 1207 1927 1261 si
1967 1207 2071 1263 illa:

501 1298 722 1359 propter
760 1288 1099 1350 Salomonem
1135 1296 1448 1354 desererent
1482 1298 1613 1355 deos
1649 1314 1807 1366 suos,
1833 1308 1889 1355 et
1924 1301 2068 1356 cole-

503 1390 625 1437 rent
650 1384 820 1439 Deum
846 1386 981 1456 ejus.
1010 1386 1145 1442 Cum
1173 1404 1302 1445 vero
1327 1390 1442 1459 ipse
1465 1398 1686 1461 propter
1710 1391 1829 1447 illas
1852 1390 2071 1449 offendit

504 1472 675 1529 Deum
715 1491 902 1543 suum,
930 1486 986 1533 et
1038 1479 1206 1535 coluit
1242 1483 1371 1538 deos
1406 1481 1624 1550 earum',
1664 1500 1773 1540 non
1807 1494 1893 1541 est
1941 1485 2071 1555 quid

502 1562 630 1619 inde
651 1566 780 1621 boni
808 1567 1098 1637 conjectari
1123 1573 1314 1641 possit.
1342 1572 1454 1629 Nec
1476 1583 1656 1631 tamen
1679 1575 1813 1631 nihil
1836 1576 2073 1632 arbitror

502 1654 839 1725 signiﬁcare,
870 1659 965 1715 sed
1000 1662 1235 1730 malum,
1266 1664 1407 1720 sicut
1444 1664 1511 1721 de
1547 1680 1715 1721 uxore
1753 1666 2071 1737 ﬁliabusque

499 1742 603 1827 Lot
645 1746 901 1805 diximus.
945 1749 1184 1822 Apparet
1227 1755 1371 1811 enim
1408 1756 1462 1811 in
1497 1771 1728 1827 persona
1769 1757 2070 1815 Salomonis

500 1822 639 1894 mira
662 1841 978 1897 excellentia
1013 1853 1068 1900 et
1091 1846 1230 1901 mira
1284 1849 1582 1905 subversio.
1623 1849 1778 1917 Quod
1814 1850 1981 1921 igitur
2012 1851 2069 1906 in

502 1932 595 1988 illo
620 1933 846 1990 diversis
870 1937 1204 2008 temporibus
1228 1940 1439 1995 exstitit
1458 1942 1609 2013 prius
1634 1942 1864 2008 bonum,
1892 1950 1947 1998 et
1967 1958 2068 2014 po-

502 2023 702 2079 sterius
726 2024 927 2080 malum
946 2066 962 2092 ,
988 2026 1092 2082 hoc
1116 2027 1172 2082 in
1197 2028 1439 2086 Ecclesia
1463 2032 1519 2085 in
1546 2032 1651 2088 isto
1674 2033 1850 2089 adhuc
1874 2033 2070 2090 saeculo

497 2115 662 2171 simul
687 2132 793 2171 uno
821 2125 1062 2188 tempore
1086 2122 1411 2178 ostenditur.
1441 2123 1576 2179 Nam
1601 2125 1740 2181 bona
1793 2125 1938 2181 illius
1975 2126 2072 2182 bo-

500 2220 601 2262 nos
640 2206 927 2275 Ecclesiae,
972 2210 1114 2265 mala
1155 2220 1337 2268 autem
1403 2214 1550 2270 illius
1607 2214 1777 2270 malos
1813 2215 2070 2272 Ecclesiae

497 2296 804 2366 signiﬁcare
838 2306 996 2369 puto,
1047 2312 1304 2372 tanquam
1347 2305 1402 2360 in
1445 2306 1653 2362 unitate
1698 2307 1856 2362 unius
1897 2323 2066 2374 arere,

496 2386 637 2441 sicut
661 2387 715 2442 in
742 2388 830 2444 illo
854 2405 961 2445 uno
988 2391 1205 2447 homine
1223 2434 1237 2460 ,
1263 2394 1437 2451 bonos
1478 2396 1532 2450 in
1568 2398 1784 2467 granis,
1819 2398 1987 2454 malos
2012 2398 2069 2454 in

496 2475 671 2544 paleis
696 2477 923 2549 (Matth.
956 2482 1082 2554 ιιι),
1110 2492 1205 2547 aut
1228 2484 1283 2539 in
1308 2487 1520 2544 unitate
1542 2489 1702 2545 unius
1726 2490 1948 2569 segetis,
1974 2491 2071 2549 bo-

496 2579 596 2621 nos
619 2566 676 2622 in
704 2568 901 2637 tritico,
929 2570 1100 2629 malos
1122 2573 1179 2628 in
1208 2575 1430 2632 zizaniis
1455 2576 1677 2653 (Matth.
1706 2566 1836 2653 χιιι)

1096 2680 1323 2739 CAPUT
1357 2683 1469 2742 XII.

492 2762 573 2819 De
605 2765 855 2853 divisione
884 2770 1066 2853 (decem
1104 2773 1333 2853 tribuum
1374 2793 1408 2828 α
1453 2776 1609 2853 domo
1644 2778 1816 2835 David
1862 2792 2069 2853 propter
2112 2806 2119 2812 ·

565 2846 834 2917 peccatum
877 2838 1208 2917 Salomonis,
1245 2854 1293 2898 et
1332 2847 1470 2916 quod
1508 2846 1777 2917 Roboam,
1822 2838 2066 2909 derelicto

564 2907 828 2962 seniorum
853 2910 1101 2979 consilio,
1121 2907 1370 2983 juvenurit
1399 2917 1619 2973 obedt'vt't
1647 2907 1993 2990 persuasioni.

570 3039 589 3072 ε
618 3021 845 3080 Factum
868 3034 952 3081 est
976 3028 1142 3098 igitur
1166 3029 1221 3084 in
1248 3039 1492 3104 tempore
1528 3036 1648 3104 illo,
1687 3046 1743 3092 ut
1778 3038 2065 3097 Jeroboam

497 3131 516 3165 ι
545 3115 892 3185 egrederetur
913 3117 980 3174 de
1002 3118 1297 3179 Jerusalem
1314 3165 1329 3191 ,
1354 3134 1409 3181 et
1429 3127 1698 3185 inveniret
1719 3144 1842 3185 eum
1864 3131 2064 3189 Achias

499 3223 517 3256 ι
550 3203 807 3264 Silonites
850 3208 1121 3283 Propheta
1168 3215 1224 3269 in
1266 3215 1385 3284 via,
1431 3228 1651 3288 opertus
1692 3221 1856 3290 pallio
1898 3238 2057 3280 novo.

495 3312 515 3346 ι
546 3294 714 3352 Erant
740 3306 921 3355 autem
959 3302 1063 3358 duo
1092 3311 1300 3361 tantum
1334 3307 1388 3362 in
1425 3322 1592 3380 agro;
1629 3313 2065 3382 apprehendens-

497 3402 515 3435 ι
545 3400 647 3453 que
671 3388 839 3445 Acbia
866 3391 1089 3461 pallium
1116 3412 1270 3451 suum
1297 3413 1494 3454 novum
1514 3441 1529 3467 ,
1552 3417 1657 3471 quo
1680 3412 1901 3473 opertus
1922 3415 2058 3475 erat,

494 3494 512 3527 ι
544 3476 703 3530 scidit
741 3480 795 3533 in
835 3482 1117 3539 duodecim
1154 3497 1370 3556 partes,
1411 3500 1467 3545 et
1507 3492 1582 3545 ait
1620 3494 1689 3548 ad
1729 3492 2057 3551 Jeroboam:

494 3587 512 3619 ι
544 3567 691 3623 Tolle
721 3569 816 3625 tibi
843 3571 1026 3628 decem
1053 3576 1337 3633 seissuras.
1378 3579 1504 3637 Haec
1534 3582 1680 3637 enim
1714 3584 1844 3640 dicit
1881 3586 2063 3643 Domi-

495 3677 514 3711 ι
546 3675 649 3715 nus
692 3661 833 3718 Deus
879 3663 1085 3721 Israel:
1127 3667 1268 3725 Ecce
1308 3683 1408 3742 ego
1448 3672 1692 3728 scindam
1730 3692 1957 3748 regnum
1994 3679 2061 3736 de

493 3771 512 3803 ι
544 3767 711 3808 manu
738 3752 1062 3824 Salomonis,
1088 3767 1143 3815 et
1167 3760 1309 3817 dabo
1335 3762 1432 3818 tibi
1458 3764 1643 3820 decem
1669 3766 1860 3823 tribus.
1890 3769 2059 3826 Porro

491 3860 510 3894 ι
542 3858 646 3897 una
672 3844 845 3901 tribus
871 3850 1170 3905 remanebit
1192 3852 1244 3905 ei
1267 3861 1490 3923 propter
1514 3870 1733 3912 servum
1756 3873 1938 3915 meum
1960 3860 2062 3916 Da-

490 3951 511 3985 t
539 3933 660 4002 vid,
688 3944 741 3991 et
763 3935 1060 3994 Jerusalem
1086 3941 1365 3999 civitatem
1382 3984 1398 4012 ,
1426 3962 1592 4017 quam
1622 3948 1761 4021 elegi
1788 3967 1857 4007 ex
1881 3954 2058 4009 omni-

491 4041 511 4074 ι
540 4024 642 4080 bus
675 4026 921 4084 tribubus
958 4029 1154 4097 Israel,
1196 4042 1302 4088 etc.
1331 4054 1351 4086 ι
1378 4036 1511 4092 Illud
1557 4054 1717 4107 vero,
1760 4044 1903 4112 quod
1938 4053 2061 4114 post

483 4120 713 4168 mortem
733 4114 1035 4173 Salomonis
1062 4118 1247 4177 decem
1272 4121 1443 4180 tribus
1465 4141 1496 4181 a
1522 4126 1682 4184 domo
1706 4128 1876 4185 David
1902 4146 2060 4202 sepa-

484 4214 618 4261 ratae
642 4216 799 4275 sunt,
822 4216 879 4263 et
904 4209 1019 4265 duas
1043 4211 1246 4268 relictae
1262 4254 1277 4281 ,
1301 4216 1434 4271 satis
1458 4217 1661 4274 indicat
1686 4221 1830 4290 quod
1852 4222 1917 4276 de
1943 4231 2058 4279 tota

482 4293 570 4348 illa
600 4304 758 4366 gente
780 4296 1069 4368 Apostolus
1095 4302 1172 4357 ait
1196 4321 1209 4357 :
1246 4323 1264 4356 ι
1291 4304 1553 4377 Reliquiae
1581 4319 1804 4381 propter
1840 4313 2059 4370 electio-

480 4399 603 4439 nem
630 4386 818 4456 gratite
842 4388 1006 4445 salva:
1030 4391 1190 4467 facta
1210 4402 1336 4450 sunt
1362 4394 1551 4468 (Rom.
1576 4414 1631 4452 ιιι
1647 4399 1689 4470 ).
1722 4420 1741 4452 ι
1766 4400 2056 4458 Jeroboam

478 4489 627 4544 vero,
645 4476 738 4547 qui
759 4477 944 4535 decem
966 4483 1140 4539 tribus
1162 4499 1193 4538 a
1213 4485 1373 4541 domo
1388 4486 1557 4544 David
1571 4528 1587 4556 ,
1606 4497 1660 4544 et
1681 4506 1710 4544 a
1733 4494 1935 4563 templo
1956 4493 2052 4549 Dei
2077 4520 2133 4580 Β
2160 4494 2438 4549 rabuntur.
2473 4513 2492 4546 ι

476 4583 757 4638 separans,
780 4570 848 4626 ad
875 4572 1237 4631 idololatriam
1259 4579 1551 4647 perduxit,
1582 4583 1852 4652 signiﬁcat
1877 4587 2052 4642 haere-

478 4658 614 4712 ticos
634 4698 649 4723 ,
671 4659 765 4728 qui
788 4659 1177 4718 dissensionem
1201 4675 1419 4735 amant,
1447 4679 1503 4724 et
1528 4670 1790 4727 unitatem
1816 4673 1940 4729 ﬁdei
1968 4691 2054 4732 ca-

476 4745 691 4802 tholica:
722 4749 1017 4806 haeresibus
1053 4752 1333 4821 scindunt,
1374 4771 1439 4811 ac
1473 4758 1552 4813 sic
1591 4758 1758 4815 cultui
1795 4762 2053 4834 maligno-

476 4854 599 4894 rum
638 4839 923 4911 spirituum
963 4842 1067 4898 sibi
1101 4844 1463 4915 obsequentes
1501 4850 1739 4906 tradunt.
1779 4852 2051 4921 Interpre-

474 4937 622 4985 tatur
656 4940 836 4988 autem
872 4930 1160 4988 Jeroboam
1196 4934 1498 5005 dijudicans
1537 4939 1806 5009 populum.
1833 4941 1970 4997 Nam
1994 4952 2051 4999 et

475 5019 714 5077 haeretici
749 5021 1047 5091 dijudicare
1088 5025 1344 5096 populum
1382 5028 1650 5096 videntur,
1689 5046 1811 5086 cum
1848 5034 2050 5090 erroris

476 5113 559 5169 sui
586 5130 871 5185 sequacem
892 5114 1115 5172 faciunt.
1141 5118 1240 5173 Cui
1267 5121 1346 5175 rei
1371 5120 1510 5177 bene
1535 5124 1861 5180 conveniunt
1884 5126 2048 5183 verba

474 5206 748 5276 pmpheta:
786 5207 969 5263 Achiae
1009 5207 1253 5266 Silonitis
1274 5251 1289 5279 ,
1329 5213 1423 5283 qui
1461 5212 1663 5270 missus
1689 5217 1864 5272 estad
1898 5216 2048 5276 Jero-

474 5295 635 5352 beam
654 5337 669 5362 ,
696 5296 771 5351 ita
798 5298 983 5355 dicens
1008 5319 1021 5353 :

556 5406 576 5440 ς
603 5389 753 5445 Tolle
784 5390 879 5446 tibi
914 5392 1101 5449 decem
1139 5395 1423 5452 seissuras.
1461 5396 1587 5452 Haec
1612 5399 1758 5455 enim
1787 5400 1921 5457 dicit
1947 5403 2053 5458 Do-

387 5480 421 5561 f
483 5499 503 5533 ι
533 5480 711 5536 minus
734 5480 877 5537 Deus
900 5482 1066 5538 Israel
1090 5502 1103 5537 :
1144 5484 1282 5541 Ecce
1316 5501 1415 5557 ego
1438 5488 1681 5544 scindam
1708 5506 1934 5563 regnum
1961 5492 2053 5548 Sa-

483 5591 505 5627 ι
533 5573 803 5641 lomonis,
848 5583 904 5629 et
950 5574 1091 5632 dabo
1139 5577 1234 5633 tibi
1277 5578 1462 5635 decem
1505 5583 1695 5638 tribus.
1735 5583 1905 5640 Porro
1944 5602 2051 5642 una

483 5682 505 5712 ι
537 5665 710 5721 tribus
736 5667 1037 5721 remanebit
1057 5667 1107 5722 ei
1141 5674 1363 5740 propter
1400 5687 1614 5728 servum
1642 5690 1821 5730 meum
1847 5676 2048 5744 David,

487 5769 508 5807 ι
533 5760 589 5810 et
633 5746 922 5832 Jerusalem
958 5762 1264 5847 civitatem,
1310 5781 1472 5840 quam
1512 5769 1652 5841 elegi
1688 5786 1752 5828 ex
1795 5769 2049 5827 omnibus

2172 571 2414 639 accepit,
2454 587 2576 626 cum
2609 573 2745 645 legis
2779 586 3048 648 praecepta
3087 578 3336 635 violando
3368 583 3641 653 corrupit.
3679 586 3758 641 ει

2170 674 2278 714 una
2318 660 2493 717 tribus
2535 678 2656 718 cum
2700 665 2882 721 sobole
2917 666 3085 722 David
3127 670 3412 736 remansit,
3456 672 3587 727 dum
3627 689 3758 730 sors

2170 749 2479 806 Electorum
2497 751 2650 820 juxta
2675 755 3027 825 apostolicam
3053 756 3357 814 doctrinam
3382 759 3438 815 in
3464 762 3658 829 regula
3685 764 3755 818 ﬁ-

2170 840 2257 895 dei
2282 841 2561 898 catbolicaa
2582 846 2917 913 permansit,
2943 845 3071 916 quia
3099 866 3119 899 ι
3146 862 3287 903 unus
3321 856 3406 905 est
3442 851 3711 909 Dominus
3735 894 3756 921 ,

2152 943 2277 983 una
2317 929 2479 997 ﬁdes,
2525 946 2692 987 unum
2730 933 3000 1003 baptisma
3037 934 3263 1007 (Ephes.
3300 936 3415 1009 tv).
3449 958 3470 990 ι
3500 938 3755 1009 Denique

2171 1018 2415 1075 Roboam
2439 1062 2454 1089 ,
2482 1020 2625 1079 ﬁlius
2650 1022 2958 1081 Salomonis
2976 1066 2992 1092 ,
3017 1026 3109 1096 qui
3124 1066 3141 1095 ,
3168 1027 3289 1083 utili
3312 1029 3593 1085 seniorum
3620 1046 3758 1087 eon-

2172 1110 2292 1166 silio
2327 1112 2546 1179 relicto,
2586 1115 3007 1174 adolescentium
3041 1120 3326 1176 consilium
3362 1132 3583 1179 secutus
3622 1133 3751 1189 est;

2170 1200 2298 1257 licet
2330 1203 2398 1257 de
2431 1204 2589 1260 domo
2625 1205 2794 1263 David
2828 1208 3025 1276 fuerit,
3063 1218 3245 1267 tamen
3277 1212 3332 1268 in
3367 1213 3457 1268 via
3487 1213 3609 1289 ejus
3643 1232 3759 1273 non

2170 1293 2519 1365 gradiebatur
2545 1314 2558 1349 :
2593 1317 2611 1348 ‹
2642 1296 2796 1354 Fecit
2820 1300 2965 1354 enim
2991 1300 3187 1369 ludas,
3217 1322 3236 1355 ι
3267 1302 3550 1376 Scriptura
3576 1315 3757 1373 teste,

2177 1402 2197 1435 ‹
2223 1384 2278 1438 in
2308 1384 2452 1441 illius
2477 1386 2667 1442 diebus
2693 1390 2896 1446 malum
2918 1406 3104 1448 coram
3131 1393 3359 1452 Domino
3376 1436 3393 1462 ,
3418 1403 3476 1452 et
3500 1397 3760 1454 irritave-

2172 1482 2301 1530 runt
2328 1490 2450 1531 eum
2478 1492 2641 1548 super
2667 1479 2918 1537 omnibus
2939 1498 3059 1553 qua:
3081 1482 3324 1541 fecerant
3346 1494 3534 1556 patres
3557 1501 3758 1543 eorum

2170 1566 2230 1622 in
2270 1568 2509 1636 peccatis
2554 1570 2695 1636 suis,
2737 1585 2858 1641 quae
2898 1583 3277 1644 peccaverant.
3317 1574 3757 1633 Ediﬁeavemnt

2172 1670 2355 1718 autem
2381 1670 2437 1717 et
2460 1662 2562 1732 ipsi
2591 1662 2696 1718 sibi
2722 1680 2846 1720 aras
2869 1672 2926 1721 et
2953 1674 3165 1722 statuas
3190 1676 3248 1723 et
3274 1667 3426 1724 lucos
3451 1684 3619 1741 super
3643 1684 3764 1725 om-

2173 1768 2296 1808 nem
2324 1752 2516 1808 collem
2537 1754 2811 1810 excelsum
2831 1764 2887 1812 et
2911 1772 3073 1827 super
3095 1772 3310 1814 omnem
3334 1760 3585 1816 arborem
3610 1760 3763 1816 fron-

2096 1824 2145 1885 Β
2172 1842 2380 1899 dosam.
2433 1842 2541 1900 Sed
2586 1852 2642 1899 et
2684 1824 2995 1902 effeminati
3021 1847 3241 1905 fuerunt
3282 1850 3338 1906 in
3381 1859 3549 1907 terra.
3594 1851 3760 1909 Fece-

2170 1943 2408 2005 runtque
2432 1951 2620 1992 omnes
2642 1936 3073 1997 abominationes
3095 1942 3359 2011 gentium,
3382 1958 3519 2013 quas
3543 1945 3762 2000 attrivit

2170 2024 2432 2081 Dominus
2457 2033 2584 2081 ante
2607 2027 2807 2084 faciem
2829 2029 3064 2086 filiorum
3090 2032 3254 2088 Israel
3281 2032 3412 2105 (ΙΙΙ
3428 2033 3560 2105 Reg.
3580 2035 3753 2107 xiv)»

2171 2115 2455 2189 Signiﬁcat
2477 2133 2607 2189 ergo
2627 2119 2799 2177 malos
2823 2131 3066 2180 rectores
3092 2123 3147 2178 in
3172 2124 3410 2180 Ecclesia
3425 2165 3442 2191 ,
3463 2125 3559 2196 qui
3583 2133 3762 2182 terre-

2169 2209 2256 2265 nis
2281 2211 2665 2280 cupiditatibus
2693 2213 2859 2269 dediti
2886 2214 3162 2286 negligunt
3185 2230 3373 2271 curam
3398 2215 3605 2272 habere
3630 2217 3759 2272 sub-

2169 2303 2408 2359 ditorum
2422 2344 2438 2371 ,
2460 2311 2517 2361 et
2534 2303 2873 2361 delectantur
2891 2306 2946 2361 in
2969 2306 3312 2364 multitudine
3334 2308 3436 2364 sibi
3455 2309 3763 2377 obsequen-
3838 2378 3849 2391 .

2170 2392 2308 2447 tium
2327 2433 2343 2459 ,
2373 2409 2477 2450 nec
2515 2401 2700 2450 tamen
2734 2395 3058 2467 condignam
3093 2398 3298 2454 habent
3333 2397 3761 2453 sollicitudinem

2169 2485 2274 2543 sibi
2302 2485 2734 2543 commissorum.
2762 2488 3159 2558 Interpretatur
3185 2497 3367 2545 autem
3395 2489 3645 2545 Roboam
3669 2489 3759 2544 ta-

2168 2577 2340 2631 titudo
2367 2578 2582 2648 populi,
2614 2586 2670 2633 et
2692 2578 2830 2635 bene
2870 2578 3092 2636 latitudo
3121 2579 3301 2652 papult'
3336 2580 3609 2637 nominari
3632 2596 3762 2652 pos-

2168 2674 2329 2732 sunt,
2355 2668 2447 2737 qui
2475 2668 2641 2723 latam
2676 2678 2731 2724 et
2773 2670 3068 2740 spatiosam
3101 2671 3247 2726 viam
3283 2672 3630 2743 gradientes,
3658 2688 3765 2743 per

2168 2769 2336 2826 quam
2379 2757 2535 2812 multi
2578 2757 2785 2814 vadunt
2824 2760 2893 2815 ad
2940 2768 3205 2830 mortem,
3250 2770 3538 2833 angustam
3573 2764 3758 2827 viam,

2169 2864 2291 2918 quae
2322 2866 2622 2920 paucorum
2652 2859 2764 2918 est,
2797 2860 2853 2907 et
2881 2853 2949 2908 ad
2979 2862 3238 2909 aeternam
3265 2857 3431 2911 vitam
3463 2856 3644 2918 ducit,
3677 2853 3763 2907 in-

2169 2939 2322 3009 gredi
2354 2940 2657 2996 detrectant
2686 2941 2910 3013 (Mattlt.
2943 2943 3080 3017 vn),
3115 2947 3408 3014 relictoque
3438 2952 3757 3000 sanctorum

2167 3033 2392 3092 Patrum
2423 3038 2654 3094 consilio
2672 3080 2687 3106 ,
2717 3054 2948 3110 quorum
2977 3040 3121 3096 dicta
3147 3048 3203 3096 et
3231 3040 3478 3111 exempla
3507 3041 3579 3095 ad
3603 3040 3763 3096 celsi-

2090 3168 2135 3233 Ο
2170 3131 2413 3188 tudinem
2452 3134 2676 3189 tendunt
2702 3135 3052 3205 perfectionis
3074 3177 3088 3203 ,
3126 3136 3332 3209 eligunt
3367 3135 3631 3205 iuvenum
3668 3136 3765 3233 ob-

2168 3229 2473 3292 temperare
2511 3226 2828 3296 praeceptis,
2861 3227 2968 3282 hoc
2995 3236 3109 3295 est,
3140 3242 3327 3283 eorum
3357 3229 3484 3298 qui,
3506 3227 3761 3296 juvenili-

2163 3312 2268 3367 bus
2304 3312 2591 3370 desideriis
2622 3316 2951 3386 mancipati,
2982 3317 3233 3373 laudibus
3261 3317 3464 3389 iniquis
3490 3325 3548 3373 et
3575 3318 3758 3373 adula-

2164 3404 2405 3460 tionibus
2432 3420 2526 3461 eos
2553 3416 2800 3478 gravent.
2843 3409 2911 3463 Et
2934 3408 2997 3463 ﬁt
3026 3409 3082 3464 in
3109 3410 3191 3467 eis
3219 3411 3361 3481 quod
3386 3425 3487 3481 per
3521 3411 3757 3481 prophe-

2161 3499 2275 3548 tam
2306 3494 2502 3549 dicitur
2528 3513 2542 3549 :
2572 3514 2591 3547 ι
2622 3496 2807 3562 Qualis
2831 3498 3090 3568 populus,
3124 3498 3246 3554 talis
3270 3508 3354 3555 est
3381 3508 3438 3555 et
3464 3501 3745 3556 sacerdos.

2162 3584 2364 3642 Omnes
2389 3587 2534 3642 enim
2563 3602 2595 3642 a
2622 3589 2849 3644 minimo
2873 3605 3048 3661 usque
3075 3593 3144 3645 ad
3172 3592 3471 3648 maximum
3499 3595 3747 3650 avaritia

2162 3677 2382 3732 student
2406 3677 2554 3748 (Ita.
2580 3694 2710 3734 xxrv
2734 3696 2749 3745 ;
2792 3677 2906 3734 Jer.
2930 3678 3016 3752 vi)
3034 3721 3049 3747 ,
3076 3690 3132 3736 et
3157 3682 3283 3738 carci
3309 3683 3468 3740 caecis
3492 3682 3749 3740 ducatum

2159 3770 2467 3841 praebentes
2519 3771 2576 3827 in
2630 3771 2840 3828 foveam
2906 3774 3226 3842 perditionis
3276 3776 3483 3846 pariter
3535 3775 3741 3829 cadunt

2162 3858 2396 3931 (Matth.
2424 3860 2553 3933 xv).
2588 3880 2608 3915 ι
2636 3861 2843 3929 Quibus
2889 3865 3252 3920 comminatur
3296 3863 3574 3935 Sapientia
3619 3866 3747 3933 Dei,

2162 3950 2347 4006 dicens
2374 3967 2387 4003 :
2418 3968 2437 4003 ι
2464 3949 2557 4006 Vm
2582 3952 2705 4018 tibi,
2734 3961 2879 4008 terra
2913 3952 3065 4022 cujus
3091 3968 3188 4009 rex
3218 3961 3302 4009 est
3327 3969 3484 4025 puer,
3510 3963 3569 4011 et
3592 3956 3749 4027 cujus

2160 4041 2434 4110 principes
2465 4056 2625 4098 mane
2650 4044 2941 4100 comedunt
2967 4043 3178 4116 (Eccle.
3206 4061 3238 4099 x
3255 4044 3298 4118 ).
3331 4064 3350 4097 ι
3373 4045 3441 4101 Et
3463 4060 3496 4102 e
3522 4055 3745 4103 contra-

2160 4132 2245 4187 rio
2274 4133 2340 4188 de
2369 4140 2681 4190 sanctorum
2706 4134 2904 4204 populo
2935 4142 2991 4190 et
3019 4149 3147 4205 rege
3175 4150 3368 4190 eorum
3389 4135 3610 4191 Christo
3639 4135 3750 4192 lau-

2162 4224 2340 4279 dando
2394 4224 2770 4294 subsequitur,
2820 4225 3009 4280 dicens
3048 4243 3062 4278 :
3116 4245 3135 4276 ι
3180 4226 3346 4279 Beata
3393 4234 3540 4281 terra
3590 4225 3746 4297 cujus

2161 4328 2257 4368 rex
2286 4320 2370 4368 est
2399 4312 2597 4368 nobilis
2613 4352 2628 4378 ,
2657 4321 2713 4368 et
2736 4311 2891 4381 cujus
2913 4314 3187 4386 principes
3209 4324 3503 4372 nascuntur
3527 4317 3587 4372 in
3611 4327 3748 4373 tem-

2157 4418 2291 4473 pore
2320 4419 2447 4470 suo,
2477 4404 2604 4474 quia
2627 4404 2810 4460 omnia
2828 4444 2843 4473 ,
2871 4420 3206 4477 quaecunque
3227 4406 3493 4476 fecerint,
3516 4422 3749 4481 ιιι-θερε-

2742 4565 2969 4622 CAPUT
3006 4567 3144 4623 Xlll.

2157 4653 2237 4710 De
2257 4655 2506 4728 propheta
2551 4656 2640 4728 qui
2674 4654 2955 4728 Jeroboam
2999 4659 3355 4728 increpaverat
3398 4658 3460 4713 ob
3509 4657 3745 4713 idolola-

2230 4724 2409 4789 triam,
2449 4732 2506 4810 et
2525 4724 2772 4807 seductus
2811 4726 2893 4810 alt.
2912 4724 3361 4810 pseudppropheta
3388 4738 3746 4810 contra-prte-

2229 4803 2433 4875 ceptum
2458 4793 2671 4849 Domini
2691 4793 2934 4864 comedit,
2960 4807 3009 4853 et
3036 4793 3220 4853 ob'ltoc
3240 4815 3281 4853 a
3296 4797 3443 4853 leone
3468 4798 3524 4852 in
3549 4793 3634 4854 via
3655 4815 3746 4854 oc-

2230 4880 2369 4918 usus
2395 4874 2491 4919 881.
2736 4887 2741 4897 ⁸

2231 4956 2550 5030 (Cliniam)
2591 4977 2611 5011 ι
2644 4958 2711 5013 Ει
2731 4973 2859 5015 εεεε
2886 4960 2968 5015 vir
2998 4960 3094 5016 Dei
3119 4960 3269 5015 venit
3291 4960 3358 5016 de
3386 4959 3522 5016 Juda
3550 4961 3607 5016 in
3628 4974 3747 5016 ser-

2166 5067 2187 5102 ι
2227 5064 2387 5106 mone
2416 5050 2628 5106 Domini
2670 5051 2726 5107 in
2750 5052 2956 5120 Bethel,
3006 5051 3295 5109 Jeroboam
3344 5060 3522 5109 stante
3578 5068 3747 5125 super

2165 5158 2185 5193 ι
2226 5139 2418 5207 altare,
2447 5149 2503 5195 et
2529 5141 2650 5197 thus
2682 5140 2947 5209 jaciente;
2993 5134 3422 5212 exclarhavitque
3443 5151 3635 5200 contra
3660 5143 3743 5199 al-

2165 5248 2185 5285 (
2228 5239 2345 5288 tare
2381 5232 2438 5286 in
2494 5246 2743 5288 sermone
2790 5231 3019 5297 Domini,
3059 5242 3115 5288 et
3158 5235 3234 5290 ait
3267 5252 3279 5286 :
3311 5232 3516 5300 Altare,
3547 5233 3740 5298 altare,

2164 5339 2183 5375 ι
2226 5323 2343 5378 haec
2383 5322 2512 5377 dicit
2553 5321 2814 5392 Dominus
2845 5341 2858 5376 :
2890 5323 3208 5393 Ecceﬁlius
3253 5332 3507 5385 nascetur
3548 5323 3743 5378 domus

2166 5429 2186 5463 ι
2227 5411 2418 5476 David,
2443 5409 2623 5467 Josias
2648 5412 2886 5478 nomine,
2916 5422 2974 5468 ct
3000 5394 3600 5485 immolabit'super..;te
3646 5428 3739 5468 sa-

2165 5518 2184 5552 ‹
2227 5501 2476 5556 cerdotes
2501 5501 2859 5567 excelsorum,
2886 5502 2979 5572 qui
3003 5502 3226 5558 nuncin
3253 5510 3305 5557 te
3334 5503 3492 5559 thura
3519 5517 3742 5559 succen-

2164 5609 2183 5644 ι
2224 5590 2376 5655 dunt,
2408 5598 2463 5645 et
2496 5604 2619 5645 ossa
2662 5589 2941 5646 hominum
2983 5592 3237 5647 incendet
3272 5606 3436 5663 super
3468 5601 3538 5651 ιο,
3566 5595 3675 5643 εῑεο
3709 5608 3731 5643 ι

2157 5680 2325 5750 Igitur
2380 5682 2641 5750 propheta
2690 5682 2782 5751 qui
2820 5697 2850 5735 a
2880 5681 2992 5739 Deo
3032 5685 3228 5739 mimus
3260 5683 3437 5731 fuerat
3462 5676 3518 5731 in
3546 5677 3735 5735 Bethel

2159 5778 2216 5828 ut
2244 5770 2549 5841 increparet
2591 5770 2876 5821 Jeroboatn
2898 5777 3059 5832 super
3086 5763 3392 5822 idololatria
3421 5782 3586 5838 quam
3610 5783 3731 5842 ges-
