3958 6468
229 446 338 504 201

1040 448 1391 519 COMMENT.
1426 461 1497 519 1N
1528 448 1777 524 minos
1813 465 1887 549 ιν,
1920 466 2183 525 necum.
2221 498 2291 509 —
2327 468 2397 531 IN
2432 470 2562 527 LIB.
2603 472 2690 530 ιιι.

3376 485 3486 543 202

223 564 317 645 sit,
346 570 405 619 et
431 576 462 617 a
497 562 637 623 falso
661 568 924 639 propheta
944 574 1199 634 seductus
1226 582 1461 638 comedit
1489 582 1565 639 ibi
1588 591 1644 638 et
1664 583 1803 640 bibit
1827 588 1879 648 Α
1911 601 1931 634 ι
1976 584 2164 639 tabant
2184 599 2250 639 ea
2278 586 2371 654 qui
2408 552 2684 657 praeeundi
2722 590 2995 648 habebant
3023 591 3276 660 cilicium,
3306 606 3363 653 et
3387 614 3483 670 po-

219 666 413 711 contra
432 667 760 730 praeceptum
774 660 1002 731 Domini,
1021 674 1076 723 et
1098 681 1386 741 propterea
1405 688 1437 727 a
1456 672 1612 729 leone
1637 674 1694 729 in
1714 675 1801 729 via

217 747 432 803 occisus
451 756 555 817 est,
580 750 710 822 quid
734 753 1031 825 signiﬁcat,
1060 759 1164 815 nisi
1191 762 1320 817 dum
1347 763 1470 833 quis
1496 764 1554 819 in
1578 780 1801 835 prospe-

1907 692 1926 725 ι
1971 682 2084 729 stea
2138 678 2485 744 reportabant
2541 679 2611 733 ad
2672 685 3150 740 armamentarium
3203 690 3471 744 scutario-

1904 783 1925 816 ‹
1968 781 2109 831 rum,
2139 774 2245 821 etc.
2279 786 2298 819 ι
2327 768 2402 822 De
2424 784 2531 839 quo
2562 769 2747 841 itaque
2784 789 2910 845 rege
2935 774 2990 829 in
3031 776 3168 833 libro
3197 779 3474 851 Paralipo-

214 854 291 894 τις
315 838 559 896 elevatur
579 843 742 898 corde
765 844 840 900 ita
858 854 919 901 ut
937 859 1205 921 praecepta
1229 852 1443 908 Domini
1463 863 1795 922 contemnat,
1896 870 2093 910 menon
2139 856 2354 926 plenius
2406 838 2693 926 narratur,
2744 838 2986 921 ubi'hoc
3034 869 3196 923 modo
3228 838 3424 942 tegitur
3457 887 3473 927 :

212 945 244 985 a
270 928 448 998 leone,
482 951 501 983 ‹
539 934 633 1004 qui
662 935 855 992 circuit
888 939 1134 1010 rugiens,
1172 958 1421 1013 quaerens
1450 960 1613 1015 quem
1636 946 1796 1002 devo-

210 1030 296 1077 ret
311 1022 366 1095 (I
382 1021 529 1079 Petr.
546 1025 622 1099 v),
649 1046 669 1079 ι
693 1028 852 1085 dente
878 1034 1247 1102 persuasionis
1267 1036 1514 1108 malignae
1537 1038 1788 1107 laniatus,

205 1129 305 1185 per
339 1131 664 1173 consensum
713 1125 921 1190 peccati
953 1125 1312 1183 interﬁcitur?
1344 1128 1423 1185 Ac
1451 1145 1551 1201 per
1571 1131 1673 1188 hoc
1698 1146 1790 1188 ne-

205 1206 508 1263 cessarium
539 1219 621 1265 est
646 1227 863 1284 semper
906 1231 1149 1286 qurerere
1171 1219 1429 1276 auxilium
1451 1222 1789 1293 omnipoten-

203 1295 272 1352 tis
303 1297 401 1353 Dei
444 1307 606 1370 atque
634 1301 998 1362 defensionem
1042 1308 1235 1378 ipsius,
1265 1321 1321 1365 et
1343 1320 1454 1368 toto
1482 1315 1644 1370 corde
1666 1330 1788 1385 spe-

201 1405 323 1445 rare
347 1392 403 1445 in
434 1394 807 1452 misericordia
842 1399 977 1470 ejus.
1008 1400 1117 1473 (Ea:
1138 1400 1436 1477 Gregorio.)
1463 1407 1603 1475 Quid
1637 1409 1783 1465 enim

196 1491 280 1561 est
325 1485 513 1552 homo,
568 1487 855 1557 cujuslibet
898 1493 971 1548 sit
1016 1495 1218 1562 meriti,
1264 1496 1309 1551 si
1360 1499 1655 1555 conditoris
1698 1500 1782 1556 sui

194 1577 537 1646 protectione
575 1578 894 1637 deseratur?
922 1582 1051 1651 Quae
1088 1586 1348 1643 nimirum
1376 1591 1645 1659 protectio
1678 1592 1781 1645 mi-

192 1684 292 1724 nus
337 1671 651 1726 necessaria
707 1673 964 1740 creditur,
1004 1675 1048 1730 si
1092 1691 1304 1749 semper
1347 1681 1629 1736 habeatur.
1670 1680 1778 1738 Sed

188 1761 393 1817 utiliter
415 1763 738 1834 plerumque
764 1765 1117 1836 subtrahitur,
1143 1777 1204 1825 ut
1227 1773 1442 1828 sibimet
1461 1774 1563 1844 ipsi
1591 1775 1773 1842 homo,

187 1869 345 1923 quam
369 1854 494 1911 sine
520 1855 611 1910 illa
630 1857 764 1912 nihil
790 1858 875 1923 sit,
904 1861 1240 1916 ostendatur.
1274 1863 1464 1921 Manus
1486 1865 1649 1937 igitur
1677 1868 1774 1922 Dei

1900 963 1920 995 ‹
1949 945 2106 1001 Anno
2131 956 2309 1003 autem
2332 950 2520 1020 quinto
2545 954 2699 1023 regni
2726 954 2969 1009 Roboam
3012 960 3258 1014 ascendit
3284 960 3468 1029 Sesac,

1892 1050 1989 1091 rex
2008 1036 2249 1109 Egypti,
2276 1041 2330 1095 in
2351 1041 2650 1099 Jerusalem
2673 1044 2823 1114 (quia
2836 1059 3196 1117 peccaverant
3218 1051 3467 1127 Domino)

1890 1140 2015 1182 cum
2052 1129 2201 1186 mille
2227 1132 2475 1189 ducentis
2526 1134 2775 1191 curribus
2816 1144 2869 1192 et
2926 1140 3207 1210 sexaginta
3232 1142 3469 1200 millibus

1887 1220 2150 1288 equitum.
2181 1222 2292 1279 Nec
2318 1233 2437 1280 erat
2468 1241 2727 1283 numerus
2753 1228 2897 1300 vulgi
2922 1231 3066 1300 quod
3088 1241 3311 1288 venerat
3340 1251 3465 1291 cum

1886 1323 1951 1364 eo
1997 1327 2064 1367 ex
2106 1313 2359 1385 Egypto,
2408 1314 2605 1388 Libyes
2666 1318 2873 1375 scilicet
2916 1330 2972 1376 et
3025 1322 3362 1395 Troglodytae
3412 1335 3469 1382 et

1884 1400 2188 1474 Ethiopes.
2218 1404 2480 1479 Cepitque
2509 1409 2757 1465 civitates
2789 1412 3183 1470 munitissimas
3217 1415 3272 1470 in
3306 1415 3467 1483 Juda,

1882 1501 1939 1549 et
1970 1494 2116 1549 venit
2138 1512 2311 1567 usque
2354 1496 2674 1556 Jerusalem.
2707 1500 2951 1559 Semeias
2993 1514 3171 1561 autem
3200 1509 3467 1578 propheta

1883 1584 2161 1655 ingressus
2205 1595 2291 1642 est
2338 1590 2409 1645 ad
2466 1589 2727 1659 Roboam,
2777 1601 2832 1648 et
2878 1595 3150 1666 principes
3181 1596 3340 1664 Juda,
3373 1601 3467 1669 qui

1878 1677 2191 1747 congregati
2234 1676 2448 1735 fuerant
2495 1680 2550 1736 in
2594 1680 2916 1751 Jerusalem,
2951 1683 3220 1757 fugientes
3274 1685 3464 1754 Sesac,

1877 1768 2123 1840 dixitque
2150 1772 2217 1826 ad
2242 1787 2337 1828 eos
2355 1791 2369 1826 :
2388 1772 2515 1829 Haec
2544 1776 2673 1830 dicit
2701 1777 2960 1833 Dominus
2984 1798 2997 1832 :
3034 1779 3143 1834 Vos
3166 1780 3462 1850 reliquistis

1877 1875 1984 1924 me,
2009 1869 2064 1917 et
2092 1875 2193 1931 ego
2218 1863 2466 1935 relinquo
2493 1881 2591 1922 vos
2616 1868 2673 1921 in
2700 1884 2867 1923 manu
2906 1869 3091 1925 Sesac.
3121 1870 3460 1929 Consterna-

183 1945 477 2016 auquando
514 1964 614 2005 nos
656 1950 811 2006 nobis
848 1966 947 2020 per
986 1953 1212 2009 adversa
1250 1955 1508 2023 insinuat,
1536 1973 1658 2028 qua
1678 1976 1774 2016 ne.
1800 1961 1849 2021 Β
1877 1950 2025 2020 tique
2052 1953 2327 2023 principes
2376 1954 2542 2012 Israel
2583 1965 2639 2011 et
2686 1973 2782 2015 rex
2826 1960 3080 2015 dixerunt
3112 1980 3124 2014 :
3157 1959 3342 2018 Justus
3378 1973 3464 2020 est

181 2038 416 2095 scientes
450 2056 552 2096 nos
576 2041 632 2095 iu
661 2044 937 2114 prosperis
969 2052 1167 2115 portat.
1207 2045 1343 2114 Quia
1370 2048 1612 2104 destituti
1642 2050 1771 2106 dum
1874 2041 2158 2099 Βοιηίηυε·
2190 2043 2434 2116 Cumque
2457 2047 2684 2104 νίάῖεεθῑ
2714 2050 2975 2107 Dominus
3004 2054 3146 2121 qu°d
3193 2055 3462 2110 Ῐιυωίιίθιί

180 2128 372 2184 cadere
401 2129 717 2200 incipimus,
746 2141 800 2187 et
822 2141 1003 2189 tamen
1034 2134 1204 2204 adjuti
1232 2138 1562 2206 retinemur;
1599 2148 1655 2195 et
1677 2142 1772 2197 do-
1872 2141 2072 2199 essent,
2101 2132 2277 2189 factus
2295 2144 2378 2191 est
2400 2152 2579 2193 sermo
2602 2139 2818 2194 Domini
2844 2142 2912 2195 ad
2943 2139 3215 2197 Semeiam
3233 2145 3418 2199 dicens
3444 2165 3457 2199 :

179 2219 350 2274 ctrina
378 2219 468 2286 ﬁt,
498 2223 639 2291 quod
683 2222 741 2277 in
779 2223 936 2295 lapsu
979 2227 1387 2297 trepidavimus,
1421 2239 1478 2285 et
1501 2232 1766 2299 custodia,

178 2312 316 2381 quod
340 2313 398 2368 iu
429 2322 581 2370 statu
605 2331 1004 2386 permanemus.
1050 2319 1221 2375 Nemo
1245 2332 1379 2393 ergo
1416 2337 1476 2377 se
1540 2325 1768 2397 alicujus

173 2401 388 2461 virtutis
437 2407 701 2473 aestimet,
753 2410 918 2464 etiam
950 2426 1073 2467 cum
1125 2413 1254 2482 quid
1294 2404 1505 2469 fortiter
1542 2418 1764 2486 poterit,

174 2495 296 2565 quia
339 2497 386 2553 si
436 2498 620 2554 divina
651 2515 775 2556 eum
826 2504 1092 2573 protectio
1139 2506 1373 2571 deserat,
1423 2507 1500 2562 ibi
1543 2516 1767 2580 repente

170 2598 465 2645 enervatus
492 2591 759 2661 obruitur,
807 2596 899 2651 ubi
944 2612 1004 2653 se
1045 2597 1288 2654 valenter
1312 2610 1456 2656 stare
1483 2601 1762 2673 gloriatur.

170 2676 305 2744 Quid
329 2690 414 2736 est
447 2682 593 2737 enim
622 2685 767 2754 quod
792 2686 879 2740 vir
914 2686 1032 2755 Dei,
1065 2698 1254 2744 contra
1281 2691 1453 2748 altare
1501 2691 1765 2749 Samariae

170 2767 236 2822 ad
260 2772 701 2841 prophetandum
721 2775 982 2844 directus,
1008 2789 1275 2850 praesente
1295 2795 1443 2854 rege,
1467 2785 1763 2840 auctorita-

168 2864 275 2914 tem
299 2861 492 2918 liberae
527 2866 676 2922 vocis
715 2869 977 2936 exercuit,
1006 2872 1358 2944 ejusdemque
1402 2876 1546 2946 regis
1573 2885 1763 2933 exten-

165 2964 282 3004 sum
312 2950 599 3009 brachium
631 2955 687 3010 in
731 2958 912 3029 rigore
955 2961 1279 3018 mirabiliter
1314 2966 1588 3034 astrinxit,
1616 2969 1762 3038 quod

164 3044 347 3097 tamen
384 3060 514 3100 mox
554 3048 983 3107 misericorditer
1022 3054 1183 3110 saluti
1212 3057 1483 3125 restituit;
1520 3061 1676 3131 cujus
1703 3062 1760 3117 in

164 3127 322 3185 domo
350 3134 614 3193 invitatus
650 3141 936 3196 comedere
967 3143 1171 3211 noluit,
1201 3147 1327 3215 quia
1370 3164 1438 3204 ne
1462 3150 1518 3204 in
1546 3150 1636 3206 via
1670 3167 1761 3207 co-

161 3219 426 3288 mederet,
456 3229 837 3294 prohibitionis
859 3233 1157 3290 Dominicae
1188 3248 1460 3308 praecepta
1486 3243 1752 3309 servavit;

1871 2222 2007 2291 Quia
2037 2225 2303 2281 humiliati
2326 2237 2470 2294 sunt,
2502 2244 2611 2284 non
2641 2230 2949 2300 disperdam
2971 2248 3088 2297 eos,
3114 2235 3359 2304 daboque
3381 2236 3462 2291 eis

1867 2318 2167 2388 pauxillum
2197 2320 2400 2383 auxilii,
2432 2330 2487 2377 et
2512 2338 2623 2377 non
2665 2324 2888 2379 stillabit
2914 2325 3065 2382 furor
3109 2342 3263 2383 meus
3300 2344 3461 2400 super

1868 2406 2167 2466 Jerusalem
2191 2427 2289 2481 per
2325 2429 2546 2469 manum
2576 2414 2760 2471 Sesac.
2794 2418 3178 2473 Verumtamen
3222 2420 3460 2473 servient

1866 2498 1936 2564 ei,
1962 2508 2023 2554 ut
2047 2502 2225 2557 sciant
2247 2503 2563 2560 distantiam
2595 2507 2873 2563 servitutis
2921 2522 3054 2563 meae
3101 2516 3156 2564 et
3180 2511 3458 2565 servitutis

1865 2592 2021 2661 regni
2048 2600 2339 2648 terrarum.
2377 2595 2626 2653 Recessit
2673 2598 2856 2669 itaque
2903 2600 3071 2656 Sesac
3105 2617 3201 2657 rex
3235 2600 3456 2674 Egypti

1864 2681 1933 2738 ab
1957 2681 2279 2754 Jerusalem,
2308 2689 2537 2745 sublatis
2585 2692 2855 2747 thesauris
2899 2694 3088 2749 domus
3139 2694 3351 2748 Domini
3402 2703 3457 2748 et

1864 2773 2057 2831 domus
2082 2778 2245 2850 regis,
2290 2781 2581 2851 omniaque
2607 2797 2791 2837 secum
2820 2783 2961 2849 tulit,
2990 2792 3045 2839 et
3089 2783 3303 2855 clypeos
3358 2799 3454 2838 au-

1862 2881 2006 2936 reos,
2032 2886 2169 2941 quos
2208 2871 2415 2928 fecerat
2475 2873 2752 2942 Salomon,
2803 2893 2902 2947 pro
2954 2878 3149 2947 quibus
3186 2876 3315 2932 fecit
3356 2892 3454 2932 rex

1861 2973 2061 3028 azneos,
2102 2970 2156 3016 et
2182 2963 2405 3019 tradidit
2441 2964 2560 3021 illos
2582 2967 2918 3037 principibus
2940 2968 3324 3032 scutariorum,
3358 2967 3451 3037 qui

1862 3050 2240 3106 custodiebant
2268 3052 2593 3109 vestibulum
2614 3042 2801 3125 palatii
2828 3055 2914 3129 (II
2946 3054 3078 3111 Par.
3110 3056 3229 3129 xu).
3262 3077 3280 3108 ι
3312 3057 3452 3124 Quid

1860 3156 1989 3213 ergo
2013 3158 2112 3213 per
2131 3144 2361 3217 ﬁguram
2396 3148 2500 3202 hoc
2532 3149 2795 3215 insinuat,
2826 3150 2970 3218 quod
3010 3159 3232 3220 propter
3258 3164 3451 3220 pecca-

1860 3240 1974 3287 tum
2005 3235 2248 3292 Roboam
2275 3237 2463 3304 Sesac,
2495 3256 2593 3295 rex
2637 3239 2879 3305 Egypti,
2910 3242 2975 3290 de
3022 3242 3182 3291 domo
3231 3236 3448 3291 Domini

162 3310 253 3380 qui
278 3320 466 3367 tamen
500 3315 556 3369 in
585 3317 776 3371 eadem
798 3318 885 3373 via
914 3329 971 3375 et
998 3322 1251 3379 seductus
1280 3329 1537 3395 comedit,
1568 3340 1624 3384 et
1651 3346 1750 3400 pa-

1861 3324 2143 3377 thesauros
2178 3324 2432 3388 abstulit,
2482 3332 2537 3379 et
2592 3325 2873 3381 thesauros
2920 3326 3116 3396 regios,
3144 3326 3249 3382 nisi
3302 3327 3447 3397 quod

157 3409 273 3456 stus
301 3403 550 3458 interiit?
590 3405 710 3474 Qua
734 3408 791 3462 in
829 3424 888 3464 re
932 3411 1061 3481 quid
1102 3416 1286 3471 subtili
1318 3418 1752 3478 consideratione

156 3492 488 3564 colligimus,
506 3496 635 3567 quid
663 3497 746 3567 (ut
766 3500 844 3555 ita
868 3501 1119 3575 dixerim)
1147 3505 1549 3566 formidandum
1577 3513 1753 3583 suspi-

158 3594 368 3647 camur,
400 3585 508 3640 nisi
534 3589 677 3657 quod
715 3590 943 3647 forsitan
977 3594 1120 3664 apud
1161 3600 1513 3671 semetipsum
1550 3604 1751 3659 tacitus

158 3679 211 3726 et
239 3687 339 3742 pro
376 3680 661 3746 przeceptis
694 3681 990 3739 Dominicis
1021 3702 1205 3757 regem
1254 3704 1312 3744 se
1360 3695 1750 3763 contempsisse

159 3760 438 3831 gloriatur,
468 3765 536 3820 ab
558 3766 772 3823 interna
800 3784 926 3824 mox
957 3771 1227 3828 soliditate
1251 3787 1539 3844 quassatus
1562 3760 1666 3847 est,
1695 3792 1752 3837 et

162 3851 282 3909 ihde
304 3855 355 3909 ei
384 3856 440 3911 in
463 3872 629 3928 opere
658 3860 817 3931 culpa
840 3863 1130 3932 subripuit,
1158 3866 1300 3921 unde
1340 3868 1443 3923 sibi
1470 3869 1642 3940 gloria
1693 3873 1748 3928 in

160 3948 319 4000 corde
345 3952 605 4035 surrexit,
637 3961 716 4019 ut,
757 3952 1039 4024 Propheta:
1073 3956 1223 4013 falsis
1256 3960 1441 4016 verbis
1469 3963 1744 4034 deceptus,

163 4035 391 4094 disceret
419 4041 549 4110 quia
578 4059 919 4112 nequaquam
958 4050 1193 4118 propria:
1221 4051 1557 4111 fortitudinis
1582 4055 1747 4113 fuerit

162 4128 297 4196 quod
345 4130 414 4186 ad
468 4132 612 4205 regis
669 4134 833 4190 verba
881 4140 1188 4196 restitisset.
1240 4143 1383 4200 Bene
1449 4155 1629 4203 autem
1677 4166 1747 4207 ex

161 4219 269 4289 ejus
319 4212 416 4280 (ire
471 4225 663 4281 mortis
726 4230 1051 4286 sententiam
1100 4235 1327 4305 accepit,
1384 4237 1540 4307 cujus
1587 4242 1747 4297 sedu-

162 4310 329 4367 ctione
377 4331 410 4371 a
442 4315 573 4370 vitae
619 4320 902 4390 praeceptis
951 4322 1215 4391 deviavit,
1265 4333 1327 4380 ut
1366 4327 1492 4383 inde
1524 4344 1744 4400 ptenam

160 4405 418 4464 veraciter
446 4420 711 4476 sumeret,
756 4413 900 4469 unde
942 4416 1155 4487 culpam
1192 4420 1527 4492 negligenter
1565 4426 1741 4482 admi-

161 4493 329 4553 sisset.

1856 3412 1986 3466 mali
2040 3421 2280 3469 rectores
2341 3423 2565 3487 propter
2619 3416 2998 3488 negligentiam
3055 3434 3208 3474 suam
3260 3434 3444 3491 regem

1854 3501 2097 3575 Egypti,
2119 3505 2222 3561 hoc
2243 3514 2344 3570 est,
2369 3507 2668 3577 principem
2697 3509 3042 3564 tenebrarum
3065 3510 3121 3564 in
3140 3509 3443 3567 Jerusalem

1855 3598 2092 3667 typicam
2120 3611 2439 3669 provocant,
2470 3602 2523 3657 in
2552 3603 2855 3659 Ecclesiam
2883 3604 3137 3664 videlicet
3166 3606 3267 3661 sibi
3295 3620 3443 3660 com-

1852 3692 2095 3757 missam,
2125 3692 2217 3747 ubi
2246 3693 2349 3764 ipsi
2377 3695 2446 3750 ad
2486 3703 2697 3766 tempus
2728 3697 2995 3751 dominari
3023 3697 3309 3753 videntur?
3337 3696 3441 3765 Qui

1851 3780 2138 3838 thesauros
2162 3784 2355 3841 domus
2374 3786 2607 3855 Domini,
2640 3799 2694 3844 et
2724 3791 3006 3846 thesauros
3031 3791 3210 3862 regios
3238 3790 3437 3856 aufert,

1851 3886 1974 3926 cum
2028 3874 2313 3930 scientiam
2370 3876 2774 3949 Scripturarum
2822 3890 3151 3948 sanctarum,
3196 3881 3441 3935 simulet

1849 3975 2016 4030 opera
2037 3962 2298 4020 virtutum
2328 3967 2396 4022 ab
2428 3968 2661 4025 incautis
2699 3979 2755 4025 et
2806 3972 3090 4028 desidiosis
3121 3972 3389 4044 abstrahit
3421 3989 3434 4024 :

1851 4049 2019 4109 Sesac
2048 4070 2178 4125 ergo
2204 4056 2385 4127 byssus
2431 4059 2614 4127 cilicii,
2650 4062 2762 4118 sive
2790 4063 3043 4133 gaudium
3065 4063 3243 4130 cilicii,
3269 4063 3438 4118 inter-

1846 4152 2113 4214 pretatur.
2147 4148 2216 4202 Et
2238 4150 2366 4219 quia
2397 4151 2590 4222 byssus
2616 4155 2971 4210 subtilitatem
2998 4154 3287 4226 signiﬁcat,
3317 4154 3437 4211 cili-

1847 4233 1991 4289 cium
2021 4251 2173 4304 vero,
2204 4241 2349 4309 quod
2381 4241 2449 4297 de
2487 4257 2773 4313 caprarum
2812 4246 2940 4301 setis
2976 4246 3284 4313 conﬁcitur,
3311 4262 3438 4317 pec-

1846 4333 1989 4391 cata,
2044 4329 2176 4398 quid
2218 4331 2413 4388 melius
2463 4334 2520 4389 in
2578 4335 2743 4406 bysso
2794 4337 2954 4392 cilicii
2989 4354 3149 4408 quam
3196 4328 3435 4392 versutia

1844 4416 2051 4473 fraudis
2080 4419 2360 4477 diabolicae
2402 4423 2455 4477 in
2498 4426 2850 4494 persuasione
2889 4438 3237 4495 peccatorum
3264 4427 3435 4496 accipi
3500 4442 3505 4447 ·

1843 4512 2056 4578 potest?
2103 4510 2269 4569 Sesac
2317 4516 2465 4570 enim
2516 4516 2997 4585 Jerosolymitanas
3040 4532 3169 4587 opes
3232 4516 3432 4583 aufert,

1847 4609 1969 4649 cum
2006 4597 2273 4666 diabolus,
2301 4602 2394 4670 qui
2422 4602 2615 4659 callide
2650 4605 2871 4675 decipit,
2902 4616 2958 4661 et
2984 4609 3183 4680 gaudet
3212 4609 3265 4663 in
3302 4610 3435 4664 mul-

2236 4653 2272 4666 θ,
2311 4653 2394 4670 κπ-
2429 4653 2613 4659 -ν---π
2654 4653 2871 4675 nuru,
2905 4653 2957 4661 ν-
2984 4653 3183 4680 υκαι-π
3302 4653 3411 4664 -----

161 4653 1107 4770 DehnSneiac.rigfnf'ggptjzﬂzomoda
1143 4684 1594 4770 propter‘peccata
1631 4679 1740 4770 R‘o-
1764 4678 1819 4739 D
1846 4686 2075 4743 titudine
2098 4699 2469 4761 peccatorum,
2499 4695 2901 4753 ecclesiasticos
2936 4714 3176 4770 quosque
3203 4701 3431 4756 scientia

226 4728 371 4786 boam
383 4728 736 4807 -εροῖἱαυεῆΐ
758 4728 1077 4805 Jerusalem,
1104 4728 1335 4800 sublatis
1363 4728 1741 4806 :Zéiblis'db—

227 4814 336 4855 mus
368 4805 945 4891 pemiainetahesauris
976 4817 1129 4891 regis,
1152 4816 1327 4891 scutis
1343 4836 1544 4891 quoque
1563 4805 1739 4877 aureis

229 4885 337 4954 qua;
362 4875 558 4943 fecerat
586 4873 858 4954 Salomon,
887 4898 991 4954 pro
1019 4873 1206 4953 quibus
1230 4873 1367 4954 fecit,
1386 4873 1476 4944 rea':
1502 4873 1738 4947 Roboaai

228 4952 372 4997 scuta
424 4962 588 5011 cerea,
626 4957 673 5000 et
698 4948 938 5002 .tradidit
978 4948 1041 5005 ea
1084 4954 1141 5007 in
1180 4948 1342 5009 manu
1384 4959 1577 5013 ducu'm
1623 4968 1737 5014 scti-

230 5014 505 5096 tlariorum,
526 5016 775 5096 guodque
821 5019 1011 5096 bellum
1065 5023 1178 5096 fuit
1210 5041 1412 5096 semper
1447 5030 1584 5083 inter
1624 5030 1736 5084 Ro-

196 5128 197 5131 η
233 5076 377 5167 epam
422 5096 475 5141 et
494 5076 797 5167 'J'eropoam.
820 5130 835 5155 ,
884 5102 931 5144 et
964 5076 1736 5167 ima-asa”i2§éni".iéd2{}z

233 5146 401 5209 Baasa
430 5174 603 5228 regem
625 5146 1039 5224 Israel,'cunctis
1078 5164 1259 5218 diebus
1293 5146 1494 5222 eciam.

238 5239 379 5311 (Car.
402 5247 541 5319 xiv.)
579 5267 597 5297 ‹
628 5247 690 5301 ιιι
721 5249 913 5317 quinto
941 5261 1123 5308 autem
1148 5270 1288 5310 anno
1309 5259 1463 5329 regni
1494 5259 1737 5317 Roboam

179 5347 196 5381 t
232 5339 463 5393 ascendit
485 5339 677 5407 Sesac,
703 5356 801 5398 rex
823 5341 1065 5415 Egypti,
1099 5347 1152 5401 in
1182 5346 1502 5419 Jerusalem,
1534 5362 1589 5408 et
1618 5356 1739 5409 tulit

180 5438 198 5471 ι
236 5425 511 5488 thesauros
546 5433 738 5489 domus
781 5433 999 5491 Domini
1037 5446 1092 5493 et
1133 5439 1420 5499 thesauros
1455 5446 1651 5516 regios,
1683 5456 1739 5504 et

181 5525 199 5560 ε
237 5517 481 5606 universa
509 5523 748 5595 diripuit.
770 5524 933 5581 Scuta
962 5542 1179 5601 quoque
1202 5547 1368 5589 aurea
1390 5552 1510 5606 quae
1529 5536 1737 5594 fecerat

183 5617 201 5650 ε
240 5599 501 5679 Salomon,
523 5627 622 5682 pro
645 5617 839 5682 quibus
861 5617 990 5674 fecit
1010 5599 1108 5676 rex
1131 5621 1374 5680 Roboam
1393 5599 1547 5684 scuta
1570 5647 1735 5700 cerea,

183 5702 201 5739 ι
240 5701 291 5747 et
309 5699 524 5756 tradidit
549 5717 613 5757 ea
635 5702 691 5757 in
719 5717 883 5757 manu
923 5702 1120 5759 ducum
1149 5715 1527 5777 scutariorum,
1558 5729 1615 5769 et
1641 5699 1737 5771 eo;

185 5793 203 5827 ι
240 5793 369 5854 rum.
396 5789 486 5859 qui
531 5791 873 5848 excubabant
919 5801 1046 5849 ante
1088 5794 1289 5849 ostium
1343 5797 1534 5857 domus
1571 5805 1732 5874 regis.

187 5881 217 5958 ί.
244 5869 472 5947 Cumque
497 5881 867 5954 ingrederetur
896 5900 991 5939 rex
1024 5885 1081 5941 in
1110 5885 1327 5942 domum
1357 5891 1590 5961 Domini,
1619 5914 1737 5967 por-

523 5976 793 6039 Pu‘non.
837 5976 1001 6041 CIX.

1838 4779 2105 4847 spirituali
2134 4789 2189 4837 et
2234 4798 2397 4854 opere
2426 4786 2689 4843 virtutum
2743 4791 3039 4862 depraedat,
3093 4808 3292 4862 eosque
3338 4796 3431 4864 qui

1836 4871 2162 4928 videbantur
2210 4876 2266 4930 in
2307 4877 2549 4934 Ecclesia
2580 4880 2765 4937 decori
2794 4899 2916 4939 esse
2946 4886 3204 4954 spoliatos
3244 4900 3427 4938 secum

1836 4960 1890 5012 in
1918 4962 2236 5019 barathrum
2275 4969 2591 5035 perditionis
2640 4988 2749 5027 sua:
2798 4974 3079 5044 demergit.
3105 4973 3215 5028 Nec
3241 4990 3348 5029 non
3377 4985 3434 5029 et

1836 5050 1991 5118 illud,
2022 5056 2168 5125 quod
2217 5057 2360 5113 idem
2413 5075 2507 5130 rex
2547 5072 2698 5135 scuta
2739 5080 2924 5131 aurea,
2953 5082 3072 5134 quae
3102 5064 3306 5121 fecerat
3330 5066 3430 5122 Sa-

1846 5140 2050 5211 lomon,
2072 5147 2312 5215 abstulit,
2344 5167 2443 5221 pro
2469 5155 2665 5224 quibus
2698 5154 2829 5211 fecit
2868 5173 2959 5211 rex
2994 5158 3233 5213 Rohoam
3276 5168 3428 5215 scuta

1845 5248 2004 5299 terea,
2030 5244 2083 5291 et
2107 5240 2327 5294 tradidit
2348 5257 2411 5295 ea
2448 5244 2503 5297 in
2542 5260 2707 5299 manu
2732 5246 2928 5300 ducum
2951 5249 3332 5313 scutariorum,
3363 5250 3431 5304 ad

1846 5330 2094 5383 eumdem
2115 5347 2332 5386 sensum
2362 5336 2604 5403 respicit.
2638 5336 2892 5389 Salomon
2914 5336 3058 5390 enim
3085 5346 3236 5392 scuta
3261 5356 3429 5395 aurea

1846 5427 2084 5481 condens
2135 5430 2447 5484 custodibus
2477 5429 2667 5485 domus
2705 5446 2815 5485 sua:
2847 5431 3013 5499 dedit,
3037 5449 3160 5489 cum
3190 5434 3455 5492 Redem-’
3494 5444 3508 5456 °

1844 5524 1969 5587 ptor
1989 5529 2175 5575 noster
2195 5520 2826 5595 spiritualemlscientiam
2843 5540 2943 5595 per
2962 5525 3066 5580 duo
3082 5524 3430 5584 Testamenta

1845 5608 2157 5665 doctoribus
2195 5611 2449 5666 Ecclesia:
2487 5611 2554 5665 ad
2585 5615 2837 5669 tuendam
2858 5615 3067 5686 plebem
3097 5632 3248 5672 suam
3280 5634 3427 5673 com-

1844 5700 2136 5756 mendavit.
2163 5702 2314 5757 Hanc
2337 5703 2589 5767 antiquus
2620 5706 2791 5757 hostis
2829 5722 2924 5773 per
2959 5707 3224 5762 incuriam
3253 5719 3426 5764 recto—
3520 5718 3524 5723 ‘

1844 5813 1962 5851 rum
1990 5798 2277 5865 abstrahit,
2304 5801 2430 5872 quia
2459 5818 2581 5860 cum
2608 5806 2805 5864 intenti
2828 5817 2955 5866 sunt
2981 5812 3142 5868 rebus
3173 5816 3424 5880 terrenis,

1844 5917 2117 5970 nunquam
2145 5912 2397 5961 curantes
2433 5907 2501 5964 de
2528 5910 2860 5978 caelestibus,
2904 5914 2958 5967 in
2988 5914 3162 5970 cilicio
3191 5917 3425 5986 pristino

2913 6003 2954 6065 7
