3958 6470
453 486 563 554 eos
1090 491 1150 546 Β.
1193 488 1451 548 uanam
1489 482 1709 548 usum
1741 478 2060 545 ARCHIEP.
2095 476 2405 543 uocum.
2445 468 2734 540 eranum
2771 466 2953 536 rans
2989 476 3029 534 ι.
3606 463 3717 525 act

453 610 680 669 scientia
706 607 1022 674 denudatos,
1050 608 1205 677 quasi
1256 606 1312 665 in
1365 606 1526 666 domo
1576 607 1794 679 prepria
1838 605 2030 677 opibus
2056 604 2110 671 Α
2133 611 2270 658 nova
2300 596 2577 672 adjiciunt,
2610 596 2666 654 et
2698 593 2960 667 malorum
2985 579 3246 659 exemptis
3273 586 3575 656 depravati,
3600 578 3720 639 suis

453 700 708 773 spoliatos
762 694 1104 768 derelinquit.
1142 696 1383 769 Denique
1424 694 1558 754 tales
1587 712 1711 753 cum
1754 710 1813 753 se
1867 704 2030 752 sensu
2131 688 2426 750 sceleribus
2453 690 2661 777 priores
2695 686 2851 743 nunt.
2968 770 2971 777 1
3046 766 3056 777 _
3195 766 3235 777 ﬂ
3290 774 3315 777 Η
3478 766 3492 777 Δ

452 766 715 862 spirituali
742 766 1365 861 privatosvconspiciunt,
1393 802 1491 861 per
1516 785 1881 861 eloquentiam
1909 802 2033 843 ver-
2190 782 2227 836 ι
2260 776 2561 847 Demetam,
2615 776 2807 850 inquit,
2857 766 3158 846 posteriora
3195 766 3399 862 Baasa,
3445 766 3499 862 et
3538 766 3724 862 pesta-

450 858 644 937 borum
669 879 880 950 copiam
906 858 1172 950 quaerunt,
1201 858 1468 952 quatenus
1499 858 1686 936 eorum
1715 877 2032 946 senoritate,
2134 872 2275 930 riora
2313 868 2505 929 domus
2541 868 2706 938 illius,
2743 877 2798 925 et
2828 864 3022 923 iaciam
3048 864 3266 921 domum
3296 858 3413 952 ejus
3456 860 3598 915 sicut
3626 858 3724 914 do-

449 971 595 1027 velut
622 978 902 1027 scutorum
941 950 1523 1040 aereorum'firmitate,
1572 978 1815 1027 tutamen
1844 972 2034 1027 contra
2134 978 2280 1022 mum
2315 957 2605 1021 Jeroboam
2636 960 2731 1018 lilii
2763 954 2995 1016 Naitath.
3037 956 3314 1012 tDemetit
3339 950 3600 1009 Dominus
3622 966 3726 1022 po-

450 1065 634 1119 hostes
660 1076 760 1133 pro
815 1059 1072 1132 subjectis
1127 1063 1229 1119 sibi
1278 1070 1570 1135 opponant.
1601 1062 1708 1119 Sed
1739 1066 1941 1133 quanto
1961 1066 2035 1115 tes
2136 1060 2367 1122 steriora
2395 1064 2587 1129 Baasa,
2619 1070 2742 1117 cum
2775 1060 3000 1130 peccata
3045 1052 3355 1123 iniqUorum
3395 1046 3516 1121 post
3559 1040 3729 1102 linem

450 1163 535 1212 est
561 1156 722 1212 vilius
768 1156 886 1212 auri
918 1154 1153 1221 metallo,
1183 1162 1333 1211 tanto
1375 1156 1599 1212 inferior
1640 1164 1727 1211 est
1756 1164 1891 1209 vana
1925 1152 2038 1209 elo—
2135 1154 2258 1212 vitae
2304 1150 2600 1211 ulciscitur.
2647 1151 2878 1207 Demetit
2919 1152 2974 1204 et
3022 1144 3325 1218 posteriora
3360 1138 3555 1197 domus
3586 1139 3727 1209 ejus,

450 1248 671 1318 quentia
707 1257 849 1303 vera:
898 1245 1176 1317 sapientiae
1212 1244 1411 1302 auctu.
1445 1240 1598 1303 Unde
1621 1260 1719 1317 per
1749 1240 2037 1316 quemdam
2136 1260 2258 1303 cum
2288 1242 2600 1303 civitatores
2633 1241 2846 1298 illorum
2872 1239 3091 1296 aeternis
3119 1228 3450 1291 cruciatibus
3472 1226 3726 1295 damnat;

451 1338 747 1408 sapientem
770 1336 835 1393 de
855 1335 1160 1407 eloquentia
1176 1334 1376 1392 dicitur
1394 1354 1407 1390 :
1430 1352 1449 1388 ι
1475 1334 1577 1392 Ubi
1598 1330 1829 1406 plurima
1848 1334 2035 1399 verba,

2162 1346 2191 1395 τι
2214 1336 2375 1397 faciet
2399 1340 2616 1395 domum
2649 1332 2823 1390 Baasa
2868 1334 3008 1389 sicut
3036 1329 3167 1399 fecit
3192 1329 3410 1385 domum
3438 1320 3733 1381 Jeroboam

453 1430 525 1483 ibi
575 1428 886 1500 frequenter
912 1435 1124 1500 egestas
1152 1426 1333 1500 (Prov.
1362 1428 1483 1499 xu).
1517 1442 1537 1480 ν
1573 1424 1641 1483 Et
1676 1427 1729 1482 in
1753 1424 2039 1482 Psalmista

2162 1432 2231 1490 ilii
2262 1428 2495 1498 Nabath,
2519 1442 2639 1486 cum
2669 1430 2980 1500 peccatores
3014 1424 3070 1479 in
3101 1421 3386 1494 iniquitate
3427 1432 3521 1474 sua
3549 1428 3737 1488 perse-

452 1523 648 1590 lcgitur
682 1540 694 1575 :
733 1542 751 1573 (
786 1518 883 1577 Vir
910 1518 1189 1592 linguosus
1216 1532 1323 1575 non
1362 1521 1627 1591 dirigetur
1649 1530 1811 1590 super
1836 1527 2038 1573 terram
2138 1528 2391 1580 vetantes
2442 1520 2601 1577 simul
2625 1526 2748 1576 eum
2775 1510 2990 1573 diabolo
3033 1522 3089 1569 et
3126 1510 3331 1583 angelis
3360 1510 3478 1580 ejus
3530 1502 3733 1562 inferni

453 1612 625 1686 (Psat.
651 1613 892 1685 chxrx).
931 1628 948 1664 ι
990 1612 1124 1668 Nam
1166 1615 1232 1669 de
1286 1612 1551 1685 sapientia
1597 1612 1859 1681 scriptum
1907 1616 2034 1664 est:
2140 1615 2470 1672 cruciatibus
2502 1606 2694 1668 tradet.
2724 1606 2897 1665 Baasa
2921 1607 3066 1663 enim
3093 1606 3175 1678 (ut
3205 1602 3462 1672 diximus)
3492 1598 3741 1668 confinio

458 1723 476 1754 ‹
509 1703 783 1774 Sapientia
833 1704 1125 1775 pretioler
1151 1710 1234 1760 est
1274 1706 1484 1761 cunctis
1531 1704 1743 1774 opibus,
1774 1708 1828 1758 et
1858 1700 2039 1758 omnia
2139 1702 2225 1764 vel
2245 1705 2454 1763 siccitas
2489 1706 2901 1776 interpretatur,
2930 1700 3220 1757 Jeroboam
3242 1708 3369 1753 vero
3389 1693 3626 1750 dividens
3647 1706 3745 1763 po-

453 1810 571 1865 quze
594 1794 971 1851 desiderantur
992 1796 1118 1850 huic
1149 1811 1256 1851 non
1277 1795 1460 1851 Valent
1491 1794 1817 1866 comparari.
1844 1786 2042 1863 Lougi-
2141 1798 2342 1871 putum,
2368 1806 2422 1854 et
2441 1792 2653 1853 Nabth
2681 1803 3026 1866 spontaneum
3051 1792 3289 1847 resonat.
3323 1784 3427 1856 Qui
3450 1798 3582 1858 ergo
3613 1799 3746 1841 con-

454 1888 581 1942 tudo
620 1887 828 1943 dierum
876 1886 931 1942 in
969 1884 1190 1943 dextera
1219 1889 1355 1959 ejus,
1384 1889 1437 1943 in
1469 1888 1691 1944 sinistra
1744 1882 1942 1943 divitiae
1987 1888 2043 1940 et
2145 1889 2388 1944 fusiones
2409 1896 2658 1943 errorum
2681 1893 2735 1941 et
2758 1890 3103 1955 peccatorum
3130 1880 3393 1951 sequitur,
3416 1886 3493 1942 et,
3517 1888 3747 1931 uxorem

452 1980 622 2052 gloria
674 1977 859 2053 (Prov.
892 1978 997 2051 III).
1032 1994 1051 2032 ι
1092 1980 1193 2048 Qui
1221 1992 1351 2037 vero
1391 1990 1751 2052 opportunam
1775 1976 2043 2035 dei‘ensio-
2071 1986 2119 2046 Β
2149 1979 2339 2050 gratia:
2372 1974 2673 2048 sp‘iritualis
2705 1970 2906 2029 habere
2932 1969 3233 2043 negligens,
3259 1968 3312 2024 in
3339 1967 3595 2022 ariditate
3619 1976 3750 2035 pec-

452 2085 575 2124 nem
611 2068 864 2126 Ecclesiae
892 2070 1147 2126 exhibere
1168 2073 1282 2126 vult
1304 2081 1491 2127 contra
1518 2068 1804 2127 haereticos
1830 2076 1885 2125 et
1910 2084 2042 2125 con—
2148 2078 2392 2126 calorum
2421 2082 2590 2139 usque
2621 2064 2690 2122 ad
2734 2066 2896 2121 finem
2918 2060 3043 2119 vita:
3066 2068 3400 2134 perseverat,
3442 2058 3750 2130 posteriora

452 2170 537 2216 ira
560 2174 749 2217 omnes
773 2160 1043 2227 inimicos,
1074 2158 1352 2234 sapientiae
1376 2164 1561 2234 utique
1584 2162 1917 2218 adminiculo
1940 2163 2046 2217 hoc
2148 2162 2264 2234 ejus
2293 2166 2439 2220 velut
2484 2158 2681 2219 diaboli
2712 2166 2987 2237 metemur
3015 2176 3029 2213 :
3058 2157 3150 2227 qui
3198 2153 3418 2227 propria
3463 2151 3752 2207 voluntate

451 2251 611 2306 debet
634 2249 913 2322 perlicere,
946 2266 1049 2307 nec
1087 2248 1393 2322 eloquentia
1421 2253 1626 2324 aliquid
1674 2252 1740 2307 ad
1785 2254 1889 2307 hoc
1930 2253 2047 2309 sine
2149 2257 2493 2328 superbiendi
2541 2254 2643 2313 sibi
2672 2262 2903 2310 mortem
2945 2250 3248 2324 generavit,
3286 2254 3342 2305 et
3371 2252 3554 2303 tamen
3578 2256 3755 2318 popu-

450 2343 717 2413 sapientia
756 2340 990 2413 proiicit,
1020 2344 1129 2399 imo
1166 2340 1456 2414 plurimum
1492 2353 1672 2400 nocet.
1701 2343 1872 2399 Porro
1900 2336 2046 2413 quod

2162 2366 2257 2405 .um
2297 2350 2630 2419 perditorum
2665 2345 2813 2401 velut
2867 2341 3162 2415 dijudicare
3200 2339 3452 2405 videtur,
3480 2348 3609 2394 cum
3642 2348 3754 2391 non

450 2434 648 2506 legitur
685 2434 740 2489 in
777 2434 1251 2506 subsequentibus,
1283 2437 1428 2508 quod
1466 2437 1670 2494 bellum
1708 2434 1870 2493 fuerit
1901 2437 2047 2493 inter
2141 2440 2721 2513 judicium‘mquitatis,
2758 2437 2854 2493 sed
2898 2433 3264 2491 damnationis
3301 2430 3355 2488 ili
3380 2429 3462 2487 eis
3488 2440 3758 2486 exercere

451 2527 694 2583 Roboam
745 2534 799 2584 et
847 2527 1135 2585 Jeroboam
1181 2539 1236 2585 et
1284 2524 1413 2613 Asa,
1456 2544 1636 2602 regem
1678 2528 1836 2595 Juda,
1884 2536 2047 2599 atque
2148 2530 2503 2601 dignoscitur.
2537 2530 2689 2586 Tunc
2724 2529 2868 2585 enim
2903 2532 3253 2597 peccatorum
3299 2528 3465 2594 atque
3507 2518 3758 2613 omnium

452 2618 644 2682 Baasa,
696 2632 879 2690 regem
924 2616 1115 2685 lsrael,
1168 2612 1389 2677 cunctis
1431 2621 1622 2677 diebus
1678 2637 1889 2685 eorum,
1938 2634 2046 2673 non
2148 2622 2457 2691 iniquorum
2507 2619 2811 2691 posteriora
2863 2618 3233 2682 demetantur,
3273 2620 3397 2670 cum
3427 2612 3605 2681 capite
3656 2622 3761 2664 suo

451 2707 597 2764 aliud
638 2709 945 2781 signiﬁcare
994 2716 1145 2781 puto,
1181 2724 1344 2782 quam
1373 2711 1519 2783 quod
1562 2718 1749 2768 sancta
1780 2709 2049 2776 Ecclesia,

454 2813 576 2868 quae
600 2800 654 2854 in
696 2800 904 2855 unitate
935 2801 1061 2856 iidei
1089 2803 1351 2872 persistit,
1379 2803 1581 2859 bellum
1608 2805 1803 2860 habeat
1830 2804 2049 2873 semper

455 2907 580 2947 cum
604 2893 873 2947 haereticis
889 2903 944 2948 et
969 2894 1352 2962 schismaticis,
1378 2902 1433 2951 et
1455 2892 1707 2951 omnibus
1729 2896 1823 2966 qui
1844 2895 2048 2950 violare

451 2984 784 3038 contendunt
809 2984 969 3040 ﬁdem
1004 2985 1347 3042 catholicam.
1385 3007 1403 3040 ι
1440 2986 1642 3044 Omnes
1676 2990 1818 3043 enim
1850 2990 1931 3059 (ut
1973 2985 2052 3043 ait

452 3072 763 3145 Apostolus)
787 3076 879 3145 qui
906 3076 995 3146 pie
1032 3076 1219 3133 volunt
1243 3074 1425 3134 vivere
1444 3079 1499 3134 in
1528 3078 1765 3145 Christo,
1799 3088 2051 3149 persecu-

452 3164 657 3219 tionem
698 3168 977 3232 paiiuntur
1027 3168 1112 3242 (II
1154 3168 1288 3225 Tim.
1322 3170 1428 3244 III).
1468 3191 1486 3223 ι
1523 3171 1659 3239 Quia
1708 3170 1871 3226 draco
1910 3171 2052 3225 anti-

452 3268 593 3326 quus
620 3255 967 3325 persequitur
992 3261 1300 3323 mulierem,
1341 3264 1607 3319 insidians
1634 3262 1891 3321 calcaneo
1910 3262 2047 3333 ejus,

2150 2708 2386 2779 diabolo,
2425 2711 2647 2782 quando
2680 2709 2853 2765 Judex
2892 2709 3141 2765 vivorum
3197 2708 3255 2763 et
3302 2708 3645 2760 mortuorum
3698 2701 3761 2757 in

2150 2806 2259 2862 ﬁne
2316 2806 2497 2862 smuli
2552 2806 2794 2861 dicturus
2843 2808 2928 2861 est
2971 2802 3058 2859 his
3093 2802 3185 2873 qui
3215 2796 3283 2857 ad
3332 2800 3614 2857 sinistram
3639 2798 3764 2867 ejus

2154 2896 2411 2953 stabunt:
2442 2910 2460 2948 ι
2488 2890 2760 2952 Discedite
2784 2911 2814 2950 a
2848 2910 2958 2961 me,
2983 2893 3277 2959 maledicti,
3306 2892 3359 2947 in
3395 2891 3577 2965 ignem
3597 2899 3763 2947 teter-

2151 3006 2303 3057 num,
2327 2991 2419 3061 qui
2440 2997 2664 3061 paratus
2690 2997 2775 3045 est
2800 2984 3013 3043 diabolo
3028 2994 3083 3043 et
3106 2982 3312 3058 angelis
3336 2983 3475 3055 ejus.
3504 2976 3573 3038 Et
3601 2980 3767 3038 ibunt

2150 3083 2207 3139 hi
2254 3083 2311 3138 in
2356 3081 2682 3154 snpplieium
2724 3084 3016 3146 aeternum,
3067 3075 3203 3149 justi
3236 3084 3421 3133 autem
3482 3076 3542 3132 in
3586 3074 3764 3129 vitam

2154 3180 2418 3229 aeternam
2453 3171 2670 3245 (Matth.
2707 3169 2860 3244 xxv).
2892 3191 2911 3223 ι
3364 3170 3375 3190 ⁸

2251 3262 2393 3335 «Qui
2423 3273 2693 3331 mortuus,
2726 3265 2925 3335 inquit,
2956 3260 3119 3317 fuerit
3145 3258 3211 3315 de
3232 3258 3404 3314 Baasa
3427 3252 3482 3312 in
3512 3250 3765 3322 civitate,

451 3353 508 3402 et
535 3346 652 3417 ipsa
707 3355 957 3402 conteret
1008 3355 1173 3419 caput
1221 3344 1364 3405 ﬁlias
1409 3347 1562 3422 (Gen.
1593 3353 1705 3426 tu).
1754 3353 1865 3409 Asa
1902 3355 2049 3410 enim
2077 3345 2125 3408 C
2155 3356 2446 3413 comedent
2491 3373 2617 3413 eum
2652 3373 2836 3413 canes.
2885 3351 2955 3411 Et
2985 3350 3079 3427 qui
3119 3348 3368 3410 mortuus
3399 3348 3565 3407 fuerit
3599 3366 3670 3405 ex
3699 3350 3766 3406 ed

453 3436 660 3504 tollens,
685 3438 798 3495 sive
826 3438 1124 3505 sustollens,
1175 3448 1229 3495 et
1280 3440 1453 3497 Baasa
1483 3444 1748 3513 confusio,
1780 3442 1870 3500 vel
1898 3445 2051 3501 sicci-

453 3539 558 3595 tas,
585 3529 993 3600 interpretatur.
1037 3529 1106 3585 Et
1139 3530 1278 3586 bene
1315 3532 1569 3589 Ecclesia:
1599 3532 1826 3606 pepulus
1854 3537 2050 3594 tollens

454 3619 568 3673 sive
597 3620 887 3676 sustollens
914 3619 1134 3687 dicitur,
1167 3622 1257 3691 qui
1282 3631 1519 3679 mentem
1543 3640 1695 3680 suam
1722 3623 1792 3683 ad
1814 3644 2049 3698 superna

456 3709 723 3764 desideria
759 3713 1113 3780 suspendens,
1147 3713 1520 3771 confusionem
1567 3726 1911 3775 terreaardm
1949 3738 2048 3775 cu-

455 3800 741 3869 piditatum
769 3817 892 3856 cum
924 3812 1111 3856 carum
1155 3812 1474 3874 suggestore
1503 3802 1718 3862 diabolo
1747 3808 1956 3879 spernit
1983 3824 2049 3864 ac

455 3894 604 3952 velut
628 3895 773 3951 sicca
800 3904 857 3951 et
885 3892 1095 3951 inutilia
1121 3898 1442 3953 contemnit.

1064 4027 1292 4085 CAPUT
1334 4028 1449 4084 XV.

460 4133 611 4199 Quod
637 4152 806 4212 sermﬁo
831 4135 1047 4189 Domini
1067 4137 1238 4212 factus
1260 4149 1334 4192 est
1361 4140 1437 4212 nd
1465 4140 1625 4207 Jelm,
1648 4142 1821 4212 [ilium
1856 4144 2046 4211 Animi,

528 4216 710 4286 contra
747 4205 948 4283 Baasa,
994 4205 1165 4286 regem
1200 4208 1393 4286 Israel,
1432 4205 1724 4286 prw‘dicéns
1776 4231 1955 4286 plenas
2004 4205 2054 4268 ei

531 4275 759 4349 futurus,
787 4282 845 4349 eo
874 4277 1012 4347 quod
1040 4275 1252 4348 peccare
1284 4275 1475 4349 fecerat
1523 4276 1714 4348 Israel,
1736 4275 1788 4339 ei
1810 4284 1875 4339 de
1904 4286 2050 4339 Ληιῖὶ

527 4362 645 4417 rege
672 4345 863 4412 lsrael,
886 4345 1145 4419 'quam'odo
1189 4345 1367 4404 emerit
1408 4362 1635 4407 montem
1667 4345 1948 4410 Samariw.
1977 4354 2053 4410 De

528 4419 845 4492 temporibus
887 4419 1089 4492 Achab,
1123 4431 1177 4474 et
1219 4424 1481 4492 qumodo
1534 4424 1713 4479 Achiel
1756 4425 1821 4479 de
1870 4425 2061 4479 Bethe!

528 4487 806 4566 (prii/icavit
870 4488 1080 4566 Jericlto
1100 4531 1131 4566 λ
1176 4487 1254 4566 ἐπ’Δ
1299 4492 1503 4566 Abiran
1557 4496 1904 4566 primogenita
1956 4512 2055 4550 suo

531 4554 760 4635 fundens
783 4571 921 4622 eam,
944 4554 1065 4610 etin
1092 4556 1264 4627 Segub
1289 4554 1573 4614 novissime
1598 4579 1693 4616 suo
1714 4554 1915 4634 p'ouens
1929 4581 2054 4634 por-

538 4634 616 4679 tas
641 4634 775 4695 ejus.

2153 3451 2211 3506 in
2242 3450 2482 3523 regione,
2509 3451 2799 3508 comedent
2825 3464 2948 3504 eum
2976 3444 3229 3503 volucres
3264 3445 3409 3502 coeli.
3456 3464 3474 3495 ι
3511 3440 3655 3511 Quid
3680 3449 3768 3497 est

2154 3558 2285 3615 ergo
2314 3551 2591 3599 mortuum
2619 3560 2740 3601 esse
2772 3536 2829 3599 in
2871 3536 3112 3606 civitate,
3147 3532 3251 3595 nisi
3282 3536 3583 3610 quemlibet
3622 3528 3761 3589 ﬁde-

2154 3643 2315 3691 tenus
2344 3634 2398 3691 in
2428 3634 2673 3692 Ecclesia
2708 3642 3178 3707 perseverantem,
3205 3620 3529 3687 criminibus
3555 3623 3766 3695 capita-

2154 3728 2297 3784 lilus
2324 3728 2621 3785 Obnoxium
2663 3728 2823 3780 esse?
2878 3726 2936 3778 III
2972 3720 3193 3778 civitate
3221 3736 3352 3794 ergo
3376 3712 3635 3784 moritur,
3667 3714 3763 3788 qui

2153 3818 2299 3873 intra
2326 3814 2628 3873 Ecclesium
2684 3814 2782 3872 Dei
2836 3832 3002 3887 opera
3049 3815 3343 3887 pravitatis
3384 3817 3627 3869 exercet.
3671 3800 3767 3864 Ille

2153 3908 2301 3965 enim
2325 3925 2420 3964 ore
2440 3924 2637 3963 canum
2662 3907 2953 3974 laceratur,
2981 3923 3106 3963 cum
3133 3904 3419 3964 sententiis
3443 3911 3764 3959 sanctorum

2155 4000 2440 4055 doctorum
2484 4000 2819 4069 increpatur,
2854 3998 3100 4070 arguitur
3128 4007 3292 4067 atque
3337 3998 3650 4051 damnatur.
3684 3992 3761 4048 De

2156 4092 2354 4163 quibus
2394 4088 2647 4146 videlicet
2696 4089 2921 4145 canibus
2977 4089 3032 4142 in
3080 4084 3296 4142 Psalmo
3326 4078 3587 4154 scriptum
3625 4090 3713 4137 est
3748 4101 3761 4137 :

2161 4203 2180 4236 ‹
2216 4180 2289 4238 Ut
2310 4198 2474 4237 canes
2503 4180 2809 4237 circuibunt
2831 4178 3110 4235 civitatem
3137 4174 3313 4251 (Psal.
3342 4173 3517 4245 LVIII).
3548 4193 3567 4224 ι
3587 4174 3766 4228 Canes

2156 4272 2303 4329 enim
2339 4289 2367 4326 a
2398 4273 2640 4327 cavendo
2672 4264 2798 4326 dicti
2828 4278 2971 4326 sunt.
3007 4267 3215 4325 Canum
3246 4260 3393 4321 enim
3422 4262 3765 4320 consuetudo

2157 4372 2243 4419 est
2289 4360 2377 4418 illa
2408 4362 2527 4417 loca
2574 4361 2882 4426 defendere,
2916 4359 2971 4414 in
2994 4359 3190 4429 quibus
3230 4372 3288 4412 se
3329 4356 3529 4410 norunt
3565 4352 3765 4407 alimo-

2158 4454 2307 4510 niam
2351 4454 2610 4524 reperire.
2642 4451 2848 4507 Civitas
2877 4456 3059 4505 autem
3108 4448 3220 4513 illa,
3253 4461 3414 4516 quam
3471 4460 3639 4499 canes
3670 4440 3765 4498 isti

2160 4550 2522 4611 circumeunt,
2554 4545 2859 4600 Jerusalem
2902 4555 3005 4609 est,
3064 4540 3448 4597 niversaliter
3477 4556 3579 4611 per
3604 4556 3766 4595 mun-

2162 4641 2291 4696 dum
2320 4637 2532 4694 diil‘usa.
2558 4638 2712 4694 Hanc
2740 4653 2872 4709 ergo
2899 4636 3165 4692 circuisse
3208 4634 3437 4689 Paulum
3485 4634 3773 4689 salutare:

532 4737 683 4809 (an.
716 4735 850 4807 χνι.)
886 4757 903 4787 ‹
944 4734 1141 4795 Factus
1186 4748 1271 4796 est
1300 4750 1483 4797 autem
1520 4758 1700 4799 sermo
1744 4744 1958 4800 Domini
1988 4745 2060 4801 ad
2081 4700 2139 4762 Π
2163 4729 2351 4800 generi
2378 4730 2619 4784 humano
2637 4700 2910 4785 testatior
2929 4726 3181 4798 Ερὶειοιω
3206 4742 3331 4797 om
3349 4742 3451 4798 re?
3472 4727 3764 4782 universas

465 4850 483 4881 σ
529 4826 690 4895 Jehu,
724 4827 895 4883 tilium
936 4829 1133 4897 Anani,
1161 4841 1350 4887 contra
1380 4834 1573 4901 Baasa,
1605 4835 1793 4891 dicens
1819 4853 1832 4889 :
1861 4835 1966 4891 Pro
1990 4852 2057 4892 eo

466 4936 483 4966 ι
529 4916 670 4985 quod
695 4914 926 4971 exaltuvi
954 4927 1004 4973 te
1032 4921 1098 4975 de
1125 4921 1368 4990 pulvere,
1397 4932 1453 4978 et
1486 4926 1643 4994 posui
1668 4926 1858 4980 ducem
1892 4942 2057 4996 super

466 5028 484 5058 ι
530 5007 785 5079 populum
823 5026 1003 5065 meum
1034 5009 1218 5079 Israel,
1252 5021 1308 5067 tu
1338 5026 1519 5070 autem
1556 5016 1840 5071 ambulasti
1885 5018 1939 5071 in
1967 5018 2055 5073 via

468 5116 487 5147 ς
530 5095 841 5165 Jeroboam,
880 5110 934 5155 et
980 5117 1210 5173 peccare
1253 5100 1432 5160 fecisti
1476 5107 1732 5177 populum
1768 5124 1948 5164 meum
1979 5108 2056 5165 ls-

466 5206 487 5239 (
530 5188 665 5256 rael,
688 5200 746 5245 ut
784 5208 871 5247 me
905 5193 1150 5251 irritares
1183 5195 1237 5250 in
1267 5198 1509 5266 peccatis
1536 5215 1755 5267 eorum,
1791 5216 1917 5256 ecce
1955 5216 2056 5273 ego

468 5298 487 5332 ι
534 5278 803 5335 demetam
855 5286 1155 5351 posteriora
1202 5286 1397 5353 Baasa,
1429 5297 1483 5342 et
1526 5292 1833 5360 posteriora
1862 5293 2055 5348 domus

470 5392 493 5445 ς
531 5371 670 5443 ejus,
700 5382 755 5430 et
790 5371 987 5429 faciam
1033 5368 1252 5430 domum
1301 5386 1447 5432 tuam
1482 5380 1623 5435 sicut
1648 5383 1868 5437 domum
1892 5381 2051 5440 Jcro-

470 5482 491 5517 σ
532 5462 717 5531 boam,
746 5462 841 5518 ﬁlii
869 5463 1104 5519 Nabath.
1152 5464 1255 5533 Qui
1297 5478 1542 5526 mortuus
1576 5469 1741 5527 fuerit
1775 5474 1840 5529 de
1878 5474 2053 5531 Baasa

469 5572 491 5607 ι
534 5553 597 5609 in
618 5554 859 5619 civitate,
887 5554 1171 5611 comedent
1206 5573 1329 5612 eum
1370 5575 1553 5615 canes.
1585 5562 1652 5617 Et
1680 5565 1773 5634 qui
1806 5574 2054 5623 mortuus

470 5661 492 5696 ι
532 5641 697 5696 fuerit
744 5657 810 5696 ex
840 5644 985 5696 eoin
1033 5647 1273 5715 regione,
1304 5652 1590 5708 comedent
1637 5670 1761 5710 eum
1808 5657 2054 5714 volucres

472 5753 494 5788 ι
538 5733 684 5801 εαξη,
715 5741 822 5787 etc.
861 5752 880 5783 ι
914 5732 1039 5789 Hazc
1063 5732 1227 5790 verba
1248 5750 1437 5793 contra
1467 5757 1657 5796 (tumes
1687 5760 1973 5811 peccantes
1999 5762 2057 5797 ct

468 5832 657 5882 contra
697 5825 984 5881 haircticos
1004 5835 1060 5881 et
1093 5837 1281 5884 contra
1310 5845 1550 5901 paganos
1580 5833 1816 5887 maxime
1842 5833 2053 5901 prolata

468 5925 595 5974 sunt
626 5934 639 5971 :
667 5917 865 5990 quippe
899 5920 990 5989 qui
1040 5922 1279 5991 peccatis
1308 5922 1554 5993 pristinis
1593 5928 1813 5995 peccata
1843 5936 2058 5993 semper

2164 4828 2374 4893 gentes,
2429 4822 2579 4876 velut
2639 4835 2792 4875 sacra
2850 4820 3062 4885 divina,
3119 4818 3429 4873 tonuerunt.
3472 4813 3525 4871 ο
3564 4828 3763 4872 canem

2161 4914 2329 4967 istum
2356 4913 2597 4977 beatum,
2631 4914 2724 4980 qui
2762 4913 2987 4981 populos
3008 4909 3356 4981 persequitur
3382 4902 3650 4971 inﬁdeles,
3679 4906 3763 4962 fu-

2160 5016 2253 5057 res
2283 5002 2479 5074 abigit,
2516 5010 2572 5057 et
2601 5002 2763 5057 ovilia
2818 5009 3006 5057 saneta
3048 4999 3307 5066 custodit,
3339 4998 3497 5067 cujus
3528 4999 3763 5055 latratus

2158 5107 2261 5162 per
2286 5100 2463 5148 totum
2489 5093 2771 5159 mundum,
2797 5092 2953 5164 quasi
2991 5093 3321 5164 grandisorra
3357 5094 3504 5160 tuba,
3530 5104 3762 5149 concre-

2158 5184 2306 5254 puit!

2240 5316 2257 5348 ‹
2296 5290 2398 5363 Qui
2426 5295 2571 5351 enim
2604 5292 2854 5361 moritur,
2887 5297 2985 5361 ait,
3013 5309 3081 5348 ex
3102 5285 3275 5350 Baasa
3313 5294 3369 5349 in
3398 5280 3645 5365 regione,
3665 5310 3761 5350 co-

2160 5380 2384 5440 medent
2427 5401 2549 5442 eum
2584 5386 2834 5441 volucres
2885 5374 3029 5441 cceli.
3072 5405 3090 5437 ι
3124 5380 3204 5439 Illi
3253 5378 3397 5439 enim
3447 5400 3515 5440 ex
3552 5380 3759 5451 Baasa,

2159 5480 2268 5535 hoc
2295 5484 2394 5544 est,
2425 5495 2493 5535 ex
2521 5494 2751 5551 corpore
2777 5474 2977 5533 diaboli
3007 5468 3325 5534 confusione
3352 5470 3672 5547 plenissimo
3702 5475 3757 5530 in

2160 5570 2383 5643 regione
2448 5570 2793 5637 moriuntur,
2827 5568 2921 5641 Qui
2964 5578 3119 5625 extra
3169 5558 3467 5625 Ecclesium
3516 5567 3760 5636 separati

2160 5658 2482 5718 idololatriae
2530 5672 2625 5718 aut
2664 5658 2963 5718 hteresibus
3010 5675 3107 5712 ore
3143 5664 3305 5726 atque
3351 5658 3517 5727 opere
3546 5646 3760 5712 nefario

2160 5748 2491 5798 deserviunt.
2540 5741 2653 5798 Hoc
2684 5741 2829 5799 enim
2857 5736 3109 5801 volucres
3147 5736 3273 5800 caeli
3310 5736 3621 5809 comedunt,
3648 5744 3755 5801 illa:

2160 5834 2411 5889 videlicet
2461 5828 2731 5900 volucres,
2774 5833 2839 5889 de
2876 5834 3071 5905 quibus
3121 5830 3176 5890 in
3211 5830 3503 5907 Evangelia
3540 5836 3675 5892 dicit
3698 5838 3757 5892 in

2160 5926 2421 5996 parabola
2450 5928 2711 5983 sementis
2739 5941 2897 5983 secus
2924 5924 3070 5983 viam
3099 5942 3285 5984 semen
3320 5938 3569 6000 sparsum
3594 5918 3752 5982 volu-
