3958 6478
227 491 334 549 205

1038 492 1390 551 COMMENT.
1430 488 1498 551 1N
1534 487 1779 554 BIBBOS
1814 480 1881 551 1v
1922 486 2187 551 necum.
2225 525 2295 535 —
2332 484 2398 549 IN
2423 492 2548 549 LIB.
2589 486 2675 551 III.

3379 492 3487 552 206

228 623 350 666 cres
395 605 694 663 comedisse
727 604 946 678 (Matth.
975 623 1106 675 xm;
1137 608 1269 665 Luc.
1310 611 1452 686 vui).
1483 612 1635 669 Tunc
1659 614 1804 668 enim
1831 602 1885 682 Α
1909 611 2018 684 (Ea:
2045 606 2292 684 Hieron.)
2324 611 2537 668 Thesba
2590 608 2773 683 igitur,
2825 610 2968 668 unde
3012 598 3155 667 Elias
3203 604 3488 668 Thesbitcs
3580 594 3585 607 ³

226 700 346 756 istae
370 698 616 754 volucres
639 713 733 754 eos
760 701 1064 767 comedent,
1100 704 1316 772 quando
1344 712 1572 761 onustos
1616 720 1810 775 pecca-

230 794 301 848 tis
328 807 514 847 secum
550 792 617 846 ad
648 799 911 848 aeternum
937 794 1155 863 rapiunt
1175 795 1474 851 interitum.

303 903 322 935 ‹
353 883 513 939 Anno
540 883 819 939 tricesimo
859 885 1038 956 primo
1073 886 1182 942 Asa
1207 889 1353 958 regis
1378 888 1537 956 Iuda,
1565 891 1811 963 regnavit

230 993 251 1027 ι
290 973 479 1030 Ambri
506 990 665 1046 super
686 976 855 1032 Israel
880 979 1161 1035 duodecim
1197 982 1375 1048 annis,
1405 966 1461 1037 in
1489 981 1692 1038 Thersa
1718 998 1807 1038 re-

229 1086 251 1120 c
293 1068 478 1137 gnavit
522 1084 620 1125 sex
663 1070 843 1126 annis.
884 1071 1139 1142 Emitque
1179 1083 1418 1130 montem
1471 1074 1735 1132 Samaria:
1776 1091 1809 1132 a

228 1178 250 1212 ι
293 1158 488 1216 Somer
508 1161 718 1218 duobus
745 1164 954 1234 argenti
982 1164 1152 1233 siclis,
1181 1174 1237 1221 et
1269 1165 1557 1224 aediﬁcavit
1585 1182 1727 1236 eam,
1755 1174 1811 1223 et

227 1270 250 1304 ι
293 1252 716 1308 vocavitnomen
733 1253 992 1321 civitatis,
1017 1270 1179 1327 quam
1202 1265 1569 1324 exstruxerat,
1591 1259 1811 1315 nomine

226 1360 249 1394 ι
294 1339 508 1408 Somer,
540 1343 756 1400 Domini
794 1347 997 1401 montis
1032 1345 1311 1404 Samaria.
1346 1368 1369 1402 ι
1402 1349 1518 1406 Hoc
1540 1352 1810 1420 quomodo

220 1430 427 1490 factum
452 1435 547 1503 sit,
588 1433 811 1509 Iosephi
854 1440 1020 1494 verba
1073 1439 1447 1515 manifestam,
1508 1441 1567 1498 in
1614 1444 1811 1514 quibus

220 1525 487 1595 scriptum
513 1534 597 1583 est
629 1545 644 1582 :
678 1546 699 1580 ‹
728 1527 1027 1586 Tricesimo
1058 1539 1242 1588 autem
1263 1548 1409 1590 anno
1434 1535 1580 1606 regis
1602 1534 1808 1604 Asapb,

217 1613 411 1672 Ambri
446 1619 685 1690 suscepit
715 1619 1024 1690 imperium,
1047 1629 1102 1679 et
1125 1625 1298 1680 tenuit
1326 1626 1484 1681 annis
1504 1614 1808 1693 duodecim,

218 1718 453 1775 quorum
482 1723 576 1763 sex
601 1709 821 1779 quidem
855 1714 1011 1769 annis
1054 1713 1184 1771 fecit
1220 1717 1275 1771 in
1315 1717 1547 1784 Thersa,
1572 1717 1810 1788 reliquos

217 1809 403 1858 autem
434 1802 489 1857 in
515 1804 759 1873 civitate,
788 1822 908 1876 qua:
938 1807 1159 1865 Maraon
1193 1812 1515 1883 appellatur,
1543 1828 1575 1867 a
1603 1812 1835 1883 Graacis

216 1906 352 1949 vero
384 1891 651 1950 Samaria.
677 1897 778 1953 ilic
803 1908 985 1955 autem
1021 1902 1324 1958 nominavit
1350 1919 1471 1959 eam
1507 1902 1809 1961 Somareon

1904 704 2215 758 nominatus
2257 712 2359 767 est,
2404 698 2597 758 civitas
2640 710 2724 760 est
2757 692 3075 759 Galaditidis
3099 702 3351 774 regionis.
3381 700 3491 775 (Ea:
3572 698 3581 765 ξ

1909 791 2203 866 Gregorio.)
2246 782 2399 861 Quod
2457 802 2639 849 autem
2686 792 2883 850 dicitur
2926 813 2940 849 :
2981 814 3000 847 ‹
3038 794 3184 852 Vivit
3230 790 3491 853 Dominus

1907 884 2071 952 Deus,
2104 888 2159 941 in
2190 884 2342 957 cujus
2371 897 2664 958 conspectu
2710 897 2816 953 sto,
2852 908 2871 942 ι
2903 880 3180 944 sciendum
3208 895 3292 944 est
3347 886 3495 960 quod

1909 979 2118 1034 duobus
2142 979 2318 1034 modis
2341 978 2395 1033 in
2436 988 2785 1050 conspectum
2821 974 3034 1034 Domini
3065 981 3312 1036 venimus
3343 993 3493 1036 :uno

1910 1070 2125 1139 quando
2161 1070 2251 1125 hic
2298 1078 2520 1148 peccata
2552 1080 2738 1126 nostra
2775 1066 3045 1126 subtiliter
3078 1070 3492 1142 perpendentes,

1910 1160 1965 1215 in
1996 1161 2113 1232 ejus
2134 1177 2234 1218 nos
2248 1169 2541 1232 conspectu
2563 1161 2813 1233 ponimus
2831 1169 2887 1217 et
2906 1158 3085 1217 ﬂendo
3102 1160 3493 1232 dijudicamus;

1910 1246 2018 1307 alio
2046 1267 2177 1308 vero
2229 1253 2283 1307 in
2323 1260 2672 1323 conspectum
2724 1246 2939 1306 Domini
2975 1250 3243 1317 venimus,
3284 1266 3409 1307 cum
3438 1250 3495 1307 in

1909 1351 2155 1400 extremo
2178 1334 2383 1415 judicio
2412 1353 2538 1400 ante
2579 1343 2816 1400 tribunal
2851 1342 2966 1414 ejus
3004 1338 3328 1398 assistimus.
3358 1340 3497 1397 Nam

1910 1436 2124 1505 quoties
2171 1432 2470 1492 conditoris
2508 1436 2682 1492 nostri
2728 1436 3026 1506 potentiam
3056 1426 3131 1491 ad
3165 1451 3384 1492 sensum
3412 1446 3498 1489 re-

1910 1527 2177 1595 ducimus,
2225 1522 2388 1584 toties
2430 1529 2484 1583 in
2535 1536 2828 1600 conspectu
2876 1526 3019 1583 illius
3066 1526 3291 1583 stamus.
3346 1527 3499 1582 Unde

1911 1629 2059 1677 recte
2097 1636 2239 1675 nunc
2279 1634 2377 1691 per
2416 1620 2593 1676 virum
2639 1618 2737 1677 Dei
2795 1619 2969 1676 Eliam
3016 1616 3259 1676 dicitur:
3296 1632 3316 1672 ι
3354 1620 3500 1676 Vivit

1910 1712 2173 1768 Dominus
2200 1712 2343 1768 Dens
2386 1710 2573 1780 Israel,
2610 1714 2666 1769 in
2693 1713 2847 1786 cujus
2873 1720 3166 1785 conspectu
3194 1720 3298 1770 sto.
3339 1733 3357 1766 ι
3401 1712 3500 1769 llic

1905 1802 2087 1876 justus
2114 1805 2167 1858 in
2194 1815 2491 1876 conspectu
2517 1807 2616 1863 Dei
2651 1815 2778 1873 stat,
2817 1815 2878 1863 ut
2905 1807 3139 1864 ﬁdeliter
3162 1808 3341 1875 vivat;
3366 1804 3497 1874 ilhc,

1910 1903 1972 1951 ut
1994 1894 2262 1951 veraciter
2289 1912 2547 1953 coronam
2568 1898 2693 1953 vitae
2722 1898 2974 1970 accipiat.

216 1999 251 2041 a
280 1984 514 2043 Somaro
542 1988 800 2059 quodam,
825 1992 919 2061 qui
941 1992 993 2047 ei
1024 2002 1263 2049 montem
1299 1995 1731 2064 venundaverat,
1755 1996 1810 2051 in
1840 1980 1887 2041 Β
1991 2005 2012 2038 ι
2052 1986 2120 2043 Et
2144 1986 2350 2045 factum
2379 2000 2465 2046 est
2492 1988 2719 2048 verbum
2746 1990 2957 2047 Domini
3001 1990 3066 2048 ad
3098 2008 3243 2060 eum,
3272 1992 3459 2048 dicens
3483 2011 3498 2047 :

216 2089 328 2146 quo
354 2079 710 2135 constituerat
736 2080 1032 2137 civitatem.
1061 2082 1121 2138 In
1144 2084 1290 2140 nullo
1317 2093 1498 2141 autem
1529 2084 1812 2144 differebat

211 2166 498 2236 prioribus
528 2170 765 2239 regibus,
794 2172 899 2227 nisi
926 2174 1067 2242 quod
1094 2173 1246 2246 pejor
1273 2184 1413 2232 erat.
1451 2197 1471 2230 ι

294 2278 315 2313 ι
346 2260 413 2316 Et
435 2250 642 2318 addidit
668 2262 856 2321 Achab
888 2266 943 2321 in
965 2272 1254 2338 opere'suo
1276 2271 1501 2326 irritans
1520 2270 1811 2327 Dominum

218 2368 241 2403 ι
282 2349 454 2408 Deum
478 2353 668 2420 Israel,
697 2372 862 2427 super
883 2372 1072 2414 omnes
1097 2375 1251 2432 reges
1275 2362 1443 2417 Israel
1473 2363 1567 2433 qui
1597 2361 1812 2418 fuerant

217 2460 238 2494 ι
284 2452 418 2500 ante
440 2460 584 2500 eum.
610 2446 671 2501 In
705 2448 896 2505 diebus
922 2447 1041 2517 ejus
1088 2451 1377 2507 aediﬁcavit
1410 2451 1602 2508 Achiel
1625 2452 1812 2509 deBe-

215 2552 236 2588 ι
279 2536 393 2591 the!
420 2537 658 2607 Iericho,
686 2550 792 2598 etc.
832 2561 851 2594 ι
885 2541 994 2614 (Ea:
1016 2542 1208 2616 Beda.)
1239 2543 1394 2612 Quod
1430 2545 1692 2616 scriptum
1727 2554 1812 2600 est

210 2626 279 2682 de
304 2633 642 2698 temporibus
667 2634 818 2705 regni
851 2634 1042 2690 Achab
1070 2653 1084 2667 ο
1119 2654 1138 2687 ‹
1175 2634 1236 2690 in
1267 2635 1457 2692 diebus
1494 2636 1610 2708 ejus
1639 2634 1813 2691 aediﬁ—

209 2721 365 2776 cavit
385 2720 575 2779 Acbiel
596 2726 665 2781 de
702 2726 891 2782 Bethel
909 2725 1152 2783 Iericho.
1176 2726 1235 2783 In
1265 2728 1511 2795 Abiram,
1537 2728 1811 2800 primoge-

208 2812 334 2868 nito
355 2829 474 2880 suo,
513 2815 763 2873 fundavit
781 2832 937 2885 eam;
969 2828 1025 2875 et
1050 2820 1105 2875 in
1137 2820 1341 2892 Segub,
1368 2820 1666 2877 novissimo
1688 2835 1807 2886 suo,

204 2906 399 2976 posuit
424 2917 611 2977 portas
630 2910 767 2981 ejus,
800 2930 819 2964 ι
846 2920 997 2983 patet
1020 2926 1234 2976 sensus,
1262 2913 1390 2983 quia
1414 2929 1538 2968 cum
1570 2912 1809 2983 praefatae

206 2999 468 3054 conditor
514 3003 669 3058 urbis
698 3002 1051 3059 fundamenta
1078 3004 1223 3060 illius
1279 3020 1484 3075 ponere
1521 3005 1805 3075 inciperet,

205 3088 607 3161 primogenitus
631 3094 780 3165 ejus,
814 3095 908 3165 qui
938 3095 1235 3151 vocabatur
1274 3094 1521 3163 Ahiram,
1562 3104 1810 3151 mortuus

207 3189 318 3235 est.
348 3182 578 3251 Etcum,
607 3188 743 3243 urbe
771 3189 1058 3254 mdiﬁcata,
1087 3199 1276 3260 portas
1308 3193 1524 3247 munire
1549 3198 1807 3256 tentaret,

205 3272 569 3329 novissimum
619 3278 852 3332 ﬁliorum
906 3296 1148 3347 suorum,
1204 3292 1566 3353 cognomento
1601 3282 1804 3352 Segub,

205 3363 419 3421 emisit.
442 3364 601 3432 Quod
622 3366 699 3422 ita
720 3366 958 3423 futurum
977 3368 1162 3438 Iosue,
1185 3387 1307 3428 cum
1330 3390 1455 3429 eam
1474 3377 1805 3431 destructam

205 3455 555 3511 anathemati
602 3458 843 3514 traderet
876 3460 1224 3531 imprecando
1260 3465 1551 3536 praedixit:
1591 3486 1609 3516 ε
1643 3450 1809 3520 Male-

204 3548 419 3614 dictus,
462 3549 734 3619 inquiens,
769 3551 854 3606 vir
881 3568 1064 3609 coram
1092 3555 1359 3623 Domino,
1391 3558 1484 3627 qui
1515 3557 1810 3613 suscitave—

206 3638 282 3693 rit
315 3648 374 3693 et
405 3640 753 3698 aediﬁcaverit
796 3644 1070 3701 civitatem
1107 3644 1348 3704 Iericho.
1368 3647 1425 3704 In
1451 3648 1811 3720 primogenito

206 3747 315 3786 suo
347 3729 698 3787 fundamenta
728 3735 875 3789 illius
897 3737 1087 3805 jaciat,
1114 3747 1170 3791 et
1197 3741 1252 3792 in
1284 3741 1584 3797 novissimo
1614 3740 1812 3795 libero-

208 3839 337 3878 rum
368 3831 536 3894 ponat
579 3833 767 3895 portas
795 3825 913 3895 ejus
935 3825 1073 3899 (Ias.
1105 3828 1203 3901 vr).
1243 3850 1264 3882 ι
1292 3828 1431 3897 Quia
1466 3845 1599 3885 vero
1622 3831 1812 3886 Acbiel

208 3922 401 3976 um’ens
434 3921 565 3988 Deo,
607 3908 797 3979 Betbel
838 3926 1233 3996 interpretatur
1261 3928 1451 3983 domus
1479 3927 1596 3995 Dei,
1622 3927 1812 3984 Achiel

209 4010 277 4065 dc
332 4009 522 4066 Bethel
570 4016 845 4070 destructa
885 4033 915 4071 a
949 4015 1114 4074 Iosue
1140 4026 1303 4089 atque
1352 4020 1812 4076 anathematiaata

209 4102 435 4157 Iericho
476 4105 681 4159 muenia
721 4116 1025 4175 restaurat,
1061 4127 1186 4165 cum
1225 4112 1351 4180 quis
1391 4126 1581 4167 eorum
1626 4112 1719 4181 qui
1756 4112 1809 4166 in

209 4196 460 4251 Ecclesia
498 4197 741 4253 habitum
780 4200 1058 4272 religionis
1092 4213 1462 4275 assumpserat
1496 4204 1564 4259 ad
1601 4205 1811 4275 agenda

211 4288 422 4343 scelera
472 4304 592 4358 quae
644 4291 694 4345 ei
745 4291 1008 4348 Dominus
1036 4290 1196 4349 Iesus
1238 4296 1291 4350 in
1331 4296 1418 4351 die
1466 4296 1810 4366 baptismatis

214 4377 522 4432 donaverat
568 4380 726 4447 redit,
782 4388 1027 4454 quasque
1070 4386 1185 4456 ipse
1249 4384 1812 4443 anathematiiaterat

212 4467 418 4524 diaboli
442 4484 669 4539 pompas
698 4470 975 4529 luxuriose
996 4468 1226 4531 vivendo
1254 4478 1482 4548 repetit;
1513 4494 1635 4533 cum
1658 4480 1810 4532 erro-

211 4575 340 4614 rum
383 4559 634 4630 dogmata
669 4561 755 4616 vel
792 4564 1074 4635 gentilium
1112 4566 1324 4623 fabulas
1363 4568 1585 4623 veritati
1633 4569 1806 4623 eccle-

1919 2099 1938 2134 ‹
1981 2078 2198 2141 Recede
2219 2080 2348 2141 hinc
2370 2092 2426 2141 et
2461 2087 2601 2142 vade
2626 2094 2818 2142 contra
2853 2083 3152 2153 Orientem,
3186 2086 3241 2142 et
3275 2084 3503 2141 abscon-

1917 2190 1939 2226 ι
1984 2174 2115 2230 dere
2139 2174 2194 2230 in
2221 2185 2465 2232 torrente
2487 2176 2698 2243 Carith,
2725 2176 2819 2247 qui
2846 2185 2930 2232 est
2970 2186 3158 2232 contra
3180 2173 3497 2243 Iordanem,

1919 2285 1938 2318 ι
1985 2274 2040 2321 et
2078 2266 2153 2321 ibi
2195 2269 2262 2323 de
2314 2277 2559 2325 torrente
2597 2269 2795 2335 bibes;
2846 2270 3134 2340 corvisque
3176 2270 3409 2341 praecepi
3444 2275 3504 2325 ut

1919 2377 1939 2412 ‹
1983 2368 2212 2432 pascant
2235 2369 2287 2417 te
2320 2362 2413 2417 ibi.
2440 2361 2595 2418 Abiit
2639 2379 2789 2437 ergo,
2818 2371 2875 2419 et
2902 2363 3030 2419 fecit
3072 2354 3230 2433 juxta
3274 2362 3503 2417 verbum

1918 2467 1937 2502 ι
1982 2449 2218 2506 Domini.
2269 2450 2513 2523 Cumque
2576 2452 2822 2519 abiisset,
2877 2454 3019 2509 sedit
3050 2454 3104 2507 in
3135 2462 3375 2508 torrente
3401 2450 3504 2507 Ca-

1918 2558 1939 2592 t
1984 2540 2116 2607 rith,
2146 2540 2241 2611 qui
2270 2552 2355 2598 est
2384 2551 2573 2598 contra
2605 2541 2922 2600 Iordanem.
2975 2543 3133 2599 Corvi
3171 2557 3387 2613 quoque
3412 2542 3505 2597 de-

1919 2649 1938 2683 t
1982 2622 2232 2689 ferebant
2257 2626 2308 2689 ei
2343 2649 2538 2704 panem
2587 2643 2643 2691 et
2668 2651 2863 2692 carnes
2916 2652 3098 2700 mane,
3138 2634 3386 2690 similiter
3410 2650 3507 2706 pa-

1918 2740 1939 2775 ‹
1982 2738 2110 2778 nem
2162 2731 2219 2780 et
2264 2740 2460 2782 carnes
2508 2741 2757 2797 vespere,
2806 2738 2861 2782 et
2889 2727 3109 2783 bibebat
3133 2728 3199 2782 de
3239 2732 3500 2781 torrente.

1918 2834 1937 2868 ι
1983 2814 2116 2872 Post
2155 2816 2272 2874 dies
2300 2828 2485 2874 autem
2544 2818 2783 2875 siccatus
2827 2827 2913 2875 est
2945 2828 3180 2886 torrens,
3213 2834 3320 2874 non
3360 2817 3504 2873 enim

1918 2924 1938 2959 ι
1982 2906 2195 2977 pluerat
2219 2924 2383 2980 super
2408 2917 2634 2977 terram,
2686 2919 2791 2966 etc.
2834 2930 2854 2963 ι
2887 2900 3027 2979 Quid
3052 2926 3181 2980 ergo
3209 2902 3378 2974 Elias,
3412 2907 3504 2978 qui

1916 2997 2311 3070 interpretatur
2340 3000 2485 3057 Deus
2534 3001 2826 3068 Dominus,
2866 3003 2982 3058 sive
3034 2994 3178 3056 Deus
3213 3017 3381 3066 meus,
3414 3005 3509 3053 aut

1908 3088 2064 3162 fortis
2093 3093 2261 3161 Deus,
2314 3093 2605 3168 signiﬁcat,
2648 3095 2750 3150 nisi
2780 3094 3059 3150 Christum
3090 3093 3377 3148 Dominum
3408 3106 3503 3145 no-

1909 3195 2105 3254 strum,
2135 3189 2202 3244 de
2228 3203 2338 3259 quo
2367 3190 2631 3260 scriptum
2680 3196 2802 3244 est:
2851 3206 2869 3239 ι
2902 3187 3161 3242 Dominus
3184 3176 3366 3245 fortis,
3398 3182 3505 3235 Do-

1911 3281 2091 3337 minus
2115 3290 2309 3351 potens
2329 3282 2384 3337 in
2397 3282 2584 3348 prndio
2613 3280 2789 3349 (Psal.
2819 3280 3021 3346 mu)?
3045 3273 3408 3330 Absconditus
3423 3283 3510 3330 est

1911 3369 2062 3424 Elias
2107 3380 2297 3423 noster
2340 3368 2396 3422 in
2453 3374 2699 3424 torrente
2733 3365 2943 3431 Carith,
2982 3366 3075 3436 qui
3112 3366 3503 3436 interpretatur

1911 3457 2112 3525 calvus,
2136 3465 2191 3513 et
2216 3458 2291 3513 ibi
2321 3442 2388 3512 de
2414 3464 2655 3512 torrente
2678 3457 2832 3522 bibit,
2858 3472 2982 3511 cum
3003 3456 3056 3510 in
3081 3454 3333 3512 calvariae
3362 3450 3502 3519 loco,

1913 3548 2004 3603 ubi
2056 3547 2375 3603 abscondita
2426 3556 2511 3603 est
2568 3547 2739 3603 virtus
2769 3546 2958 3618 gloriae
2986 3544 3125 3617 ejus,
3166 3540 3233 3602 de
3260 3554 3503 3602 torrente

1913 3637 2263 3694 mortalitatis
2303 3647 2507 3695 nostrae
2562 3640 2819 3711 gustavit.
2878 3638 3042 3694 Corvi
3094 3646 3276 3693 autem
3304 3651 3499 3707 pasce-

1910 3730 2044 3786 bant
2072 3730 2270 3797 Eliam,
2310 3731 2617 3787 deterentes
2641 3732 2689 3786 ei
2740 3746 2937 3802 panem
2988 3740 3043 3787 et
3069 3746 3262 3788 carnes
3318 3745 3499 3796 mane,

1910 3835 2108 3891 panem
2157 3831 2213 3877 et
2239 3835 2432 3878 carnes
2481 3837 2727 3893 vespere,
2759 3838 2884 3878 cum
2909 3822 3187 3894 gentilitas
3215 3810 3281 3877 de
3312 3820 3496 3892 nigre-

1914 3911 2042 3967 dine
2065 3922 2419 3985 peccatorum
2447 3916 2672 3971 veniens
2697 3915 2915 3972 Christo
2969 3916 3220 3981 Domino,
3272 3913 3503 3970 salutem

1913 4016 2157 4062 nostram
2190 4007 2415 4075 sitienti,
2444 4020 2642 4082 panem
2692 4008 2821 4065 ﬁdei
2851 4017 2907 4064 et
2947 4022 3097 4079 spem
3143 4006 3503 4063 resurrectio-

1912 4100 2019 4168 nis,
2050 4116 2149 4170 per
2185 4103 2417 4174 gratiam
2454 4101 2574 4172 ejus
2602 4103 2923 4167 illuminata,
2962 4098 3141 4167 offert,
3172 4114 3331 4154 mane
3358 4098 3506 4153 vidc-

1912 4190 2043 4246 licet
2079 4195 2484 4264 praedicationis
2532 4194 2909 4264 Evangelicze;
2942 4200 2997 4247 et
3021 4191 3176 4257 item,
3225 4203 3421 4276 panem
3448 4195 3507 4244 et

1913 4299 2109 4341 carnes
2138 4302 2362 4358 vespere
2384 4285 2637 4340 similiter
2681 4284 2857 4341 defert
2903 4300 3026 4339 cum
3062 4283 3310 4339 eamdem
3340 4281 3503 4337 ﬁdem

1912 4392 2088 4447 usque
2143 4380 2211 4433 ad
2273 4378 2436 4432 ﬁnem
2495 4377 2684 4433 mundi
2738 4392 2965 4433 servans
3019 4375 3503 4432 incontaminatam

1912 4485 2038 4526 cum
2068 4470 2247 4525 carnis
2270 4469 2673 4525 resurrectione
2695 4468 2935 4524 venienti
2964 4465 3139 4523 Iudici
3182 4474 3498 4535 praesentat.

1909 4561 2043 4616 Post
2065 4563 2181 4615 dies
2210 4571 2391 4612 autem
2422 4561 2660 4613 siccatus
2686 4568 2771 4612 est
2803 4569 3035 4622 torrens,
3066 4556 3215 4628 quia,
3242 4571 3496 4612 consum-

210 4651 472 4717 siasticae,
500 4666 604 4721 qua
628 4652 866 4710 imbutus
895 4664 999 4722 est,
1028 4660 1314 4728 praaponit,
1343 4660 1497 4729 quasi
1524 4660 1589 4714 de
1618 4658 1806 4715 Detbel
1831 4685 1886 4748 Β
1912 4662 2061 4710 mato
2091 4668 2251 4708 cursu
2277 4652 2564 4723 praesentis
2605 4650 2808 4719 saeculi,
2845 4669 2863 4701 ι
2903 4651 3159 4748 absorpta
3203 4649 3364 4748 perit,
3399 4662 3498 4705 ne-

210 4744 521 4814 egrediens,
558 4746 744 4803 ruinas
768 4745 991 4805 Iericho
1012 4743 1321 4819 resuscitat,
1348 4754 1652 4823 meritoque
1678 4753 1802 4808 talis

211 4850 403 4892 coram
448 4836 675 4892 Domino
712 4839 1051 4909 maledictus,
1100 4854 1157 4899 et
1197 4845 1435 4915 primum
1487 4845 1721 4901 ﬁliorum
1746 4846 1800 4899 in

212 4928 531 4985 fundatione
556 4929 777 5008 nefariae
809 4934 1077 5001 civitatis,
1102 4945 1157 4991 et
1190 4940 1544 4993 novissimum
1580 4941 1634 4995 in
1669 4955 1801 5009 por-

215 5027 396 5076 tarum
436 5022 728 5093 positione,
757 5026 987 5095 amittit,
1032 5028 1162 5098 quia
1214 5029 1570 5085 fundamenta
1592 5028 1739 5096 fidei,
1772 5045 1804 5084 a

214 5111 416 5181 quibus
466 5108 610 5169 bona
662 5114 890 5171 atdiﬁeia
937 5117 1220 5186 inchoari,
1266 5128 1322 5176 et
1370 5120 1607 5177 claustra
1661 5122 1803 5177 bona

217 5202 475 5272 actionis,
509 5205 706 5276 quibus
730 5206 918 5278 perlici
947 5208 1267 5278 debuerant,
1288 5213 1484 5283 perdit.

806 5320 1036 5377 CAPUT
1070 5323 1209 5379 Χνι.

220 5407 462 5486 De_Elia_
482 5411 525 5466 Τ
526 5412 758 5486 habite;
802 5417 1064 5486 quomodo
1112 5417 1427 5473 absconsum
1474 5420 1533 5472 in
1578 5424 1807 5475 torrente

291 5479 474 5537 Carith
500 5483 782 5561 pascebant
808 5479 929 5561 eum
959 5489 1120 5554 corvi,
1157 5490 1448 5559 deferentes
1473 5490 1522 5544 ei
1538 5506 1731 5561 partem
1754 5500 1806 5545 et

291 5569 472 5607 carnes
498 5570 671 5622 mane,
698 5556 942 5612 similiter
973 5576 1161 5629 panem
1199 5556 1246 5614 et
1277 5577 1460 5615 carnes
1486 5556 1712 5632 vespere.

293 5666 447 5738 (CAP.
477 5666 637 5741 xvu.)
664 5687 682 5720 ι
716 5670 784 5725 Ει
823 5673 963 5725 dixit
1011 5675 1158 5731 Elius
1184 5676 1470 5732 Thesbites
1495 5679 1562 5734 de
1590 5679 1804 5735 habita-

1913 4762 2019 4819 que
2075 4745 2292 4812 luctus,
2349 4760 2525 4816 neque
2576 4745 2805 4821 clamor,
2854 4745 2980 4815 quia
3024 4744 3201 4816 prima
3249 4742 3501 4799 abierunt

1884 4840 1962 4913 ‘(1
1990 4839 2112 4895 Cor.
2144 4857 2246 4907 xv;
2284 4840 2447 4910 Apoc.
2476 4836 2614 4911 xxi).
2650 4859 2669 4891 ι

2478 4952 2710 5008 CAPUT
2737 4949 2898 5005 XVII.

1909 5066 1989 5123 De
2020 5068 2312 5138 Sareptena
2342 5066 2503 5121 vidua
2547 5078 2665 5137 qua?
2703 5064 2941 5138 pascebat
2970 5064 3295 5138 prophetam,
3340 5057 3495 5138 cujus

1985 5131 2176 5212 {crime
2204 5148 2253 5212 et
2282 5137 2395 5212 oleo
2443 5139 2505 5192 ob
2547 5131 2657 5212 lth
2703 5131 2971 5212 benedixit
3024 5131 3284 5212 Dominus
3306 5140 3404 5212 ;_et
3430 5131 3497 5183 de

1981 5201 2096 5281 ﬁlio
2118 5209 2354 5265 mulieris
2398 5206 2805 5276 matrisfamilire
2836 5221 2989 5276 quem
3019 5201 3286 5258 suscitavit
3316 5201 3488 5254 Elius.

1988 5321 2009 5355 ‹
2041 5303 2243 5358 Factus
2262 5309 2347 5358 est
2369 5301 2535 5372 igitur
2561 5315 2743 5354 sermo
2780 5296 2991 5352 Domini
3018 5297 3089 5347 ad
3116 5308 3241 5348 eum
3266 5292 3451 5347 dicens
3477 5305 3494 5345 :

1916 5412 1935 5448 ι
1982 5392 2156 5464 Surge
2181 5401 2236 5448 et
2265 5393 2400 5448 vade
2429 5393 2484 5447 in
2517 5388 2784 5458 Sareptha
2811 5385 3180 5452 Sidoniorum,
3217 5393 3273 5440 et
3297 5399 3490 5440 mane-

1915 5506 1936 5540 ι
1978 5488 2065 5544 bis
2088 5487 2194 5553 ibi;
2222 5487 2453 5557 praecepi
2478 5484 2627 5539 enim
2660 5482 2732 5537 ibi
2764 5480 2972 5536 mulieri
3015 5480 3189 5535 vidua:
3216 5487 3276 5534 ut
3303 5484 3493 5549 pascat

1914 5601 1934 5635 ι
1980 5591 2058 5648 te,
2081 5590 2187 5638 etc.
2248 5602 2268 5634 ι
2319 5579 2428 5652 (Ea:
2455 5576 2649 5649 Beda.)
2708 5576 2937 5631 Mittitur
2987 5574 3132 5630 Elias
3184 5570 3490 5644 pascendus

1911 5675 1981 5730 ad
2008 5674 2367 5744 alienigenam
2394 5671 2632 5726 viduam.
2685 5668 2810 5725 Haec
2841 5669 3002 5739 igitur
3037 5666 3199 5721 vidua
3249 5664 3492 5734 gentium

232 5777 255 5813 ε
294 5762 507 5818 toribus
531 5761 739 5819 Gelaad
777 5762 847 5818 ad
898 5762 1088 5819 Achab
1118 5780 1131 5816 :
1161 5760 1309 5817 Vivit
1353 5761 1614 5819 Dominus
1669 5773 1811 5821 Deus
1908 5767 2163 5829 designat
2205 5764 2524 5823 Ecclesium,
2581 5772 2719 5827 quae,
2751 5774 2783 5812 a
2821 5772 2921 5813 suo
2962 5757 3162 5812 diutius
3211 5754 3493 5811 conditore

234 5871 254 5905 ι
294 5853 483 5922 lsrael,
503 5855 563 5912 in
587 5854 745 5925 cujus
774 5864 1067 5926 conspectu
1096 5864 1201 5921 sto,
1247 5855 1294 5911 si
1351 5854 1516 5910 fuerit
1542 5857 1699 5913 annis
1726 5856 1811 5912 his

220 5961 259 6027 δι
298 5960 385 6004 ros
411 5954 468 6005 et
499 5947 703 6018 pluvia,
756 5948 859 6005 nisi
902 5946 1058 6015 juxta
1107 5947 1218 6004 oris
1268 5947 1373 6003 mei
1428 5947 1613 6013 verba,
1646 5958 1749 6003 etc.
1786 5967 1805 6003 ι

1912 5851 2147 5915 deserta,
2175 5848 2435 5919 populum
2456 5847 2583 5905 ﬁdei
2604 5863 2749 5904 verae
2785 5856 2840 5905 et
2864 5848 2997 5904 recti
3027 5847 3290 5913 nescium,
3332 5843 3489 5918 quasi

1910 5957 2207 6015 pauperem
2238 5942 2426 6011 ﬁlium,
2455 5957 2623 6014 egena
2650 5943 2789 6015 stipe
2814 5944 3107 6012 nutriebat,
3133 5942 3188 5998 id
3206 5949 3308 6006 est,
3338 5938 3490 5996 verbi
