3958 6478
474 422 579 478 207

1148 410 1210 465 Β.
1249 406 1502 465 RABANI
1541 404 1762 463 MAURI
1801 400 2123 459 ARCHIEP.
2161 400 2473 482 MOGUNJ‘.
2506 396 2793 456 OPERUM
2829 396 3013 455 PARS
3049 396 3092 454 Ι.

3630 389 3752 445 208

468 539 653 594 fructu
700 537 978 603 expertem
1028 525 1275 591 docebat,
1331 525 1505 580 donec
1550 520 1845 577 adveniens
1873 534 2054 574 sermo
2081 521 2136 580 Α
2160 525 2271 584 tur,
2302 516 2458 586 quasi
2482 514 2598 585 ipse
2624 522 2770 571 esset
2806 528 2970 591 causa
3013 508 3412 568 intert'ectionis
3439 507 3626 578 populi
3648 505 3762 580 _Ju—

477 627 855 703 propheticus,
905 620 997 691 qui
1031 617 1309 673 exsiccato
1350 612 1811 678 vellereolsraelis,
1849 619 1910 665 ut
1936 617 2061 680 pote

467 699 654 781 clausa
676 717 798 774 coeli
821 715 989 786 janua
1014 710 1165 784 (Iud.
1188 710 1287 783 vi),
1315 708 1458 763 fame
1481 703 1954 778 periclitabaturin
1971 699 2063 755 Ju-

467 796 605 875 daea,
655 813 978 879 pasceretur
1006 802 1081 857 ibi
1136 799 1297 856 simul
1338 806 1393 854 et
1431 804 1707 870 pasceret,
1736 802 1792 851 et
1816 802 2063 864 receptus

467 901 720 957 videlicet
747 914 779 953 a
805 894 1171 956 credentibus,
1212 898 1268 947 et
1296 890 1550 946 reﬁciens
1592 889 1708 958 ipse
1754 888 2057 943 credentes.

468 970 627 1049 Und'e
657 990 798 1045 bene
847 989 965 1043 base
999 985 1191 1041 eadem
1218 983 1380 1038 vidua
1421 982 1477 1036 in
1507 980 1775 1051 Sareptha
1826 977 2062 1033 Sidoniae

476 1076 675 1141 dicitur
701 1095 824 1137 esse
858 1087 1090 1135 morata.
1124 1075 1349 1131 Sidonia
1374 1075 1572 1144 quippe
1600 1071 1803 1127 inutilis
1832 1070 2057 1135 venatio,

470 1174 740 1245 Sareptha
764 1188 895 1228 vero
921 1170 1247 1235 incendium,
1277 1167 1363 1222 vel
1396 1167 1640 1237 angustia
1673 1166 1844 1236 panis,
1894 1165 2061 1218 inter-

468 1256 731 1340 pretatur.
787 1265 926 1333 Quia
963 1283 980 1315 ι
1018 1263 1111 1318 ubi
1165 1260 1461 1315 abundavit
1510 1267 1817 1329 peccatum,
1870 1272 2061 1326 super-

467 1359 767 1416 abundavit
801 1356 978 1428 gratia
1030 1354 1211 1426 (Rom.
1251 1351 1331 1425 v).
1397 1372 1416 1405 ι
1456 1351 1563 1408 Ubi
1617 1351 1779 1405 rebus
1806 1363 2062 1419 superva-

467 1452 585 1519 cuis
635 1448 982 1520 acquirendis
1011 1447 1169 1517 quasi
1210 1444 1520 1515 aucupandi
1547 1459 1682 1499 cura
1711 1442 2063 1512 impendeba-

470 1558 577 1613 tur,
604 1546 884 1607 ubidira:
914 1544 1033 1599 sitis
1088 1541 1398 1597 incendium
1449 1539 1713 1610 panisque
1766 1535 2061 1608 spiritualis

468 1646 627 1694 antea
648 1636 813 1693 ﬁebat
837 1635 1106 1707 angustia,
1149 1633 1223 1687 ibi
1255 1632 1434 1686 oleum
1464 1630 1748 1699 farinaque
1793 1616 1889 1682 ore
1938 1640 2061 1694 pro-

469 1730 688 1801 phetico
714 1727 1075 1784 benedicitur.
1118 1743 1137 1775 ι
1184 1723 1314 1790 Qum
1338 1722 1557 1777 volebat
1586 1721 1691 1775 duo
1737 1719 1886 1789 ligna
1911 1717 2062 1773 colli-

470 1817 618 1891 gere,
672 1819 991 1890 priusquam
1020 1804 1350 1869 moreretur.
1388 1833 1406 1863 ι
1462 1810 1580 1866 Non
1634 1810 1725 1864 hic
1774 1808 1889 1863 solo
1926 1807 2061 1877 ligni

2163 609 2322 665 daici.
2378 608 2517 664 Hinc
2562 616 2648 664 est
2693 608 2837 678 quod
2888 606 3141 676 Caiphas,
3173 604 3491 674 conspirans
3525 603 3591 657 de
3614 617 3763 658 nece

2164 698 2386 765 Christi,
2421 700 2488 755 ad
2514 700 2731 754 turbam
2754 699 2831 753 ait
2858 716 2871 752 :
2913 717 2931 749 ι
2963 697 3196 768 Expedit
3237 696 3382 752 enim
3405 704 3467 751 ut
3491 711 3633 751 unus
3660 696 3765 751 ho-

2163 806 2254 846 mo
2287 790 2554 846 moriatur
2599 805 2699 861 pro
2729 789 2950 861 populo,
2997 797 3055 844 et
3085 803 3193 843 non
3227 795 3341 842 tota
3380 802 3513 858 gens
3539 794 3758 857 pereat.

2167 880 2223 935 Si
2253 880 2575 937 dimittimus
2605 896 2731 936 eum
2765 881 2862 945 sic,
2920 894 3112 936 omnes
3143 879 3368 934 credent
3401 878 3457 933 in
3503 892 3629 933 eum
3657 894 3674 944 ;
3708 884 3765 932 et

2163 971 2385 1027 venient
2412 970 2662 1038 Romani,
2690 979 2747 1027 et
2780 970 2969 1026 tollent
2996 979 3244 1025 nostrum
3291 968 3471 1024 locum
3517 976 3573 1023 et
3618 983 3762 1039 gen-

2165 1070 2276 1118 tem
2313 1062 2495 1134 (Joan.
2524 1061 2626 1134 ιι).
2666 1082 2687 1116 ›
2731 1061 2840 1119 Sed
2865 1063 3007 1118 sicut
3047 1062 3313 1133 propheta
3344 1061 3440 1116 Dei
3470 1060 3663 1135 verbis,
3683 1060 3764 1114 vi-

2165 1153 2283 1209 duae
2310 1170 2420 1210 non
2454 1163 2827 1224 exasperatus,
2879 1155 3010 1224 quin
3051 1153 3235 1224 potius
3262 1153 3545 1219 misertus,
3579 1152 3659 1206 ait
3684 1144 3762 1207 ad

2163 1259 2285 1299 eam
2309 1263 2325 1315 ;
2370 1263 2389 1296 ‹
2425 1245 2504 1299 Da
2530 1246 2663 1300 mihi
2696 1245 2865 1299 tilium
2898 1253 3090 1311 tuum;
3125 1243 3356 1314 tulitque
3383 1260 3510 1299 eum
3542 1242 3611 1296 de
3633 1242 3761 1297 sinu

2169 1353 2190 1386 ί
2239 1335 2385 1392 illius
2422 1344 2480 1391 et
2502 1336 2740 1407 portavit
2788 1337 2844 1391 in
2885 1334 3226 1392 casuaculum
3276 1336 3369 1390 ubi
3426 1336 3542 1407 ipse
3571 1338 3762 1389 mane;

2168 1445 2189 1478 ι
2230 1427 2345 1495 bat,
2373 1437 2428 1483 et
2446 1431 2630 1500 posuit
2650 1446 2815 1501 super
2848 1429 3049 1486 lectum
3078 1446 3257 1497 suum,
3290 1437 3344 1486 et
3372 1430 3633 1499 expandit
3681 1444 3756 1491 se,

2169 1537 2189 1571 ‹
2250 1529 2416 1592 atque
2465 1536 2686 1577 mensus
2715 1529 2798 1578 est
2845 1537 3010 1593 super
3035 1537 3267 1593 puerum
3296 1522 3473 1577 tribus
3521 1521 3759 1586 vicibus,

2169 1629 2190 1663 ι
2245 1612 2608 1685 clamavitque
2636 1614 2706 1669 ad
2754 1615 3067 1682 Dominum,
3106 1624 3164 1671 et
3196 1613 3569 1669 aitzDomine
3616 1613 3763 1668 Deus

2171 1722 2190 1755 ‹
2237 1720 2411 1773 meus,
2451 1714 2779 1773 revertatur,
2820 1724 2845 1763 ι
2876 1722 2995 1773 oro,
3037 1726 3056 1759 α
3087 1706 3271 1762 anima
3324 1707 3478 1778 pueri
3511 1705 3679 1775 hujus
3708 1706 3762 1759 in

2173 1815 2195 1850 ‹
2248 1800 2459 1855 viscera
2481 1798 2598 1869 ejus
2623 1818 2637 1866 ;
2679 1821 2698 1853 ι
2735 1800 2812 1855 ita
2839 1809 2895 1855 et
2918 1801 3252 1871 Redemptor
3278 1808 3489 1867 noster,
3528 1814 3640 1854 non
3665 1814 3764 1853 ex-

467 1883 710 1971 nomine.
752 1883 1039 1962 sedvetiam
1068 1918 1295 1959 numero
1332 1903 1603 1974 lignorum
1634 1900 1849 1970 signum
1878 1898 2059 1953 crucis
2088 1883 2138 1943 Β
2168 1905 2452 1963 asperatus
2508 1893 2715 1948 malitia
2768 1892 3099 1959 Judmorum,
3141 1894 3237 1949 sed
3287 1893 3545 1947 misertus
3577 1890 3762 1962 pepuli

467 2002 817 2072 exprimitur,
863 1999 1009 2068 quod
1060 1997 1217 2052 nobis
1269 2003 1353 2052 est
1384 1995 1537 2065 panis
1566 1994 1692 2048 vitae
1720 1999 2064 2062 przeparatus

464 2102 702 2148 :eternae.
751 2091 1101 2146 Benedicitur
1129 2088 1307 2143 farina
1336 2085 1456 2156 ejus
1482 2095 1538 2141 ct
1586 2086 1790 2152 oleum,
1825 2085 1930 2140 hoc
1957 2091 2059 2148 est,

469 2182 647 2253 gratia
676 2180 927 2250 corporis
957 2177 1247 2242 Dominici,
1305 2182 1361 2231 et
1392 2175 1707 2230 chrismatis
1741 2174 1931 2228 unctio
1954 2172 2067 2228 sive

470 2277 688 2333 fructus
716 2283 772 2331 et
811 2274 1060 2329 hilaritas
1086 2272 1369 2328 charitatis
1396 2287 1411 2337 ;
1471 2285 1590 2339 quae
1619 2284 1741 2324 cum
1794 2266 2063 2336 impendi-

474 2377 585 2433 tur,
622 2383 729 2424 non
763 2366 1026 2422 defecisse
1054 2364 1271 2419 dicitur.
1307 2381 1325 2413 ‹
1360 2360 1602 2416 Hilarem
1648 2359 1793 2415 enim
1820 2357 2066 2412 datorem

473 2458 648 2529 diligit
694 2459 839 2512 Deus
886 2455 973 2527 (ΙΙ
997 2448 1121 2509 Ger.
1146 2452 1245 2526 Ix).
1286 2473 1305 2505 ›
1336 2452 1513 2508 Vidua
1540 2460 1722 2506 autem
1751 2450 1875 2516 ista,
1901 2462 2066 2519 quam

474 2547 745 2603 Dominus
780 2562 888 2601 non
934 2543 1214 2610 frumenti,
1265 2542 1360 2599 sed
1406 2542 1556 2597 verbi
1594 2557 1736 2612 pane
1784 2539 2063 2610 pascebat,

474 2638 667 2692 eadem
693 2636 808 2707 ipsa
835 2643 919 2690 est
946 2635 1013 2690 de
1043 2649 1152 2704 qua
1180 2633 1381 2689 dicitur
1410 2632 1466 2685 in
1492 2630 1701 2702 psalmo
1726 2648 1738 2684 :
1775 2648 1793 2680 ι
1830 2627 2063 2683 Viduam

466 2728 585 2798 ejus
621 2727 951 2782 benedicens
971 2725 1293 2780 benedicam
1351 2721 1528 2795 (Psal.
1554 2719 1767 2794 cxxxt),
1804 2740 1822 2772 ι
1856 2729 1911 2775 et
1938 2717 2068 2774 reli-

477 2836 585 2891 qua
618 2837 631 2873 ε
666 2819 814 2874 illam
848 2817 1079 2882 scilicet,
1134 2816 1202 2871 de
1245 2830 1353 2885 qua
1378 2813 1669 2885 Apostolus
1697 2812 1776 2866 ait
1814 2826 1828 2865 :
1870 2829 1890 2862 ι
1924 2809 2069 2866 Mor-

469 2919 564 2967 tuo
614 2910 758 2976 viro,
810 2909 1011 2980 quibus
1041 2907 1189 2963 volet
1239 2906 1445 2977 nuptiis
1496 2905 1667 2960 libera
1716 2908 1802 2959 est
1857 2900 1910 2975 (Ι
1939 2900 2064 2956 Cor.

474 3003 597 3077 vn).
634 3023 653 3057 ›
690 3003 852 3071 Quia,
886 3002 1169 3057 desinente
1198 3000 1336 3072 lege,
1372 3018 1391 3050 ι
1428 2999 1581 3069 cujus
1606 2998 1732 3054 linis
1779 3005 1868 3053 est
1910 2994 2069 3052 Chri-

474 3103 591 3150 stus
619 3094 798 3166 (Rom.
830 3091 910 3165 x),
947 3112 966 3145 ι
1000 3092 1067 3146 ad
1099 3092 1289 3164 gratia:
1321 3090 1632 3145 libertatem
1669 3088 1960 3143 transitum
1981 3083 2068 3139 fa-

470 3183 625 3237 ciens
655 3182 898 3236 Ecclesia
927 3183 994 3237 ad
1042 3182 1340 3247 Christum,
1380 3181 1536 3251 quasi
1562 3180 1742 3252 viduae
1770 3178 1925 3248 legis,
1976 3177 2062 3231 in-

2167 1986 2463 2052 credentis,
2496 1986 2619 2041 tulit
2648 2001 2771 2041 eum
2801 1985 2869 2041 de
2911 1987 3034 2042 sinu
3067 1986 3280 2052 matris,
3314 2000 3438 2040 cum
3485 2001 3613 2040 eum
3645 1983 3764 2037 tulit

2168 2080 2236 2135 de
2268 2078 2475 2135 carnali
2502 2078 2848 2133 observantia
2875 2078 3034 2150 legis,
3057 2086 3114 2133 et
3144 2079 3328 2149 posuit
3357 2093 3524 2148 super
3553 2077 3757 2132 lectum

2168 2185 2348 2237 suum,
2402 2171 2506 2225 hoc
2557 2178 2662 2235 est,
2716 2169 3108 2225 demonstravit
3159 2170 3207 2224 ei
3255 2169 3427 2224 vitam
3468 2169 3677 2223 habere
3711 2167 3764 2222 in

2168 2270 2346 2319 morte
2367 2278 2486 2318 sua.
2510 2260 2890 2332 Expanditque
2912 2276 2971 2316 se
2994 2261 3165 2316 tribus
3190 2259 3399 2316 vicibus
3425 2267 3591 2329 atque
3611 2274 3764 2313 men-

2168 2369 2263 2409 sus
2283 2361 2367 2409 est
2388 2368 2551 2423 super
2574 2367 2826 2423 puerum,
2855 2367 2980 2406 cum
3006 2350 3288 2406 Trinitatis
3314 2351 3474 2406 fidem
3499 2349 3599 2414 illi,
3624 2362 3767 2419 prte-

2168 2444 2400 2501 dicando
2425 2453 2480 2499 et
2507 2443 2768 2498 sanitates
2790 2441 3058 2508 faciendo,
3092 2441 3421 2507 insinuabat,
3444 2448 3501 2497 et
3521 2441 3766 2496 clamans

2169 2538 2239 2592 ad
2274 2535 2490 2593 Patrem
2545 2534 2685 2590 dixit
2721 2552 2733 2586 :
2771 2553 2789 2584 ε
2835 2533 3016 2601 Pater,
3070 2533 3294 2605 ignosce
3352 2532 3482 2599 illis,
3511 2533 3641 2603 quia
3670 2546 3767 2586 ne-

2170 2630 2350 2686 sciunt
2374 2630 2505 2700 quid
2526 2628 2734 2684 faciunt
2779 2626 2932 2698 (Luc.
2966 2627 3110 2697 xm).
3158 2648 3177 2681 ›
3212 2627 3281 2683 Ει
3306 2627 3436 2682 item
3473 2645 3485 2681 :
3525 2646 3544 2677 ι
3582 2628 3765 2691 Pater,

2153 2721 2368 2791 inquit,
2393 2720 2632 2776 clariﬁca
2657 2719 2855 2775 Filium
2879 2729 3051 2783 tuum,
3076 2725 3137 2772 ut
3154 2717 3327 2772 Filius
3347 2726 3474 2773 tuus
3503 2716 3768 2772 clariﬁcet

2169 2818 2245 2867 te.
2278 2811 2431 2867 Sicut
2460 2810 2655 2866 dedisti
2686 2810 2736 2865 ei
2760 2819 3088 2881 potestatem
3115 2808 3292 2864 omnis
3322 2809 3526 2874 carnis,
3558 2818 3621 2862 ut
3650 2824 3766 2863 om-

2170 2918 2241 2959 ne
2266 2904 2412 2973 quod
2441 2903 2638 2958 dedisti
2682 2902 2733 2957 ei
2770 2902 2861 2957 det
2893 2902 2972 2957 eis
3002 2900 3173 2955 vitam
3211 2909 3493 2955 aeternam.
3526 2898 3659 2955 Haec
3690 2906 3769 2953 est

2171 3002 2354 3050 autem
2414 2996 2527 3051 vita
2555 3002 2780 3061 aeterna,
2830 3002 2890 3048 ut
2914 3002 3246 3071 cognoscant
3279 3002 3334 3048 te
3370 2992 3547 3047 solum
3597 2993 3769 3046 Deum

2170 3101 2387 3153 verum,
2427 3095 2499 3171 et,
2557 3100 2720 3157 quem
2750 3086 2975 3153 misisti,
3009 3086 3195 3142 Jesum
3222 3083 3523 3141 Christum.
3579 3082 3765 3153 (Joan.

2172 3177 2330 3249 xvu).
2369 3198 2388 3230 ι

468 3274 675 3344 nupsit.
712 3271 1059 3353 Hujusnunc
1080 3270 1136 3325 in
1174 3246 1531 3325 vaslsol-eum
1560 3246 1770 3340 gratiae,
1819 3246 1877 3324 et
1899 3271 2066 3326 bene-
2093 3246 2139 3311 ο
2244 3246 2547 3323 Εὶξιιιᾱὶῐιιε
2573 3276 2659 3324 est
2688 3274 2868 3323 autem
2912 3267 3085 3332 Elias,
3124 3284 3142 3317 ι
3200 3272 3256 3320 et
3283 3278 3505 3321 reversa
3536 3272 3623 3320 est
3652 3264 3768 3320 ani-

468 3364 725 3420 dictionis
758 3363 937 3417 farina
968 3376 1078 3415 non
1126 3359 1346 3426 desinit,
1383 3360 1437 3413 in
1460 3360 1715 3415 omnibus
1746 3358 1863 3414 fere
1887 3359 2066 3431 genti-

468 3456 572 3512 bus
599 3456 743 3510 fame
772 3460 1050 3519 manente,
1102 3466 1333 3521 quarum
1382 3451 1510 3505 vita:
1546 3450 1806 3517 esuriem,
1840 3458 1897 3506 et
1941 3449 2069 3505 ﬁdei

473 3546 760 3601 Trinitatis
808 3543 1047 3599 inediam
1108 3556 1348 3613 congrue
1391 3539 1745 3612 praesignavit
1770 3539 1863 3594 illa
1890 3554 2068 3611 quon-

474 3635 600 3693 dam
631 3634 854 3690 triennii
876 3633 1069 3688 fames.

551 3747 572 3780 ι
606 3727 837 3782 Factum
860 3732 946 3781 est
1001 3732 1182 3779 autem
1234 3730 1358 3794 post
1403 3722 1571 3776 verba
1613 3722 1749 3787 haec,
1784 3721 2071 3789 aagrotavit

483 3836 505 3872 ι
547 3817 694 3873 illius
723 3815 970 3871 mulieris
993 3811 1443 3877 matrisfamilias,
1472 3818 1527 3866 et
1552 3819 1671 3867 erat
1706 3811 1934 3882 languor
1952 3807 2071 3877 ejus

483 3928 505 3963 ι
549 3908 909 3975 fortissimus,
946 3908 1023 3961 ita
1066 3913 1130 3960 ut
1164 3921 1274 3960 non
1313 3911 1622 3960 remaneret
1651 3903 1706 3958 in
1754 3918 1819 3959 eo
1848 3901 2068 3957 halitus.

470 4000 505 4053 ⁷(
548 4001 699 4057 Dixit
725 4015 855 4071 ergo
885 3999 954 4053 ad
983 3997 1157 4052 Eliam
1191 4015 1204 4050 :
1238 3996 1379 4063 Quid
1425 3995 1559 4050 mihi
1582 4004 1637 4050 et
1664 3994 1785 4061 tibi,
1812 3994 1898 4048 vir
1924 3992 2021 4048 Dei
2048 3993 2072 4046 ?

481 4109 503 4145 ι
546 4091 903 4162 lngressusue
929 4104 989 4144 es
1017 4089 1084 4143 ad
1112 4104 1199 4143 me
1235 4096 1294 4142 ut
1340 4094 1779 4144 rememorentur
1809 4085 2073 4156 iniquita-

484 4200 505 4235 ι
553 4190 635 4237 tes
665 4196 819 4247 meat,
855 4188 912 4237 et
946 4179 1295 4235 interﬁceres‘
1336 4179 1506 4233 lilium
1544 4179 1770 4233 meum?
1800 4177 1869 4231 Et
1902 4178 1980 4231 ait
2005 4176 2073 4231 ad

482 4291 504 4326 ‹
549 4288 674 4329 eam
707 4290 721 4325 :
752 4270 830 4325 Da
860 4270 994 4325 mihi
1047 4270 1219 4325 tilium
1246 4278 1418 4325 tuum.
1454 4269 1709 4341 Tulitqae
1749 4284 1874 4324 eum
1900 4269 1968 4325 de
1994 4268 2071 4324 si-

482 4380 505 4413 c
547 4379 622 4419 nu
649 4361 817 4430 illius,
849 4370 905 4417 et
924 4361 1166 4433 portavit
1199 4362 1256 4415 in
1316 4361 1659 4416 cmnaculum
1687 4360 1780 4417 ubi
1809 4362 1924 4433 ipse
1953 4375 2070 4415 ma-

477 4469 500 4506 t
541 4454 726 4519 nebat,
777 4462 835 4508 et
885 4455 1069 4521 posuit
1110 4468 1272 4524 super
1328 4453 1532 4509 lectum
1558 4469 1740 4520 suum,
1782 4462 1888 4510 etc.
1925 4474 1944 4506 ›
1973 4452 2073 4508 Hic

473 4555 628 4604 actus
654 4614 655 4617 η
680 4546 814 4601 Elia:
865 4545 932 4599 de
980 4545 1245 4599 suscitato
1300 4554 1517 4598 mortuo
1552 4546 1664 4598 ﬁlio
1686 4546 1883 4609 viduae,
1922 4545 2067 4614 apud

470 4653 638 4711 quam
676 4636 1076 4706 hospitabatur,
1132 4643 1185 4690 et
1246 4632 1401 4703 cujus
1457 4635 1735 4690 benedixit
1780 4635 1971 4691 farina:
2009 4645 2066 4692 et

476 4735 618 4797 oleo,
649 4735 789 4790 bene
813 4735 1072 4804 exprimit
1095 4740 1277 4789 actum
1302 4735 1681 4805 Redemptoris
1702 4738 1872 4792 nostri
1896 4739 1951 4793 in
1979 4754 2067 4794 re-

473 4825 828 4881 suscitatione
880 4823 1066 4895 populi
1096 4824 1162 4877 ad
1196 4824 1357 4879 ﬁdem
1407 4825 1681 4880 conversi.
1740 4827 1872 4893 Quae
1918 4830 2063 4884 enim

476 4916 595 4972 haec
623 4916 788 4970 vidua
836 4914 1031 4969 melius
1059 4914 1283 4985 intelligi
1334 4923 1533 4985 potest,
1571 4931 1734 4986 quam
1775 4916 2066 4990 Synagoga

472 5003 807 5071 Iudaeorum,
840 5019 981 5076 quae,
1037 5003 1209 5075 Moysi
1264 5013 1438 5059 morte
1473 5006 1716 5073 viduata,
1755 5007 1923 5063 tilium
1967 5025 2066 5064 nu-

474 5094 677 5149 triebat
704 5094 1010 5165 parvulum,
1059 5095 1164 5150 hoc
1194 5103 1297 5161 est,
1337 5096 1593 5165 populum
1646 5100 1919 5154 carnalem
1965 5098 2064 5155 Ju-

474 5183 751 5238 dzeorum?
796 5183 895 5240 Hic
924 5201 1054 5257 ergo
1080 5185 1149 5240 ad
1174 5186 1479 5256 ingressum
1513 5188 1665 5255 Elite,
1690 5190 1795 5247 hoc
1819 5199 1924 5259 est,
1950 5191 2067 5247 Sal-

473 5272 680 5329 vatoris
708 5275 883 5326 nostri
918 5275 1317 5341 inﬁrmabatur,
1342 5279 1472 5345 quia
1510 5279 1567 5331 in
1597 5295 1664 5334 eo
1692 5297 1801 5337 non
1832 5283 2060 5338 creden-

477 5364 567 5429 do,
598 5362 695 5419 sed
719 5363 1023 5433 spernendo
1053 5364 1229 5419 valida
1261 5364 1416 5421 febre
1461 5367 1795 5426 inﬁdelitatis
1823 5381 2059 5443 :egrota-

474 5456 573 5510 vit.
613 5454 768 5510 Unde
797 5462 853 5509 et
884 5461 1060 5509 mater
1088 5455 1206 5525 ipsa
1260 5458 1611 5526 congruentia
1640 5462 1706 5515 de
1748 5462 2062 5522 inﬁrmitate

478 5545 638 5617 pueri
671 5545 739 5599 ad
764 5546 1092 5615 prophetam
1118 5547 1248 5601 dicit
1278 5560 1293 5600 :
1331 5566 1349 5597 ε
1404 5547 1555 5615 Quid
1590 5552 1725 5607 mihi
1743 5561 1799 5609 et
1828 5554 1946 5622 tibi,
1980 5558 2062 5612 vir

476 5636 617 5692 Dei?
650 5637 1000 5708 lngressusue
1031 5655 1091 5695 es
1121 5640 1189 5694 ad
1215 5657 1302 5697 me
1327 5652 1388 5697 ut
1414 5656 1846 5703 rememorentur
1868 5649 2065 5720 iniqui-

2088 4596 2145 4657 D

2170 3374 2260 3413 ma
2274 3357 2429 3429 pueri
2448 3358 2589 3413 intra
2615 3373 2760 3424 eum,
2785 3365 2841 3412 et
2856 3358 3072 3413 revixit.
3099 3355 3352 3426 Tulitque
3384 3356 3537 3411 illum
3558 3364 3613 3410 et
3642 3356 3767 3410 red-

2172 3449 2308 3504 didit
2360 3449 2521 3503 matri
2574 3464 2708 3517 suac,
2751 3468 2771 3501 ι
2805 3463 2929 3504 cum
2961 3447 3226 3503 Dominus
3266 3456 3456 3502 noster
3506 3446 3767 3517 populum

2173 3542 2391 3597 salvans
2441 3542 2776 3609 credentem,
2835 3544 2991 3613 signa
3022 3547 3077 3597 et
3130 3541 3394 3595 miracula
3445 3539 3770 3595 ostendebat
3812 3534 3823 3542 '

2172 3634 2491 3699 incredulis,
2524 3642 2586 3689 ut
2614 3642 3007 3705 cognoscerent
3045 3634 3319 3688 veraciter
3373 3632 3527 3685 illum
3559 3632 3766 3695 vivere,

2171 3730 2265 3799 qui
2322 3729 2499 3782 credit
2545 3729 2600 3780 in
2629 3728 2849 3780 nomine
2895 3727 3031 3793 ejus.
3066 3724 3133 3778 Et
3162 3725 3243 3780 sic
3267 3724 3482 3779 eveniet
3511 3730 3572 3777 ut
3601 3725 3767 3779 verba

2170 3816 2418 3873 mulieris
2446 3816 2769 3872 admirantis
2788 3814 2856 3871 de
2879 3817 3139 3871 suscitato
3167 3831 3336 3886 puero
3361 3815 3514 3885 plebs
3542 3813 3770 3870 Iudaica

2169 3912 2401 3967 veritate
2428 3917 2681 3983 superata
2719 3910 3021 3982 proclamet
3063 3910 3133 3965 ad
3161 3909 3460 3975 Christum,
3493 3916 3549 3964 et
3575 3908 3728 3964 dicat
3753 3924 3766 3960 :

2178 4021 2199 4056 ί
2234 4002 2391 4059 Nunc
2441 4004 2497 4057 in
2542 4004 2649 4058 isto
2691 4003 2943 4075 cognovi,
2995 4001 3255 4071 quoniam
3277 4000 3364 4056 vir
3390 4000 3489 4054 Dei
3511 4013 3572 4054 es
3602 4006 3682 4065 tu,
3714 4004 3768 4054 et

2175 4095 2404 4151 verbum
2433 4093 2651 4151 Domini
2680 4094 2733 4149 in
2769 4108 2866 4149 ore
2893 4102 2986 4148 tuo
3009 4107 3203 4147 verum
3225 4097 3329 4147 est.

2752 4227 2982 4285 CAPUT
3006 4228 3190 4286 XVIII.

2173 4321 2255 4377 De
2290 4321 2672 4393 disceptatione
2726 4322 2864 4378 Elite
2910 4332 3094 4377 contra
3132 4322 3414 4393 praphetas
3469 4321 3672 4386 Achab,
3718 4331 3766 4377 ct

2282 4392 2508 4448 uomodo
2552 4393 2877 4448 immolando
2909 4394 3190 4447 ostenderit
3226 4392 3397 4447 Deum
3447 4408 3623 4447 verum
3655 4409 3766 4447 esse

2299 4480 2418 4535 eam
2448 4463 2642 4535 Israel,
2677 4463 3027 4535 idalagautem
3052 4462 3218 4535 falsos
3242 4463 3369 4517 deos
3410 4479 3540 4535 quos
3564 4463 3763 4517 colebat

2248 4534 2449 4586 Achab.
2490 4534 2563 4586 Et
2605 4534 2670 4588 de
2702 4533 2882 4604 pluvia
2909 4548 3071 4603 quam
3095 4534 3397 4604 impetravit
3423 4533 3599 4589 Elius.

2249 4643 2402 4717 (CAP.
2442 4644 2625 4718 xvm.)
2662 4664 2683 4698 ‹
2740 4645 2872 4701 Post
2900 4644 3016 4701 dies
3060 4645 3261 4701 multos
3296 4648 3531 4701 verbum
3551 4645 3764 4703 Domini

2181 4755 2202 4790 ‹
2247 4736 2452 4792 factum
2482 4746 2568 4794 est
2588 4738 2656 4794 ad
2685 4737 2860 4793 Eliam
2904 4738 2960 4793 in
2987 4753 3131 4793 anno
3157 4739 3321 4793 tertio
3350 4738 3534 4793 dicens
3566 4757 3579 4791 :
3615 4739 3762 4793 Vade

2180 4847 2200 4881 ‹
2244 4838 2300 4885 et
2325 4830 2553 4885 ostende
2581 4838 2637 4886 te
2681 4829 2895 4896 Achab,
2938 4838 3000 4883 ut
3026 4827 3150 4884 dem
3205 4830 3443 4900 pluviam
3497 4844 3662 4900 super
3686 4831 3763 4886 fa-

2180 4937 2201 4971 ‹
2247 4920 2389 4975 ciem
2449 4929 2626 4975 terrae.
2687 4920 2791 4974 lvit
2833 4934 2965 4991 ergo
3011 4918 3182 4985 Elias,
3236 4927 3298 4973 ut
3347 4920 3659 4975 ostenderet
3709 4934 3763 4975 se

2180 5029 2200 5062 ε
2244 5010 2455 5079 Achab,
2482 5020 2590 5067 etc.
2625 5031 2644 5064 ι
2702 5011 2857 5079 Quod
2881 5018 3066 5067 autem
3096 5012 3244 5069 Elias
3269 5029 3606 5086 congregans
3637 5014 3763 5070 uni-

2172 5117 2393 5158 versum
2433 5102 2621 5168 Israel,
2672 5110 2861 5159 contra
2896 5104 3193 5174 prophetas
3234 5103 3366 5159 Baal
3402 5106 3758 5176 disceptabat,

2174 5193 2388 5264 illisque
2419 5194 2625 5250 frustra
2648 5196 2970 5262 nitentibus,
2999 5196 3117 5267 ipse
3167 5196 3336 5251 altare
3362 5196 3575 5252 Domini
3598 5212 3758 5252 cura-

2173 5284 2251 5338 vit
2283 5286 2426 5355 quod
2451 5284 2790 5341 destructum
2822 5285 3023 5352 fuerat,
3074 5294 3132 5341 et
3159 5286 3285 5340 tulit
3315 5286 3597 5343 duodecim
3623 5286 3757 5359 lapi-

2170 5375 2266 5431 des
2296 5373 2453 5442 juxta
2475 5391 2762 5432 numerum
2802 5377 3043 5433 tribuum
3068 5375 3305 5432 ﬁliorum
3332 5375 3523 5444 Jacob,
3547 5385 3603 5433 et
3625 5376 3758 5433 aedi-

2169 5464 2354 5523 ﬁcavit
2396 5467 2665 5538 lapidibus
2704 5469 2877 5525 altare
2922 5470 2979 5523 in
3005 5469 3226 5525 nomine
3260 5469 3494 5536 Domini,
3525 5458 3757 5539 fecitque

2168 5561 2563 5630 aquaeductum,
2595 5562 2752 5632 quasi
2776 5576 2875 5635 per
2895 5563 3030 5618 duas
3050 5563 3421 5617 aratiunculas
3446 5563 3503 5617 in
3527 5561 3757 5617 circuitu

2168 5653 2357 5709 altaris
2381 5660 2434 5709 et
2462 5655 2765 5724 composuit
2809 5654 2978 5719 ligna,
3032 5654 3467 5724 divisitque,per
3512 5652 3755 5710 membra

478 5735 621 5811 tates
640 5745 775 5786 mete
799 5737 858 5785 et
884 5730 1216 5787 interficeres
1250 5729 1419 5785 tilium
1446 5746 1626 5787 meum
1647 5739 1671 5787 ?
1711 5753 1730 5784 ι
1764 5753 1886 5788 cum
1917 5741 2058 5806 81η·-
2132 5745 2361 5793 'bovem
2386 5745 2442 5792 et
2469 5739 2650 5810 posuit
2678 5754 2842 5812 super
2879 5741 3046 5811 ligna,
3079 5752 3136 5798 et
3159 5743 3239 5799 ait
3264 5759 3278 5798 :
3313 5763 3335 5795 ι
3369 5744 3592 5816 lmplete
3615 5759 3749 5815 qua-

480 5806 648 5895 agoga
685 5824 991 5881 Iudaeorum
1040 5823 1108 5881 de
1153 5823 1384 5881 adventu
1426 5824 1724 5881 Salvatoris
1777 5828 2063 5895 conqueri-

2168 5836 2292 5884 tuor
2322 5829 2549 5899 hydrias
2596 5846 2759 5904 aqua,
2813 5841 2868 5889 et
2903 5831 3115 5892 fundite
3152 5850 3317 5908 super
3344 5835 3742 5906 holocaustum.

3100 5956 3103 5969 ι
3168 5950 3211 5975 ειι
3264 5950 3311 5979 ,θη
3375 5950 3399 5967 ἰ
3478 5972 3484 5980 .
