  <div class='ocr_page' id='page_1' title='image "/cluster/home/n/w/nwhite01/storage/ocr_20150623/109/hvd.32044015466857/110.png"; bbox 0 0 3958 6468; ppageno 0'>
   <div class='ocr_carea' id='block_1_1' title="bbox 233 501 348 556">
    <p class='ocr_par' dir='ltr' id='par_1_1' title="bbox 233 501 348 556">
     <span class='ocr_line' id='line_1_1' title="bbox 233 501 348 556; baseline -0.009 0"><span class='ocrx_word' id='word_1_1' title='bbox 233 501 348 556; x_wconf 72' lang='lat'><strong>209</strong></span> 
     </span>
    </p>
   </div>
   <div class='ocr_carea' id='block_1_2' title="bbox 1059 478 2684 570">
    <p class='ocr_par' dir='ltr' id='par_1_2' title="bbox 1059 478 2684 570">
     <span class='ocr_line' id='line_1_2' title="bbox 1059 478 2684 570; baseline -0.004 -13"><span class='ocrx_word' id='word_1_2' title='bbox 1059 501 1408 567; x_wconf 83' lang='lat' dir='ltr'><strong>COMMENT.</strong></span> <span class='ocrx_word' id='word_1_3' title='bbox 1449 499 1515 557; x_wconf 88' lang='lat' dir='ltr'><strong>IN</strong></span> <span class='ocrx_word' id='word_1_4' title='bbox 1554 478 1798 557; x_wconf 67' lang='lat' dir='ltr'><strong>LIBROS</strong></span> <span class='ocrx_word' id='word_1_5' title='bbox 1834 497 1901 555; x_wconf 83' lang='lat' dir='ltr'><strong>IV</strong></span> <span class='ocrx_word' id='word_1_6' title='bbox 1937 494 2294 570; x_wconf 81' lang='lat' dir='ltr'><strong>REGUM.|—</strong></span> <span class='ocrx_word' id='word_1_7' title='bbox 2329 494 2396 552; x_wconf 86' lang='lat' dir='ltr'><strong>IN</strong></span> <span class='ocrx_word' id='word_1_8' title='bbox 2429 495 2556 551; x_wconf 79' lang='lat' dir='ltr'><strong>LIB.</strong></span> <span class='ocrx_word' id='word_1_9' title='bbox 2596 494 2684 551; x_wconf 87' lang='lat' dir='ltr'><strong>Ill.</strong></span> 
     </span>
    </p>
   </div>
   <div class='ocr_carea' id='block_1_3' title="bbox 3390 497 3499 554">
    <p class='ocr_par' dir='ltr' id='par_1_3' title="bbox 3390 497 3499 554">
     <span class='ocr_line' id='line_1_3' title="bbox 3390 497 3499 554; baseline 0.009 -1"><span class='ocrx_word' id='word_1_10' title='bbox 3390 497 3499 554; x_wconf 70' lang='grc' dir='ltr'><strong>Ξίθ</strong></span> 
     </span>
    </p>
   </div>
   <div class='ocr_carea' id='block_1_4' title="bbox 234 592 3483 689">
    <p class='ocr_par' dir='ltr' id='par_1_4' title="bbox 234 592 3483 689">
     <span class='ocr_line' id='line_1_4' title="bbox 234 592 3483 689; baseline -0.002 -14"><span class='ocrx_word' id='word_1_11' title='bbox 234 628 292 675; x_wconf 90' lang='lat' dir='ltr'><strong>et</strong></span> <span class='ocrx_word' id='word_1_12' title='bbox 324 592 489 689; x_wconf 80' lang='lat' dir='ltr'><strong>super</strong></span> <span class='ocrx_word' id='word_1_13' title='bbox 514 619 674 689; x_wconf 75' lang='lat' dir='ltr'><strong>ligno.</strong></span> <span class='ocrx_word' id='word_1_14' title='bbox 710 638 728 671; x_wconf 72' lang='grc' dir='ltr'>ι</span> <span class='ocrx_word' id='word_1_15' title='bbox 769 618 1115 688; x_wconf 91' lang='lat' dir='ltr'><strong>Rursumque</strong></span> <span class='ocrx_word' id='word_1_16' title='bbox 1145 618 1282 673; x_wconf 86' lang='lat' dir='ltr'><strong>dixit</strong></span> <span class='ocrx_word' id='word_1_17' title='bbox 1310 636 1322 673; x_wconf 90' lang='lat'><strong>:</strong></span> <span class='ocrx_word' id='word_1_18' title='bbox 1359 638 1377 669; x_wconf 73' lang='grc' dir='ltr'>ι</span> <span class='ocrx_word' id='word_1_19' title='bbox 1412 617 1590 674; x_wconf 87' lang='lat' dir='ltr'><strong>Etiam</strong></span> <span class='ocrx_word' id='word_1_20' title='bbox 1620 630 1816 671; x_wconf 89' lang='lat' dir='ltr'><strong>secun-</strong></span> <span class='ocrx_word' id='word_1_21' title='bbox 1842 627 1897 688; x_wconf 76' lang='grc' dir='ltr'><strong>Α</strong></span> <span class='ocrx_word' id='word_1_22' title='bbox 1920 623 2077 670; x_wconf 87' lang='lat' dir='ltr'><strong>nocte</strong></span> <span class='ocrx_word' id='word_1_23' title='bbox 2106 615 2160 668; x_wconf 91' lang='lat' dir='ltr'><strong>in</strong></span> <span class='ocrx_word' id='word_1_24' title='bbox 2186 612 2383 671; x_wconf 68' lang='lat' dir='ltr'><strong>saecula</strong></span> <span class='ocrx_word' id='word_1_25' title='bbox 2412 613 2731 669; x_wconf 72' lang='lat' dir='ltr'><strong>saeculorum</strong></span> <span class='ocrx_word' id='word_1_26' title='bbox 2767 612 2982 685; x_wconf 79' lang='lat' dir='ltr'><strong>(Matth.</strong></span> <span class='ocrx_word' id='word_1_27' title='bbox 3014 628 3150 679; x_wconf 84' lang='lat' dir='ltr'><strong>xm;</strong></span> <span class='ocrx_word' id='word_1_28' title='bbox 3179 614 3343 685; x_wconf 83' lang='lat' dir='ltr'><strong><em>Apoc.</em></strong></span> <span class='ocrx_word' id='word_1_29' title='bbox 3368 629 3442 670; x_wconf 81' lang='lat' dir='ltr'><strong>xx</strong></span> <span class='ocrx_word' id='word_1_30' title='bbox 3466 631 3483 645; x_wconf 77' lang='lat'><strong><em>°</em></strong></span> 
     </span>
    </p>
   </div>
   <div class='ocr_carea' id='block_1_5' title="bbox 234 710 1813 781">
    <p class='ocr_par' dir='ltr' id='par_1_5' title="bbox 234 710 1813 781">
     <span class='ocr_line' id='line_1_5' title="bbox 234 710 1813 781; baseline -0.001 -14"><span class='ocrx_word' id='word_1_31' title='bbox 234 714 307 767; x_wconf 76' lang='lat' dir='ltr'><strong>do</strong></span> <span class='ocrx_word' id='word_1_32' title='bbox 368 715 471 767; x_wconf 90' lang='lat' dir='ltr'><strong>hoc</strong></span> <span class='ocrx_word' id='word_1_33' title='bbox 517 712 715 777; x_wconf 79' lang='lat' dir='ltr'><strong>facile;</strong></span> <span class='ocrx_word' id='word_1_34' title='bbox 751 732 769 763; x_wconf 75' lang='grc' dir='ltr'><strong><em>ι</em></strong></span> <span class='ocrx_word' id='word_1_35' title='bbox 808 712 899 781; x_wconf 87' lang='lat' dir='ltr'><strong>qui</strong></span> <span class='ocrx_word' id='word_1_36' title='bbox 950 726 1072 766; x_wconf 90' lang='lat' dir='ltr'><strong>cum</strong></span> <span class='ocrx_word' id='word_1_37' title='bbox 1122 710 1379 768; x_wconf 76' lang='lat' dir='ltr'><strong>fecissent</strong></span> <span class='ocrx_word' id='word_1_38' title='bbox 1406 712 1661 776; x_wconf 84' lang='lat' dir='ltr'><strong>secundo,</strong></span> <span class='ocrx_word' id='word_1_39' title='bbox 1694 711 1813 766; x_wconf 92' lang='lat' dir='ltr'><strong>ait:</strong></span> 
     </span>
    </p>
   </div>
   <div class='ocr_carea' id='block_1_6' title="bbox 240 800 1818 872">
    <p class='ocr_par' dir='ltr' id='par_1_6' title="bbox 240 800 1818 872">
     <span class='ocr_line' id='line_1_6' title="bbox 240 800 1818 872; baseline -0.001 -17"><span class='ocrx_word' id='word_1_40' title='bbox 240 822 259 855; x_wconf 85' lang='lat'><strong>(</strong></span> <span class='ocrx_word' id='word_1_41' title='bbox 294 802 481 857; x_wconf 86' lang='lat' dir='ltr'><strong>Etiam</strong></span> <span class='ocrx_word' id='word_1_42' title='bbox 511 801 672 857; x_wconf 88' lang='lat' dir='ltr'><strong>tertio</strong></span> <span class='ocrx_word' id='word_1_43' title='bbox 707 801 944 872; x_wconf 82' lang='lat' dir='ltr'><strong>idipsum</strong></span> <span class='ocrx_word' id='word_1_44' title='bbox 972 801 1155 867; x_wconf 88' lang='lat' dir='ltr'><strong>facite,</strong></span> <span class='ocrx_word' id='word_1_45' title='bbox 1191 822 1209 855; x_wconf 78' lang='grc' dir='ltr'><strong>ι</strong></span> <span class='ocrx_word' id='word_1_46' title='bbox 1248 800 1600 870; x_wconf 87' lang='lat' dir='ltr'><strong>feceruntque</strong></span> <span class='ocrx_word' id='word_1_47' title='bbox 1630 806 1687 856; x_wconf 91' lang='lat' dir='ltr'><strong>et</strong></span> <span class='ocrx_word' id='word_1_48' title='bbox 1708 807 1818 855; x_wconf 85' lang='lat' dir='ltr'><strong>ter-</strong></span> 
     </span>
    </p>
   </div>
   <div class='ocr_carea' id='block_1_7' title="bbox 234 891 1818 964">
    <p class='ocr_par' dir='ltr' id='par_1_7' title="bbox 234 891 1818 964">
     <span class='ocr_line' id='line_1_7' title="bbox 234 891 1818 964; baseline -0.003 -13"><span class='ocrx_word' id='word_1_49' title='bbox 234 896 334 961; x_wconf 91' lang='lat' dir='ltr'><strong>tio,</strong></span> <span class='ocrx_word' id='word_1_50' title='bbox 372 912 394 947; x_wconf 71' lang='grc' dir='ltr'>ι</span> <span class='ocrx_word' id='word_1_51' title='bbox 427 901 482 949; x_wconf 91' lang='lat' dir='ltr'><strong>et</strong></span> <span class='ocrx_word' id='word_1_52' title='bbox 504 894 799 949; x_wconf 88' lang='lat' dir='ltr'><strong>currebant</strong></span> <span class='ocrx_word' id='word_1_53' title='bbox 824 906 977 964; x_wconf 65' lang='lat' dir='ltr'><strong>aquae</strong></span> <span class='ocrx_word' id='word_1_54' title='bbox 1000 892 1149 949; x_wconf 89' lang='lat' dir='ltr'><strong>circa</strong></span> <span class='ocrx_word' id='word_1_55' title='bbox 1177 892 1369 959; x_wconf 90' lang='lat' dir='ltr'><strong>altare,</strong></span> <span class='ocrx_word' id='word_1_56' title='bbox 1421 901 1476 948; x_wconf 91' lang='lat' dir='ltr'><strong>et</strong></span> <span class='ocrx_word' id='word_1_57' title='bbox 1497 891 1643 948; x_wconf 91' lang='lat' dir='ltr'><strong>fossa</strong></span> <span class='ocrx_word' id='word_1_58' title='bbox 1666 906 1818 961; x_wconf 61' lang='lat' dir='ltr'><strong>aqua:</strong></span> 
     </span>
    </p>
   </div>
   <div class='ocr_carea' id='block_1_8' title="bbox 230 987 1818 1059">
    <p class='ocr_par' dir='ltr' id='par_1_8' title="bbox 230 987 1818 1059">
     <span class='ocr_line' id='line_1_8' title="bbox 230 987 1818 1059; baseline 0 -15"><span class='ocrx_word' id='word_1_59' title='bbox 230 988 492 1045; x_wconf 83' lang='lat' dir='ltr'><strong>fluctibus</strong></span> <span class='ocrx_word' id='word_1_60' title='bbox 527 987 729 1059; x_wconf 87' lang='lat' dir='ltr'><strong>repleta</strong></span> <span class='ocrx_word' id='word_1_61' title='bbox 755 996 877 1055; x_wconf 91' lang='lat' dir='ltr'><strong>est;</strong></span> <span class='ocrx_word' id='word_1_62' title='bbox 914 1007 934 1041; x_wconf 72' lang='grc' dir='ltr'><strong><em>ι</em></strong></span> <span class='ocrx_word' id='word_1_63' title='bbox 964 988 1096 1058; x_wconf 93' lang='lat' dir='ltr'><strong>quid</strong></span> <span class='ocrx_word' id='word_1_64' title='bbox 1119 989 1531 1045; x_wconf 90' lang='lat' dir='ltr'><strong>convenientius</strong></span> <span class='ocrx_word' id='word_1_65' title='bbox 1585 987 1818 1058; x_wconf 90' lang='lat' dir='ltr'><strong>ﬁgurare</strong></span> 
     </span>
    </p>
   </div>
   <div class='ocr_carea' id='block_1_9' title="bbox 228 1077 1816 1151">
    <p class='ocr_par' dir='ltr' id='par_1_9' title="bbox 228 1077 1816 1151">
     <span class='ocr_line' id='line_1_9' title="bbox 228 1077 1816 1151; baseline -0.001 -16"><span class='ocrx_word' id='word_1_66' title='bbox 228 1086 440 1151; x_wconf 83' lang='lat' dir='ltr'><strong>potest,</strong></span> <span class='ocrx_word' id='word_1_67' title='bbox 471 1093 632 1149; x_wconf 89' lang='lat' dir='ltr'><strong>quam</strong></span> <span class='ocrx_word' id='word_1_68' title='bbox 659 1079 802 1148; x_wconf 89' lang='lat' dir='ltr'><strong>quod</strong></span> <span class='ocrx_word' id='word_1_69' title='bbox 822 1077 1152 1150; x_wconf 83' lang='lat' dir='ltr'><strong>Redemptor</strong></span> <span class='ocrx_word' id='word_1_70' title='bbox 1178 1090 1363 1135; x_wconf 84' lang='lat' dir='ltr'><strong>noster</strong></span> <span class='ocrx_word' id='word_1_71' title='bbox 1399 1088 1589 1134; x_wconf 89' lang='lat' dir='ltr'><strong>contra</strong></span> <span class='ocrx_word' id='word_1_72' title='bbox 1630 1079 1816 1134; x_wconf 90' lang='lat' dir='ltr'><strong>mundi</strong></span> 
     </span>
    </p>
   </div>
   <div class='ocr_carea' id='block_1_10' title="bbox 226 1167 1812 1241">
    <p class='ocr_par' dir='ltr' id='par_1_10' title="bbox 226 1167 1812 1241">
     <span class='ocr_line' id='line_1_10' title="bbox 226 1167 1812 1241; baseline 0 -17"><span class='ocrx_word' id='word_1_73' title='bbox 226 1168 539 1241; x_wconf 86' lang='lat' dir='ltr'><strong>principem</strong></span> <span class='ocrx_word' id='word_1_74' title='bbox 561 1167 786 1240; x_wconf 86' lang='lat' dir='ltr'><strong>ejusque</strong></span> <span class='ocrx_word' id='word_1_75' title='bbox 815 1169 1077 1225; x_wconf 81' lang='lat' dir='ltr'><strong>satellites</strong></span> <span class='ocrx_word' id='word_1_76' title='bbox 1104 1170 1390 1226; x_wconf 81' lang='lat' dir='ltr'><strong>decertans</strong></span> <span class='ocrx_word' id='word_1_77' title='bbox 1428 1185 1492 1225; x_wconf 91' lang='lat' dir='ltr'><strong>ac</strong></span> <span class='ocrx_word' id='word_1_78' title='bbox 1529 1185 1812 1240; x_wconf 90' lang='lat' dir='ltr'><strong>superans,</strong></span> 
     </span>
    </p>
   </div>
   <div class='ocr_carea' id='block_1_11' title="bbox 226 1259 1814 1331">
    <p class='ocr_par' dir='ltr' id='par_1_11' title="bbox 226 1259 1814 1331">
     <span class='ocr_line' id='line_1_11' title="bbox 226 1259 1814 1331; baseline -0.001 -15"><span class='ocrx_word' id='word_1_79' title='bbox 226 1262 408 1317; x_wconf 88' lang='lat' dir='ltr'><strong>altare</strong></span> <span class='ocrx_word' id='word_1_80' title='bbox 437 1261 676 1327; x_wconf 88' lang='lat' dir='ltr'><strong>Domini,</strong></span> <span class='ocrx_word' id='word_1_81' title='bbox 704 1262 847 1331; x_wconf 91' lang='lat' dir='ltr'><strong>quod</strong></span> <span class='ocrx_word' id='word_1_82' title='bbox 895 1262 1229 1317; x_wconf 87' lang='lat' dir='ltr'><strong>destructum</strong></span> <span class='ocrx_word' id='word_1_83' title='bbox 1260 1259 1461 1326; x_wconf 80' lang='lat' dir='ltr'><strong>fuerat,</strong></span> <span class='ocrx_word' id='word_1_84' title='bbox 1488 1261 1590 1316; x_wconf 91' lang='lat' dir='ltr'><strong>hoc</strong></span> <span class='ocrx_word' id='word_1_85' title='bbox 1615 1270 1718 1327; x_wconf 89' lang='lat' dir='ltr'><strong>est,</strong></span> <span class='ocrx_word' id='word_1_86' title='bbox 1749 1261 1814 1315; x_wconf 88' lang='lat' dir='ltr'><strong>ﬁ-</strong></span> 
     </span>
    </p>
   </div>
   <div class='ocr_carea' id='block_1_12' title="bbox 226 1352 1815 1423">
    <p class='ocr_par' dir='ltr' id='par_1_12' title="bbox 226 1352 1815 1423">
     <span class='ocr_line' id='line_1_12' title="bbox 226 1352 1815 1423; baseline -0.001 -15"><span class='ocrx_word' id='word_1_87' title='bbox 226 1354 438 1409; x_wconf 87' lang='lat' dir='ltr'><strong>delium</strong></span> <span class='ocrx_word' id='word_1_88' title='bbox 471 1367 693 1407; x_wconf 90' lang='lat' dir='ltr'><strong>suorum</strong></span> <span class='ocrx_word' id='word_1_89' title='bbox 730 1353 895 1408; x_wconf 85' lang='lat' dir='ltr'><strong>corda</strong></span> <span class='ocrx_word' id='word_1_90' title='bbox 921 1352 990 1407; x_wconf 94' lang='lat' dir='ltr'><strong>ab</strong></span> <span class='ocrx_word' id='word_1_91' title='bbox 1012 1353 1160 1407; x_wconf 91' lang='lat' dir='ltr'><strong>omni</strong></span> <span class='ocrx_word' id='word_1_92' title='bbox 1211 1352 1332 1407; x_wconf 87' lang='lat' dir='ltr'><strong>labe</strong></span> <span class='ocrx_word' id='word_1_93' title='bbox 1358 1353 1660 1422; x_wconf 87' lang='lat' dir='ltr'><strong>iniquitatis</strong></span> <span class='ocrx_word' id='word_1_94' title='bbox 1685 1368 1815 1423; x_wconf 91' lang='lat' dir='ltr'><strong>pur-</strong></span> 
     </span>
    </p>
   </div>
   <div class='ocr_carea' id='block_1_13' title="bbox 224 1442 1815 1514">
    <p class='ocr_par' dir='ltr' id='par_1_13' title="bbox 224 1442 1815 1514">
     <span class='ocr_line' id='line_1_13' title="bbox 224 1442 1815 1514; baseline 0.001 -17"><span class='ocrx_word' id='word_1_95' title='bbox 224 1458 385 1514; x_wconf 86' lang='lat' dir='ltr'><strong>gans,</strong></span> <span class='ocrx_word' id='word_1_96' title='bbox 412 1457 564 1497; x_wconf 88' lang='lat' dir='ltr'><strong>aram</strong></span> <span class='ocrx_word' id='word_1_97' title='bbox 585 1443 703 1498; x_wconf 80' lang='lat' dir='ltr'><strong>Deo</strong></span> <span class='ocrx_word' id='word_1_98' title='bbox 730 1442 965 1508; x_wconf 84' lang='lat' dir='ltr'><strong>dedicat,</strong></span> <span class='ocrx_word' id='word_1_99' title='bbox 996 1458 1117 1513; x_wconf 82' lang='lat' dir='ltr'><strong>quae</strong></span> <span class='ocrx_word' id='word_1_100' title='bbox 1140 1458 1207 1498; x_wconf 82' lang='lat' dir='ltr'><strong>ex</strong></span> <span class='ocrx_word' id='word_1_101' title='bbox 1231 1443 1512 1498; x_wconf 89' lang='lat' dir='ltr'><strong>duodecim</strong></span> <span class='ocrx_word' id='word_1_102' title='bbox 1547 1443 1815 1512; x_wconf 90' lang='lat' dir='ltr'><strong>lapidibus</strong></span> 
     </span>
    </p>
   </div>
   <div class='ocr_carea' id='block_1_14' title="bbox 225 1535 1816 1605">
    <p class='ocr_par' dir='ltr' id='par_1_14' title="bbox 225 1535 1816 1605">
     <span class='ocr_line' id='line_1_14' title="bbox 225 1535 1816 1605; baseline -0.002 -14"><span class='ocrx_word' id='word_1_103' title='bbox 225 1542 552 1591; x_wconf 90' lang='lat' dir='ltr'><strong>constructa</strong></span> <span class='ocrx_word' id='word_1_104' title='bbox 580 1548 699 1590; x_wconf 91' lang='lat' dir='ltr'><strong>esse</strong></span> <span class='ocrx_word' id='word_1_105' title='bbox 722 1542 1075 1600; x_wconf 86' lang='lat' dir='ltr'><strong>memoratur,</strong></span> <span class='ocrx_word' id='word_1_106' title='bbox 1102 1535 1229 1605; x_wconf 87' lang='lat' dir='ltr'><strong>quia</strong></span> <span class='ocrx_word' id='word_1_107' title='bbox 1258 1548 1323 1588; x_wconf 85' lang='lat' dir='ltr'><strong>ex</strong></span> <span class='ocrx_word' id='word_1_108' title='bbox 1354 1535 1439 1589; x_wconf 92' lang='lat' dir='ltr'><strong>his</strong></span> <span class='ocrx_word' id='word_1_109' title='bbox 1465 1535 1558 1605; x_wconf 88' lang='lat' dir='ltr'><strong>qui</strong></span> <span class='ocrx_word' id='word_1_110' title='bbox 1584 1535 1816 1604; x_wconf 90' lang='lat' dir='ltr'><strong>prophe-</strong></span> 
     </span>
    </p>
   </div>
   <div class='ocr_carea' id='block_1_15' title="bbox 216 1627 1812 1698">
    <p class='ocr_par' dir='ltr' id='par_1_15' title="bbox 216 1627 1812 1698">
     <span class='ocr_line' id='line_1_15' title="bbox 216 1627 1812 1698; baseline -0.001 -15"><span class='ocrx_word' id='word_1_111' title='bbox 216 1629 393 1683; x_wconf 81' lang='lat' dir='ltr'><strong>ticam</strong></span> <span class='ocrx_word' id='word_1_112' title='bbox 424 1635 483 1683; x_wconf 90' lang='lat' dir='ltr'><strong>et</strong></span> <span class='ocrx_word' id='word_1_113' title='bbox 507 1627 861 1698; x_wconf 88' lang='lat' dir='ltr'><strong>apostolicam</strong></span> <span class='ocrx_word' id='word_1_114' title='bbox 909 1628 1071 1683; x_wconf 87' lang='lat' dir='ltr'><strong>ﬁdem</strong></span> <span class='ocrx_word' id='word_1_115' title='bbox 1111 1643 1206 1684; x_wconf 88' lang='lat' dir='ltr'><strong>seu</strong></span> <span class='ocrx_word' id='word_1_116' title='bbox 1239 1628 1540 1684; x_wconf 88' lang='lat' dir='ltr'><strong>doctrinam</strong></span> <span class='ocrx_word' id='word_1_117' title='bbox 1576 1643 1812 1698; x_wconf 91' lang='lat' dir='ltr'><strong>sequun-</strong></span> 
     </span>
    </p>
   </div>
   <div class='ocr_carea' id='block_1_16' title="bbox 220 1720 1811 1793">
    <p class='ocr_par' dir='ltr' id='par_1_16' title="bbox 220 1720 1811 1793">
     <span class='ocr_line' id='line_1_16' title="bbox 220 1720 1811 1793; baseline -0.001 -17"><span class='ocrx_word' id='word_1_118' title='bbox 220 1730 332 1786; x_wconf 85' lang='lat' dir='ltr'><strong>tur,</strong></span> <span class='ocrx_word' id='word_1_119' title='bbox 365 1722 687 1793; x_wconf 87' lang='lat' dir='ltr'><strong>gratissima</strong></span> <span class='ocrx_word' id='word_1_120' title='bbox 741 1723 852 1777; x_wconf 91' lang='lat' dir='ltr'><strong>Deo</strong></span> <span class='ocrx_word' id='word_1_121' title='bbox 877 1738 974 1777; x_wconf 91' lang='lat' dir='ltr'><strong>ara</strong></span> <span class='ocrx_word' id='word_1_122' title='bbox 1020 1723 1377 1788; x_wconf 86' lang='lat' dir='ltr'><strong>construitur,</strong></span> <span class='ocrx_word' id='word_1_123' title='bbox 1411 1723 1463 1777; x_wconf 90' lang='lat' dir='ltr'><strong>in</strong></span> <span class='ocrx_word' id='word_1_124' title='bbox 1494 1738 1602 1793; x_wconf 92' lang='lat' dir='ltr'><strong>qua</strong></span> <span class='ocrx_word' id='word_1_125' title='bbox 1633 1720 1811 1792; x_wconf 88' lang='lat' dir='ltr'><strong>quoti-</strong></span> 
     </span>
    </p>
   </div>
   <div class='ocr_carea' id='block_1_17' title="bbox 219 1813 1813 1874">
    <p class='ocr_par' dir='ltr' id='par_1_17' title="bbox 219 1813 1813 1874">
     <span class='ocr_line' id='line_1_17' title="bbox 219 1813 1813 1874; baseline 0 -5"><span class='ocrx_word' id='word_1_126' title='bbox 219 1813 308 1869; x_wconf 90' lang='lat' dir='ltr'><strong>die</strong></span> <span class='ocrx_word' id='word_1_127' title='bbox 338 1832 359 1865; x_wconf 87' lang='grc'><strong>‹</strong></span> <span class='ocrx_word' id='word_1_128' title='bbox 396 1814 734 1871; x_wconf 86' lang='lat' dir='ltr'><strong>sacrificium</strong></span> <span class='ocrx_word' id='word_1_129' title='bbox 783 1814 959 1872; x_wconf 90' lang='lat' dir='ltr'><strong>laudis</strong></span> <span class='ocrx_word' id='word_1_130' title='bbox 1008 1817 1063 1871; x_wconf 93' lang='lat' dir='ltr'><strong>in</strong></span> <span class='ocrx_word' id='word_1_131' title='bbox 1089 1817 1314 1874; x_wconf 91' lang='lat' dir='ltr'><strong>odorem</strong></span> <span class='ocrx_word' id='word_1_132' title='bbox 1348 1816 1633 1873; x_wconf 85' lang='lat' dir='ltr'><strong>suavitatis</strong></span> <span class='ocrx_word' id='word_1_133' title='bbox 1672 1836 1691 1869; x_wconf 74' lang='grc' dir='ltr'><strong><em>ι</em></strong></span> <span class='ocrx_word' id='word_1_134' title='bbox 1726 1814 1813 1871; x_wconf 88' lang='lat' dir='ltr'><strong>of-</strong></span> 
     </span>
    </p>
   </div>
   <div class='ocr_carea' id='block_1_18' title="bbox 220 1906 1181 1982">
    <p class='ocr_par' dir='ltr' id='par_1_18' title="bbox 220 1906 1181 1982">
     <span class='ocr_line' id='line_1_18' title="bbox 220 1906 1181 1982; baseline 0 -19"><span class='ocrx_word' id='word_1_135' title='bbox 220 1906 400 1963; x_wconf 81' lang='lat' dir='ltr'><strong>fertur</strong></span> <span class='ocrx_word' id='word_1_136' title='bbox 424 1907 617 1978; x_wconf 87' lang='lat' dir='ltr'><strong>(Hebr.</strong></span> <span class='ocrx_word' id='word_1_137' title='bbox 655 1924 789 1975; x_wconf 81' lang='lat' dir='ltr'><strong>xm;</strong></span> <span class='ocrx_word' id='word_1_138' title='bbox 823 1908 1016 1980; x_wconf 74' lang='lat' dir='ltr'><strong>Ephcs.</strong></span> <span class='ocrx_word' id='word_1_139' title='bbox 1052 1908 1129 1982; x_wconf 93' lang='lat' dir='ltr'><strong>v).</strong></span> <span class='ocrx_word' id='word_1_140' title='bbox 1161 1930 1181 1963; x_wconf 72' lang='grc' dir='ltr'>ι</span> 
     </span>
    </p>
   </div>
   <div class='ocr_carea' id='block_1_19' title="bbox 1930 706 2262 779">
    <p class='ocr_par' dir='ltr' id='par_1_19' title="bbox 1930 706 2262 779">
     <span class='ocr_line' id='line_1_19' title="bbox 1930 706 2262 779; baseline 0.003 -20"><span class='ocrx_word' id='word_1_141' title='bbox 1930 706 2080 761; x_wconf 87' lang='lat' dir='ltr'><strong>Rom.</strong></span> <span class='ocrx_word' id='word_1_142' title='bbox 2118 708 2203 779; x_wconf 87' lang='grc' dir='ltr'><strong>ιι).</strong></span> <span class='ocrx_word' id='word_1_143' title='bbox 2242 728 2262 760; x_wconf 72' lang='grc' dir='ltr'><strong><em>ι</em></strong></span> 
     </span>
    </p>
   </div>
   <div class='ocr_carea' id='block_1_20' title="bbox 1997 799 3500 871">
    <p class='ocr_par' dir='ltr' id='par_1_20' title="bbox 1997 799 3500 871">
     <span class='ocr_line' id='line_1_20' title="bbox 1997 799 3500 871; baseline 0.007 -20"><span class='ocrx_word' id='word_1_144' title='bbox 1997 819 2015 851; x_wconf 73' lang='grc' dir='ltr'>ι</span> <span class='ocrx_word' id='word_1_145' title='bbox 2053 799 2182 856; x_wconf 89' lang='lat' dir='ltr'><strong>Post</strong></span> <span class='ocrx_word' id='word_1_146' title='bbox 2205 800 2321 856; x_wconf 70' lang='lat' dir='ltr'><strong>haec</strong></span> <span class='ocrx_word' id='word_1_147' title='bbox 2342 800 2489 856; x_wconf 88' lang='lat' dir='ltr'><strong>Elias</strong></span> <span class='ocrx_word' id='word_1_148' title='bbox 2518 801 2762 856; x_wconf 88' lang='lat' dir='ltr'><strong>ascendit</strong></span> <span class='ocrx_word' id='word_1_149' title='bbox 2790 801 2846 856; x_wconf 91' lang='lat' dir='ltr'><strong>in</strong></span> <span class='ocrx_word' id='word_1_150' title='bbox 2873 803 3135 858; x_wconf 87' lang='lat' dir='ltr'><strong>verticem</strong></span> <span class='ocrx_word' id='word_1_151' title='bbox 3158 800 3413 871; x_wconf 84' lang='lat' dir='ltr'><strong>Carmeli,</strong></span> <span class='ocrx_word' id='word_1_152' title='bbox 3442 812 3500 861; x_wconf 88' lang='lat' dir='ltr'><strong>et</strong></span> 
     </span>
    </p>
   </div>
   <div class='ocr_carea' id='block_1_21' title="bbox 1928 891 3496 965">
    <p class='ocr_par' dir='ltr' id='par_1_21' title="bbox 1928 891 3496 965">
     <span class='ocr_line' id='line_1_21' title="bbox 1928 891 3496 965; baseline 0.004 -22"><span class='ocrx_word' id='word_1_153' title='bbox 1928 910 1946 943; x_wconf 77' lang='grc' dir='ltr'>ι</span> <span class='ocrx_word' id='word_1_154' title='bbox 1988 907 2190 962; x_wconf 87' lang='lat' dir='ltr'><strong>pronus</strong></span> <span class='ocrx_word' id='word_1_155' title='bbox 2217 892 2274 946; x_wconf 91' lang='lat' dir='ltr'><strong>in</strong></span> <span class='ocrx_word' id='word_1_156' title='bbox 2307 900 2510 947; x_wconf 89' lang='lat' dir='ltr'><strong>terram</strong></span> <span class='ocrx_word' id='word_1_157' title='bbox 2534 892 2717 963; x_wconf 90' lang='lat' dir='ltr'><strong>posuit</strong></span> <span class='ocrx_word' id='word_1_158' title='bbox 2745 891 2939 947; x_wconf 84' lang='lat' dir='ltr'><strong>faciem</strong></span> <span class='ocrx_word' id='word_1_159' title='bbox 2990 892 3135 948; x_wconf 85' lang='lat' dir='ltr'><strong>inter</strong></span> <span class='ocrx_word' id='word_1_160' title='bbox 3177 910 3353 965; x_wconf 90' lang='lat' dir='ltr'><strong>genua</strong></span> <span class='ocrx_word' id='word_1_161' title='bbox 3376 910 3496 961; x_wconf 87' lang='lat' dir='ltr'><strong>sua,</strong></span> 
     </span>
    </p>
   </div>
   <div class='ocr_carea' id='block_1_22' title="bbox 1926 984 3499 1058">
    <p class='ocr_par' dir='ltr' id='par_1_22' title="bbox 1926 984 3499 1058">
     <span class='ocr_line' id='line_1_22' title="bbox 1926 984 3499 1058; baseline 0.003 -20"><span class='ocrx_word' id='word_1_162' title='bbox 1926 1003 1945 1036; x_wconf 76' lang='grc' dir='ltr'>ι</span> <span class='ocrx_word' id='word_1_163' title='bbox 1989 993 2045 1039; x_wconf 89' lang='lat' dir='ltr'><strong>et</strong></span> <span class='ocrx_word' id='word_1_164' title='bbox 2080 984 2215 1039; x_wconf 81' lang='lat' dir='ltr'><strong>dixit</strong></span> <span class='ocrx_word' id='word_1_165' title='bbox 2258 984 2327 1040; x_wconf 91' lang='lat' dir='ltr'><strong>ad</strong></span> <span class='ocrx_word' id='word_1_166' title='bbox 2374 1000 2604 1055; x_wconf 90' lang='lat' dir='ltr'><strong>puerum</strong></span> <span class='ocrx_word' id='word_1_167' title='bbox 2648 999 2806 1040; x_wconf 90' lang='lat' dir='ltr'><strong>suum</strong></span> <span class='ocrx_word' id='word_1_168' title='bbox 2836 1002 2849 1040; x_wconf 91' lang='lat'><strong>:</strong></span> <span class='ocrx_word' id='word_1_169' title='bbox 2880 984 3127 1041; x_wconf 84' lang='lat' dir='ltr'><strong>Ascende</strong></span> <span class='ocrx_word' id='word_1_170' title='bbox 3154 995 3210 1041; x_wconf 91' lang='lat' dir='ltr'><strong>et</strong></span> <span class='ocrx_word' id='word_1_171' title='bbox 3245 986 3499 1058; x_wconf 85' lang='lat' dir='ltr'><strong>prospice</strong></span> 
     </span>
    </p>
   </div>
   <div class='ocr_carea' id='block_1_23' title="bbox 1926 1078 3499 1148">
    <p class='ocr_par' dir='ltr' id='par_1_23' title="bbox 1926 1078 3499 1148">
     <span class='ocr_line' id='line_1_23' title="bbox 1926 1078 3499 1148; baseline 0.003 -18"><span class='ocrx_word' id='word_1_172' title='bbox 1926 1096 1944 1128; x_wconf 74' lang='grc' dir='ltr'>ι</span> <span class='ocrx_word' id='word_1_173' title='bbox 1988 1086 2179 1133; x_wconf 88' lang='lat' dir='ltr'><strong>contra</strong></span> <span class='ocrx_word' id='word_1_174' title='bbox 2207 1094 2376 1134; x_wconf 89' lang='lat' dir='ltr'><strong>mare.</strong></span> <span class='ocrx_word' id='word_1_175' title='bbox 2407 1080 2509 1146; x_wconf 87' lang='lat' dir='ltr'><strong>Qui</strong></span> <span class='ocrx_word' id='word_1_176' title='bbox 2562 1095 2686 1134; x_wconf 91' lang='lat' dir='ltr'><strong>cum</strong></span> <span class='ocrx_word' id='word_1_177' title='bbox 2711 1078 3047 1135; x_wconf 88' lang='lat' dir='ltr'><strong>ascendisset</strong></span> <span class='ocrx_word' id='word_1_178' title='bbox 3082 1085 3138 1134; x_wconf 90' lang='lat' dir='ltr'><strong>et</strong></span> <span class='ocrx_word' id='word_1_179' title='bbox 3163 1078 3499 1148; x_wconf 89' lang='lat' dir='ltr'><strong>contempla-</strong></span> 
     </span>
    </p>
   </div>
   <div class='ocr_carea' id='block_1_24' title="bbox 1925 1172 3499 1243">
    <p class='ocr_par' dir='ltr' id='par_1_24' title="bbox 1925 1172 3499 1243">
     <span class='ocr_line' id='line_1_24' title="bbox 1925 1172 3499 1243; baseline 0.004 -22"><span class='ocrx_word' id='word_1_180' title='bbox 1925 1188 1945 1221; x_wconf 70' lang='grc' dir='ltr'><strong><em>ι</em></strong></span> <span class='ocrx_word' id='word_1_181' title='bbox 1988 1180 2076 1227; x_wconf 92' lang='lat' dir='ltr'><strong>tus</strong></span> <span class='ocrx_word' id='word_1_182' title='bbox 2111 1181 2277 1240; x_wconf 90' lang='lat' dir='ltr'><strong>esset,</strong></span> <span class='ocrx_word' id='word_1_183' title='bbox 2329 1174 2407 1228; x_wconf 88' lang='lat' dir='ltr'><strong>ait</strong></span> <span class='ocrx_word' id='word_1_184' title='bbox 2435 1192 2448 1228; x_wconf 91' lang='lat'><strong>:</strong></span> <span class='ocrx_word' id='word_1_185' title='bbox 2481 1172 2599 1230; x_wconf 87' lang='lat' dir='ltr'><strong>Non</strong></span> <span class='ocrx_word' id='word_1_186' title='bbox 2621 1183 2705 1229; x_wconf 88' lang='lat' dir='ltr'><strong>est</strong></span> <span class='ocrx_word' id='word_1_187' title='bbox 2730 1172 3044 1243; x_wconf 89' lang='lat' dir='ltr'><strong>quidquam.</strong></span> <span class='ocrx_word' id='word_1_188' title='bbox 3078 1172 3146 1227; x_wconf 91' lang='lat' dir='ltr'><strong>Et</strong></span> <span class='ocrx_word' id='word_1_189' title='bbox 3183 1188 3397 1228; x_wconf 91' lang='lat' dir='ltr'><strong>rursum</strong></span> <span class='ocrx_word' id='word_1_190' title='bbox 3420 1173 3499 1229; x_wconf 88' lang='lat' dir='ltr'><strong>ait</strong></span> 
     </span>
    </p>
   </div>
   <div class='ocr_carea' id='block_1_25' title="bbox 1925 1264 3497 1335">
    <p class='ocr_par' dir='ltr' id='par_1_25' title="bbox 1925 1264 3497 1335">
     <span class='ocr_line' id='line_1_25' title="bbox 1925 1264 3497 1335; baseline 0.003 -20"><span class='ocrx_word' id='word_1_191' title='bbox 1925 1280 1944 1314; x_wconf 76' lang='grc' dir='ltr'><strong><em>ι</em></strong></span> <span class='ocrx_word' id='word_1_192' title='bbox 1987 1264 2101 1318; x_wconf 92' lang='lat' dir='ltr'><strong>illi:</strong></span> <span class='ocrx_word' id='word_1_193' title='bbox 2137 1264 2432 1321; x_wconf 83' lang='lat' dir='ltr'><strong>Revertere</strong></span> <span class='ocrx_word' id='word_1_194' title='bbox 2455 1275 2660 1335; x_wconf 88' lang='lat' dir='ltr'><strong>septem</strong></span> <span class='ocrx_word' id='word_1_195' title='bbox 2685 1265 2919 1321; x_wconf 87' lang='lat' dir='ltr'><strong>vicibus.</strong></span> <span class='ocrx_word' id='word_1_196' title='bbox 2969 1264 3028 1319; x_wconf 88' lang='lat' dir='ltr'><strong>In</strong></span> <span class='ocrx_word' id='word_1_197' title='bbox 3054 1265 3282 1335; x_wconf 88' lang='lat' dir='ltr'><strong>septima</strong></span> <span class='ocrx_word' id='word_1_198' title='bbox 3314 1273 3497 1319; x_wconf 89' lang='lat' dir='ltr'><strong>autem</strong></span> 
     </span>
    </p>
   </div>
   <div class='ocr_carea' id='block_1_26' title="bbox 1923 1355 3500 1428">
    <p class='ocr_par' dir='ltr' id='par_1_26' title="bbox 1923 1355 3500 1428">
     <span class='ocr_line' id='line_1_26' title="bbox 1923 1355 3500 1428; baseline 0.003 -22"><span class='ocrx_word' id='word_1_199' title='bbox 1923 1373 1944 1406; x_wconf 84' lang='grc'><em>‹</em></span> <span class='ocrx_word' id='word_1_200' title='bbox 1987 1355 2105 1411; x_wconf 89' lang='lat' dir='ltr'><strong>vice</strong></span> <span class='ocrx_word' id='word_1_201' title='bbox 2160 1371 2289 1412; x_wconf 87' lang='lat' dir='ltr'><strong>ecce</strong></span> <span class='ocrx_word' id='word_1_202' title='bbox 2318 1356 2584 1412; x_wconf 88' lang='lat' dir='ltr'><strong>nubecula</strong></span> <span class='ocrx_word' id='word_1_203' title='bbox 2637 1372 2828 1428; x_wconf 88' lang='lat' dir='ltr'><strong>parva,</strong></span> <span class='ocrx_word' id='word_1_204' title='bbox 2857 1356 3013 1428; x_wconf 91' lang='lat' dir='ltr'><strong>quasi</strong></span> <span class='ocrx_word' id='word_1_205' title='bbox 3065 1356 3353 1426; x_wconf 79' lang='lat' dir='ltr'><strong>vestigium</strong></span> <span class='ocrx_word' id='word_1_206' title='bbox 3402 1356 3500 1410; x_wconf 86' lang='lat' dir='ltr'><strong>ho-</strong></span> 
     </span>
    </p>
   </div>
   <div class='ocr_carea' id='block_1_27' title="bbox 1923 1444 3498 1518">
    <p class='ocr_par' dir='ltr' id='par_1_27' title="bbox 1923 1444 3498 1518">
     <span class='ocr_line' id='line_1_27' title="bbox 1923 1444 3498 1518; baseline 0.001 -21"><span class='ocrx_word' id='word_1_207' title='bbox 1923 1464 1943 1497; x_wconf 84' lang='grc'><strong>‹</strong></span> <span class='ocrx_word' id='word_1_208' title='bbox 1980 1447 2162 1513; x_wconf 89' lang='lat' dir='ltr'><strong>minis,</strong></span> <span class='ocrx_word' id='word_1_209' title='bbox 2190 1456 2299 1502; x_wconf 91' lang='lat' dir='ltr'><strong>etc.</strong></span> <span class='ocrx_word' id='word_1_210' title='bbox 2332 1468 2350 1500; x_wconf 77' lang='grc' dir='ltr'><strong><em>ι</em></strong></span> <span class='ocrx_word' id='word_1_211' title='bbox 2384 1447 2520 1515; x_wconf 82' lang='lat' dir='ltr'><strong>Quid</strong></span> <span class='ocrx_word' id='word_1_212' title='bbox 2544 1448 2598 1502; x_wconf 92' lang='lat' dir='ltr'><strong>in</strong></span> <span class='ocrx_word' id='word_1_213' title='bbox 2622 1449 2725 1502; x_wconf 90' lang='lat' dir='ltr'><strong>hac</strong></span> <span class='ocrx_word' id='word_1_214' title='bbox 2744 1462 2804 1502; x_wconf 93' lang='lat' dir='ltr'><strong>re</strong></span> <span class='ocrx_word' id='word_1_215' title='bbox 2828 1446 3167 1518; x_wconf 79' lang='lat' dir='ltr'><strong>significatur</strong></span> <span class='ocrx_word' id='word_1_216' title='bbox 3203 1446 3308 1500; x_wconf 90' lang='lat' dir='ltr'><strong>nisi</strong></span> <span class='ocrx_word' id='word_1_217' title='bbox 3334 1444 3498 1515; x_wconf 91' lang='lat' dir='ltr'><strong>quod,</strong></span> 
     </span>
    </p>
   </div>
   <div class='ocr_carea' id='block_1_28' title="bbox 1917 1535 3499 1603">
    <p class='ocr_par' dir='ltr' id='par_1_28' title="bbox 1917 1535 3499 1603">
     <span class='ocr_line' id='line_1_28' title="bbox 1917 1535 3499 1603; baseline -0.001 -12"><span class='ocrx_word' id='word_1_218' title='bbox 1917 1546 2172 1592; x_wconf 84' lang='lat' dir='ltr'><strong>nascente</strong></span> <span class='ocrx_word' id='word_1_219' title='bbox 2201 1537 2419 1594; x_wconf 90' lang='lat' dir='ltr'><strong>Christo</strong></span> <span class='ocrx_word' id='word_1_220' title='bbox 2446 1538 2544 1593; x_wconf 92' lang='lat' dir='ltr'><strong>Dei</strong></span> <span class='ocrx_word' id='word_1_221' title='bbox 2570 1537 2708 1592; x_wconf 87' lang='lat' dir='ltr'><strong>Filio</strong></span> <span class='ocrx_word' id='word_1_222' title='bbox 2738 1538 2882 1593; x_wconf 89' lang='lat' dir='ltr'><strong>inter</strong></span> <span class='ocrx_word' id='word_1_223' title='bbox 2908 1537 3175 1603; x_wconf 88' lang='lat' dir='ltr'><strong>homines,</strong></span> <span class='ocrx_word' id='word_1_224' title='bbox 3211 1544 3267 1591; x_wconf 90' lang='lat' dir='ltr'><strong>et</strong></span> <span class='ocrx_word' id='word_1_225' title='bbox 3296 1535 3499 1591; x_wconf 88' lang='lat' dir='ltr'><strong>teneri-</strong></span> 
     </span>
    </p>
   </div>
   <div class='ocr_carea' id='block_1_29' title="bbox 1916 1632 3503 1703">
    <p class='ocr_par' dir='ltr' id='par_1_29' title="bbox 1916 1632 3503 1703">
     <span class='ocr_line' id='line_1_29' title="bbox 1916 1632 3503 1703; baseline -0.002 -18"><span class='ocrx_word' id='word_1_226' title='bbox 1916 1632 2159 1687; x_wconf 88' lang='lat' dir='ltr'><strong>tudinem</strong></span> <span class='ocrx_word' id='word_1_227' title='bbox 2198 1635 2380 1689; x_wconf 90' lang='lat' dir='ltr'><strong>carnis</strong></span> <span class='ocrx_word' id='word_1_228' title='bbox 2426 1644 2628 1689; x_wconf 78' lang='lat' dir='ltr'><strong>nostrze</strong></span> <span class='ocrx_word' id='word_1_229' title='bbox 2658 1632 2979 1703; x_wconf 88' lang='lat' dir='ltr'><strong>accipiente,</strong></span> <span class='ocrx_word' id='word_1_230' title='bbox 3026 1639 3314 1701; x_wconf 88' lang='lat' dir='ltr'><strong>postquam</strong></span> <span class='ocrx_word' id='word_1_231' title='bbox 3356 1644 3503 1683; x_wconf 90' lang='lat' dir='ltr'><strong>mor-</strong></span> 
     </span>
    </p>
   </div>
   <div class='ocr_carea' id='block_1_30' title="bbox 1916 1717 3500 1791">
    <p class='ocr_par' dir='ltr' id='par_1_30' title="bbox 1916 1717 3500 1791">
     <span class='ocr_line' id='line_1_30' title="bbox 1916 1717 3500 1791; baseline -0.003 -17"><span class='ocrx_word' id='word_1_232' title='bbox 1916 1728 2025 1787; x_wconf 83' lang='lat' dir='ltr'><strong>tem</strong></span> <span class='ocrx_word' id='word_1_233' title='bbox 2048 1723 2305 1791; x_wconf 85' lang='lat' dir='ltr'><strong>gustavit,</strong></span> <span class='ocrx_word' id='word_1_234' title='bbox 2335 1730 2391 1778; x_wconf 90' lang='lat' dir='ltr'><strong>et</strong></span> <span class='ocrx_word' id='word_1_235' title='bbox 2418 1723 2593 1777; x_wconf 90' lang='lat' dir='ltr'><strong>victor</strong></span> <span class='ocrx_word' id='word_1_236' title='bbox 2614 1723 2679 1777; x_wconf 92' lang='lat' dir='ltr'><strong>de</strong></span> <span class='ocrx_word' id='word_1_237' title='bbox 2712 1721 2913 1777; x_wconf 88' lang='lat' dir='ltr'><strong>mundo</strong></span> <span class='ocrx_word' id='word_1_238' title='bbox 2942 1720 3009 1775; x_wconf 91' lang='lat' dir='ltr'><strong>ad</strong></span> <span class='ocrx_word' id='word_1_239' title='bbox 3034 1719 3201 1775; x_wconf 61' lang='lat' dir='ltr'><strong>caelos</strong></span> <span class='ocrx_word' id='word_1_240' title='bbox 3232 1717 3500 1781; x_wconf 87' lang='lat' dir='ltr'><strong>ascendit,</strong></span> 
     </span>
    </p>
   </div>
   <div class='ocr_carea' id='block_1_31' title="bbox 1916 1810 3502 1886">
    <p class='ocr_par' dir='ltr' id='par_1_31' title="bbox 1916 1810 3502 1886">
     <span class='ocr_line' id='line_1_31' title="bbox 1916 1810 3502 1886; baseline -0.004 -19"><span class='ocrx_word' id='word_1_241' title='bbox 1916 1812 2145 1868; x_wconf 88' lang='lat' dir='ltr'><strong>imbrem</strong></span> <span class='ocrx_word' id='word_1_242' title='bbox 2175 1815 2365 1886; x_wconf 68' lang='lat' dir='ltr'><strong>gratiae</strong></span> <span class='ocrx_word' id='word_1_243' title='bbox 2420 1816 2620 1870; x_wconf 69' lang='lat' dir='ltr'><strong>divina:</strong></span> <span class='ocrx_word' id='word_1_244' title='bbox 2672 1831 2773 1886; x_wconf 89' lang='lat' dir='ltr'><strong>per</strong></span> <span class='ocrx_word' id='word_1_245' title='bbox 2822 1813 3192 1884; x_wconf 86' lang='lat' dir='ltr'><strong>septiformem</strong></span> <span class='ocrx_word' id='word_1_246' title='bbox 3240 1810 3502 1880; x_wconf 90' lang='lat' dir='ltr'><strong>Spiritum</strong></span> 
     </span>
    </p>
   </div>
   <div class='ocr_carea' id='block_1_32' title="bbox 1912 1903 3504 1977">
    <p class='ocr_par' dir='ltr' id='par_1_32' title="bbox 1912 1903 3504 1977">
     <span class='ocr_line' id='line_1_32' title="bbox 1912 1903 3504 1977; baseline -0.004 -18"><span class='ocrx_word' id='word_1_247' title='bbox 1912 1903 1983 1959; x_wconf 91' lang='lat' dir='ltr'><strong>de</strong></span> <span class='ocrx_word' id='word_1_248' title='bbox 2010 1906 2261 1977; x_wconf 88' lang='lat' dir='ltr'><strong>supernis</strong></span> <span class='ocrx_word' id='word_1_249' title='bbox 2290 1906 2355 1960; x_wconf 90' lang='lat' dir='ltr'><strong>ad</strong></span> <span class='ocrx_word' id='word_1_250' title='bbox 2396 1915 2570 1962; x_wconf 90' lang='lat' dir='ltr'><strong>terras</strong></span> <span class='ocrx_word' id='word_1_251' title='bbox 2605 1906 2774 1972; x_wconf 79' lang='lat' dir='ltr'><strong>misit,</strong></span> <span class='ocrx_word' id='word_1_252' title='bbox 2802 1906 2895 1976; x_wconf 90' lang='lat' dir='ltr'><strong>qui</strong></span> <span class='ocrx_word' id='word_1_253' title='bbox 2924 1919 3023 1959; x_wconf 88' lang='lat' dir='ltr'><strong>nos</strong></span> <span class='ocrx_word' id='word_1_254' title='bbox 3042 1919 3073 1957; x_wconf 92' lang='lat' dir='ltr'><strong>a</strong></span> <span class='ocrx_word' id='word_1_255' title='bbox 3094 1910 3321 1972; x_wconf 88' lang='lat' dir='ltr'><strong>peccato</strong></span> <span class='ocrx_word' id='word_1_256' title='bbox 3347 1913 3504 1955; x_wconf 88' lang='lat' dir='ltr'><strong>mun-</strong></span> 
     </span>
    </p>
   </div>
   <div class='ocr_carea' id='block_1_33' title="bbox 297 1994 1832 2092">
    <p class='ocr_par' dir='ltr' id='par_1_33' title="bbox 297 2018 1807 2092">
     <span class='ocr_line' id='line_1_33' title="bbox 297 2018 1807 2092; baseline 0.003 -22"><span class='ocrx_word' id='word_1_257' title='bbox 297 2037 317 2070; x_wconf 84' lang='grc'><em>‹</em></span> <span class='ocrx_word' id='word_1_258' title='bbox 356 2018 627 2089; x_wconf 86' lang='lat' dir='ltr'><strong>Fecitque</strong></span> <span class='ocrx_word' id='word_1_259' title='bbox 675 2020 1052 2089; x_wconf 59' lang='lat' dir='ltr'><strong>aquaeductum</strong></span> <span class='ocrx_word' id='word_1_260' title='bbox 1088 2021 1243 2092; x_wconf 91' lang='lat' dir='ltr'><strong>quasi</strong></span> <span class='ocrx_word' id='word_1_261' title='bbox 1274 2036 1373 2091; x_wconf 85' lang='lat' dir='ltr'><strong>per</strong></span> <span class='ocrx_word' id='word_1_262' title='bbox 1402 2021 1535 2077; x_wconf 89' lang='lat' dir='ltr'><strong>duas</strong></span> <span class='ocrx_word' id='word_1_263' title='bbox 1561 2020 1807 2076; x_wconf 89' lang='lat' dir='ltr'><strong>aratiun-</strong></span> 
     </span>
    </p>
   </div>
   <div class='ocr_carea' id='block_1_34' title="bbox 1932 1994 3225 2092">
    <p class='ocr_par' dir='ltr' id='par_1_34' title="bbox 1932 1994 3225 2070">
     <span class='ocr_line' id='line_1_34' title="bbox 1932 1994 3225 2070; baseline -0.001 -21"><span class='ocrx_word' id='word_1_264' title='bbox 1932 1994 2082 2061; x_wconf 86' lang='lat' dir='ltr'><strong>laret,</strong></span> <span class='ocrx_word' id='word_1_265' title='bbox 2114 2005 2168 2054; x_wconf 91' lang='lat' dir='ltr'><strong>et</strong></span> <span class='ocrx_word' id='word_1_266' title='bbox 2187 1997 2494 2069; x_wconf 86' lang='lat' dir='ltr'><strong>spirituales</strong></span> <span class='ocrx_word' id='word_1_267' title='bbox 2513 1998 2723 2054; x_wconf 88' lang='lat' dir='ltr'><strong>fructus</strong></span> <span class='ocrx_word' id='word_1_268' title='bbox 2748 1998 2966 2070; x_wconf 76' lang='lat' dir='ltr'><strong>gignere</strong></span> <span class='ocrx_word' id='word_1_269' title='bbox 2987 1994 3225 2051; x_wconf 85' lang='lat' dir='ltr'><strong>faceret?</strong></span> 
     </span>
    </p>
   </div>
   <div class='ocr_carea' id='block_1_35' title="bbox 226 2110 1815 2177">
    <p class='ocr_par' dir='ltr' id='par_1_35' title="bbox 226 2110 1815 2177">
     <span class='ocr_line' id='line_1_35' title="bbox 226 2110 1815 2177; baseline 0.004 -15"><span class='ocrx_word' id='word_1_270' title='bbox 226 2129 245 2162; x_wconf 85' lang='grc'><strong><em>‹</em></strong></span> <span class='ocrx_word' id='word_1_271' title='bbox 293 2110 457 2167; x_wconf 92' lang='lat' dir='ltr'><strong>culas</strong></span> <span class='ocrx_word' id='word_1_272' title='bbox 486 2111 542 2165; x_wconf 91' lang='lat' dir='ltr'><strong>in</strong></span> <span class='ocrx_word' id='word_1_273' title='bbox 596 2110 826 2166; x_wconf 89' lang='lat' dir='ltr'><strong>circuitu</strong></span> <span class='ocrx_word' id='word_1_274' title='bbox 859 2112 1068 2177; x_wconf 87' lang='lat' dir='ltr'><strong>altaris,</strong></span> <span class='ocrx_word' id='word_1_275' title='bbox 1112 2134 1131 2166; x_wconf 69' lang='grc' dir='ltr'><strong>ι</strong></span> <span class='ocrx_word' id='word_1_276' title='bbox 1181 2130 1247 2169; x_wconf 81' lang='lat' dir='ltr'><strong>ex</strong></span> <span class='ocrx_word' id='word_1_277' title='bbox 1285 2115 1518 2169; x_wconf 91' lang='lat' dir='ltr'><strong>contrito</strong></span> <span class='ocrx_word' id='word_1_278' title='bbox 1560 2114 1815 2170; x_wconf 78' lang='lat' dir='ltr'><strong>videlicet</strong></span> 
     </span>
    </p>
   </div>
   <div class='ocr_carea' id='block_1_36' title="bbox 219 2202 1813 2277">
    <p class='ocr_par' dir='ltr' id='par_1_36' title="bbox 219 2202 1813 2277">
     <span class='ocr_line' id='line_1_36' title="bbox 219 2202 1813 2277; baseline 0.004 -20"><span class='ocrx_word' id='word_1_279' title='bbox 219 2202 384 2257; x_wconf 89' lang='lat' dir='ltr'><strong>corde</strong></span> <span class='ocrx_word' id='word_1_280' title='bbox 439 2210 500 2257; x_wconf 88' lang='lat' dir='ltr'><strong>et</strong></span> <span class='ocrx_word' id='word_1_281' title='bbox 550 2203 836 2259; x_wconf 89' lang='lat' dir='ltr'><strong>humiliato</strong></span> <span class='ocrx_word' id='word_1_282' title='bbox 865 2205 1056 2275; x_wconf 91' lang='lat' dir='ltr'><strong>spiritu</strong></span> <span class='ocrx_word' id='word_1_283' title='bbox 1106 2203 1324 2261; x_wconf 91' lang='lat' dir='ltr'><strong>ﬂumina</strong></span> <span class='ocrx_word' id='word_1_284' title='bbox 1354 2207 1703 2277; x_wconf 90' lang='lat' dir='ltr'><strong>producendo</strong></span> <span class='ocrx_word' id='word_1_285' title='bbox 1729 2206 1813 2263; x_wconf 81' lang='lat' dir='ltr'><strong>la-</strong></span> 
     </span>
    </p>
   </div>
   <div class='ocr_carea' id='block_1_37' title="bbox 219 2297 1813 2371">
    <p class='ocr_par' dir='ltr' id='par_1_37' title="bbox 219 2297 1813 2371">
     <span class='ocr_line' id='line_1_37' title="bbox 219 2297 1813 2371; baseline 0.003 -19"><span class='ocrx_word' id='word_1_286' title='bbox 219 2313 539 2369; x_wconf 86' lang='lat' dir='ltr'><strong>crymarum</strong></span> <span class='ocrx_word' id='word_1_287' title='bbox 577 2312 690 2368; x_wconf 81' lang='lat' dir='ltr'><strong>prae</strong></span> <span class='ocrx_word' id='word_1_288' title='bbox 739 2297 932 2353; x_wconf 88' lang='lat' dir='ltr'><strong>timore</strong></span> <span class='ocrx_word' id='word_1_289' title='bbox 966 2299 1227 2371; x_wconf 77' lang='lat' dir='ltr'><strong>gehennae</strong></span> <span class='ocrx_word' id='word_1_290' title='bbox 1260 2308 1316 2357; x_wconf 89' lang='lat' dir='ltr'><strong>et</strong></span> <span class='ocrx_word' id='word_1_291' title='bbox 1367 2300 1634 2356; x_wconf 88' lang='lat' dir='ltr'><strong>desiderio</strong></span> <span class='ocrx_word' id='word_1_292' title='bbox 1688 2300 1813 2356; x_wconf 69' lang='lat' dir='ltr'><strong>vita:</strong></span> 
     </span>
    </p>
   </div>
   <div class='ocr_carea' id='block_1_38' title="bbox 215 2398 465 2447">
    <p class='ocr_par' dir='ltr' id='par_1_38' title="bbox 215 2398 465 2447">
     <span class='ocr_line' id='line_1_38' title="bbox 215 2398 465 2447; baseline -0.008 -1"><span class='ocrx_word' id='word_1_293' title='bbox 215 2398 465 2447; x_wconf 66' lang='lat' dir='ltr'><strong>aeternae.</strong></span> 
     </span>
    </p>
   </div>
   <div class='ocr_carea' id='block_1_39' title="bbox 294 2503 1813 2577">
    <p class='ocr_par' dir='ltr' id='par_1_39' title="bbox 294 2503 1813 2577">
     <span class='ocr_line' id='line_1_39' title="bbox 294 2503 1813 2577; baseline 0.003 -22"><span class='ocrx_word' id='word_1_294' title='bbox 294 2522 314 2555; x_wconf 73' lang='grc' dir='ltr'><strong>ε</strong></span> <span class='ocrx_word' id='word_1_295' title='bbox 346 2503 428 2559; x_wconf 89' lang='lat' dir='ltr'><strong>lbi</strong></span> <span class='ocrx_word' id='word_1_296' title='bbox 464 2510 518 2560; x_wconf 92' lang='lat' dir='ltr'><strong>et</strong></span> <span class='ocrx_word' id='word_1_297' title='bbox 541 2505 844 2576; x_wconf 88' lang='lat' dir='ltr'><strong>composuit</strong></span> <span class='ocrx_word' id='word_1_298' title='bbox 871 2505 1037 2577; x_wconf 86' lang='lat' dir='ltr'><strong>ligna,</strong></span> <span class='ocrx_word' id='word_1_299' title='bbox 1073 2525 1092 2559; x_wconf 75' lang='grc' dir='ltr'><strong><em>ι</em></strong></span> <span class='ocrx_word' id='word_1_300' title='bbox 1130 2505 1255 2576; x_wconf 89' lang='lat' dir='ltr'><strong>quia</strong></span> <span class='ocrx_word' id='word_1_301' title='bbox 1299 2512 1354 2561; x_wconf 88' lang='lat' dir='ltr'><strong>et</strong></span> <span class='ocrx_word' id='word_1_302' title='bbox 1378 2512 1691 2561; x_wconf 90' lang='lat' dir='ltr'><strong>sanctorum</strong></span> <span class='ocrx_word' id='word_1_303' title='bbox 1727 2503 1813 2560; x_wconf 89' lang='lat' dir='ltr'><strong>di-</strong></span> 
     </span>
    </p>
   </div>
   <div class='ocr_carea' id='block_1_40' title="bbox 217 2594 1719 2667">
    <p class='ocr_par' dir='ltr' id='par_1_40' title="bbox 217 2594 1719 2667">
     <span class='ocr_line' id='line_1_40' title="bbox 217 2594 1719 2667; baseline -0.001 -17"><span class='ocrx_word' id='word_1_304' title='bbox 217 2601 306 2650; x_wconf 82' lang='lat' dir='ltr'><strong>cta</strong></span> <span class='ocrx_word' id='word_1_305' title='bbox 336 2604 394 2651; x_wconf 92' lang='lat' dir='ltr'><strong>et</strong></span> <span class='ocrx_word' id='word_1_306' title='bbox 426 2594 576 2652; x_wconf 84' lang='lat' dir='ltr'><strong>facta</strong></span> <span class='ocrx_word' id='word_1_307' title='bbox 606 2596 675 2651; x_wconf 92' lang='lat' dir='ltr'><strong>ad</strong></span> <span class='ocrx_word' id='word_1_308' title='bbox 703 2596 1009 2667; x_wconf 80' lang='lat' dir='ltr'><strong>exemplum</strong></span> <span class='ocrx_word' id='word_1_309' title='bbox 1039 2596 1388 2652; x_wconf 88' lang='lat' dir='ltr'><strong>credentibus</strong></span> <span class='ocrx_word' id='word_1_310' title='bbox 1416 2595 1719 2651; x_wconf 89' lang='lat' dir='ltr'><strong>constituit.</strong></span> 
     </span>
    </p>
   </div>
   <div class='ocr_carea' id='block_1_41' title="bbox 297 2705 1815 2782">
    <p class='ocr_par' dir='ltr' id='par_1_41' title="bbox 297 2705 1815 2782">
     <span class='ocr_line' id='line_1_41' title="bbox 297 2705 1815 2782; baseline 0.003 -23"><span class='ocrx_word' id='word_1_311' title='bbox 297 2723 316 2757; x_wconf 73' lang='lat' dir='ltr'><strong>c</strong></span> <span class='ocrx_word' id='word_1_312' title='bbox 350 2705 660 2778; x_wconf 84' lang='lat' dir='ltr'><strong>Divisitque</strong></span> <span class='ocrx_word' id='word_1_313' title='bbox 682 2724 779 2779; x_wconf 87' lang='lat' dir='ltr'><strong>per</strong></span> <span class='ocrx_word' id='word_1_314' title='bbox 807 2708 1049 2764; x_wconf 88' lang='lat' dir='ltr'><strong>membra</strong></span> <span class='ocrx_word' id='word_1_315' title='bbox 1074 2709 1290 2777; x_wconf 82' lang='lat' dir='ltr'><strong>bovem,</strong></span> <span class='ocrx_word' id='word_1_316' title='bbox 1340 2718 1396 2765; x_wconf 92' lang='lat' dir='ltr'><strong>et</strong></span> <span class='ocrx_word' id='word_1_317' title='bbox 1419 2709 1602 2782; x_wconf 90' lang='lat' dir='ltr'><strong>posuit</strong></span> <span class='ocrx_word' id='word_1_318' title='bbox 1652 2723 1815 2779; x_wconf 90' lang='lat' dir='ltr'><strong>super</strong></span> 
     </span>
    </p>
   </div>
   <div class='ocr_carea' id='block_1_42' title="bbox 217 2795 1810 2874">
    <p class='ocr_par' dir='ltr' id='par_1_42' title="bbox 217 2795 1810 2874">
     <span class='ocr_line' id='line_1_42' title="bbox 217 2795 1810 2874; baseline 0.005 -25"><span class='ocrx_word' id='word_1_319' title='bbox 217 2795 391 2868; x_wconf 85' lang='lat' dir='ltr'><strong>ligna,</strong></span> <span class='ocrx_word' id='word_1_320' title='bbox 429 2818 452 2851; x_wconf 71' lang='grc' dir='ltr'><strong>ι</strong></span> <span class='ocrx_word' id='word_1_321' title='bbox 505 2815 627 2854; x_wconf 91' lang='lat' dir='ltr'><strong>cum</strong></span> <span class='ocrx_word' id='word_1_322' title='bbox 655 2815 848 2856; x_wconf 88' lang='lat' dir='ltr'><strong>omnes</strong></span> <span class='ocrx_word' id='word_1_323' title='bbox 874 2809 1029 2857; x_wconf 90' lang='lat' dir='ltr'><strong>actus</strong></span> <span class='ocrx_word' id='word_1_324' title='bbox 1058 2817 1185 2858; x_wconf 90' lang='lat' dir='ltr'><strong>suos</strong></span> <span class='ocrx_word' id='word_1_325' title='bbox 1239 2802 1309 2857; x_wconf 90' lang='lat' dir='ltr'><strong>ad</strong></span> <span class='ocrx_word' id='word_1_326' title='bbox 1336 2802 1645 2874; x_wconf 80' lang='lat' dir='ltr'><strong>exemplum</strong></span> <span class='ocrx_word' id='word_1_327' title='bbox 1682 2817 1810 2858; x_wconf 88' lang='lat' dir='ltr'><strong>san-</strong></span> 
     </span>
    </p>
   </div>
   <div class='ocr_carea' id='block_1_43' title="bbox 219 2892 1399 2964">
    <p class='ocr_par' dir='ltr' id='par_1_43' title="bbox 219 2892 1399 2964">
     <span class='ocr_line' id='line_1_43' title="bbox 219 2892 1399 2964; baseline 0.006 -20"><span class='ocrx_word' id='word_1_328' title='bbox 219 2898 435 2961; x_wconf 76' lang='lat' dir='ltr'><strong>ctorum</strong></span> <span class='ocrx_word' id='word_1_329' title='bbox 466 2900 683 2964; x_wconf 86' lang='lat' dir='ltr'><strong>patrum</strong></span> <span class='ocrx_word' id='word_1_330' title='bbox 713 2892 900 2950; x_wconf 88' lang='lat' dir='ltr'><strong>ﬁdeles</strong></span> <span class='ocrx_word' id='word_1_331' title='bbox 928 2893 1170 2951; x_wconf 92' lang='lat' dir='ltr'><strong>formare</strong></span> <span class='ocrx_word' id='word_1_332' title='bbox 1193 2895 1399 2951; x_wconf 88' lang='lat' dir='ltr'><strong>docuit.</strong></span> 
     </span>
    </p>
   </div>
   <div class='ocr_carea' id='block_1_44' title="bbox 296 3001 1811 3079">
    <p class='ocr_par' dir='ltr' id='par_1_44' title="bbox 296 3001 1811 3079">
     <span class='ocr_line' id='line_1_44' title="bbox 296 3001 1811 3079; baseline 0.006 -24"><span class='ocrx_word' id='word_1_333' title='bbox 296 3022 317 3053; x_wconf 75' lang='grc' dir='ltr'>ι</span> <span class='ocrx_word' id='word_1_334' title='bbox 355 3001 642 3075; x_wconf 81' lang='lat' dir='ltr'><strong>Jussitque</strong></span> <span class='ocrx_word' id='word_1_335' title='bbox 666 3019 827 3076; x_wconf 90' lang='lat' dir='ltr'><strong>super</strong></span> <span class='ocrx_word' id='word_1_336' title='bbox 854 3006 1230 3063; x_wconf 87' lang='lat' dir='ltr'><strong>holocaustum</strong></span> <span class='ocrx_word' id='word_1_337' title='bbox 1274 3016 1330 3063; x_wconf 90' lang='lat' dir='ltr'><strong>et</strong></span> <span class='ocrx_word' id='word_1_338' title='bbox 1357 3024 1521 3079; x_wconf 90' lang='lat' dir='ltr'><strong>super</strong></span> <span class='ocrx_word' id='word_1_339' title='bbox 1548 3007 1695 3078; x_wconf 89' lang='lat' dir='ltr'><strong>ligna</strong></span> <span class='ocrx_word' id='word_1_340' title='bbox 1722 3023 1811 3064; x_wconf 88' lang='lat' dir='ltr'><strong>se-</strong></span> 
     </span>
    </p>
   </div>
   <div class='ocr_carea' id='block_1_45' title="bbox 219 3091 1813 3170">
    <p class='ocr_par' dir='ltr' id='par_1_45' title="bbox 219 3091 1813 3170">
     <span class='ocr_line' id='line_1_45' title="bbox 219 3091 1813 3170; baseline 0.006 -25"><span class='ocrx_word' id='word_1_341' title='bbox 219 3091 330 3148; x_wconf 88' lang='lat' dir='ltr'><strong>mel</strong></span> <span class='ocrx_word' id='word_1_342' title='bbox 378 3093 582 3149; x_wconf 87' lang='lat' dir='ltr'><strong>iterum</strong></span> <span class='ocrx_word' id='word_1_343' title='bbox 634 3104 796 3165; x_wconf 88' lang='lat' dir='ltr'><strong>atque</strong></span> <span class='ocrx_word' id='word_1_344' title='bbox 843 3099 1007 3155; x_wconf 88' lang='lat' dir='ltr'><strong>tertio</strong></span> <span class='ocrx_word' id='word_1_345' title='bbox 1058 3114 1256 3170; x_wconf 88' lang='lat' dir='ltr'><strong>aquam</strong></span> <span class='ocrx_word' id='word_1_346' title='bbox 1295 3098 1599 3167; x_wconf 86' lang='lat' dir='ltr'><strong>infundere,</strong></span> <span class='ocrx_word' id='word_1_347' title='bbox 1632 3122 1650 3153; x_wconf 77' lang='grc' dir='ltr'><strong><em>ι</em></strong></span> <span class='ocrx_word' id='word_1_348' title='bbox 1684 3101 1813 3170; x_wconf 88' lang='lat' dir='ltr'><strong>quia</strong></span> 
     </span>
    </p>
   </div>
   <div class='ocr_carea' id='block_1_46' title="bbox 219 3182 1815 3260">
    <p class='ocr_par' dir='ltr' id='par_1_46' title="bbox 219 3182 1815 3260">
     <span class='ocr_line' id='line_1_46' title="bbox 219 3182 1815 3260; baseline 0.006 -25"><span class='ocrx_word' id='word_1_349' title='bbox 219 3182 373 3236; x_wconf 90' lang='lat' dir='ltr'><strong>omni</strong></span> <span class='ocrx_word' id='word_1_350' title='bbox 400 3191 647 3253; x_wconf 89' lang='lat' dir='ltr'><strong>tempore</strong></span> <span class='ocrx_word' id='word_1_351' title='bbox 672 3200 893 3242; x_wconf 90' lang='lat' dir='ltr'><strong>necesse</strong></span> <span class='ocrx_word' id='word_1_352' title='bbox 922 3196 1007 3242; x_wconf 92' lang='lat' dir='ltr'><strong>est</strong></span> <span class='ocrx_word' id='word_1_353' title='bbox 1031 3189 1190 3244; x_wconf 91' lang='lat' dir='ltr'><strong>nobis</strong></span> <span class='ocrx_word' id='word_1_354' title='bbox 1220 3189 1406 3256; x_wconf 90' lang='lat' dir='ltr'><strong>verba,</strong></span> <span class='ocrx_word' id='word_1_355' title='bbox 1435 3191 1705 3260; x_wconf 88' lang='lat' dir='ltr'><strong>cogitatus</strong></span> <span class='ocrx_word' id='word_1_356' title='bbox 1733 3196 1815 3243; x_wconf 90' lang='lat' dir='ltr'><strong>at-</strong></span> 
     </span>
    </p>
   </div>
   <div class='ocr_carea' id='block_1_47' title="bbox 219 3272 1816 3351">
    <p class='ocr_par' dir='ltr' id='par_1_47' title="bbox 219 3272 1816 3351">
     <span class='ocr_line' id='line_1_47' title="bbox 219 3272 1816 3351; baseline 0.004 -24"><span class='ocrx_word' id='word_1_357' title='bbox 219 3288 330 3342; x_wconf 90' lang='lat' dir='ltr'><strong>que</strong></span> <span class='ocrx_word' id='word_1_358' title='bbox 378 3286 547 3344; x_wconf 90' lang='lat' dir='ltr'><strong>opera</strong></span> <span class='ocrx_word' id='word_1_359' title='bbox 595 3282 781 3329; x_wconf 89' lang='lat' dir='ltr'><strong>nostra</strong></span> <span class='ocrx_word' id='word_1_360' title='bbox 840 3278 894 3329; x_wconf 92' lang='lat' dir='ltr'><strong>in</strong></span> <span class='ocrx_word' id='word_1_361' title='bbox 925 3292 1059 3346; x_wconf 89' lang='lat' dir='ltr'><strong>pura</strong></span> <span class='ocrx_word' id='word_1_362' title='bbox 1091 3280 1335 3334; x_wconf 89' lang='lat' dir='ltr'><strong>oratione</strong></span> <span class='ocrx_word' id='word_1_363' title='bbox 1364 3272 1816 3351; x_wconf 47' lang='lat' dir='ltr'><strong>atque&#39;compun-</strong></span> 
     </span>
    </p>
   </div>
   <div class='ocr_carea' id='block_1_48' title="bbox 2505 2127 2916 2186">
    <p class='ocr_par' dir='ltr' id='par_1_48' title="bbox 2505 2127 2916 2186">
     <span class='ocr_line' id='line_1_48' title="bbox 2505 2127 2916 2186; baseline -0.012 0"><span class='ocrx_word' id='word_1_364' title='bbox 2505 2128 2734 2186; x_wconf 84' lang='lat' dir='ltr'><strong>CAPUT</strong></span> <span class='ocrx_word' id='word_1_365' title='bbox 2773 2127 2916 2183; x_wconf 80' lang='lat' dir='ltr'><strong>XIX.</strong></span> 
     </span>
    </p>
   </div>
   <div class='ocr_carea' id='block_1_49' title="bbox 1913 2215 3504 2293">
    <p class='ocr_par' dir='ltr' id='par_1_49' title="bbox 1913 2215 3504 2293">
     <span class='ocr_line' id='line_1_49' title="bbox 1913 2215 3504 2293; baseline -0.008 -13"><span class='ocrx_word' id='word_1_366' title='bbox 1913 2217 2148 2293; x_wconf 76' lang='lat' dir='ltr'><strong>Defuga</strong></span> <span class='ocrx_word' id='word_1_367' title='bbox 2173 2220 2311 2277; x_wconf 67' lang='lat' dir='ltr'><strong>Elia:</strong></span> <span class='ocrx_word' id='word_1_368' title='bbox 2337 2240 2442 2292; x_wconf 87' lang='lat' dir='ltr'><strong>qua</strong></span> <span class='ocrx_word' id='word_1_369' title='bbox 2482 2222 2713 2293; x_wconf 76' lang='lat' dir='ltr'><strong>fugiebat</strong></span> <span class='ocrx_word' id='word_1_370' title='bbox 2752 2221 2986 2293; x_wconf 27' lang='lat' dir='ltr'><strong>Iezabeg,</strong></span> <span class='ocrx_word' id='word_1_371' title='bbox 3033 2231 3082 2275; x_wconf 85' lang='lat' dir='ltr'><strong>et</strong></span> <span class='ocrx_word' id='word_1_372' title='bbox 3106 2215 3385 2290; x_wconf 73' lang='lat' dir='ltr'><strong>&#39;guomodo</strong></span> <span class='ocrx_word' id='word_1_373' title='bbox 3422 2230 3504 2269; x_wconf 75' lang='lat' dir='ltr'><strong>ae-</strong></span> 
     </span>
    </p>
   </div>
   <div class='ocr_carea' id='block_1_50' title="bbox 1982 2290 3501 2363">
    <p class='ocr_par' dir='ltr' id='par_1_50' title="bbox 1982 2290 3501 2363">
     <span class='ocr_line' id='line_1_50' title="bbox 1982 2290 3501 2363; baseline -0.006 -17"><span class='ocrx_word' id='word_1_374' title='bbox 1982 2290 2111 2346; x_wconf 71' lang='lat' dir='ltr'><strong>dens</strong></span> <span class='ocrx_word' id='word_1_375' title='bbox 2142 2294 2199 2346; x_wconf 88' lang='lat' dir='ltr'><strong>in</strong></span> <span class='ocrx_word' id='word_1_376' title='bbox 2220 2290 2407 2347; x_wconf 70' lang='lat' dir='ltr'><strong>umbra</strong></span> <span class='ocrx_word' id='word_1_377' title='bbox 2423 2290 2660 2363; x_wconf 52' lang='grc' dir='ltr'><em>,ᾔτὶηὶῤεὶ</em></span> <span class='ocrx_word' id='word_1_378' title='bbox 2682 2292 2857 2362; x_wconf 78' lang='lat' dir='ltr'><strong>petivit</strong></span> <span class='ocrx_word' id='word_1_379' title='bbox 2886 2291 3077 2363; x_wconf 72' lang='lat' dir='ltr'><strong>animm</strong></span> <span class='ocrx_word' id='word_1_380' title='bbox 3101 2305 3212 2363; x_wconf 69' lang='lat' dir='ltr'><strong>sua:</strong></span> <span class='ocrx_word' id='word_1_381' title='bbox 3244 2298 3298 2339; x_wconf 87' lang='lat' dir='ltr'><strong>ut</strong></span> <span class='ocrx_word' id='word_1_382' title='bbox 3328 2300 3501 2363; x_wconf 64' lang='grc' dir='ltr'><strong>νηοῖο-τ</strong></span> 
     </span>
    </p>
   </div>
   <div class='ocr_carea' id='block_1_51' title="bbox 1970 2359 3499 2433">
    <p class='ocr_par' dir='ltr' id='par_1_51' title="bbox 1970 2359 3499 2433">
     <span class='ocr_line' id='line_1_51' title="bbox 1970 2359 3499 2433; baseline -0.006 -18"><span class='ocrx_word' id='word_1_383' title='bbox 1970 2372 2133 2428; x_wconf 86' lang='lat' dir='ltr'><strong>retur,</strong></span> <span class='ocrx_word' id='word_1_384' title='bbox 2170 2381 2321 2433; x_wconf 85' lang='lat' dir='ltr'><strong>quem</strong></span> <span class='ocrx_word' id='word_1_385' title='bbox 2359 2359 2829 2433; x_wconf 42' lang='lat' dir='ltr'><strong>an&#39;gelusDomini</strong></span> <span class='ocrx_word' id='word_1_386' title='bbox 2874 2359 3219 2433; x_wconf 65' lang='lat' dir='ltr'><strong>subciuericio</strong></span> <span class='ocrx_word' id='word_1_387' title='bbox 3274 2372 3409 2433; x_wconf 56' lang='lat' dir='ltr'><strong>page</strong></span> <span class='ocrx_word' id='word_1_388' title='bbox 3449 2362 3499 2433; x_wconf 71' lang='lat' dir='ltr'><strong>et</strong></span> 
     </span>
    </p>
   </div>
   <div class='ocr_carea' id='block_1_52' title="bbox 1985 2424 3505 2505">
    <p class='ocr_par' dir='ltr' id='par_1_52' title="bbox 1985 2424 3505 2505">
     <span class='ocr_line' id='line_1_52' title="bbox 1985 2424 3505 2505; baseline -0.009 -16"><span class='ocrx_word' id='word_1_389' title='bbox 1985 2424 2129 2505; x_wconf 76' lang='lat' dir='ltr'><strong>aqua</strong></span> <span class='ocrx_word' id='word_1_390' title='bbox 2152 2424 2226 2488; x_wconf 86' lang='lat' dir='ltr'><strong>ibi</strong></span> <span class='ocrx_word' id='word_1_391' title='bbox 2259 2424 2521 2505; x_wconf 66' lang='lat' dir='ltr'><strong>pascebat.</strong></span> <span class='ocrx_word' id='word_1_392' title='bbox 2563 2431 2837 2505; x_wconf 68' lang='lat' dir='ltr'><strong>Quomodo</strong></span> <span class='ocrx_word' id='word_1_393' title='bbox 2865 2430 3016 2505; x_wconf 63' lang='lat' dir='ltr'><strong>Elius</strong></span> <span class='ocrx_word' id='word_1_394' title='bbox 3037 2431 3091 2483; x_wconf 86' lang='lat' dir='ltr'><strong>in</strong></span> <span class='ocrx_word' id='word_1_395' title='bbox 3118 2424 3505 2505; x_wconf 60' lang='lat' dir='ltr'><strong>monteﬂoreb</strong></span> 
     </span>
    </p>
   </div>
   <div class='ocr_carea' id='block_1_53' title="bbox 1982 2495 3506 2575">
    <p class='ocr_par' dir='ltr' id='par_1_53' title="bbox 1982 2495 3506 2575">
     <span class='ocr_line' id='line_1_53' title="bbox 1982 2495 3506 2575; baseline -0.007 -18"><span class='ocrx_word' id='word_1_396' title='bbox 1982 2495 2044 2558; x_wconf 72' lang='lat' dir='ltr'><strong>iii</strong></span> <span class='ocrx_word' id='word_1_397' title='bbox 2075 2495 2322 2575; x_wconf 67' lang='lat' dir='ltr'><strong>spelunca</strong></span> <span class='ocrx_word' id='word_1_398' title='bbox 2365 2495 2946 2575; x_wconf 10' lang='lat' dir='ltr'><strong>latitanavrmultimoda</strong></span> <span class='ocrx_word' id='word_1_399' title='bbox 2998 2500 3260 2575; x_wconf 69' lang='lat' dir='ltr'><strong>lgcutione</strong></span> <span class='ocrx_word' id='word_1_400' title='bbox 3292 2495 3506 2549; x_wconf 78' lang='lat' dir='ltr'><strong>Domini</strong></span> 
     </span>
    </p>
   </div>
   <div class='ocr_carea' id='block_1_54' title="bbox 1983 2569 3504 2641">
    <p class='ocr_par' dir='ltr' id='par_1_54' title="bbox 1983 2569 3504 2641">
     <span class='ocr_line' id='line_1_54' title="bbox 1983 2569 3504 2641; baseline -0.007 -14"><span class='ocrx_word' id='word_1_401' title='bbox 1983 2574 2057 2628; x_wconf 87' lang='lat' dir='ltr'><strong>ibi</strong></span> <span class='ocrx_word' id='word_1_402' title='bbox 2084 2569 2387 2630; x_wconf 73' lang='lat' dir='ltr'><strong>consolatus</strong></span> <span class='ocrx_word' id='word_1_403' title='bbox 2409 2583 2506 2640; x_wconf 74' lang='lat' dir='ltr'><strong>est,</strong></span> <span class='ocrx_word' id='word_1_404' title='bbox 2543 2574 2627 2627; x_wconf 88' lang='lat' dir='ltr'><strong>cui</strong></span> <span class='ocrx_word' id='word_1_405' title='bbox 2669 2580 2716 2626; x_wconf 90' lang='lat' dir='ltr'><strong>et</strong></span> <span class='ocrx_word' id='word_1_406' title='bbox 2756 2570 2961 2641; x_wconf 84' lang='lat' dir='ltr'><strong>delegat</strong></span> <span class='ocrx_word' id='word_1_407' title='bbox 3004 2569 3504 2641; x_wconf 80' lang='lat' dir='ltr'><strong>Dominus_ungere</strong></span> 
     </span>
    </p>
   </div>
   <div class='ocr_carea' id='block_1_55' title="bbox 1985 2637 3505 2717">
    <p class='ocr_par' dir='ltr' id='par_1_55' title="bbox 1985 2637 3505 2717">
     <span class='ocr_line' id='line_1_55' title="bbox 1985 2637 3505 2717; baseline -0.007 -19"><span class='ocrx_word' id='word_1_408' title='bbox 1985 2660 2129 2717; x_wconf 79' lang='lat' dir='ltr'><strong>reges</strong></span> <span class='ocrx_word' id='word_1_409' title='bbox 2152 2656 2199 2699; x_wconf 86' lang='lat' dir='ltr'><strong>et</strong></span> <span class='ocrx_word' id='word_1_410' title='bbox 2226 2645 2459 2699; x_wconf 75' lang='lat' dir='ltr'><strong>Etiseum</strong></span> <span class='ocrx_word' id='word_1_411' title='bbox 2491 2637 2799 2717; x_wconf 61' lang='lat' dir='ltr'><strong>prophetam</strong></span> <span class='ocrx_word' id='word_1_412' title='bbox 2822 2637 2916 2713; x_wconf 64' lang='lat' dir='ltr'><strong>pro</strong></span> <span class='ocrx_word' id='word_1_413' title='bbox 2939 2657 3014 2705; x_wconf 84' lang='lat' dir='ltr'><strong>se,</strong></span> <span class='ocrx_word' id='word_1_414' title='bbox 3042 2650 3092 2695; x_wconf 85' lang='lat' dir='ltr'><strong>et</strong></span> <span class='ocrx_word' id='word_1_415' title='bbox 3128 2639 3218 2692; x_wconf 85' lang='lat' dir='ltr'><strong>dat</strong></span> <span class='ocrx_word' id='word_1_416' title='bbox 3248 2637 3324 2692; x_wconf 84' lang='lat' dir='ltr'><strong>eis</strong></span> <span class='ocrx_word' id='word_1_417' title='bbox 3357 2645 3505 2707; x_wconf 82' lang='lat' dir='ltr'><strong>pote-</strong></span> 
     </span>
    </p>
   </div>
   <div class='ocr_carea' id='block_1_56' title="bbox 1986 2714 2763 2788">
    <p class='ocr_par' dir='ltr' id='par_1_56' title="bbox 1986 2714 2763 2788">
     <span class='ocr_line' id='line_1_56' title="bbox 1986 2714 2763 2788; baseline -0.005 -18"><span class='ocrx_word' id='word_1_418' title='bbox 1986 2714 2171 2771; x_wconf 75' lang='lat' dir='ltr'><strong>statem</strong></span> <span class='ocrx_word' id='word_1_419' title='bbox 2209 2715 2534 2788; x_wconf 80' lang='lat' dir='ltr'><strong>percutiendi</strong></span> <span class='ocrx_word' id='word_1_420' title='bbox 2564 2714 2763 2785; x_wconf 85' lang='lat' dir='ltr'><strong>gladio.</strong></span> 
     </span>
    </p>
   </div>
   <div class='ocr_carea' id='block_1_57' title="bbox 1988 2820 3505 2905">
    <p class='ocr_par' dir='ltr' id='par_1_57' title="bbox 1988 2820 3505 2905">
     <span class='ocr_line' id='line_1_57' title="bbox 1988 2820 3505 2905; baseline -0.008 -19"><span class='ocrx_word' id='word_1_421' title='bbox 1988 2829 2139 2905; x_wconf 62' lang='lat' dir='ltr'><strong>(Car.</strong></span> <span class='ocrx_word' id='word_1_422' title='bbox 2165 2828 2307 2901; x_wconf 77' lang='lat' dir='ltr'><strong>xix.)</strong></span> <span class='ocrx_word' id='word_1_423' title='bbox 2348 2827 2552 2883; x_wconf 89' lang='lat' dir='ltr'><strong>Timuit</strong></span> <span class='ocrx_word' id='word_1_424' title='bbox 2581 2827 2750 2892; x_wconf 86' lang='lat' dir='ltr'><strong>Elias,</strong></span> <span class='ocrx_word' id='word_1_425' title='bbox 2797 2845 2817 2877; x_wconf 75' lang='grc' dir='ltr'><strong><em>ι</em></strong></span> <span class='ocrx_word' id='word_1_426' title='bbox 2854 2834 2909 2882; x_wconf 90' lang='lat' dir='ltr'><strong>et</strong></span> <span class='ocrx_word' id='word_1_427' title='bbox 2928 2839 3157 2892; x_wconf 76' lang='lat' dir='ltr'><strong>surgens</strong></span> <span class='ocrx_word' id='word_1_428' title='bbox 3186 2820 3338 2887; x_wconf 88' lang='lat' dir='ltr'><strong>abiit,</strong></span> <span class='ocrx_word' id='word_1_429' title='bbox 3369 2834 3505 2889; x_wconf 88' lang='lat' dir='ltr'><strong>quo-</strong></span> 
     </span>
    </p>
   </div>
   <div class='ocr_carea' id='block_1_58' title="bbox 1923 2911 3507 2990">
    <p class='ocr_par' dir='ltr' id='par_1_58' title="bbox 1923 2911 3507 2990">
     <span class='ocr_line' id='line_1_58' title="bbox 1923 2911 3507 2990; baseline -0.006 -15"><span class='ocrx_word' id='word_1_430' title='bbox 1923 2941 1944 2975; x_wconf 85' lang='grc'><em>‹</em></span> <span class='ocrx_word' id='word_1_431' title='bbox 1988 2936 2204 2990; x_wconf 88' lang='lat' dir='ltr'><strong>cunque</strong></span> <span class='ocrx_word' id='word_1_432' title='bbox 2233 2935 2357 2975; x_wconf 90' lang='lat' dir='ltr'><strong>eum</strong></span> <span class='ocrx_word' id='word_1_433' title='bbox 2403 2917 2616 2974; x_wconf 88' lang='lat' dir='ltr'><strong>ferebat</strong></span> <span class='ocrx_word' id='word_1_434' title='bbox 2656 2917 2929 2972; x_wconf 90' lang='lat' dir='ltr'><strong>voluntas.</strong></span> <span class='ocrx_word' id='word_1_435' title='bbox 2964 2914 3128 2972; x_wconf 85' lang='lat' dir='ltr'><strong>Venit</strong></span> <span class='ocrx_word' id='word_1_436' title='bbox 3154 2913 3209 2968; x_wconf 92' lang='lat' dir='ltr'><strong>in</strong></span> <span class='ocrx_word' id='word_1_437' title='bbox 3237 2911 3507 2967; x_wconf 88' lang='lat' dir='ltr'><strong>Bersabee</strong></span> 
     </span>
    </p>
   </div>
   <div class='ocr_carea' id='block_1_59' title="bbox 1922 3002 3506 3080">
    <p class='ocr_par' dir='ltr' id='par_1_59' title="bbox 1922 3002 3506 3080">
     <span class='ocr_line' id='line_1_59' title="bbox 1922 3002 3506 3080; baseline -0.007 -14"><span class='ocrx_word' id='word_1_438' title='bbox 1922 3032 1943 3066; x_wconf 71' lang='grc' dir='ltr'><strong><em>ι</em></strong></span> <span class='ocrx_word' id='word_1_439' title='bbox 1983 3012 2121 3068; x_wconf 83' lang='lat' dir='ltr'><strong>Juda</strong></span> <span class='ocrx_word' id='word_1_440' title='bbox 2149 3019 2206 3068; x_wconf 91' lang='lat' dir='ltr'><strong>et</strong></span> <span class='ocrx_word' id='word_1_441' title='bbox 2230 3011 2437 3067; x_wconf 84' lang='lat' dir='ltr'><strong>dimisit</strong></span> <span class='ocrx_word' id='word_1_442' title='bbox 2486 3010 2560 3064; x_wconf 91' lang='lat' dir='ltr'><strong>ibi</strong></span> <span class='ocrx_word' id='word_1_443' title='bbox 2605 3025 2837 3080; x_wconf 90' lang='lat' dir='ltr'><strong>puerum</strong></span> <span class='ocrx_word' id='word_1_444' title='bbox 2885 3023 3065 3073; x_wconf 89' lang='lat' dir='ltr'><strong>suum,</strong></span> <span class='ocrx_word' id='word_1_445' title='bbox 3095 3014 3151 3062; x_wconf 91' lang='lat' dir='ltr'><strong>et</strong></span> <span class='ocrx_word' id='word_1_446' title='bbox 3178 3003 3421 3076; x_wconf 80' lang='lat' dir='ltr'><strong>perrexit</strong></span> <span class='ocrx_word' id='word_1_447' title='bbox 3448 3002 3506 3056; x_wconf 91' lang='lat' dir='ltr'><strong>in</strong></span> 
     </span>
    </p>
   </div>
   <div class='ocr_carea' id='block_1_60' title="bbox 1923 3096 3513 3171">
    <p class='ocr_par' dir='ltr' id='par_1_60' title="bbox 1923 3096 3513 3171">
     <span class='ocr_line' id='line_1_60' title="bbox 1923 3096 3513 3171; baseline -0.006 -14"><span class='ocrx_word' id='word_1_448' title='bbox 1923 3124 1942 3157; x_wconf 72' lang='grc' dir='ltr'><strong>α</strong></span> <span class='ocrx_word' id='word_1_449' title='bbox 1985 3106 2283 3170; x_wconf 88' lang='lat' dir='ltr'><strong>desertum,</strong></span> <span class='ocrx_word' id='word_1_450' title='bbox 2323 3103 2468 3157; x_wconf 90' lang='lat' dir='ltr'><strong>viam</strong></span> <span class='ocrx_word' id='word_1_451' title='bbox 2513 3102 2675 3157; x_wconf 91' lang='lat' dir='ltr'><strong>unius</strong></span> <span class='ocrx_word' id='word_1_452' title='bbox 2709 3101 2834 3157; x_wconf 90' lang='lat' dir='ltr'><strong>diei.</strong></span> <span class='ocrx_word' id='word_1_453' title='bbox 2887 3099 3133 3171; x_wconf 88' lang='lat' dir='ltr'><strong>Cumque</strong></span> <span class='ocrx_word' id='word_1_454' title='bbox 3181 3096 3421 3151; x_wconf 85' lang='lat' dir='ltr'><strong>venisset</strong></span> <span class='ocrx_word' id='word_1_455' title='bbox 3457 3103 3513 3147; x_wconf 90' lang='lat' dir='ltr'><strong>et</strong></span> 
     </span>
    </p>
   </div>
   <div class='ocr_carea' id='block_1_61' title="bbox 1924 3185 3510 3264">
    <p class='ocr_par' dir='ltr' id='par_1_61' title="bbox 1924 3185 3510 3264">
     <span class='ocr_line' id='line_1_61' title="bbox 1924 3185 3510 3264; baseline -0.009 -13"><span class='ocrx_word' id='word_1_456' title='bbox 1924 3217 1943 3251; x_wconf 73' lang='grc' dir='ltr'>ι</span> <span class='ocrx_word' id='word_1_457' title='bbox 1990 3198 2208 3254; x_wconf 90' lang='lat' dir='ltr'><strong>sederet</strong></span> <span class='ocrx_word' id='word_1_458' title='bbox 2252 3196 2442 3251; x_wconf 89' lang='lat' dir='ltr'><strong>subter</strong></span> <span class='ocrx_word' id='word_1_459' title='bbox 2489 3210 2655 3249; x_wconf 91' lang='lat' dir='ltr'><strong>unam</strong></span> <span class='ocrx_word' id='word_1_460' title='bbox 2690 3193 3025 3264; x_wconf 89' lang='lat' dir='ltr'><strong>juniperum,</strong></span> <span class='ocrx_word' id='word_1_461' title='bbox 3073 3189 3267 3261; x_wconf 90' lang='lat' dir='ltr'><strong>petivit</strong></span> <span class='ocrx_word' id='word_1_462' title='bbox 3315 3185 3510 3239; x_wconf 72' lang='lat' dir='ltr'><strong>anima:</strong></span> 
     </span>
    </p>
   </div>
   <div class='ocr_carea' id='block_1_62' title="bbox 1925 3275 3506 3346">
    <p class='ocr_par' dir='ltr' id='par_1_62' title="bbox 1925 3275 3506 3346">
     <span class='ocr_line' id='line_1_62' title="bbox 1925 3275 3506 3346; baseline -0.007 -5"><span class='ocrx_word' id='word_1_463' title='bbox 1925 3308 1945 3341; x_wconf 85' lang='grc'><em>‹</em></span> <span class='ocrx_word' id='word_1_464' title='bbox 1988 3303 2100 3345; x_wconf 69' lang='lat' dir='ltr'><strong>sua:</strong></span> <span class='ocrx_word' id='word_1_465' title='bbox 2124 3297 2184 3342; x_wconf 90' lang='lat' dir='ltr'><strong>ut</strong></span> <span class='ocrx_word' id='word_1_466' title='bbox 2220 3292 2551 3346; x_wconf 88' lang='lat' dir='ltr'><strong>moreretur,</strong></span> <span class='ocrx_word' id='word_1_467' title='bbox 2578 3291 2633 3336; x_wconf 90' lang='lat' dir='ltr'><strong>et</strong></span> <span class='ocrx_word' id='word_1_468' title='bbox 2664 3284 2779 3335; x_wconf 88' lang='lat' dir='ltr'><strong>ait:</strong></span> <span class='ocrx_word' id='word_1_469' title='bbox 2816 3280 3025 3334; x_wconf 80' lang='lat' dir='ltr'><strong>Sufﬁcit</strong></span> <span class='ocrx_word' id='word_1_470' title='bbox 3051 3276 3209 3343; x_wconf 89' lang='lat' dir='ltr'><strong>mihi,</strong></span> <span class='ocrx_word' id='word_1_471' title='bbox 3255 3275 3506 3340; x_wconf 89' lang='lat' dir='ltr'><strong>Domine,</strong></span> 
     </span>
    </p>
   </div>
   <div class='ocr_carea' id='block_1_63' title="bbox 218 3356 3512 3442">
    <p class='ocr_par' dir='ltr' id='par_1_63' title="bbox 218 3356 3512 3442">
     <span class='ocr_line' id='line_1_63' title="bbox 218 3356 3512 3442; baseline 0.002 -22"><span class='ocrx_word' id='word_1_472' title='bbox 218 3365 411 3421; x_wconf 88' lang='lat' dir='ltr'><strong>ctione</strong></span> <span class='ocrx_word' id='word_1_473' title='bbox 442 3365 813 3437; x_wconf 88' lang='lat' dir='ltr'><strong>lacrymarum</strong></span> <span class='ocrx_word' id='word_1_474' title='bbox 846 3368 1130 3434; x_wconf 87' lang='lat' dir='ltr'><strong>mundare,</strong></span> <span class='ocrx_word' id='word_1_475' title='bbox 1176 3380 1233 3426; x_wconf 92' lang='lat' dir='ltr'><strong>et</strong></span> <span class='ocrx_word' id='word_1_476' title='bbox 1256 3386 1365 3426; x_wconf 91' lang='lat' dir='ltr'><strong>non</strong></span> <span class='ocrx_word' id='word_1_477' title='bbox 1394 3372 1545 3442; x_wconf 89' lang='lat' dir='ltr'><strong>prius</strong></span> <span class='ocrx_word' id='word_1_478' title='bbox 1573 3385 1813 3438; x_wconf 86' lang='lat' dir='ltr'><strong>cessare,</strong></span> <span class='ocrx_word' id='word_1_479' title='bbox 1843 3356 1888 3420; x_wconf 85' lang='lat' dir='ltr'><strong>C</strong></span> <span class='ocrx_word' id='word_1_480' title='bbox 1929 3400 1949 3434; x_wconf 67' lang='grc' dir='ltr'>ι</span> <span class='ocrx_word' id='word_1_481' title='bbox 1999 3380 2130 3436; x_wconf 72' lang='lat' dir='ltr'><strong>mlle</strong></span> <span class='ocrx_word' id='word_1_482' title='bbox 2181 3377 2419 3432; x_wconf 85' lang='lat' dir='ltr'><strong>animam</strong></span> <span class='ocrx_word' id='word_1_483' title='bbox 2480 3388 2680 3439; x_wconf 89' lang='lat' dir='ltr'><strong>meam,</strong></span> <span class='ocrx_word' id='word_1_484' title='bbox 2728 3386 2906 3441; x_wconf 90' lang='lat' dir='ltr'><strong>neque</strong></span> <span class='ocrx_word' id='word_1_485' title='bbox 2957 3370 3104 3425; x_wconf 88' lang='lat' dir='ltr'><strong>enim</strong></span> <span class='ocrx_word' id='word_1_486' title='bbox 3150 3367 3343 3423; x_wconf 86' lang='lat' dir='ltr'><strong>melior</strong></span> <span class='ocrx_word' id='word_1_487' title='bbox 3389 3380 3512 3421; x_wconf 84' lang='lat' dir='ltr'><strong>sum</strong></span> 
     </span>
    </p>
   </div>
   <div class='ocr_carea' id='block_1_64' title="bbox 220 3457 1817 3532">
    <p class='ocr_par' dir='ltr' id='par_1_64' title="bbox 220 3457 1817 3532">
     <span class='ocr_line' id='line_1_64' title="bbox 220 3457 1817 3532; baseline 0.006 -22"><span class='ocrx_word' id='word_1_488' title='bbox 220 3472 397 3527; x_wconf 89' lang='lat' dir='ltr'><strong>quam</strong></span> <span class='ocrx_word' id='word_1_489' title='bbox 455 3457 612 3513; x_wconf 69' lang='lat' dir='ltr'><strong>fossa:</strong></span> <span class='ocrx_word' id='word_1_490' title='bbox 639 3457 988 3529; x_wconf 66' lang='lat' dir='ltr'><strong>aquaaductus</strong></span> <span class='ocrx_word' id='word_1_491' title='bbox 1042 3462 1374 3532; x_wconf 89' lang='lat' dir='ltr'><strong>repleantur,</strong></span> <span class='ocrx_word' id='word_1_492' title='bbox 1408 3464 1461 3518; x_wconf 94' lang='lat' dir='ltr'><strong>id</strong></span> <span class='ocrx_word' id='word_1_493' title='bbox 1512 3471 1611 3528; x_wconf 90' lang='lat' dir='ltr'><strong>est,</strong></span> <span class='ocrx_word' id='word_1_494' title='bbox 1646 3465 1817 3520; x_wconf 89' lang='lat' dir='ltr'><strong>donec</strong></span> 
     </span>
    </p>
   </div>
   <div class='ocr_carea' id='block_1_65' title="bbox 218 3546 1817 3621">
    <p class='ocr_par' dir='ltr' id='par_1_65' title="bbox 218 3546 1817 3621">
     <span class='ocr_line' id='line_1_65' title="bbox 218 3546 1817 3621; baseline 0.007 -20"><span class='ocrx_word' id='word_1_495' title='bbox 218 3546 476 3602; x_wconf 89' lang='lat' dir='ltr'><strong>futurum</strong></span> <span class='ocrx_word' id='word_1_496' title='bbox 551 3550 803 3620; x_wconf 82' lang='lat' dir='ltr'><strong>gaudium</strong></span> <span class='ocrx_word' id='word_1_497' title='bbox 878 3554 1132 3621; x_wconf 66' lang='lat' dir='ltr'><strong>praesenti</strong></span> <span class='ocrx_word' id='word_1_498' title='bbox 1221 3556 1444 3610; x_wconf 82' lang='lat' dir='ltr'><strong>maerori</strong></span> <span class='ocrx_word' id='word_1_499' title='bbox 1520 3557 1817 3612; x_wconf 87' lang='lat' dir='ltr'><strong>succedens</strong></span> 
     </span>
    </p>
   </div>
   <div class='ocr_carea' id='block_1_66' title="bbox 219 3638 1816 3716">
    <p class='ocr_par' dir='ltr' id='par_1_66' title="bbox 219 3638 1816 3716">
     <span class='ocr_line' id='line_1_66' title="bbox 219 3638 1816 3716; baseline 0.007 -25"><span class='ocrx_word' id='word_1_500' title='bbox 219 3638 474 3707; x_wconf 84' lang='lat' dir='ltr'><strong>perfecte</strong></span> <span class='ocrx_word' id='word_1_501' title='bbox 512 3638 866 3707; x_wconf 79' lang='lat' dir='ltr'><strong>compleatur.</strong></span> <span class='ocrx_word' id='word_1_502' title='bbox 910 3640 1111 3713; x_wconf 89' lang='lat' dir='ltr'><strong>Sicque</strong></span> <span class='ocrx_word' id='word_1_503' title='bbox 1141 3643 1247 3699; x_wconf 89' lang='lat' dir='ltr'><strong>erit</strong></span> <span class='ocrx_word' id='word_1_504' title='bbox 1285 3644 1443 3716; x_wconf 84' lang='lat' dir='ltr'><strong>juxta</strong></span> <span class='ocrx_word' id='word_1_505' title='bbox 1481 3644 1535 3699; x_wconf 92' lang='lat' dir='ltr'><strong>id</strong></span> <span class='ocrx_word' id='word_1_506' title='bbox 1561 3645 1706 3715; x_wconf 91' lang='lat' dir='ltr'><strong>quod</strong></span> <span class='ocrx_word' id='word_1_507' title='bbox 1733 3661 1816 3701; x_wconf 89' lang='lat' dir='ltr'><strong>se-</strong></span> 
     </span>
    </p>
   </div>
   <div class='ocr_carea' id='block_1_67' title="bbox 224 3732 458 3801">
    <p class='ocr_par' dir='ltr' id='par_1_67' title="bbox 224 3732 458 3801">
     <span class='ocr_line' id='line_1_67' title="bbox 224 3732 458 3801; baseline 0 -16"><span class='ocrx_word' id='word_1_508' title='bbox 224 3732 416 3801; x_wconf 88' lang='lat' dir='ltr'><strong>quitur</strong></span> <span class='ocrx_word' id='word_1_509' title='bbox 442 3746 458 3785; x_wconf 87' lang='lat'><strong>:</strong></span> 
     </span>
    </p>
   </div>
   <div class='ocr_carea' id='block_1_68' title="bbox 301 3822 1817 3896">
    <p class='ocr_par' dir='ltr' id='par_1_68' title="bbox 301 3822 1817 3896">
     <span class='ocr_line' id='line_1_68' title="bbox 301 3822 1817 3896; baseline 0.007 -21"><span class='ocrx_word' id='word_1_510' title='bbox 301 3841 321 3874; x_wconf 75' lang='grc' dir='ltr'>ι</span> <span class='ocrx_word' id='word_1_511' title='bbox 364 3822 515 3896; x_wconf 80' lang='lat' dir='ltr'><strong>Ignis</strong></span> <span class='ocrx_word' id='word_1_512' title='bbox 544 3823 610 3879; x_wconf 88' lang='lat' dir='ltr'><strong>de</strong></span> <span class='ocrx_word' id='word_1_513' title='bbox 638 3824 777 3879; x_wconf 69' lang='lat' dir='ltr'><strong>coelo</strong></span> <span class='ocrx_word' id='word_1_514' title='bbox 805 3824 1004 3881; x_wconf 87' lang='lat' dir='ltr'><strong>cadens</strong></span> <span class='ocrx_word' id='word_1_515' title='bbox 1032 3825 1102 3880; x_wconf 90' lang='lat' dir='ltr'><strong>ad</strong></span> <span class='ocrx_word' id='word_1_516' title='bbox 1126 3824 1526 3881; x_wconf 88' lang='lat' dir='ltr'><strong>invocationem</strong></span> <span class='ocrx_word' id='word_1_517' title='bbox 1564 3827 1695 3883; x_wconf 78' lang='lat' dir='ltr'><strong>Eliae</strong></span> <span class='ocrx_word' id='word_1_518' title='bbox 1721 3844 1817 3885; x_wconf 83' lang='lat' dir='ltr'><strong>vo-</strong></span> 
     </span>
    </p>
   </div>
   <div class='ocr_carea' id='block_1_69' title="bbox 223 3916 1815 3993">
    <p class='ocr_par' dir='ltr' id='par_1_69' title="bbox 223 3916 1815 3993">
     <span class='ocr_line' id='line_1_69' title="bbox 223 3916 1815 3993; baseline 0.005 -23"><span class='ocrx_word' id='word_1_519' title='bbox 223 3916 367 3971; x_wconf 87' lang='lat' dir='ltr'><strong>ravit</strong></span> <span class='ocrx_word' id='word_1_520' title='bbox 449 3918 852 3988; x_wconf 86' lang='lat' dir='ltr'><strong>holocaustum,</strong></span> <span class='ocrx_word' id='word_1_521' title='bbox 908 3920 1053 3992; x_wconf 84' lang='lat' dir='ltr'><strong>ligna</strong></span> <span class='ocrx_word' id='word_1_522' title='bbox 1130 3930 1187 3976; x_wconf 93' lang='lat' dir='ltr'><strong>et</strong></span> <span class='ocrx_word' id='word_1_523' title='bbox 1246 3920 1476 3992; x_wconf 89' lang='lat' dir='ltr'><strong>lapides,</strong></span> <span class='ocrx_word' id='word_1_524' title='bbox 1540 3923 1815 3993; x_wconf 89' lang='lat' dir='ltr'><strong>pulverem</strong></span> 
     </span>
    </p>
   </div>
   <div class='ocr_carea' id='block_1_70' title="bbox 226 4014 1816 4084">
    <p class='ocr_par' dir='ltr' id='par_1_70' title="bbox 226 4014 1816 4084">
     <span class='ocr_line' id='line_1_70' title="bbox 226 4014 1816 4084; baseline 0.006 -23"><span class='ocrx_word' id='word_1_525' title='bbox 226 4022 445 4077; x_wconf 89' lang='lat' dir='ltr'><strong>quoque</strong></span> <span class='ocrx_word' id='word_1_526' title='bbox 493 4017 549 4064; x_wconf 86' lang='lat' dir='ltr'><strong>et</strong></span> <span class='ocrx_word' id='word_1_527' title='bbox 596 4026 814 4079; x_wconf 87' lang='lat' dir='ltr'><strong>aquam,</strong></span> <span class='ocrx_word' id='word_1_528' title='bbox 866 4027 986 4082; x_wconf 67' lang='lat' dir='ltr'><strong>qua:</strong></span> <span class='ocrx_word' id='word_1_529' title='bbox 1034 4020 1153 4067; x_wconf 88' lang='lat' dir='ltr'><strong>erat</strong></span> <span class='ocrx_word' id='word_1_530' title='bbox 1206 4014 1263 4067; x_wconf 91' lang='lat' dir='ltr'><strong>in</strong></span> <span class='ocrx_word' id='word_1_531' title='bbox 1305 4015 1624 4084; x_wconf 72' lang='lat' dir='ltr'><strong>aqumductu</strong></span> <span class='ocrx_word' id='word_1_532' title='bbox 1675 4015 1816 4071; x_wconf 86' lang='lat' dir='ltr'><strong>lam-</strong></span> 
     </span>
    </p>
   </div>
   <div class='ocr_carea' id='block_1_71' title="bbox 231 4100 1820 4174">
    <p class='ocr_par' dir='ltr' id='par_1_71' title="bbox 231 4100 1820 4174">
     <span class='ocr_line' id='line_1_71' title="bbox 231 4100 1820 4174; baseline 0.005 -19"><span class='ocrx_word' id='word_1_533' title='bbox 231 4100 387 4165; x_wconf 88' lang='lat' dir='ltr'><strong>bens,</strong></span> <span class='ocrx_word' id='word_1_534' title='bbox 441 4122 465 4155; x_wconf 74' lang='grc' dir='ltr'><strong><em>ι</em></strong></span> <span class='ocrx_word' id='word_1_535' title='bbox 506 4101 724 4172; x_wconf 89' lang='lat' dir='ltr'><strong>quando</strong></span> <span class='ocrx_word' id='word_1_536' title='bbox 763 4103 1054 4159; x_wconf 88' lang='lat' dir='ltr'><strong>discrimen</strong></span> <span class='ocrx_word' id='word_1_537' title='bbox 1092 4105 1310 4174; x_wconf 86' lang='lat' dir='ltr'><strong>superni</strong></span> <span class='ocrx_word' id='word_1_538' title='bbox 1341 4104 1546 4161; x_wconf 87' lang='lat' dir='ltr'><strong>Judicis</strong></span> <span class='ocrx_word' id='word_1_539' title='bbox 1592 4108 1735 4162; x_wconf 89' lang='lat' dir='ltr'><strong>dicta</strong></span> <span class='ocrx_word' id='word_1_540' title='bbox 1763 4117 1820 4163; x_wconf 91' lang='lat' dir='ltr'><strong>et</strong></span> 
     </span>
    </p>
   </div>
   <div class='ocr_carea' id='block_1_72' title="bbox 228 4190 1817 4267">
    <p class='ocr_par' dir='ltr' id='par_1_72' title="bbox 228 4190 1817 4267">
     <span class='ocr_line' id='line_1_72' title="bbox 228 4190 1817 4267; baseline 0.005 -21"><span class='ocrx_word' id='word_1_541' title='bbox 228 4190 369 4248; x_wconf 91' lang='lat' dir='ltr'><strong>facta</strong></span> <span class='ocrx_word' id='word_1_542' title='bbox 403 4209 475 4250; x_wconf 90' lang='lat' dir='ltr'><strong>ac</strong></span> <span class='ocrx_word' id='word_1_543' title='bbox 507 4202 674 4249; x_wconf 89' lang='lat' dir='ltr'><strong>totam</strong></span> <span class='ocrx_word' id='word_1_544' title='bbox 722 4196 891 4251; x_wconf 90' lang='lat' dir='ltr'><strong>vitam</strong></span> <span class='ocrx_word' id='word_1_545' title='bbox 940 4205 1183 4252; x_wconf 90' lang='lat' dir='ltr'><strong>nostram</strong></span> <span class='ocrx_word' id='word_1_546' title='bbox 1213 4196 1454 4267; x_wconf 86' lang='lat' dir='ltr'><strong>perfecte</strong></span> <span class='ocrx_word' id='word_1_547' title='bbox 1478 4200 1817 4266; x_wconf 80' lang='lat' dir='ltr'><strong>examinans,</strong></span> 
     </span>
    </p>
   </div>
   <div class='ocr_carea' id='block_1_73' title="bbox 225 4284 1819 4360">
    <p class='ocr_par' dir='ltr' id='par_1_73' title="bbox 225 4284 1819 4360">
     <span class='ocr_line' id='line_1_73' title="bbox 225 4284 1819 4360; baseline 0.004 -22"><span class='ocrx_word' id='word_1_548' title='bbox 225 4284 516 4352; x_wconf 87' lang='lat' dir='ltr'><strong>probando</strong></span> <span class='ocrx_word' id='word_1_549' title='bbox 547 4302 666 4353; x_wconf 89' lang='lat' dir='ltr'><strong>nos,</strong></span> <span class='ocrx_word' id='word_1_550' title='bbox 712 4289 853 4343; x_wconf 88' lang='lat' dir='ltr'><strong>sicut</strong></span> <span class='ocrx_word' id='word_1_551' title='bbox 902 4289 1027 4360; x_wconf 87' lang='lat' dir='ltr'><strong>igne</strong></span> <span class='ocrx_word' id='word_1_552' title='bbox 1070 4289 1333 4360; x_wconf 87' lang='lat' dir='ltr'><strong>probatur</strong></span> <span class='ocrx_word' id='word_1_553' title='bbox 1367 4298 1671 4360; x_wconf 78' lang='lat' dir='ltr'><strong>argentum,</strong></span> <span class='ocrx_word' id='word_1_554' title='bbox 1719 4290 1819 4344; x_wconf 91' lang='lat' dir='ltr'><strong>im-</strong></span> 
     </span>
    </p>
   </div>
   <div class='ocr_carea' id='block_1_74' title="bbox 228 4381 1819 4465">
    <p class='ocr_par' dir='ltr' id='par_1_74' title="bbox 228 4381 1819 4465">
     <span class='ocr_line' id='line_1_74' title="bbox 228 4381 1819 4465; baseline 0.004 -31"><span class='ocrx_word' id='word_1_555' title='bbox 228 4381 496 4437; x_wconf 89' lang='lat' dir='ltr'><strong>mortales</strong></span> <span class='ocrx_word' id='word_1_556' title='bbox 521 4398 587 4438; x_wconf 91' lang='lat' dir='ltr'><strong>ac</strong></span> <span class='ocrx_word' id='word_1_557' title='bbox 615 4384 805 4440; x_wconf 87' lang='lat' dir='ltr'><strong>beatos</strong></span> <span class='ocrx_word' id='word_1_558' title='bbox 834 4385 889 4439; x_wconf 92' lang='lat' dir='ltr'><strong>in</strong></span> <span class='ocrx_word' id='word_1_559' title='bbox 936 4385 1062 4440; x_wconf 87' lang='lat' dir='ltr'><strong>sede</strong></span> <span class='ocrx_word' id='word_1_560' title='bbox 1110 4384 1399 4441; x_wconf 88' lang='lat' dir='ltr'><strong>collocabit</strong></span> <span class='ocrx_word' id='word_1_561' title='bbox 1438 4393 1819 4465; x_wconf 32' lang='lat' dir='ltr'><strong>perpetuanut</strong></span> 
     </span>
    </p>
   </div>
   <div class='ocr_carea' id='block_1_75' title="bbox 231 4471 1821 4547">
    <p class='ocr_par' dir='ltr' id='par_1_75' title="bbox 231 4471 1821 4547">
     <span class='ocr_line' id='line_1_75' title="bbox 231 4471 1821 4547; baseline 0.004 -23"><span class='ocrx_word' id='word_1_562' title='bbox 231 4471 297 4525; x_wconf 90' lang='lat' dir='ltr'><strong>ad</strong></span> <span class='ocrx_word' id='word_1_563' title='bbox 340 4472 522 4527; x_wconf 86' lang='lat' dir='ltr'><strong>instar</strong></span> <span class='ocrx_word' id='word_1_564' title='bbox 558 4473 799 4529; x_wconf 91' lang='lat' dir='ltr'><strong>virorum</strong></span> <span class='ocrx_word' id='word_1_565' title='bbox 826 4474 1191 4530; x_wconf 85' lang='lat' dir='ltr'><strong>lsraelitarum</strong></span> <span class='ocrx_word' id='word_1_566' title='bbox 1222 4477 1278 4529; x_wconf 91' lang='lat' dir='ltr'><strong>in</strong></span> <span class='ocrx_word' id='word_1_567' title='bbox 1325 4484 1587 4531; x_wconf 81' lang='lat' dir='ltr'><strong>aeternum</strong></span> <span class='ocrx_word' id='word_1_568' title='bbox 1635 4483 1821 4547; x_wconf 88' lang='lat' dir='ltr'><strong>gratu-</strong></span> 
     </span>
    </p>
   </div>
   <div class='ocr_carea' id='block_1_76' title="bbox 228 4560 1819 4636">
    <p class='ocr_par' dir='ltr' id='par_1_76' title="bbox 228 4560 1819 4636">
     <span class='ocr_line' id='line_1_76' title="bbox 228 4560 1819 4636; baseline 0.006 -23"><span class='ocrx_word' id='word_1_569' title='bbox 228 4560 388 4619; x_wconf 85' lang='lat' dir='ltr'><strong>lando</strong></span> <span class='ocrx_word' id='word_1_570' title='bbox 419 4579 687 4621; x_wconf 82' lang='lat' dir='ltr'><strong>canamus</strong></span> <span class='ocrx_word' id='word_1_571' title='bbox 719 4584 732 4620; x_wconf 90' lang='lat'><strong>:</strong></span> <span class='ocrx_word' id='word_1_572' title='bbox 775 4584 793 4618; x_wconf 79' lang='grc' dir='ltr'>ι</span> <span class='ocrx_word' id='word_1_573' title='bbox 831 4565 1091 4621; x_wconf 89' lang='lat' dir='ltr'><strong>Dominus</strong></span> <span class='ocrx_word' id='word_1_574' title='bbox 1137 4566 1253 4636; x_wconf 88' lang='lat' dir='ltr'><strong>ipse</strong></span> <span class='ocrx_word' id='word_1_575' title='bbox 1289 4575 1376 4622; x_wconf 90' lang='lat' dir='ltr'><strong>est</strong></span> <span class='ocrx_word' id='word_1_576' title='bbox 1402 4566 1569 4632; x_wconf 90' lang='lat' dir='ltr'><strong>Deus,</strong></span> <span class='ocrx_word' id='word_1_577' title='bbox 1598 4568 1717 4635; x_wconf 90' lang='lat' dir='ltr'><strong>ipse</strong></span> <span class='ocrx_word' id='word_1_578' title='bbox 1743 4566 1819 4622; x_wconf 89' lang='lat' dir='ltr'><strong>fe-</strong></span> 
     </span>
    </p>
   </div>
   <div class='ocr_carea' id='block_1_77' title="bbox 231 4656 1822 4731">
    <p class='ocr_par' dir='ltr' id='par_1_77' title="bbox 231 4656 1822 4731">
     <span class='ocr_line' id='line_1_77' title="bbox 231 4656 1822 4731; baseline 0.003 -22"><span class='ocrx_word' id='word_1_579' title='bbox 231 4656 303 4710; x_wconf 90' lang='lat' dir='ltr'><strong>cit</strong></span> <span class='ocrx_word' id='word_1_580' title='bbox 338 4673 458 4726; x_wconf 91' lang='lat' dir='ltr'><strong>nos,</strong></span> <span class='ocrx_word' id='word_1_581' title='bbox 496 4666 552 4714; x_wconf 88' lang='lat' dir='ltr'><strong>et</strong></span> <span class='ocrx_word' id='word_1_582' title='bbox 575 4675 683 4715; x_wconf 92' lang='lat' dir='ltr'><strong>non</strong></span> <span class='ocrx_word' id='word_1_583' title='bbox 712 4660 813 4731; x_wconf 89' lang='lat' dir='ltr'><strong>ipsi</strong></span> <span class='ocrx_word' id='word_1_584' title='bbox 839 4676 958 4715; x_wconf 90' lang='lat' dir='ltr'><strong>nos.</strong></span> <span class='ocrx_word' id='word_1_585' title='bbox 992 4658 1102 4715; x_wconf 86' lang='lat' dir='ltr'><strong>Nos</strong></span> <span class='ocrx_word' id='word_1_586' title='bbox 1137 4667 1319 4715; x_wconf 90' lang='lat' dir='ltr'><strong>autem</strong></span> <span class='ocrx_word' id='word_1_587' title='bbox 1355 4659 1585 4729; x_wconf 91' lang='lat' dir='ltr'><strong>populus</strong></span> <span class='ocrx_word' id='word_1_588' title='bbox 1606 4658 1739 4728; x_wconf 88' lang='lat' dir='ltr'><strong>ejus,</strong></span> <span class='ocrx_word' id='word_1_589' title='bbox 1766 4667 1822 4714; x_wconf 86' lang='lat' dir='ltr'><strong>et</strong></span> 
     </span>
    </p>
   </div>
   <div class='ocr_carea' id='block_1_78' title="bbox 233 4750 1817 4826">
    <p class='ocr_par' dir='ltr' id='par_1_78' title="bbox 233 4750 1817 4826">
     <span class='ocr_line' id='line_1_78' title="bbox 233 4750 1817 4826; baseline 0.003 -26"><span class='ocrx_word' id='word_1_590' title='bbox 233 4761 357 4804; x_wconf 88' lang='lat' dir='ltr'><strong>oves</strong></span> <span class='ocrx_word' id='word_1_591' title='bbox 380 4765 605 4820; x_wconf 60' lang='lat' dir='ltr'><strong>pascuae</strong></span> <span class='ocrx_word' id='word_1_592' title='bbox 635 4751 750 4822; x_wconf 91' lang='lat' dir='ltr'><strong>ejus</strong></span> <span class='ocrx_word' id='word_1_593' title='bbox 778 4750 951 4823; x_wconf 79' lang='lat' dir='ltr'><strong>(Psat.</strong></span> <span class='ocrx_word' id='word_1_594' title='bbox 989 4751 1160 4826; x_wconf 77' lang='lat' dir='ltr'><strong>xcrx).</strong></span> <span class='ocrx_word' id='word_1_595' title='bbox 1200 4773 1221 4805; x_wconf 84' lang='grc'>›</span> <span class='ocrx_word' id='word_1_596' title='bbox 1250 4751 1504 4807; x_wconf 85' lang='lat' dir='ltr'><strong>Mundato</strong></span> <span class='ocrx_word' id='word_1_597' title='bbox 1527 4752 1710 4821; x_wconf 88' lang='lat' dir='ltr'><strong>itaque</strong></span> <span class='ocrx_word' id='word_1_598' title='bbox 1736 4752 1817 4806; x_wconf 91' lang='lat' dir='ltr'><strong>al-</strong></span> 
     </span>
    </p>
   </div>
   <div class='ocr_carea' id='block_1_79' title="bbox 238 4842 1821 4916">
    <p class='ocr_par' dir='ltr' id='par_1_79' title="bbox 238 4842 1821 4916">
     <span class='ocr_line' id='line_1_79' title="bbox 238 4842 1821 4916; baseline 0.005 -22"><span class='ocrx_word' id='word_1_599' title='bbox 238 4842 336 4896; x_wconf 86' lang='lat' dir='ltr'><strong>tari</strong></span> <span class='ocrx_word' id='word_1_600' title='bbox 373 4843 617 4909; x_wconf 88' lang='lat' dir='ltr'><strong>Domini,</strong></span> <span class='ocrx_word' id='word_1_601' title='bbox 643 4853 699 4900; x_wconf 89' lang='lat' dir='ltr'><strong>et</strong></span> <span class='ocrx_word' id='word_1_602' title='bbox 744 4847 1081 4916; x_wconf 89' lang='lat' dir='ltr'><strong>consumptis</strong></span> <span class='ocrx_word' id='word_1_603' title='bbox 1130 4845 1485 4911; x_wconf 88' lang='lat' dir='ltr'><strong>holocaustis,</strong></span> <span class='ocrx_word' id='word_1_604' title='bbox 1516 4845 1655 4902; x_wconf 80' lang='lat' dir='ltr'><strong>dixit</strong></span> <span class='ocrx_word' id='word_1_605' title='bbox 1672 4844 1821 4902; x_wconf 85' lang='lat' dir='ltr'><strong>Elias</strong></span> 
     </span>
    </p>
   </div>
   <div class='ocr_carea' id='block_1_80' title="bbox 236 4934 1053 5016">
    <p class='ocr_par' dir='ltr' id='par_1_80' title="bbox 236 4934 1053 5016">
     <span class='ocr_line' id='line_1_80' title="bbox 236 4934 1053 5016; baseline 0.007 -31"><span class='ocrx_word' id='word_1_606' title='bbox 236 4934 498 5003; x_wconf 87' lang='lat' dir='ltr'><strong>propheta</strong></span> <span class='ocrx_word' id='word_1_607' title='bbox 531 4934 627 4990; x_wconf 87' lang='lat' dir='ltr'><strong>Dei</strong></span> <span class='ocrx_word' id='word_1_608' title='bbox 662 4936 728 4991; x_wconf 88' lang='lat' dir='ltr'><strong>ad</strong></span> <span class='ocrx_word' id='word_1_609' title='bbox 749 4936 1008 5016; x_wconf 82' lang='lat' dir='ltr'><strong>populum</strong></span> <span class='ocrx_word' id='word_1_610' title='bbox 1032 4934 1053 4991; x_wconf 74' lang='grc' dir='ltr'>ἐ</span> 
     </span>
    </p>
   </div>
   <div class='ocr_carea' id='block_1_81' title="bbox 311 5026 1821 5100">
    <p class='ocr_par' dir='ltr' id='par_1_81' title="bbox 311 5026 1821 5100">
     <span class='ocr_line' id='line_1_81' title="bbox 311 5026 1821 5100; baseline 0 -19"><span class='ocrx_word' id='word_1_611' title='bbox 311 5042 329 5076; x_wconf 81' lang='grc' dir='ltr'>ι</span> <span class='ocrx_word' id='word_1_612' title='bbox 369 5027 777 5100; x_wconf 83' lang='lat' dir='ltr'><strong>Apprehendite</strong></span> <span class='ocrx_word' id='word_1_613' title='bbox 798 5042 989 5084; x_wconf 90' lang='lat' dir='ltr'><strong>omnes</strong></span> <span class='ocrx_word' id='word_1_614' title='bbox 1014 5029 1306 5098; x_wconf 86' lang='lat' dir='ltr'><strong>prophetas</strong></span> <span class='ocrx_word' id='word_1_615' title='bbox 1330 5026 1485 5093; x_wconf 89' lang='lat' dir='ltr'><strong>Baal,</strong></span> <span class='ocrx_word' id='word_1_616' title='bbox 1513 5034 1571 5082; x_wconf 91' lang='lat' dir='ltr'><strong>et</strong></span> <span class='ocrx_word' id='word_1_617' title='bbox 1590 5040 1660 5082; x_wconf 90' lang='lat' dir='ltr'><strong>ne</strong></span> <span class='ocrx_word' id='word_1_618' title='bbox 1681 5041 1821 5081; x_wconf 92' lang='lat' dir='ltr'><strong>unus</strong></span> 
     </span>
    </p>
   </div>
   <div class='ocr_carea' id='block_1_82' title="bbox 249 5120 1821 5191">
    <p class='ocr_par' dir='ltr' id='par_1_82' title="bbox 249 5120 1821 5191">
     <span class='ocr_line' id='line_1_82' title="bbox 249 5120 1821 5191; baseline 0 -17"><span class='ocrx_word' id='word_1_619' title='bbox 249 5133 267 5166; x_wconf 69' lang='grc' dir='ltr'>ι</span> <span class='ocrx_word' id='word_1_620' title='bbox 320 5120 539 5188; x_wconf 87' lang='lat' dir='ltr'><strong>quidem</strong></span> <span class='ocrx_word' id='word_1_621' title='bbox 583 5120 755 5191; x_wconf 88' lang='lat' dir='ltr'><strong>fugiat</strong></span> <span class='ocrx_word' id='word_1_622' title='bbox 800 5136 868 5176; x_wconf 81' lang='lat' dir='ltr'><strong>ex</strong></span> <span class='ocrx_word' id='word_1_623' title='bbox 901 5121 1000 5176; x_wconf 89' lang='lat' dir='ltr'><strong>eis.</strong></span> <span class='ocrx_word' id='word_1_624' title='bbox 1040 5121 1188 5189; x_wconf 87' lang='lat' dir='ltr'><strong>Quos</strong></span> <span class='ocrx_word' id='word_1_625' title='bbox 1225 5136 1350 5177; x_wconf 89' lang='lat' dir='ltr'><strong>cum</strong></span> <span class='ocrx_word' id='word_1_626' title='bbox 1373 5120 1821 5190; x_wconf 91' lang='lat' dir='ltr'><strong>comprehendis-</strong></span> 
     </span>
    </p>
   </div>
   <div class='ocr_carea' id='block_1_83' title="bbox 250 5209 1824 5282">
    <p class='ocr_par' dir='ltr' id='par_1_83' title="bbox 250 5209 1824 5282">
     <span class='ocr_line' id='line_1_83' title="bbox 250 5209 1824 5282; baseline 0.001 -19"><span class='ocrx_word' id='word_1_627' title='bbox 250 5222 269 5256; x_wconf 74' lang='grc' dir='ltr'>ι</span> <span class='ocrx_word' id='word_1_628' title='bbox 325 5219 464 5277; x_wconf 86' lang='lat' dir='ltr'><strong>sent,</strong></span> <span class='ocrx_word' id='word_1_629' title='bbox 496 5212 653 5265; x_wconf 80' lang='lat' dir='ltr'><strong>duxit</strong></span> <span class='ocrx_word' id='word_1_630' title='bbox 695 5225 790 5266; x_wconf 89' lang='lat' dir='ltr'><strong>eos</strong></span> <span class='ocrx_word' id='word_1_631' title='bbox 816 5211 963 5265; x_wconf 89' lang='lat' dir='ltr'><strong>Elias</strong></span> <span class='ocrx_word' id='word_1_632' title='bbox 991 5211 1059 5265; x_wconf 91' lang='lat' dir='ltr'><strong>ad</strong></span> <span class='ocrx_word' id='word_1_633' title='bbox 1089 5219 1385 5268; x_wconf 85' lang='lat' dir='ltr'><strong>torrentem</strong></span> <span class='ocrx_word' id='word_1_634' title='bbox 1412 5209 1575 5266; x_wconf 90' lang='lat' dir='ltr'><strong>Cison</strong></span> <span class='ocrx_word' id='word_1_635' title='bbox 1602 5210 1717 5282; x_wconf 87' lang='lat' dir='ltr'><strong>(qui</strong></span> <span class='ocrx_word' id='word_1_636' title='bbox 1743 5211 1824 5265; x_wconf 92' lang='lat' dir='ltr'><strong>in-</strong></span> 
     </span>
    </p>
   </div>
   <div class='ocr_carea' id='block_1_84' title="bbox 254 5302 1817 5375">
    <p class='ocr_par' dir='ltr' id='par_1_84' title="bbox 254 5302 1817 5375">
     <span class='ocr_line' id='line_1_84' title="bbox 254 5302 1817 5375; baseline -0.002 -17"><span class='ocrx_word' id='word_1_637' title='bbox 254 5318 272 5350; x_wconf 71' lang='lat' dir='ltr'><strong>t</strong></span> <span class='ocrx_word' id='word_1_638' title='bbox 320 5309 650 5374; x_wconf 82' lang='lat' dir='ltr'><strong>terpretatur</strong></span> <span class='ocrx_word' id='word_1_639' title='bbox 681 5302 879 5357; x_wconf 50' lang='lat' dir='ltr'><strong>duritia</strong></span> <span class='ocrx_word' id='word_1_640' title='bbox 899 5303 1124 5375; x_wconf 83' lang='lat' dir='ltr'><strong>eorum),</strong></span> <span class='ocrx_word' id='word_1_641' title='bbox 1155 5311 1211 5357; x_wconf 90' lang='lat' dir='ltr'><strong>et</strong></span> <span class='ocrx_word' id='word_1_642' title='bbox 1238 5302 1509 5359; x_wconf 87' lang='lat' dir='ltr'><strong>interfecit</strong></span> <span class='ocrx_word' id='word_1_643' title='bbox 1541 5318 1635 5359; x_wconf 90' lang='lat' dir='ltr'><strong>eos</strong></span> <span class='ocrx_word' id='word_1_644' title='bbox 1662 5302 1757 5358; x_wconf 91' lang='lat' dir='ltr'><strong>ibi.</strong></span> <span class='ocrx_word' id='word_1_645' title='bbox 1797 5322 1817 5355; x_wconf 75' lang='grc' dir='ltr'><strong><em>ι</em></strong></span> 
     </span>
    </p>
   </div>
   <div class='ocr_carea' id='block_1_85' title="bbox 251 5389 1821 5468">
    <p class='ocr_par' dir='ltr' id='par_1_85' title="bbox 251 5389 1821 5468">
     <span class='ocr_line' id='line_1_85' title="bbox 251 5389 1821 5468; baseline 0.001 -22"><span class='ocrx_word' id='word_1_646' title='bbox 251 5389 337 5448; x_wconf 91' lang='lat' dir='ltr'><strong>Sic</strong></span> <span class='ocrx_word' id='word_1_647' title='bbox 361 5410 574 5466; x_wconf 89' lang='lat' dir='ltr'><strong>quoque</strong></span> <span class='ocrx_word' id='word_1_648' title='bbox 607 5395 938 5468; x_wconf 81' lang='lat' dir='ltr'><strong>Redemptor</strong></span> <span class='ocrx_word' id='word_1_649' title='bbox 967 5402 1172 5461; x_wconf 88' lang='lat' dir='ltr'><strong>noster,</strong></span> <span class='ocrx_word' id='word_1_650' title='bbox 1213 5394 1531 5450; x_wconf 89' lang='lat' dir='ltr'><strong>adveniente</strong></span> <span class='ocrx_word' id='word_1_651' title='bbox 1570 5394 1656 5448; x_wconf 90' lang='lat' dir='ltr'><strong>die</strong></span> <span class='ocrx_word' id='word_1_652' title='bbox 1673 5391 1821 5461; x_wconf 89' lang='lat' dir='ltr'><strong>judi-</strong></span> 
     </span>
    </p>
   </div>
   <div class='ocr_carea' id='block_1_86' title="bbox 251 5484 1822 5560">
    <p class='ocr_par' dir='ltr' id='par_1_86' title="bbox 251 5484 1822 5560">
     <span class='ocr_line' id='line_1_86' title="bbox 251 5484 1822 5560; baseline 0.001 -23"><span class='ocrx_word' id='word_1_653' title='bbox 251 5484 336 5549; x_wconf 89' lang='lat' dir='ltr'><strong>cii,</strong></span> <span class='ocrx_word' id='word_1_654' title='bbox 366 5504 384 5537; x_wconf 82' lang='grc'><strong>‹</strong></span> <span class='ocrx_word' id='word_1_655' title='bbox 416 5489 594 5544; x_wconf 86' lang='lat' dir='ltr'><strong>mittet</strong></span> <span class='ocrx_word' id='word_1_656' title='bbox 625 5487 845 5560; x_wconf 87' lang='lat' dir='ltr'><strong>angelos</strong></span> <span class='ocrx_word' id='word_1_657' title='bbox 892 5502 1040 5553; x_wconf 90' lang='lat' dir='ltr'><strong>suos,</strong></span> <span class='ocrx_word' id='word_1_658' title='bbox 1072 5494 1128 5542; x_wconf 91' lang='lat' dir='ltr'><strong>et</strong></span> <span class='ocrx_word' id='word_1_659' title='bbox 1149 5485 1406 5557; x_wconf 86' lang='lat' dir='ltr'><strong>colligent</strong></span> <span class='ocrx_word' id='word_1_660' title='bbox 1448 5484 1631 5540; x_wconf 90' lang='lat' dir='ltr'><strong>omnia</strong></span> <span class='ocrx_word' id='word_1_661' title='bbox 1666 5499 1822 5539; x_wconf 89' lang='lat' dir='ltr'><strong>scan-</strong></span> 
     </span>
    </p>
   </div>
   <div class='ocr_carea' id='block_1_87' title="bbox 254 5573 1821 5648">
    <p class='ocr_par' dir='ltr' id='par_1_87' title="bbox 254 5573 1821 5648">
     <span class='ocr_line' id='line_1_87' title="bbox 254 5573 1821 5648; baseline 0.003 -23"><span class='ocrx_word' id='word_1_662' title='bbox 254 5573 368 5628; x_wconf 86' lang='lat' dir='ltr'><strong>dala</strong></span> <span class='ocrx_word' id='word_1_663' title='bbox 395 5577 462 5631; x_wconf 92' lang='lat' dir='ltr'><strong>de</strong></span> <span class='ocrx_word' id='word_1_664' title='bbox 504 5593 672 5648; x_wconf 84' lang='lat' dir='ltr'><strong>regno</strong></span> <span class='ocrx_word' id='word_1_665' title='bbox 719 5578 857 5647; x_wconf 88' lang='lat' dir='ltr'><strong>ejus,</strong></span> <span class='ocrx_word' id='word_1_666' title='bbox 904 5585 960 5633; x_wconf 93' lang='lat' dir='ltr'><strong>et</strong></span> <span class='ocrx_word' id='word_1_667' title='bbox 983 5592 1078 5632; x_wconf 87' lang='lat' dir='ltr'><strong>eos</strong></span> <span class='ocrx_word' id='word_1_668' title='bbox 1104 5577 1195 5648; x_wconf 91' lang='lat' dir='ltr'><strong>qui</strong></span> <span class='ocrx_word' id='word_1_669' title='bbox 1237 5585 1532 5646; x_wconf 88' lang='lat' dir='ltr'><strong>operantur</strong></span> <span class='ocrx_word' id='word_1_670' title='bbox 1563 5575 1821 5644; x_wconf 90' lang='lat' dir='ltr'><strong>iniquita-</strong></span> 
     </span>
    </p>
   </div>
   <div class='ocr_carea' id='block_1_88' title="bbox 255 5666 1823 5738">
    <p class='ocr_par' dir='ltr' id='par_1_88' title="bbox 255 5666 1823 5738">
     <span class='ocr_line' id='line_1_88' title="bbox 255 5666 1823 5738; baseline 0.004 -22"><span class='ocrx_word' id='word_1_671' title='bbox 255 5669 381 5731; x_wconf 88' lang='lat' dir='ltr'><strong>tem,</strong></span> <span class='ocrx_word' id='word_1_672' title='bbox 415 5675 472 5721; x_wconf 89' lang='lat' dir='ltr'><strong>et</strong></span> <span class='ocrx_word' id='word_1_673' title='bbox 496 5668 710 5723; x_wconf 88' lang='lat' dir='ltr'><strong>mittent</strong></span> <span class='ocrx_word' id='word_1_674' title='bbox 753 5682 848 5723; x_wconf 87' lang='lat' dir='ltr'><strong>eos</strong></span> <span class='ocrx_word' id='word_1_675' title='bbox 876 5670 932 5720; x_wconf 91' lang='lat' dir='ltr'><strong>in</strong></span> <span class='ocrx_word' id='word_1_676' title='bbox 975 5676 1226 5734; x_wconf 77' lang='lat' dir='ltr'><strong>stagnum</strong></span> <span class='ocrx_word' id='word_1_677' title='bbox 1264 5667 1406 5738; x_wconf 90' lang='lat' dir='ltr'><strong>ignis</strong></span> <span class='ocrx_word' id='word_1_678' title='bbox 1444 5675 1501 5722; x_wconf 93' lang='lat' dir='ltr'><strong>et</strong></span> <span class='ocrx_word' id='word_1_679' title='bbox 1545 5666 1823 5737; x_wconf 88' lang='lat' dir='ltr'><strong>sulphuris</strong></span> 
     </span>
    </p>
   </div>
   <div class='ocr_carea' id='block_1_89' title="bbox 256 5754 1823 5829">
    <p class='ocr_par' dir='ltr' id='par_1_89' title="bbox 256 5754 1823 5829">
     <span class='ocr_line' id='line_1_89' title="bbox 256 5754 1823 5829; baseline -0.001 -20"><span class='ocrx_word' id='word_1_680' title='bbox 256 5754 343 5810; x_wconf 86' lang='lat' dir='ltr'><strong>ubi</strong></span> <span class='ocrx_word' id='word_1_681' title='bbox 363 5767 450 5813; x_wconf 86' lang='lat' dir='ltr'><strong>est</strong></span> <span class='ocrx_word' id='word_1_682' title='bbox 482 5759 654 5815; x_wconf 88' lang='lat' dir='ltr'><strong>bestia</strong></span> <span class='ocrx_word' id='word_1_683' title='bbox 698 5767 756 5814; x_wconf 92' lang='lat' dir='ltr'><strong>et</strong></span> <span class='ocrx_word' id='word_1_684' title='bbox 776 5754 1276 5829; x_wconf 70' lang='lat' dir='ltr'><strong>pseudopropheue,</strong></span> <span class='ocrx_word' id='word_1_685' title='bbox 1307 5754 1399 5805; x_wconf 92' lang='lat' dir='ltr'><strong>ubi</strong></span> <span class='ocrx_word' id='word_1_686' title='bbox 1428 5763 1485 5807; x_wconf 87' lang='lat' dir='ltr'><strong>et</strong></span> <span class='ocrx_word' id='word_1_687' title='bbox 1510 5758 1710 5807; x_wconf 83' lang='lat' dir='ltr'><strong>missus</strong></span> <span class='ocrx_word' id='word_1_688' title='bbox 1735 5765 1823 5807; x_wconf 76' lang='lat' dir='ltr'><strong>est</strong></span> 
     </span>
    </p>
   </div>
   <div class='ocr_carea' id='block_1_90' title="bbox 260 5843 1820 5922">
    <p class='ocr_par' dir='ltr' id='par_1_90' title="bbox 260 5843 1820 5922">
     <span class='ocr_line' id='line_1_90' title="bbox 260 5843 1820 5922; baseline 0.001 -24"><span class='ocrx_word' id='word_1_689' title='bbox 260 5843 498 5907; x_wconf 83' lang='lat' dir='ltr'><strong>diabolus</strong></span> <span class='ocrx_word' id='word_1_690' title='bbox 520 5852 608 5922; x_wconf 91' lang='lat' dir='ltr'><strong>qui</strong></span> <span class='ocrx_word' id='word_1_691' title='bbox 635 5851 927 5906; x_wconf 90' lang='lat' dir='ltr'><strong>seducebat</strong></span> <span class='ocrx_word' id='word_1_692' title='bbox 954 5864 1072 5913; x_wconf 90' lang='lat' dir='ltr'><strong>eos,</strong></span> <span class='ocrx_word' id='word_1_693' title='bbox 1108 5855 1163 5903; x_wconf 92' lang='lat' dir='ltr'><strong>et</strong></span> <span class='ocrx_word' id='word_1_694' title='bbox 1211 5844 1595 5902; x_wconf 77' lang='lat' dir='ltr'><strong>cruciabuntur</strong></span> <span class='ocrx_word' id='word_1_695' title='bbox 1621 5845 1697 5901; x_wconf 91' lang='lat' dir='ltr'><strong>ibi</strong></span> <span class='ocrx_word' id='word_1_696' title='bbox 1729 5858 1820 5901; x_wconf 91' lang='lat' dir='ltr'><strong>se-</strong></span> 
     </span>
    </p>
   </div>
   <div class='ocr_carea' id='block_1_91' title="bbox 1926 3458 3509 3545">
    <p class='ocr_par' dir='ltr' id='par_1_91' title="bbox 1926 3458 3509 3545">
     <span class='ocr_line' id='line_1_91' title="bbox 1926 3458 3509 3545; baseline -0.009 -17"><span class='ocrx_word' id='word_1_697' title='bbox 1926 3493 1947 3528; x_wconf 73' lang='grc' dir='ltr'><strong><em>ι</em></strong></span> <span class='ocrx_word' id='word_1_698' title='bbox 1993 3487 2156 3545; x_wconf 87' lang='lat' dir='ltr'><strong>quam</strong></span> <span class='ocrx_word' id='word_1_699' title='bbox 2204 3476 2389 3541; x_wconf 90' lang='lat' dir='ltr'><strong>patres</strong></span> <span class='ocrx_word' id='word_1_700' title='bbox 2436 3467 2564 3521; x_wconf 90' lang='lat' dir='ltr'><strong>mei.</strong></span> <span class='ocrx_word' id='word_1_701' title='bbox 2597 3465 2941 3535; x_wconf 86' lang='lat' dir='ltr'><strong>Projecitque</strong></span> <span class='ocrx_word' id='word_1_702' title='bbox 2970 3476 3030 3518; x_wconf 90' lang='lat' dir='ltr'><strong>se</strong></span> <span class='ocrx_word' id='word_1_703' title='bbox 3065 3470 3121 3518; x_wconf 93' lang='lat' dir='ltr'><strong>et</strong></span> <span class='ocrx_word' id='word_1_704' title='bbox 3176 3458 3509 3517; x_wconf 89' lang='lat' dir='ltr'><strong>obdormivit</strong></span> 
     </span>
    </p>
   </div>
   <div class='ocr_carea' id='block_1_92' title="bbox 1926 3554 3509 3636">
    <p class='ocr_par' dir='ltr' id='par_1_92' title="bbox 1926 3554 3509 3636">
     <span class='ocr_line' id='line_1_92' title="bbox 1926 3554 3509 3636; baseline -0.011 -10"><span class='ocrx_word' id='word_1_705' title='bbox 1926 3591 1946 3626; x_wconf 77' lang='grc' dir='ltr'><strong><em>ι</em></strong></span> <span class='ocrx_word' id='word_1_706' title='bbox 1992 3571 2094 3628; x_wconf 90' lang='lat' dir='ltr'><strong>sub</strong></span> <span class='ocrx_word' id='word_1_707' title='bbox 2114 3569 2306 3624; x_wconf 89' lang='lat' dir='ltr'><strong>umbra</strong></span> <span class='ocrx_word' id='word_1_708' title='bbox 2330 3565 2588 3636; x_wconf 88' lang='lat' dir='ltr'><strong>juniperi,</strong></span> <span class='ocrx_word' id='word_1_709' title='bbox 2619 3571 2726 3617; x_wconf 91' lang='lat' dir='ltr'><strong>etc.</strong></span> <span class='ocrx_word' id='word_1_710' title='bbox 2762 3581 2782 3614; x_wconf 82' lang='grc'><strong>›</strong></span> <span class='ocrx_word' id='word_1_711' title='bbox 2835 3559 2945 3633; x_wconf 73' lang='lat' dir='ltr'><strong>(Ex</strong></span> <span class='ocrx_word' id='word_1_712' title='bbox 2990 3556 3287 3629; x_wconf 87' lang='lat' dir='ltr'><strong>Gregorio.)</strong></span> <span class='ocrx_word' id='word_1_713' title='bbox 3316 3554 3509 3611; x_wconf 88' lang='lat' dir='ltr'><strong>Sancti</strong></span> 
     </span>
    </p>
   </div>
   <div class='ocr_carea' id='block_1_93' title="bbox 1923 3652 3508 3735">
    <p class='ocr_par' dir='ltr' id='par_1_93' title="bbox 1923 3652 3508 3735">
     <span class='ocr_line' id='line_1_93' title="bbox 1923 3652 3508 3735; baseline -0.012 -12"><span class='ocrx_word' id='word_1_714' title='bbox 1923 3667 2052 3733; x_wconf 91' lang='lat' dir='ltr'><strong>viri,</strong></span> <span class='ocrx_word' id='word_1_715' title='bbox 2096 3665 2190 3735; x_wconf 91' lang='lat' dir='ltr'><strong>qui</strong></span> <span class='ocrx_word' id='word_1_716' title='bbox 2238 3662 2558 3718; x_wconf 90' lang='lat' dir='ltr'><strong>sublevante</strong></span> <span class='ocrx_word' id='word_1_717' title='bbox 2592 3658 2798 3729; x_wconf 86' lang='lat' dir='ltr'><strong>Spiritu</strong></span> <span class='ocrx_word' id='word_1_718' title='bbox 2839 3657 2907 3711; x_wconf 92' lang='lat' dir='ltr'><strong>ad</strong></span> <span class='ocrx_word' id='word_1_719' title='bbox 2954 3670 3165 3711; x_wconf 89' lang='lat' dir='ltr'><strong>summa</strong></span> <span class='ocrx_word' id='word_1_720' title='bbox 3201 3652 3508 3724; x_wconf 87' lang='lat' dir='ltr'><strong>rapiuntur,</strong></span> 
     </span>
    </p>
   </div>
   <div class='ocr_carea' id='block_1_94' title="bbox 1922 3748 3510 3830">
    <p class='ocr_par' dir='ltr' id='par_1_94' title="bbox 1922 3748 3510 3830">
     <span class='ocr_line' id='line_1_94' title="bbox 1922 3748 3510 3830; baseline -0.009 -16"><span class='ocrx_word' id='word_1_721' title='bbox 1922 3758 2165 3830; x_wconf 89' lang='lat' dir='ltr'><strong>quandiu</strong></span> <span class='ocrx_word' id='word_1_722' title='bbox 2205 3757 2261 3811; x_wconf 91' lang='lat' dir='ltr'><strong>in</strong></span> <span class='ocrx_word' id='word_1_723' title='bbox 2290 3757 2392 3810; x_wconf 88' lang='lat' dir='ltr'><strong>hac</strong></span> <span class='ocrx_word' id='word_1_724' title='bbox 2410 3748 2523 3808; x_wconf 86' lang='lat' dir='ltr'><strong>vita</strong></span> <span class='ocrx_word' id='word_1_725' title='bbox 2555 3761 2703 3817; x_wconf 89' lang='lat' dir='ltr'><strong>sunt,</strong></span> <span class='ocrx_word' id='word_1_726' title='bbox 2746 3766 2817 3807; x_wconf 91' lang='lat' dir='ltr'><strong>ne</strong></span> <span class='ocrx_word' id='word_1_727' title='bbox 2853 3750 3035 3821; x_wconf 89' lang='lat' dir='ltr'><strong>aliqua</strong></span> <span class='ocrx_word' id='word_1_728' title='bbox 3063 3748 3297 3805; x_wconf 89' lang='lat' dir='ltr'><strong>elatione</strong></span> <span class='ocrx_word' id='word_1_729' title='bbox 3316 3760 3510 3817; x_wconf 88' lang='lat' dir='ltr'><strong>super-</strong></span> 
     </span>
    </p>
   </div>
   <div class='ocr_carea' id='block_1_95' title="bbox 1919 3840 3512 3917">
    <p class='ocr_par' dir='ltr' id='par_1_95' title="bbox 1919 3840 3512 3917">
     <span class='ocr_line' id='line_1_95' title="bbox 1919 3840 3512 3917; baseline -0.01 -12"><span class='ocrx_word' id='word_1_730' title='bbox 1919 3851 2095 3913; x_wconf 88' lang='lat' dir='ltr'><strong>biant,</strong></span> <span class='ocrx_word' id='word_1_731' title='bbox 2124 3846 2448 3917; x_wconf 90' lang='lat' dir='ltr'><strong>quibusdam</strong></span> <span class='ocrx_word' id='word_1_732' title='bbox 2473 3842 2866 3900; x_wconf 88' lang='lat' dir='ltr'><strong>tentationibus</strong></span> <span class='ocrx_word' id='word_1_733' title='bbox 2894 3840 3286 3911; x_wconf 88' lang='lat' dir='ltr'><strong>reprimuntur,</strong></span> <span class='ocrx_word' id='word_1_734' title='bbox 3312 3846 3374 3891; x_wconf 88' lang='lat' dir='ltr'><strong>ut</strong></span> <span class='ocrx_word' id='word_1_735' title='bbox 3410 3849 3512 3890; x_wconf 88' lang='lat' dir='ltr'><strong>ne-</strong></span> 
     </span>
    </p>
   </div>
   <div class='ocr_carea' id='block_1_96' title="bbox 1920 3933 3509 4012">
    <p class='ocr_par' dir='ltr' id='par_1_96' title="bbox 1920 3933 3509 4012">
     <span class='ocr_line' id='line_1_96' title="bbox 1920 3933 3509 4012; baseline -0.008 -16"><span class='ocrx_word' id='word_1_736' title='bbox 1920 3954 2195 4012; x_wconf 88' lang='lat' dir='ltr'><strong>quaquam</strong></span> <span class='ocrx_word' id='word_1_737' title='bbox 2231 3946 2443 3994; x_wconf 87' lang='lat' dir='ltr'><strong>tantum</strong></span> <span class='ocrx_word' id='word_1_738' title='bbox 2490 3934 2761 4008; x_wconf 90' lang='lat' dir='ltr'><strong>proﬁcere</strong></span> <span class='ocrx_word' id='word_1_739' title='bbox 2808 3933 3048 3997; x_wconf 88' lang='lat' dir='ltr'><strong>valeant,</strong></span> <span class='ocrx_word' id='word_1_740' title='bbox 3099 3938 3362 4002; x_wconf 90' lang='lat' dir='ltr'><strong>quantum</strong></span> <span class='ocrx_word' id='word_1_741' title='bbox 3410 3942 3509 3984; x_wconf 89' lang='lat' dir='ltr'><strong>vo-</strong></span> 
     </span>
    </p>
   </div>
   <div class='ocr_carea' id='block_1_97' title="bbox 1920 4018 3513 4095">
    <p class='ocr_par' dir='ltr' id='par_1_97' title="bbox 1920 4018 3513 4095">
     <span class='ocr_line' id='line_1_97' title="bbox 1920 4018 3513 4095; baseline -0.007 -9"><span class='ocrx_word' id='word_1_742' title='bbox 1920 4033 2058 4086; x_wconf 92' lang='lat' dir='ltr'><strong>lunt.</strong></span> <span class='ocrx_word' id='word_1_743' title='bbox 2106 4030 2176 4085; x_wconf 88' lang='lat' dir='ltr'><strong>Et</strong></span> <span class='ocrx_word' id='word_1_744' title='bbox 2221 4046 2292 4085; x_wconf 90' lang='lat' dir='ltr'><strong>ne</strong></span> <span class='ocrx_word' id='word_1_745' title='bbox 2339 4027 2670 4083; x_wconf 77' lang='lat' dir='ltr'><strong>extollantur</strong></span> <span class='ocrx_word' id='word_1_746' title='bbox 2718 4024 2993 4095; x_wconf 84' lang='lat' dir='ltr'><strong>superbia,</strong></span> <span class='ocrx_word' id='word_1_747' title='bbox 3031 4022 3197 4078; x_wconf 90' lang='lat' dir='ltr'><strong>etiam</strong></span> <span class='ocrx_word' id='word_1_748' title='bbox 3235 4019 3295 4074; x_wconf 90' lang='lat' dir='ltr'><strong>ﬁt</strong></span> <span class='ocrx_word' id='word_1_749' title='bbox 3340 4020 3397 4074; x_wconf 93' lang='lat' dir='ltr'><strong>in</strong></span> <span class='ocrx_word' id='word_1_750' title='bbox 3432 4018 3513 4075; x_wconf 90' lang='lat' dir='ltr'><strong>eis</strong></span> 
     </span>
    </p>
   </div>
   <div class='ocr_carea' id='block_1_98' title="bbox 1921 4110 3508 4192">
    <p class='ocr_par' dir='ltr' id='par_1_98' title="bbox 1921 4110 3508 4192">
     <span class='ocr_line' id='line_1_98' title="bbox 1921 4110 3508 4192; baseline -0.007 -15"><span class='ocrx_word' id='word_1_751' title='bbox 1921 4122 2162 4192; x_wconf 89' lang='lat' dir='ltr'><strong>ipsarum</strong></span> <span class='ocrx_word' id='word_1_752' title='bbox 2186 4121 2432 4190; x_wconf 70' lang='lat' dir='ltr'><strong>quaedam</strong></span> <span class='ocrx_word' id='word_1_753' title='bbox 2465 4132 2721 4173; x_wconf 89' lang='lat' dir='ltr'><strong>mensura</strong></span> <span class='ocrx_word' id='word_1_754' title='bbox 2749 4117 3033 4170; x_wconf 86' lang='lat' dir='ltr'><strong>virtutum.</strong></span> <span class='ocrx_word' id='word_1_755' title='bbox 3080 4113 3329 4177; x_wconf 80' lang='lat' dir='ltr'><strong>Hinc_e3t</strong></span> <span class='ocrx_word' id='word_1_756' title='bbox 3360 4110 3508 4166; x_wconf 89' lang='lat' dir='ltr'><strong>enim</strong></span> 
     </span>
    </p>
   </div>
   <div class='ocr_carea' id='block_1_99' title="bbox 1920 4200 3501 4282">
    <p class='ocr_par' dir='ltr' id='par_1_99' title="bbox 1920 4200 3501 4282">
     <span class='ocr_line' id='line_1_99' title="bbox 1920 4200 3501 4282; baseline -0.006 -16"><span class='ocrx_word' id='word_1_757' title='bbox 1920 4211 2062 4282; x_wconf 91' lang='lat' dir='ltr'><strong>quod</strong></span> <span class='ocrx_word' id='word_1_758' title='bbox 2089 4211 2235 4265; x_wconf 88' lang='lat' dir='ltr'><strong>Elias</strong></span> <span class='ocrx_word' id='word_1_759' title='bbox 2264 4211 2392 4263; x_wconf 90' lang='lat' dir='ltr'><strong>dum</strong></span> <span class='ocrx_word' id='word_1_760' title='bbox 2440 4215 2518 4262; x_wconf 89' lang='lat' dir='ltr'><strong>tot</strong></span> <span class='ocrx_word' id='word_1_761' title='bbox 2548 4205 2842 4261; x_wconf 90' lang='lat' dir='ltr'><strong>virtutibus</strong></span> <span class='ocrx_word' id='word_1_762' title='bbox 2890 4204 2946 4258; x_wconf 93' lang='lat' dir='ltr'><strong>in</strong></span> <span class='ocrx_word' id='word_1_763' title='bbox 2997 4203 3104 4259; x_wconf 88' lang='lat' dir='ltr'><strong>alta</strong></span> <span class='ocrx_word' id='word_1_764' title='bbox 3157 4200 3501 4272; x_wconf 87' lang='lat' dir='ltr'><strong>profecisset,</strong></span> 
     </span>
    </p>
   </div>
   <div class='ocr_carea' id='block_1_100' title="bbox 1921 4294 3505 4375">
    <p class='ocr_par' dir='ltr' id='par_1_100' title="bbox 1921 4294 3505 4375">
     <span class='ocr_line' id='line_1_100' title="bbox 1921 4294 3505 4375; baseline -0.005 -18"><span class='ocrx_word' id='word_1_765' title='bbox 1921 4303 2155 4375; x_wconf 90' lang='lat' dir='ltr'><strong>quadam</strong></span> <span class='ocrx_word' id='word_1_766' title='bbox 2176 4315 2430 4356; x_wconf 91' lang='lat' dir='ltr'><strong>mensura</strong></span> <span class='ocrx_word' id='word_1_767' title='bbox 2472 4313 2766 4369; x_wconf 87' lang='lat' dir='ltr'><strong>suspensus</strong></span> <span class='ocrx_word' id='word_1_768' title='bbox 2798 4305 2903 4363; x_wconf 90' lang='lat' dir='ltr'><strong>est,</strong></span> <span class='ocrx_word' id='word_1_769' title='bbox 2935 4297 3066 4351; x_wconf 88' lang='lat' dir='ltr'><strong>dum</strong></span> <span class='ocrx_word' id='word_1_770' title='bbox 3110 4294 3329 4351; x_wconf 74' lang='lat' dir='ltr'><strong>Iezabel</strong></span> <span class='ocrx_word' id='word_1_771' title='bbox 3355 4302 3505 4365; x_wconf 68' lang='lat' dir='ltr'><strong>post.-</strong></span> 
     </span>
    </p>
   </div>
   <div class='ocr_carea' id='block_1_101' title="bbox 1921 4384 3510 4460">
    <p class='ocr_par' dir='ltr' id='par_1_101' title="bbox 1921 4384 3510 4460">
     <span class='ocr_line' id='line_1_101' title="bbox 1921 4384 3510 4460; baseline -0.006 -14"><span class='ocrx_word' id='word_1_772' title='bbox 1921 4392 2159 4454; x_wconf 89' lang='lat' dir='ltr'><strong>modum,</strong></span> <span class='ocrx_word' id='word_1_773' title='bbox 2188 4390 2438 4460; x_wconf 86' lang='lat' dir='ltr'><strong>quamvis</strong></span> <span class='ocrx_word' id='word_1_774' title='bbox 2459 4390 2729 4459; x_wconf 88' lang='lat' dir='ltr'><strong>reginam,</strong></span> <span class='ocrx_word' id='word_1_775' title='bbox 2754 4396 2935 4441; x_wconf 89' lang='lat' dir='ltr'><strong>tamen</strong></span> <span class='ocrx_word' id='word_1_776' title='bbox 2959 4384 3336 4440; x_wconf 90' lang='lat' dir='ltr'><strong>mulierculam</strong></span> <span class='ocrx_word' id='word_1_777' title='bbox 3353 4384 3510 4454; x_wconf 86' lang='lat' dir='ltr'><strong>fugit.</strong></span> 
     </span>
    </p>
   </div>
   <div class='ocr_carea' id='block_1_102' title="bbox 1920 4476 3513 4552">
    <p class='ocr_par' dir='ltr' id='par_1_102' title="bbox 1920 4476 3513 4552">
     <span class='ocr_line' id='line_1_102' title="bbox 1920 4476 3513 4552; baseline -0.005 -15"><span class='ocrx_word' id='word_1_778' title='bbox 1920 4482 2202 4552; x_wconf 88' lang='lat' dir='ltr'><strong>Perpendo</strong></span> <span class='ocrx_word' id='word_1_779' title='bbox 2250 4482 2447 4550; x_wconf 91' lang='lat' dir='ltr'><strong>quippe</strong></span> <span class='ocrx_word' id='word_1_780' title='bbox 2486 4484 2632 4535; x_wconf 90' lang='lat' dir='ltr'><strong>hunc</strong></span> <span class='ocrx_word' id='word_1_781' title='bbox 2664 4479 2845 4533; x_wconf 90' lang='lat' dir='ltr'><strong>virum</strong></span> <span class='ocrx_word' id='word_1_782' title='bbox 2885 4478 3038 4531; x_wconf 81' lang='lat' dir='ltr'><strong>mirae</strong></span> <span class='ocrx_word' id='word_1_783' title='bbox 3073 4477 3292 4530; x_wconf 87' lang='lat' dir='ltr'><strong>virtutis</strong></span> <span class='ocrx_word' id='word_1_784' title='bbox 3333 4476 3513 4544; x_wconf 90' lang='lat' dir='ltr'><strong>ignem</strong></span> 
     </span>
    </p>
   </div>
   <div class='ocr_carea' id='block_1_103' title="bbox 1922 4567 3515 4641">
    <p class='ocr_par' dir='ltr' id='par_1_103' title="bbox 1922 4567 3515 4641">
     <span class='ocr_line' id='line_1_103' title="bbox 1922 4567 3515 4641; baseline -0.004 -12"><span class='ocrx_word' id='word_1_785' title='bbox 1922 4576 1989 4629; x_wconf 90' lang='lat' dir='ltr'><strong>de</strong></span> <span class='ocrx_word' id='word_1_786' title='bbox 2019 4574 2156 4628; x_wconf 65' lang='lat' dir='ltr'><strong>caelo</strong></span> <span class='ocrx_word' id='word_1_787' title='bbox 2203 4576 2418 4627; x_wconf 88' lang='lat' dir='ltr'><strong>trahere</strong></span> <span class='ocrx_word' id='word_1_788' title='bbox 2448 4571 2568 4641; x_wconf 89' lang='grc' dir='ltr'><em>(ΙΙΙ</em></span> <span class='ocrx_word' id='word_1_789' title='bbox 2607 4570 2733 4641; x_wconf 82' lang='lat' dir='ltr'><strong>Reg.</strong></span> <span class='ocrx_word' id='word_1_790' title='bbox 2764 4568 2946 4641; x_wconf 75' lang='lat' dir='ltr'><strong>mn),</strong></span> <span class='ocrx_word' id='word_1_791' title='bbox 2999 4577 3053 4623; x_wconf 93' lang='lat' dir='ltr'><strong>et</strong></span> <span class='ocrx_word' id='word_1_792' title='bbox 3092 4567 3330 4623; x_wconf 89' lang='lat' dir='ltr'><strong>secundo</strong></span> <span class='ocrx_word' id='word_1_793' title='bbox 3357 4568 3515 4639; x_wconf 86' lang='lat' dir='ltr'><strong>quin-</strong></span> 
     </span>
    </p>
   </div>
   <div class='ocr_carea' id='block_1_104' title="bbox 1926 4660 3506 4738">
    <p class='ocr_par' dir='ltr' id='par_1_104' title="bbox 1926 4660 3506 4738">
     <span class='ocr_line' id='line_1_104' title="bbox 1926 4660 3506 4738; baseline -0.004 -17"><span class='ocrx_word' id='word_1_794' title='bbox 1926 4665 2287 4738; x_wconf 80' lang='lat' dir='ltr'><strong>quagenarias</strong></span> <span class='ocrx_word' id='word_1_795' title='bbox 2306 4666 2453 4719; x_wconf 86' lang='lat' dir='ltr'><strong>viros</strong></span> <span class='ocrx_word' id='word_1_796' title='bbox 2480 4679 2603 4718; x_wconf 91' lang='lat' dir='ltr'><strong>cum</strong></span> <span class='ocrx_word' id='word_1_797' title='bbox 2633 4663 2746 4719; x_wconf 92' lang='lat' dir='ltr'><strong>suis</strong></span> <span class='ocrx_word' id='word_1_798' title='bbox 2793 4661 3046 4718; x_wconf 90' lang='lat' dir='ltr'><strong>omnibus</strong></span> <span class='ocrx_word' id='word_1_799' title='bbox 3100 4660 3360 4732; x_wconf 89' lang='lat' dir='ltr'><strong>petitione</strong></span> <span class='ocrx_word' id='word_1_800' title='bbox 3409 4676 3506 4716; x_wconf 90' lang='lat' dir='ltr'><strong>su-</strong></span> 
     </span>
    </p>
   </div>
   <div class='ocr_carea' id='block_1_105' title="bbox 1924 4753 3543 4829">
    <p class='ocr_par' dir='ltr' id='par_1_105' title="bbox 1924 4753 3543 4829">
     <span class='ocr_line' id='line_1_105' title="bbox 1924 4753 3543 4829; baseline -0.006 -15"><span class='ocrx_word' id='word_1_801' title='bbox 1924 4760 2035 4814; x_wconf 87' lang='lat' dir='ltr'><strong>bita</strong></span> <span class='ocrx_word' id='word_1_802' title='bbox 2068 4772 2419 4814; x_wconf 89' lang='lat' dir='ltr'><strong>concremare</strong></span> <span class='ocrx_word' id='word_1_803' title='bbox 2484 4754 2592 4829; x_wconf 88' lang='lat' dir='ltr'><strong>(IV</strong></span> <span class='ocrx_word' id='word_1_804' title='bbox 2639 4754 2770 4826; x_wconf 88' lang='lat' dir='ltr'><strong>Reg.</strong></span> <span class='ocrx_word' id='word_1_805' title='bbox 2811 4753 2873 4826; x_wconf 86' lang='grc' dir='ltr'><strong>ι),</strong></span> <span class='ocrx_word' id='word_1_806' title='bbox 2904 4755 3070 4810; x_wconf 91' lang='lat' dir='ltr'><strong>verbo</strong></span> <span class='ocrx_word' id='word_1_807' title='bbox 3113 4753 3280 4810; x_wconf 71' lang='lat' dir='ltr'><strong>cmlos</strong></span> <span class='ocrx_word' id='word_1_808' title='bbox 3304 4753 3372 4808; x_wconf 89' lang='lat' dir='ltr'><strong>ad</strong></span> <span class='ocrx_word' id='word_1_809' title='bbox 3393 4753 3543 4829; x_wconf 46' lang='lat' dir='ltr'><strong>plu-1</strong></span> 
     </span>
    </p>
   </div>
   <div class='ocr_carea' id='block_1_106' title="bbox 1924 4796 3551 4920">
    <p class='ocr_par' dir='ltr' id='par_1_106' title="bbox 1924 4796 3551 4920">
     <span class='ocr_line' id='line_1_106' title="bbox 1924 4796 3483 4829; baseline -0.004 -16"><span class='ocrx_word' id='word_1_810' title='bbox 1924 4796 2035 4814; x_wconf 76' lang='grc' dir='ltr'><strong>νη..</strong></span> <span class='ocrx_word' id='word_1_811' title='bbox 2068 4796 2419 4814; x_wconf 48' lang='lat' dir='ltr'><strong>tenuem“...</strong></span> <span class='ocrx_word' id='word_1_812' title='bbox 2485 4796 2527 4829; x_wconf 65' lang='grc' dir='ltr'><strong>ν</strong></span> <span class='ocrx_word' id='word_1_813' title='bbox 2558 4796 2571 4810; x_wconf 84' lang='grc'>,</span> <span class='ocrx_word' id='word_1_814' title='bbox 2639 4796 2770 4826; x_wconf 59' lang='grc' dir='ltr'><strong>ων.</strong></span> <span class='ocrx_word' id='word_1_815' title='bbox 2811 4796 2873 4826; x_wconf 90' lang='lat'><strong>.,,</strong></span> <span class='ocrx_word' id='word_1_816' title='bbox 2914 4796 3069 4810; x_wconf 64' lang='grc' dir='ltr'><strong>,νων</strong></span> <span class='ocrx_word' id='word_1_817' title='bbox 3114 4796 3280 4810; x_wconf 55' lang='grc' dir='ltr'><strong>νων..</strong></span> <span class='ocrx_word' id='word_1_818' title='bbox 3304 4796 3372 4808; x_wconf 63' lang='grc' dir='ltr'><strong>..υ</strong></span> <span class='ocrx_word' id='word_1_819' title='bbox 3394 4796 3483 4824; x_wconf 75' lang='lat'><strong>,,._</strong></span> 
     </span>
     <span class='ocr_line' id='line_1_107' title="bbox 1924 4796 3551 4920; baseline -0.002 -15"><span class='ocrx_word' id='word_1_820' title='bbox 1924 4850 2042 4905; x_wconf 89' lang='lat' dir='ltr'><strong>vias</strong></span> <span class='ocrx_word' id='word_1_821' title='bbox 2071 4848 2286 4920; x_wconf 89' lang='lat' dir='ltr'><strong>aperire</strong></span> <span class='ocrx_word' id='word_1_822' title='bbox 2315 4846 2434 4920; x_wconf 89' lang='lat' dir='ltr'><strong>(III</strong></span> <span class='ocrx_word' id='word_1_823' title='bbox 2457 4846 2583 4917; x_wconf 87' lang='lat' dir='ltr'><strong>Reg.</strong></span> <span class='ocrx_word' id='word_1_824' title='bbox 2604 4863 2740 4912; x_wconf 83' lang='lat' dir='ltr'><strong>xvn,</strong></span> <span class='ocrx_word' id='word_1_825' title='bbox 2770 4845 2954 4917; x_wconf 83' lang='lat' dir='ltr'><strong>xvm),</strong></span> <span class='ocrx_word' id='word_1_826' title='bbox 2979 4845 3339 4901; x_wconf 88' lang='lat' dir='ltr'><strong>suscitantem</strong></span> <span class='ocrx_word' id='word_1_827' title='bbox 3365 4796 3551 4901; x_wconf 40' lang='grc' dir='ltr'><strong><em>ωας-ξ</em></strong></span> 
     </span>
    </p>
   </div>
   <div class='ocr_carea' id='block_1_107' title="bbox 1924 4938 3515 5009">
    <p class='ocr_par' dir='ltr' id='par_1_107' title="bbox 1924 4938 3515 5009">
     <span class='ocr_line' id='line_1_108' title="bbox 1924 4938 3515 5009; baseline -0.003 -15"><span class='ocrx_word' id='word_1_828' title='bbox 1924 4948 2067 5004; x_wconf 90' lang='lat' dir='ltr'><strong>tuos,</strong></span> <span class='ocrx_word' id='word_1_829' title='bbox 2096 4947 2324 4994; x_wconf 88' lang='lat' dir='ltr'><strong>ventura</strong></span> <span class='ocrx_word' id='word_1_830' title='bbox 2350 4954 2577 5009; x_wconf 83' lang='lat' dir='ltr'><strong>quaeque</strong></span> <span class='ocrx_word' id='word_1_831' title='bbox 2625 4938 3036 5008; x_wconf 82' lang='lat' dir='ltr'><strong>praevidentem,</strong></span> <span class='ocrx_word' id='word_1_832' title='bbox 3061 4944 3119 4991; x_wconf 92' lang='lat' dir='ltr'><strong>et</strong></span> <span class='ocrx_word' id='word_1_833' title='bbox 3158 4948 3286 4989; x_wconf 87' lang='lat' dir='ltr'><strong>ecce</strong></span> <span class='ocrx_word' id='word_1_834' title='bbox 3325 4949 3515 4990; x_wconf 87' lang='lat' dir='ltr'><strong>rursus</strong></span> 
     </span>
    </p>
   </div>
   <div class='ocr_carea' id='block_1_108' title="bbox 1924 5025 3511 5099">
    <p class='ocr_par' dir='ltr' id='par_1_108' title="bbox 1924 5025 3511 5099">
     <span class='ocr_line' id='line_1_109' title="bbox 1924 5025 3511 5099; baseline 0.001 -16"><span class='ocrx_word' id='word_1_835' title='bbox 1924 5029 2165 5085; x_wconf 86' lang='lat' dir='ltr'><strong>occurrit</strong></span> <span class='ocrx_word' id='word_1_836' title='bbox 2185 5028 2369 5084; x_wconf 90' lang='lat' dir='ltr'><strong>animo</strong></span> <span class='ocrx_word' id='word_1_837' title='bbox 2395 5044 2503 5098; x_wconf 91' lang='lat' dir='ltr'><strong>quo</strong></span> <span class='ocrx_word' id='word_1_838' title='bbox 2527 5035 2891 5099; x_wconf 83' lang='lat' dir='ltr'><strong>pavore‘ante</strong></span> <span class='ocrx_word' id='word_1_839' title='bbox 2932 5041 3097 5081; x_wconf 90' lang='lat' dir='ltr'><strong>unam</strong></span> <span class='ocrx_word' id='word_1_840' title='bbox 3135 5025 3511 5085; x_wconf 86' lang='lat' dir='ltr'><strong>mulierculam</strong></span> 
     </span>
    </p>
   </div>
   <div class='ocr_carea' id='block_1_109' title="bbox 1925 5120 3512 5193">
    <p class='ocr_par' dir='ltr' id='par_1_109' title="bbox 1925 5120 3512 5193">
     <span class='ocr_line' id='line_1_110' title="bbox 1925 5120 3512 5193; baseline 0.003 -18"><span class='ocrx_word' id='word_1_841' title='bbox 1925 5120 2082 5193; x_wconf 87' lang='lat' dir='ltr'><strong>fugit.</strong></span> <span class='ocrx_word' id='word_1_842' title='bbox 2111 5120 2409 5179; x_wconf 90' lang='lat' dir='ltr'><strong>Considero</strong></span> <span class='ocrx_word' id='word_1_843' title='bbox 2430 5123 2609 5177; x_wconf 89' lang='lat' dir='ltr'><strong>virum</strong></span> <span class='ocrx_word' id='word_1_844' title='bbox 2636 5122 2834 5178; x_wconf 89' lang='lat' dir='ltr'><strong>timore</strong></span> <span class='ocrx_word' id='word_1_845' title='bbox 2875 5120 3202 5190; x_wconf 83' lang='lat' dir='ltr'><strong>perculsum,</strong></span> <span class='ocrx_word' id='word_1_846' title='bbox 3236 5122 3305 5178; x_wconf 89' lang='lat' dir='ltr'><strong>de</strong></span> <span class='ocrx_word' id='word_1_847' title='bbox 3347 5137 3512 5179; x_wconf 89' lang='lat' dir='ltr'><strong>manu</strong></span> 
     </span>
    </p>
   </div>
   <div class='ocr_carea' id='block_1_110' title="bbox 1930 5212 3515 5285">
    <p class='ocr_par' dir='ltr' id='par_1_110' title="bbox 1930 5212 3515 5285">
     <span class='ocr_line' id='line_1_111' title="bbox 1930 5212 3515 5285; baseline 0.001 -17"><span class='ocrx_word' id='word_1_848' title='bbox 1930 5212 2026 5268; x_wconf 90' lang='lat' dir='ltr'><strong>Dei</strong></span> <span class='ocrx_word' id='word_1_849' title='bbox 2056 5222 2287 5270; x_wconf 89' lang='lat' dir='ltr'><strong>mortem</strong></span> <span class='ocrx_word' id='word_1_850' title='bbox 2341 5224 2546 5285; x_wconf 86' lang='lat' dir='ltr'><strong>petere,</strong></span> <span class='ocrx_word' id='word_1_851' title='bbox 2580 5230 2649 5269; x_wconf 93' lang='lat' dir='ltr'><strong>ne</strong></span> <span class='ocrx_word' id='word_1_852' title='bbox 2702 5223 2879 5270; x_wconf 88' lang='lat' dir='ltr'><strong>tamen</strong></span> <span class='ocrx_word' id='word_1_853' title='bbox 2935 5215 3209 5284; x_wconf 90' lang='lat' dir='ltr'><strong>acciperet</strong></span> <span class='ocrx_word' id='word_1_854' title='bbox 3255 5213 3324 5269; x_wconf 89' lang='lat' dir='ltr'><strong>de</strong></span> <span class='ocrx_word' id='word_1_855' title='bbox 3348 5229 3515 5269; x_wconf 87' lang='lat' dir='ltr'><strong>manu</strong></span> 
     </span>
    </p>
   </div>
   <div class='ocr_carea' id='block_1_111' title="bbox 1926 5304 3508 5375">
    <p class='ocr_par' dir='ltr' id='par_1_111' title="bbox 1926 5304 3508 5375">
     <span class='ocr_line' id='line_1_112' title="bbox 1926 5304 3508 5375; baseline 0.001 -16"><span class='ocrx_word' id='word_1_856' title='bbox 1926 5305 2171 5360; x_wconf 88' lang='lat' dir='ltr'><strong>mulieris</strong></span> <span class='ocrx_word' id='word_1_857' title='bbox 2225 5314 2458 5363; x_wconf 90' lang='lat' dir='ltr'><strong>mortem</strong></span> <span class='ocrx_word' id='word_1_858' title='bbox 2501 5306 2759 5375; x_wconf 90' lang='lat' dir='ltr'><strong>fugiendo</strong></span> <span class='ocrx_word' id='word_1_859' title='bbox 2805 5305 2997 5359; x_wconf 90' lang='lat' dir='ltr'><strong>vitare.</strong></span> <span class='ocrx_word' id='word_1_860' title='bbox 3042 5304 3331 5370; x_wconf 62' lang='lat' dir='ltr'><strong>Quaerebat</strong></span> <span class='ocrx_word' id='word_1_861' title='bbox 3358 5306 3508 5362; x_wconf 88' lang='lat' dir='ltr'><strong>enim</strong></span> 
     </span>
    </p>
   </div>
   <div class='ocr_carea' id='block_1_112' title="bbox 1926 5393 3515 5467">
    <p class='ocr_par' dir='ltr' id='par_1_112' title="bbox 1926 5393 3515 5467">
     <span class='ocr_line' id='line_1_113' title="bbox 1926 5393 3515 5467; baseline 0.001 -16"><span class='ocrx_word' id='word_1_862' title='bbox 1926 5404 2182 5461; x_wconf 87' lang='lat' dir='ltr'><strong>mortem,</strong></span> <span class='ocrx_word' id='word_1_863' title='bbox 2217 5396 2343 5450; x_wconf 92' lang='lat' dir='ltr'><strong>dum</strong></span> <span class='ocrx_word' id='word_1_864' title='bbox 2378 5395 2607 5467; x_wconf 86' lang='lat' dir='ltr'><strong>fugeret,</strong></span> <span class='ocrx_word' id='word_1_865' title='bbox 2639 5394 2864 5450; x_wconf 88' lang='lat' dir='ltr'><strong>dicens:</strong></span> <span class='ocrx_word' id='word_1_866' title='bbox 2902 5411 2922 5446; x_wconf 72' lang='grc' dir='ltr'><strong><em>ι</em></strong></span> <span class='ocrx_word' id='word_1_867' title='bbox 2957 5393 3167 5451; x_wconf 80' lang='lat' dir='ltr'><strong>Sufﬁcit</strong></span> <span class='ocrx_word' id='word_1_868' title='bbox 3205 5396 3361 5463; x_wconf 89' lang='lat' dir='ltr'><strong>mihi,</strong></span> <span class='ocrx_word' id='word_1_869' title='bbox 3385 5397 3515 5453; x_wconf 87' lang='lat' dir='ltr'><strong>tolle</strong></span> 
     </span>
    </p>
   </div>
   <div class='ocr_carea' id='block_1_113' title="bbox 1926 5485 3501 5559">
    <p class='ocr_par' dir='ltr' id='par_1_113' title="bbox 1926 5485 3501 5559">
     <span class='ocr_line' id='line_1_114' title="bbox 1926 5485 3501 5559; baseline 0.002 -18"><span class='ocrx_word' id='word_1_870' title='bbox 1926 5488 2164 5543; x_wconf 90' lang='lat' dir='ltr'><strong>animam</strong></span> <span class='ocrx_word' id='word_1_871' title='bbox 2190 5502 2388 5553; x_wconf 88' lang='lat' dir='ltr'><strong>meam,</strong></span> <span class='ocrx_word' id='word_1_872' title='bbox 2420 5500 2594 5557; x_wconf 90' lang='lat' dir='ltr'><strong>neque</strong></span> <span class='ocrx_word' id='word_1_873' title='bbox 2612 5486 2758 5541; x_wconf 90' lang='lat' dir='ltr'><strong>enim</strong></span> <span class='ocrx_word' id='word_1_874' title='bbox 2779 5485 2971 5542; x_wconf 89' lang='lat' dir='ltr'><strong>melior</strong></span> <span class='ocrx_word' id='word_1_875' title='bbox 2991 5502 3111 5542; x_wconf 92' lang='lat' dir='ltr'><strong>sum</strong></span> <span class='ocrx_word' id='word_1_876' title='bbox 3131 5502 3295 5559; x_wconf 89' lang='lat' dir='ltr'><strong>quam</strong></span> <span class='ocrx_word' id='word_1_877' title='bbox 3316 5496 3501 5559; x_wconf 87' lang='lat' dir='ltr'><strong>patres</strong></span> 
     </span>
    </p>
   </div>
   <div class='ocr_carea' id='block_1_114' title="bbox 1923 5575 3516 5648">
    <p class='ocr_par' dir='ltr' id='par_1_114' title="bbox 1923 5575 3516 5648">
     <span class='ocr_line' id='line_1_115' title="bbox 1923 5575 3516 5648; baseline -0.002 -16"><span class='ocrx_word' id='word_1_878' title='bbox 1923 5577 2051 5632; x_wconf 91' lang='lat' dir='ltr'><strong>mei.</strong></span> <span class='ocrx_word' id='word_1_879' title='bbox 2093 5597 2112 5630; x_wconf 74' lang='grc' dir='ltr'><strong><em>ι</em></strong></span> <span class='ocrx_word' id='word_1_880' title='bbox 2147 5576 2301 5633; x_wconf 88' lang='lat' dir='ltr'><strong>Unde</strong></span> <span class='ocrx_word' id='word_1_881' title='bbox 2321 5592 2451 5648; x_wconf 87' lang='lat' dir='ltr'><strong>ergo</strong></span> <span class='ocrx_word' id='word_1_882' title='bbox 2472 5577 2552 5632; x_wconf 92' lang='lat' dir='ltr'><strong>sic</strong></span> <span class='ocrx_word' id='word_1_883' title='bbox 2578 5584 2794 5647; x_wconf 89' lang='lat' dir='ltr'><strong>potens,</strong></span> <span class='ocrx_word' id='word_1_884' title='bbox 2842 5584 2903 5631; x_wconf 88' lang='lat' dir='ltr'><strong>ut</strong></span> <span class='ocrx_word' id='word_1_885' title='bbox 2933 5584 3012 5632; x_wconf 90' lang='lat' dir='ltr'><strong>tot</strong></span> <span class='ocrx_word' id='word_1_886' title='bbox 3037 5576 3156 5631; x_wconf 89' lang='lat' dir='ltr'><strong>illas</strong></span> <span class='ocrx_word' id='word_1_887' title='bbox 3183 5577 3410 5631; x_wconf 88' lang='lat' dir='ltr'><strong>virtutes</strong></span> <span class='ocrx_word' id='word_1_888' title='bbox 3430 5575 3516 5629; x_wconf 85' lang='lat' dir='ltr'><strong>fa-</strong></span> 
     </span>
    </p>
   </div>
   <div class='ocr_carea' id='block_1_115' title="bbox 1929 5667 3512 5737">
    <p class='ocr_par' dir='ltr' id='par_1_115' title="bbox 1929 5667 3512 5737">
     <span class='ocr_line' id='line_1_116' title="bbox 1929 5667 3512 5737; baseline -0.003 -10"><span class='ocrx_word' id='word_1_889' title='bbox 1929 5672 2082 5735; x_wconf 71' lang='lat' dir='ltr'><strong>ciat?</strong></span> <span class='ocrx_word' id='word_1_890' title='bbox 2120 5670 2276 5727; x_wconf 92' lang='lat' dir='ltr'><strong>Unde</strong></span> <span class='ocrx_word' id='word_1_891' title='bbox 2328 5671 2409 5726; x_wconf 87' lang='lat' dir='ltr'><strong>sic</strong></span> <span class='ocrx_word' id='word_1_892' title='bbox 2445 5669 2711 5737; x_wconf 84' lang='lat' dir='ltr'><strong>inﬁrmus,</strong></span> <span class='ocrx_word' id='word_1_893' title='bbox 2763 5671 2840 5725; x_wconf 93' lang='lat' dir='ltr'><strong>ita</strong></span> <span class='ocrx_word' id='word_1_894' title='bbox 2881 5678 2944 5724; x_wconf 91' lang='lat' dir='ltr'><strong>ut</strong></span> <span class='ocrx_word' id='word_1_895' title='bbox 2968 5668 3226 5724; x_wconf 89' lang='lat' dir='ltr'><strong>feminam</strong></span> <span class='ocrx_word' id='word_1_896' title='bbox 3253 5667 3512 5737; x_wconf 86' lang='lat' dir='ltr'><strong>pertime-</strong></span> 
     </span>
    </p>
   </div>
   <div class='ocr_carea' id='block_1_116' title="bbox 1931 5757 3502 5829">
    <p class='ocr_par' dir='ltr' id='par_1_116' title="bbox 1931 5757 3502 5829">
     <span class='ocr_line' id='line_1_117' title="bbox 1931 5757 3502 5829; baseline -0.001 -17"><span class='ocrx_word' id='word_1_897' title='bbox 1931 5772 2069 5821; x_wconf 83' lang='lat' dir='ltr'><strong>scat,</strong></span> <span class='ocrx_word' id='word_1_898' title='bbox 2118 5763 2222 5810; x_wconf 78' lang='lat' dir='ltr'><strong>nisi</strong></span> <span class='ocrx_word' id='word_1_899' title='bbox 2267 5762 2395 5825; x_wconf 87' lang='lat' dir='ltr'><strong>quia</strong></span> <span class='ocrx_word' id='word_1_900' title='bbox 2441 5760 2868 5827; x_wconf 88' lang='lat' dir='ltr'><strong>dispensationes</strong></span> <span class='ocrx_word' id='word_1_901' title='bbox 2897 5757 3118 5829; x_wconf 89' lang='lat' dir='ltr'><strong>superni</strong></span> <span class='ocrx_word' id='word_1_902' title='bbox 3155 5765 3321 5812; x_wconf 90' lang='lat' dir='ltr'><strong>nutus</strong></span> <span class='ocrx_word' id='word_1_903' title='bbox 3351 5770 3502 5810; x_wconf 90' lang='lat' dir='ltr'><strong>men-</strong></span> 
     </span>
    </p>
   </div>
   <div class='ocr_carea' id='block_1_117' title="bbox 1928 5844 3503 5918">
    <p class='ocr_par' dir='ltr' id='par_1_117' title="bbox 1928 5844 3503 5918">
     <span class='ocr_line' id='line_1_118' title="bbox 1928 5844 3503 5918; baseline -0.001 -16"><span class='ocrx_word' id='word_1_904' title='bbox 1928 5861 2054 5902; x_wconf 90' lang='lat' dir='ltr'><strong>sura</strong></span> <span class='ocrx_word' id='word_1_905' title='bbox 2076 5845 2273 5900; x_wconf 91' lang='lat' dir='ltr'><strong>occulti</strong></span> <span class='ocrx_word' id='word_1_906' title='bbox 2310 5845 2609 5903; x_wconf 88' lang='lat' dir='ltr'><strong>libraminis</strong></span> <span class='ocrx_word' id='word_1_907' title='bbox 2665 5849 3063 5918; x_wconf 85' lang='lat' dir='ltr'><strong>appenduntur,</strong></span> <span class='ocrx_word' id='word_1_908' title='bbox 3101 5854 3162 5901; x_wconf 91' lang='lat' dir='ltr'><strong>ut</strong></span> <span class='ocrx_word' id='word_1_909' title='bbox 3190 5846 3290 5916; x_wconf 90' lang='lat' dir='ltr'><strong>ipsi</strong></span> <span class='ocrx_word' id='word_1_910' title='bbox 3323 5844 3503 5901; x_wconf 87' lang='lat' dir='ltr'><strong>sancti</strong></span> 
     </span>
    </p>
   </div>
   <div class='ocr_carea' id='block_1_118' title="bbox 261 5934 3513 6013">
    <p class='ocr_par' dir='ltr' id='par_1_118' title="bbox 261 5934 3513 6013">
     <span class='ocr_line' id='line_1_119' title="bbox 261 5934 3513 6013; baseline 0.001 -23"><span class='ocrx_word' id='word_1_911' title='bbox 261 5941 491 5998; x_wconf 70' lang='lat' dir='ltr'><strong>cundum</strong></span> <span class='ocrx_word' id='word_1_912' title='bbox 523 5944 779 6000; x_wconf 86' lang='lat' dir='ltr'><strong>duritiam</strong></span> <span class='ocrx_word' id='word_1_913' title='bbox 835 5950 892 5999; x_wconf 90' lang='lat' dir='ltr'><strong>et</strong></span> <span class='ocrx_word' id='word_1_914' title='bbox 921 5940 1267 6013; x_wconf 64' lang='lat' dir='ltr'><strong>impaenitens</strong></span> <span class='ocrx_word' id='word_1_915' title='bbox 1305 5952 1402 5993; x_wconf 90' lang='lat' dir='ltr'><strong>cor</strong></span> <span class='ocrx_word' id='word_1_916' title='bbox 1428 5953 1618 5995; x_wconf 90' lang='lat' dir='ltr'><strong>eorum</strong></span> <span class='ocrx_word' id='word_1_917' title='bbox 1644 5938 1733 5995; x_wconf 92' lang='lat' dir='ltr'><strong>die</strong></span> <span class='ocrx_word' id='word_1_918' title='bbox 1763 5952 1829 5993; x_wconf 88' lang='lat' dir='ltr'><strong>ac</strong></span> <span class='ocrx_word' id='word_1_919' title='bbox 1929 5936 2177 5992; x_wconf 87' lang='lat' dir='ltr'><strong>homines</strong></span> <span class='ocrx_word' id='word_1_920' title='bbox 2201 5944 2259 5993; x_wconf 92' lang='lat' dir='ltr'><strong>et</strong></span> <span class='ocrx_word' id='word_1_921' title='bbox 2292 5936 2520 5994; x_wconf 88' lang='lat' dir='ltr'><strong>multum</strong></span> <span class='ocrx_word' id='word_1_922' title='bbox 2569 5939 2788 5996; x_wconf 85' lang='lat' dir='ltr'><strong>valeant</strong></span> <span class='ocrx_word' id='word_1_923' title='bbox 2825 5955 2924 6010; x_wconf 89' lang='lat' dir='ltr'><strong>per</strong></span> <span class='ocrx_word' id='word_1_924' title='bbox 2970 5937 3271 6009; x_wconf 82' lang='lat' dir='ltr'><strong>potentiam</strong></span> <span class='ocrx_word' id='word_1_925' title='bbox 3302 5934 3420 6003; x_wconf 90' lang='lat' dir='ltr'><strong>Dei,</strong></span> <span class='ocrx_word' id='word_1_926' title='bbox 3447 5942 3513 5993; x_wconf 83' lang='lat' dir='ltr'><strong>et</strong></span> 
     </span>
    </p>
   </div>
  </div>
