3958 6466
240 424 356 490 ’45

251 657 275 691 c
318 644 377 692 et
406 634 563 700 Jahn,
592 631 762 691 tilium
786 627 997 693 Namsi,
1030 638 1202 696 unges
1237 635 1418 690 regem
1444 632 1607 688 super
1631 612 1829 683 Israel;

256 749 279 783 ι
321 727 559 785 Eiiseum
589 730 789 788 autem.
812 720 983 779 tilium
1008 716 1236 788 Saphat,
1259 713 1351 784 qui
1387 719 1475 783 est
1501 710 1570 766 de
1590 705 1837 762 Abclme-

254 839 278 874 ‹
321 818 435 885 hui,
469 830 639 885 urges
672 813 993 885 prophetam
1021 824 1119 881 pro
1147 816 1218 863 te.
1248 806 1315 867 Et
1344 804 1482 871 erit,
1525 800 1836 874 quicunque

258 927 281 967 ι
322 907 524 980 fugerit
556 905 791 976 gladium
816 901 1002 968 Azaei,
1029 898 1244 957 occidet
1270 912 1395 955 eum
1430 892 1588 951 Jehu.
1621 891 1689 949 Et
1714 887 1836 963 qui-

258 1022 279 1056 ι
322 1014 537 1071 cunque
563 997 761 1069 ingerit
784 996 1019 1067 gladium
1051 991 1219 1058 Jehu,
1248 988 1540 1049 interﬁciat
1566 1000 1691 1042 eum
1720 982 1836 1041 Eli-

259 1110 280 1144 r
322 1106 473 1153 setis.
506 1110 526 1143 ι
577 1089 693 1149 Hoc
720 1103 826 1147 non
858 1086 931 1143 ita
967 1082 1337 1153 accipiendum
1381 1087 1492 1146 est,
1523 1076 1667 1149 quod
1711 1089 1838 1147 pro-

255 1184 421 1256 pheta
463 1183 559 1243 Dei
603 1181 814 1241 Eliseus
868 1176 1135 1241 homicida
1184 1175 1400 1233 futurus
1453 1172 1524 1228 sit
1556 1178 1610 1228 ct
1656 1178 1841 1241 tyran-

258 1292 401 1341 nus;
453 1274 547 1331 sed
585 1273 757 1344 magis
812 1269 1165 1341 spiritualiter
1219 1263 1625 1335 intelligendum
1652 1302 1668 1331 ,
1715 1258 1842 1331 quia

252 1364 468 1435 iustitia
495 1364 700 1429 divina,
724 1376 843 1431 quae
882 1358 1109 1430 singulis
1139 1356 1314 1415 reddit
1352 1353 1648 1414 secundum
1676 1362 1842 1419 opera

260 1470 392 1520 sua,
442 1453 595 1524 punit
639 1460 861 1521 peccata
907 1448 1188 1511 hominum
1237 1444 1527 1516 aliquando
1556 1439 1846 1513 manifesta

261 1546 492 1610 ultione,
548 1542 833 1612 aliquando
902 1539 1120 1595 occulto
1181 1537 1408 1609 judicio,
1456 1533 1697 1589 vindicat
1750 1545 1847 1603 per

261 1649 423 1705 reges
462 1642 517 1689 et
550 1634 733 1701 duces,
769 1631 1011 1697 vindicat
1041 1646 1137 1702 per
1165 1630 1460 1702 prophetas
1488 1636 1544 1682 et
1590 1626 1844 1685 sacerdo-

262 1734 364 1792 tes,
393 1742 523 1783 cum
570 1725 707 1779 alios
753 1731 1010 1787 nocentes
1041 1721 1172 1777 facit
1201 1721 1366 1792 plecti
1400 1732 1680 1783 mucrone,
1715 1715 1850 1776 alios

265 1816 673 1877 transverberat
718 1814 894 1886 gladio
926 1814 1141 1885 linguae.
1192 1811 1345 1868 Unde
1383 1809 1552 1873 David
1587 1816 1642 1864 et
1689 1804 1845 1865 Salo-

1061 415 1414 493 comm.
1450 412 1517 469 IN
1555 407 1801 471 uanos
1832 406 1900 464 IV
1939 404 2201 469 assus.
2240 432 2314 457 -.—.
2347 402 2411 465 ιη
2434 399 2561 465 us.
2598 401 2683 465 tu.

246 564 276 599 ‹
318 541 533 605 veneris
576 539 724 605 illuc,
757 549 925 608 uagos
950 532 1119 595 Aeaei
1166 544 1346 599 regem
1379 540 1542 598 super
1581 523 1792 595 Syriam
1811 559 1826 585 ,
1856 523 1910 595 Α

3401 396 3508 456 IN

2530 510 2755 575 CAPUT
2793 508 2914 567 XX.

1932 606 2139 673 Bellum
2172 605 2450 677 Benadad,
2493 605 2626 677 regis
2665 602 2858 677 Syriis,
2906 612 3088 677 contra
3118 600 3295 656 Achab
3341 618 3513 673 regem

2007 671 2198 757 Israel,
2228 671 2348 757 eum
2383 671 2627 757 apparuit
2654 671 2901 757 propheta
2938 671 3243 754 confortans
3278 671 3511 755 enminet

2005 744 2145 804 data'
2170 741 2245 803 est
2285 748 2332 801 ei
2376 741 2593 801 vie'toria
2633 741 2725 815 per
2750 741 2947 815 ‘paeros
2974 741 3264 815 principum
3307 743 3516 815 provinf

2005 760 2132 804 data
2170 760 2245 803 est
2285 762 2332 801 et
2376 760 2593 801 victoria
2669 761 2725 797 er
2757 760 2947 813 pueros
2974 760 3140 815 ρηηα
3176 760 3264 796 um
3307 760 3516 813 promn-

2005 821 2231 876 ciarum.
2275 818 2354 872 De
2398 834 2458 872 eo
2499 760 2950 888 quofBMad,
2988 829 3083 868 rea:
3130 760 3321 888 ἕξιν-ἰαὶ
3357 811 3517 888 scatet

2009 895 2194 961 rictus,
2242 881 2780 961 instaurativi-retium
2824 885 3012 949 iterum
3051 881 3244 961 contra
3296 881 3514 961 lsraelt

2009 953 2099 1018 sed
2149 953 2388 1027 similiter
2418 958 2481 1013 ab
2526 953 2584 1021 eo
2628 964 2935 1027 superatur;
2975 954 3064 1027 quj
3098 954 3401 1027 confugiens
3450 953 3519 1008 ad

2010 1023 2331 1087 clemenziam
2357 1029 2488 1097 regis
2512 1023 2700 1093 Israei,
2716 1026 2825 1080 sine
2838 1023 2994 1099 jussu
3015 1023 3226 1099 Domini
3242 1023 3521 1099 [indemnis

2009 1116 2083 1158 est
2108 1119 2227 1158 eam
2256 1118 2342 1167 eo,
2374 1095 2434 1154 ob
2460 1100 2600 1171 quod
2628 1114 2721 1169 per
2743 1095 3046 1168 prophetam
3078 1113 3111 1150 a
3132 1095 3359 1152 Domino
3394 1096 3524 1150 utia-

2010 1192 2126 1230 sum
2156 1173 2452 1249 corripitur.

2016 1266 2167 1340 (Car.
2197 1264 2314 1337 xx.)
2355 1282 2375 1316 ι
2405 1262 2575 1325 Porro
2606 1259 2881 1325 Benadad.
2912 1272 3011 1321 te!
3046 1255 3237 1329 Syriae,
3289 1270 3520 1327 congre-

1950 1378 1970 1413 ι
2015 1359 2162 1431 gavit
2204 1371 2420 1417 omnem
2447 1353 2747 1411 exercitum
2772 1360 2827 1407 et
2867 1350 3087 1421 triginta
3114 1356 3171 1408 et
3197 1347 3331 1407 duos
3374 1360 3531 1419 reges

1951 1470 1971 1505 ι
2016 1465 2219 1514 secum,
2248 1458 2301 1505 et
2326 1462 2515 1517 equos,
2537 1454 2594 1501 et
2617 1461 2829 1509 currus,
2854 1452 2908 1503 et
2934 1442 3232 1499 ascendens
3255 1438 3533 1512 pugnabat

1954 1558 1973 1592 ι
2019 1550 2208 1596 contra
2239 1538 2563 1602 Samariam,
2592 1545 2648 1591 et
2674 1534 2883 1591 obsedit
2908 1548 3049 1600 eam,
3074 1540 3181 1587 etc.
3204 1550 3225 1583 ι

2020 1632 2129 1705 (Ea:
2176 1631 2366 1703 Beda.)
2406 1630 2558 1698 Quod
2595 1626 2876 1694 Benadad,
2908 1641 3005 1685 rex
3043 1622 3238 1696 Syriae,
3280 1621 3536 1681 obsidens

1948 1731 2006 1780 et
2043 1724 2360 1795 impugnare
2389 1719 2716 1790 reincipieus
2740 1716 3067 1782 Samariam,
3094 1715 3172 1777 ait
3203 1733 3217 1770 :
3256 1732 3275 1769 ι
3302 1712 3431 1773 Haec
3456 1710 3537 1767 fa-

1958 1835 1977 1869 ί
2023 1816 2171 1879 ciant
2207 1814 2339 1872 mihi
2371 1812 2446 1871 dii
2471 1820 2528 1867 et
2562 1812 2678 1869 hac
2719 1810 2937 1875 addant,
2967 1807 3015 1867 si
3056 1805 3331 1869 suﬂ‘ecerit
3362 1803 3540 1878 pulvis

263 1925 387 1969 υιοη
414 1917 474 1964 et
517 1907 697 1967 εδδιθνί
731 1922 884 1977 Pelles
916 1919 1137 1975 P0503!“
1164 1919 1194 1957 ³
1239 1902 1347 1959 reis
1376 1900 1688 1972 διίεεῦδηι,
1727 1912 1851 1959 cum
1878 1902 1929 1967 B
1961 1928 1979 1962 ι
2027 1905 2287 1967 Samaria)
2321 1903 2540 1976 pugillis
2564 1901 2741 1959 omnis
2785 1899 2965 1973 populi
2993 1899 3085 1972 qui
3114 1898 3360 1969 sequitur
3384 1911 3491 1961 me,
3513 1914 3534 1948 ι

263 2017 358 2057 eos
401 2001 676 2061 trucidare
700 1999 983 2071 iubebant.
1030 1998 1098 2055 Et
1144 1996 1272 2052 item
1302 1994 1429 2053 alibi
1478 1993 1740 2063 scriptum
1771 1997 1855 2047 est

265 2094 331 2149 de
379 2093 741 2163 superboan
775 2090 1199 2147 inobedieutium
1227 2102 1389 2157 poena
1419 2105 1433 2147 δ
1473 2105 1491 2139 ι
1521 2085 1708 2143 Dolavi
1737 2099 1852 2149 eos,
1899 2099 1909 2109 ’

264 2184 474 2255 inquit,
506 2185 561 2243 in
610 2184 910 2254 pmpltetis.
950 2189 1006 2238 et
1054 2181 1229 2239 occidi
1272 2181 1331 2239 in
1379 2178 1560 2235 verbis
1588 2176 1701 2239 oris
1747 2175 1857 2235 mei

268 2275 414 2348 (Ou.
442 2277 543 2346 vr).
575 2296 595 2335 ο

344 2410 363 2443 ι
398 2390 688 2446 Profectus
722 2402 852 2459 ergo
894 2387 1020 2442 inde
1056 2385 1222 2450 Elias,
1268 2383 1475 2454 reperit
1513 2380 1751 2437 Eliseum
1796 2379 1860 2435 ﬁ-

273 2503 291 2537 ε
334 2484 475 2540 lium
505 2484 707 2555 Saphat
750 2490 1015 2537 orantem.
1050 2499 1068 2532 ι
1101 2479 1269 2549 Igitur
1291 2475 1568 2548 profectus
1594 2474 1743 2529 Elias
1770 2489 1858 2529 re-

266 2578 409 2656 perit
452 2576 687 2631 Eliseum
719 2574 887 2629 illium
934 2572 1143 2642 Saphat
1180 2576 1426 2624 arentem
1469 2566 1756 2621 duodecim
1776 2561 1864 2632 ju-

278 2670 359 2741 gis
407 2670 597 2734 boum,
643 2682 767 2722 cum
822 2665 1151 2734 Redemptor
1183 2670 1387 2724 noster,
1419 2657 1754 2714 descendens
1796 2655 1863 2709 de

273 2763 435 2829 caelo,
472 2762 658 2817 divino
683 2759 889 2832 judicio
936 2755 1225 2828 acquisivit
1254 2754 1512 2825 populum
1546 2751 1721 2805 adhuc
1750 2757 1860 2802 ter-

275 2855 427 2910 renis
484 2854 741 2924 operibus
790 2850 1129 2914 inhiantem;
1175 2848 1231 2902 in
1265 2862 1374 2918 quo
1422 2844 1653 2900 salutem
1702 2840 1861 2906 fecit,

276 2959 401 3000 cum
432 2960 557 2999 eum
603 2946 671 2999 ad
701 2944 860 2999 [idem
905 2941 1191 2997 convertit.
1238 2939 1384 2994 Eiias
1424 2937 1571 2991 enim
1600 2936 1868 3004 interpre-

276 3047 428 3093 tatur
476 3038 573 3109 (ut
609 3037 776 3093 etiam
833 3033 1101 3105 diximus)
1147 3032 1289 3086 Deus
1334 3028 1615 3092 Dominus,
1661 3024 1869 3094 Saphat

268 3132 550 3202 judicans,
594 3140 649 3186 et
712 3129 923 3185 Eliseus
969 3128 1068 3181 Dei
1112 3126 1213 3180 mei
1260 3123 1428 3179 salus.
1462 3118 1869 3175 Admirabliter

278 3234 448 3290 super
474 3233 597 3273 eum
625 3220 888 3289 propheta
914 3216 1134 3287 pallium
1180 3228 1339 3270 suum
1369 3212 1537 3277 misit,
1565 3224 1686 3265 cum
1718 3207 1871 3263 ilum

1956 2002 2100 2059 hunc
2144 1999 2309 2057 habet
2351 2010 2588 2054 sensum.
2625 1993 2869 2057 Samaria
2896 1993 3053 2066 juxta
3094 2006 3304 2053 morem
3351 1989 3542 2047 civita-

1959 2102 2072 2153 tum
2119 2091 2353 2153 habebat
2384 2098 2586 2151 terram
2633 2087 2861 2145 interius
2905 2094 3127 2158 propter
3166 2097 3358 2147 muros
3402 2094 3542 2154 pene

1958 2185 2092 2257 ipsis
2120 2183 2292 2245 muris
2318 2180 2607 2252 aequalem,
2631 2195 2700 2237 ne
2739 2176 2988 2237 videlicet
3025 2191 3121 2235 eos
3155 2175 3275 2233 sine
3302 2172 3545 2233 subsidio

1962 2288 2122 2339 terrae
2171 2273 2470 2344 adiacentis
2519 2279 2732 2333 erectos
2784 2269 3008 2337 creber.
3056 2267 3340 2333 insistente
3378 2279 3544 2335 manu

1959 2369 2177 2436 hostili,
2220 2367 2478 2438 dedicaret
2527 2363 2667 2427 ictus
2718 2362 2925 2429 arietis,
2956 2361 3314 2419 Extrinsecus
3364 2363 3545 2415 autem

1960 2476 2239 2520 murorum
2264 2458 2492 2517 altitudo
2518 2455 2671 2525 longe
2701 2452 3043 2525 superﬁciem
3079 2458 3237 2515 terra}
3273 2458 3549 2507 trauscen—
3628 2506 3633 2511 ,

1964 2556 2140 2621 derat,
2171 2550 2408 2613 maxime
2440 2564 2563 2609 cum
2592 2550 2649 2607 in
2668 2545 2877 2609 montis
2910 2542 3114 2611 vertice
3157 2539 3238 2614 (ut
3266 2538 3550 2610 Scriptura

1965 2644 2154 2717 refert)
2199 2642 2363 2707 fuerit
2390 2640 2522 2699 urbs
2567 2639 2758 2700 eadem
2799 2635 2996 2708 posita.
3024 2633 3116 2704 Ait
3144 2646 3275 2709 ergo
3314 2645 3413 2697 rex
3455 2642 3550 2683 su—

1963 2738 2166 2808 perbus
2211 2735 2492 2797 obsessam
2539 2738 2750 2795 terrens
2791 2727 3098 2793 civitatem.
3145 2722 3291 2795 (1υοιί
3344 2729 3547 2777 “Nam

1967 2830 2194 2891 haberet
2221 2841 2407 2889 secum
2450 2820 2745 2885 exercitus
2771 2818 3209 2887 multitudinem,
3239 2822 3302 2873 ut
3342 2809 3557 2869 etiamsi

1967 2924 2199 2995 quisque
2224 2920 2458 2983 militum
2483 2917 2600 2989 ejus
2644 2930 2809 2981 unum
2845 2908 3184 2971 solummodo
3209 2905 3443 2979 lapidem
3470 2902 3557 2960 vel

1968 3016 2231 3086 cespitem
2274 3010 2360 3073 vel
2389 3009 2631 3080 stipitem
2672 3006 2741 3067 ad
2782 3002 3205 3067 construendum
3248 3004 3440 3057 contra
3466 3010 3562 3051 ur-

1968 3108 2126 3173 hem,
2174 3118 2430 3177 aggerem
2476 3107 2839 3173 apportasset,
2871 3113 3038 3169 agger
3064 3100 3415 3166 exsurgeret,
3465 3088 3559 3160 qui

1973 3198 2277 3270 superﬁciei
2326 3196 2565 3255 civitatis
2609 3193 2796 3264 ipsius,
2838 3206 2960 3261 qua:
3004 3197 3124 3245 erat
3161 3188 3305 3245 intra
3350 3197 3557 3248 muros,

279 3283 544 3365 Dominus
571 3283 677 3364 ﬁde
723 3283 993 3364 catholica
1022 3307 1214 3362 induit.
1253 3324 1273 3357 ι
1301 3302 1526 3370 Omnes,
1553 3319 1572 3354 ι
1621 3300 1699 3355 ait
1726 3299 1871 3369 Apo—
1895 3285 1942 3351 C
1972 3307 2093 3350 esse
2137 3291 2416 3353 videretur
2458 3285 2704 3356 aequalis,
2735 3284 2812 3339 ita
2858 3290 2919 3336 ut
2966 3293 3034 3337 ex
3061 3292 3216 3349 aequo
3260 3283 3562 3370 pugnantes

281 3399 487 3466 stolas,
524 3419 544 3451 ε
573 3400 667 3469 qui
712 3398 768 3454 in
812 3398 1031 3459 Christo
1077 3398 1336 3470 baptizati
1385 3395 1553 3463 estis,
1590 3391 1871 3449 Christum

284 3492 541 3551 induistis
568 3492 770 3565 (Calai.
796 3494 935 3567 ιιι).ι

362 3624 381 3658 ο
415 3605 486 3661 At
524 3606 612 3663 ille
663 3607 846 3663 statim
872 3648 888 3675 ,
936 3605 1141 3663 relictis
1192 3606 1393 3673 bobus,
1446 3603 1690 3662 cucurrit
1747 3608 1874 3674 post

291 3719 309 3752 ι
355 3697 563 3771 Eliam,
593 3705 650 3762 et
690 3699 765 3753 ait
789 3713 805 3752 :
831 3699 1078 3765 Osculor,
1108 3710 1205 3754 oro
1250 3708 1326 3765 te,
1370 3705 1581 3769 patrem
1609 3710 1791 3750 meum
1820 3701 1877 3749 et

292 3807 311 3840 ι
356 3797 589 3844 matrem
632 3803 841 3856 meam,
871 3797 928 3844 et
969 3790 1047 3844 sic
1093 3804 1290 3860 sequar
1320 3796 1401 3856 te;
1436 3809 1455 3841 ι
1491 3787 1619 3859 quia
1652 3800 1782 3842 mox
1815 3793 1878 3839 ut

286 4061 561 4133 possidet,
600 4074 707 4115 non
762 4069 941 4131 potest
989 4076 1142 4117 meus
1204 4076 1323 4117 esse
1373 4060 1667 4131 discipulus
1716 4058 1868 4132 (Luc.

288 4154 431 4227 xw),
458 4174 480 4206 ι
528 4160 585 4210 et
639 4156 824 4210 statim
860 4155 1093 4211 cessavit
1141 4155 1378 4210 terrenis
1424 4153 1594 4210 lucris
1643 4152 1874 4217 inhiare,

290 4248 645 4304 saecularibus
689 4249 973 4305 desideriis
1017 4248 1317 4317 deservire,
1362 4256 1533 4304 totum
1564 4263 1622 4303 se
1652 4245 1882 4303 contulit

291 4342 359 4401 ad
390 4341 677 4397 servitium
722 4341 951 4408 Christi,
980 4356 1083 4397 nec
1130 4350 1308 4397 tamen
1341 4342 1461 4397 aliis
1490 4341 1716 4396 verbum
1758 4341 1883 4394 vitae

295 4433 602 4507 praedicare
624 4433 839 4488 desivit.
878 4433 993 4489 lioc
1024 4444 1111 4489 est
1139 4435 1282 4489 enim
1314 4431 1549 4488 osculari
1592 4438 1803 4501 patrem
1828 4436 1885 4484 et

293 4534 551 4590 matrem,
575 4539 696 4579 cum
716 4540 1065 4596 quoscunque
1092 4525 1284 4596 possit,
1309 4525 1424 4580 sive
1449 4525 1516 4579 de
1534 4522 1751 4589 Judreis,
1770 4521 1886 4576 slve

294 4617 360 4673 de
385 4619 660 4690 gentibus,
690 4633 935 4674 sermone
962 4618 1099 4674 velle
1124 4618 1419 4690 corrigere.

372 4752 390 4785 ι
420 4732 573 4791 Tulit
618 4732 802 4804 itaque
831 4732 1041 4813 Eliseus
1073 4748 1173 4809 par
1210 4734 1403 4803 boum,
1435 4738 1489 4792 et
1527 4727 1786 4789 mactavit
1820 4726 1883 4788 il-

303 4842 321 4876 ς
365 4824 484 4883 iud.
515 4825 582 4885 Et
606 4826 659 4889 in
694 4834 875 4887 aratro
901 4826 1063 4891 boum
1091 4826 1241 4889 coxit
1269 4840 1482 4890 carnes,
1511 4833 1565 4881 et
1597 4823 1744 4885 dedit
1789 4837 1885 4895 po-

306 4933 325 4967 (
367 4915 498 4989 pulo
540 4923 593 4977 et
621 4917 991 4975 comederunt.
1018 4937 1035 4970 ι
1085 4916 1220 4977 Cum
1267 4915 1492 4989 populus
1540 4913 1883 4975 Christianus

304 5007 547 5069 carnalia
573 5005 844 5069 desideria
880 5014 1146 5075 mactans,
1180 5013 1349 5065 totum
1377 5003 1699 5062 exercitium
1726 5016 1882 5056 suum

308 5098 361 5153 in
407 5113 545 5170 opus
569 5098 975 5170 evangeiizandi
1013 5096 1300 5162 convertit.
1349 5094 1490 5155 unde
1528 5086 1883 5148 suiiicientem

311 5197 521 5258 pastum
553 5189 888 5249 auditoribus
926 5189 1037 5247 suis
1082 5189 1325 5265 praebere
1351 5184 1543 5265 possit.
1588 5184 1707 5255 Ipse
1753 5197 1884 5238 vero

312 5282 552 5351 sequitur
574 5287 818 5339 nostrum
846 5278 1037 5347 Eliam,
1062 5286 1117 5337 et
1144 5278 1414 5337 ministrat
1439 5276 1488 5331 ei
1517 5274 1631 5353 qui,
1663 5272 1884 5345 vestigia

313 5369 426 5440 ejus
453 5386 703 5442 sequens,
734 5369 835 5429 hoe
860 5378 964 5439 est,
997 5370 1249 5433 mandata
1285 5366 1425 5422 illius
1453 5364 1683 5425 ﬁdeliter
1708 5363 1891 5418 obser-

315 5478 467 5537 vans,
520 5465 880 5528 ministerium
930 5467 980 5529 ei
1032 5466 1296 5527 bonorum
1344 5477 1566 5535 operum
1621 5457 1889 5531 condigne

319 5556 573 5614 exhibere
600 5559 817 5631 satagit.

1976 3392 2164 3443 contra
2193 3380 2470 3443 civitatem
2498 3377 2604 3434 tela
2640 3374 2725 3430 vel
2754 3371 2901 3429 faces
2934 3371 3152 3431 mittere
3188 3374 3429 3442 possent.
3457 3364 3562 3423 Cu-

1967 3476 2059 3549 jus
2098 3473 2461 3533 temeritatem
2489 3468 2813 3542 arrogantia?
2841 3465 3087 3527 modesto
3116 3474 3368 3521 sermone
3410 3473 3561 3515 com-

1973 3582 2203 3641 pescens
2232 3582 2331 3625 res.
2369 3562 2537 3623 Israel
2566 3562 2644 3621 ait
2668 3576 2682 3614 :
2720 3580 2739 3613 ί
2767 3560 2944 3625 Dicite
2973 3557 3047 3625 ei,
3079 3555 3160 3613 Ne
3190 3554 3452 3628 glorietur
3479 3566 3567 3607 ac-

1976 3665 2187 3721 cinctus
2213 3674 2387 3731 ieque,
2419 3667 2479 3719 ut
2506 3656 2865 3721 discinctus.»

2046 3754 2208 3811 Aliud
2231 3760 2316 3809 est
2341 3759 2524 3811 autem
2556 3749 2856 3815 accinctus,
2884 3745 3031 3803 aliud
3060 3743 3381 3808 discinctus,
3415 3737 3562 3795 aliud

1978 4133 2129 4185 ctum
2174 4135 2523 4186 ascensurus,
2551 4117 2636 4174 vel
2674 4117 2902 4173 alterum
2932 4114 3075 4171 forte
3114 4110 3352 4171 tunicam
3383 4104 3566 4163 indui-

1983 4226 2157 4273 turus.
2191 4214 2309 4270 Non
2349 4213 2649 4277 accinctus,
2678 4211 2771 4281 qui
2810 4223 2986 4279 nuper
3030 4204 3272 4265 tunicam
3319 4200 3563 4264 indutus,

1982 4310 2214 4367 necdum
2252 4323 2311 4365 se
2358 4307 2538 4363 addita
2592 4319 2743 4360 zonm
2791 4299 3267 4371 circumpositione
3316 4291 3565 4353 munivit.

1985 4400 2078 4459 Sic
2119 4415 2251 4471 ergo
2280 4400 2336 4457 in
2382 4396 2725 4467 expeditione
2767 4391 3032 4451 castrensi
3075 4388 3170 4461 qui
3197 4385 3408 4457 positus
3452 4389 3569 4445 est,

1984 4500 2134 4549 recte
2181 4490 2458 4546 accinctus
2506 4486 2837 4550 nominatur,
2869 4482 2924 4541 id
2958 4488 3074 4545 est,
3114 4476 3282 4541 armis
3323 4474 3565 4530 indutus.

1987 4584 2090 4651 Qui
2143 4594 2322 4653 pugna
2359 4576 2609 4634 confecta
2641 4574 2815 4629 victor
2843 4571 3065 4631 domum
3095 4566 3286 4634 rediit,
3308 4563 3433 4636 jura
3464 4562 3571 4621 dis-

1907 4643 1962 4705 D
1986 4643 2196 4729 cinctus
2220 4643 2507 4735 vvooatur,
2550 4665 2675 4737 quia
2727 4662 3017 4728 nimirum,
3065 4657 3325 4730 depositis
3380 4654 3567 4719 armis,

1984 4773 2184 4836 optatae
2208 4761 2361 4834 pacis
2384 4760 2558 4815 otium
2583 4757 2741 4830 gerit.
2767 4756 2869 4824 Qui
2897 4768 3027 4811 vero
3048 4751 3277 4809 necdum
3299 4761 3561 4821 pugnare,

1987 4873 2161 4928 neque
2187 4872 2245 4912 se
2271 4855 2340 4913 ad
2375 4864 2650 4913 certamen
2680 4864 2874 4921 parare
2907 4846 3022 4917 jam
3071 4849 3333 4915 cmperat,
3371 4840 3570 4901 merito

1986 4967 2093 5009 non
2122 4951 2397 5005 accinctus
2420 4961 2543 5003 esse
2569 4944 2784 5002 dicitur.
2815 4942 2907 4999 Ait
2943 4953 3073 5008 ergo
3119 4950 3216 4993 rex
3256 4930 3427 4989 Israel
3453 4930 3572 5003 regi

1987 5040 2159 5113 Syrias
2234 5038 2517 5109 glorianti,
2567 5034 2723 5106 quasi
2763 5031 2879 5103 jam
2934 5029 3170 5099 cepisset
3232 5022 3567 5088 Samariam.

1997 5149 2161 5205 quam
2208 5130 2460 5189 obsidere
2504 5136 2785 5199 coeperat:
2822 5142 2843 5183 ι
2873 5122 2951 5177 Ne
2986 5120 3248 5193 glorietur
3290 5116 3569 5175 accinctus

1996 5242 2166 5296 aeque,
2195 5233 2257 5280 ut
2290 5225 2617 5287 discinctus;
2643 5238 2665 5272 ι
2700 5233 2767 5275 ac
2809 5216 2857 5273 si
2885 5223 3071 5286 aperte
3096 5213 3243 5273 dicat
3271 5230 3286 5265 :
3312 5210 3434 5267 Noli
3459 5209 3573 5281 glo-

1996 5319 2149 5384 riari,
2177 5316 2331 5387 quasi
2361 5316 2534 5371 victor
2565 5310 2744 5387 bellici
2778 5305 3132 5370 discriminis,
3153 5302 3270 5375 (lui,
3293 5303 3471 5371 adhuc
3514 5302 3571 5357 in

1997 5410 2113 5466 acie
2150 5385 2379 5479 positus,
2423 5385 2595 5474 quem.
2631 5399 2858 5456 victoria
2907 5403 3168 5468 sequatur
3212 5396 3450 5468 ignoras.
3503 5394 3572 5451 Et

1996 5515 2183 5555 verum
2232 5495 2474 5568 profecto
2521 5493 2751 5548 dicebat.
2779 5488 2915 5551 Nam
2941 5504 3067 5549 mox
3097 5488 3233 5547 inito
3270 5487 3572 5551 certamine

1996 5590 2278 5654 Benadad,
2324 5604 2433 5647 non
2485 5585 2643 5642 vietis
2695 5582 3023 5645 adversariis
3069 5580 3430 5651 triumphans,
3474 5575 3571 5639 sed
3624 5623 3642 5654 φ

1997 5695 2139 5739 caeso
2172 5650 2273 5736 suo
2307 5676 2550 5734 exercitu
2594 5674 2808 5748 fugiens
2846 5676 3069 5733 domum
3344 5667 3570 5740 lystiee
3628 5650 3635 5664 ’

1996 5780 2177 5822 autem
2243 5767 2493 5823 Benadad
2540 5766 2714 5823 hostis
2758 5764 2926 5824 Israel
2974 5762 3245 5838 signiﬁcat
3291 5759 3567 5818 diabolum

1997 5857 2237 5915 omnium
2287 5857 2551 5915 honorum
2614 5858 2928 5925 inimicum,
2971 5855 3067 5929 qui
3108 5855 3350 5912 diversos
3408 5866 3573 5910 exora
