3958 6470
423 412 531 470 215

1063 411 1123 466 Β.
1164 411 1417 468 RABANI
1455 412 1677 472 MAURI
1713 414 2032 474 ARCHIEP.
2073 415 2383 475 MOGUNT.
2423 413 2711 481 OPERUM
2747 414 2929 473 PARS
2968 416 3009 471 Ι.

3567 415 3685 473 216

424 529 567 584 citus
590 528 944 599 malignorum
975 527 1257 597 spirituum
1287 529 1355 583 ad
1388 529 1808 588 subvertendum
1833 548 1998 603 popu-
2025 532 2075 594 Α
2101 530 2203 587 sibi
2243 531 2598 587 substantiam
2623 529 2739 600 ejus
2767 540 2824 587 et
2857 532 2995 588 ﬁlios
3023 532 3163 589 tradi
3203 549 3234 588 a
3262 532 3492 589 Domino
3517 549 3693 605 expe-

420 620 534 675 lum
562 620 657 676 Dei
699 618 995 685 contrahit;
1027 620 1124 674 sed
1145 636 1245 691 per
1266 636 1464 692 pueros
1490 622 1795 693 principum
1834 624 1997 680 Israel

417 713 675 778 vincitur,
721 726 845 766 cum
886 726 985 780 per
1015 711 1189 767 bonos
1233 712 1508 769 auditores
1545 722 1857 770 sanctorum
1906 716 1998 771 do-

418 812 650 868 ctorum,
694 801 786 871 qui
826 802 969 871 quod
999 816 1129 857 aure
1162 802 1407 870 audiunt,
1456 802 1614 861 factis
1659 804 1883 875 implere
1914 806 1995 861 ni-

418 902 625 958 tuntur,
656 892 909 962 antiquus
934 893 1105 949 hostis
1128 894 1184 948 in
1226 892 1412 965 fugam
1435 896 1684 963 vertitur,
1714 898 1996 969 omnisque

417 1001 546 1040 suus
589 985 861 1055 exercitus
890 1001 921 1039 a
965 986 1225 1042 militibus
1249 985 1452 1042 Christi
1480 989 1851 1058 proturbatur.
1891 990 1993 1059 Qui

413 1077 553 1132 bene
600 1077 818 1133 ducenti
865 1085 920 1132 et
966 1078 1187 1149 triginta
1233 1078 1337 1134 duo
1385 1094 1506 1135 esse
1559 1081 1831 1149 dicuntur,
1864 1083 1992 1153 quia

412 1169 467 1224 hi
505 1170 598 1239 qui
625 1169 906 1239 utriusque
936 1168 1266 1224 Testamenti
1302 1170 1585 1225 scientiam
1623 1172 1863 1243 perfecte
1909 1182 1991 1229 te»

411 1271 579 1327 nent,
624 1270 679 1316 et
732 1261 1012 1318 Trinitatis
1063 1261 1223 1317 ﬁdem
1267 1278 1390 1318 cum
1443 1264 1655 1335 gemina
1706 1266 1990 1333 charitate,

411 1354 508 1408 Dei
538 1352 787 1408 videlicet
826 1360 882 1407 et
918 1354 1177 1423 proximi,
1211 1364 1565 1423 conservant,
1607 1357 1716 1426 apti
1753 1372 1851 1427 per
1878 1374 1992 1414 om-

410 1460 537 1500 nem
590 1446 809 1501 modum
859 1445 1063 1501 militiae
1110 1448 1305 1502 summi
1357 1448 1520 1521 Regis
1567 1463 1689 1505 esse
1736 1466 1990 1522 compro-

409 1536 627 1592 bantur.

485 1648 503 1680 ‹
542 1630 701 1702 Fugit
732 1646 948 1703 quoque
976 1632 1229 1688 Benadad
1270 1648 1366 1689 rex
1406 1632 1579 1705 Syriae
1611 1634 1667 1690 in
1697 1650 1837 1705 equo
1865 1652 1992 1692 cum

415 1742 433 1772 ‹
481 1724 785 1791 equitibus;
819 1740 919 1781 nec
947 1740 1055 1780 non
1089 1740 1340 1797 egressus
1380 1741 1476 1782 rex
1522 1726 1686 1783 Israel
1722 1728 1991 1798 percussit

414 1831 432 1863 ι
481 1829 649 1884 equos
675 1823 731 1870 et
774 1832 986 1884 currus,
1017 1825 1073 1872 et
1113 1817 1383 1887 percussit
1414 1816 1628 1888 Syriam
1680 1818 1836 1890 plaga
1875 1835 1990 1874 ma-

2099 632 2256 691 teret,
2288 634 2346 679 ut
2369 640 2467 695 per
2495 625 2599 679 hoc
2635 624 2751 694 ejus
2777 625 3020 680 animum
3068 627 3430 692 subverteret,
3472 641 3574 683 nec
3603 635 3691 682 ta-

2097 731 2223 771 men
2250 718 2303 771 in
2352 717 2454 773 hoc
2489 716 2827 788 praevaleret,
2857 718 2924 774 ad
2954 727 3277 785 extremum,
3306 726 3369 773 ut
3397 719 3454 774 in
3503 719 3685 790 ipsum

2095 808 2198 864 sibi
2243 816 2481 879 potestas
2521 810 2743 865 daretur
2782 809 3072 879 postulavit
3123 809 3267 883 (Job.
3304 809 3367 882 ι).
3398 808 3517 877 Quo
3547 825 3686 866 con-

2096 915 2271 967 cesso,
2297 902 2452 971 quasi
2478 917 2603 957 mox
2631 902 2806 957 victor
2829 903 3112 968 existeret,
3139 916 3360 957 carnem
3387 902 3504 972 ejus
3526 902 3684 973 gravi

2094 990 2278 1047 ulcere
2305 992 2607 1048 vulneravit
2633 992 2775 1065 (Job.
2801 995 2885 1065 ιι).
2920 992 3027 1049 Sed
3054 1009 3162 1065 quo
3200 994 3580 1049 vehementius
3616 995 3688 1049 de

2092 1087 2449 1157 prosperitate
2501 1087 2555 1141 in
2606 1086 2789 1141 dolore
2834 1102 2958 1142 eum
3022 1086 3324 1156 depositum
3369 1086 3684 1156 perseque-

2093 1178 2270 1242 batur,
2300 1193 2366 1233 eo
2386 1174 2630 1234 'validius
2656 1194 2752 1249 per
2796 1178 3114 1248 patientiam
3163 1178 3333 1249 ipsius
3371 1185 3688 1249 prostemev

2092 1269 2269 1325 batur.
2300 1271 2367 1325 Et
2410 1270 2578 1325 Paulo
2635 1269 2878 1341 apostolo
2914 1290 2932 1322 ι
2961 1270 3121 1324 datus
3148 1276 3234 1325 est
3277 1267 3529 1324 stimulus
3564 1283 3690 1324 car-

2093 1363 2176 1417 nis
2221 1378 2351 1428 suae,
2374 1362 2611 1434 angelus
2662 1360 2896 1427 Satanae,
2935 1371 2996 1417 ut
3040 1378 3164 1417 eum
3214 1360 3582 1431 colaphizaret
3627 1359 3687 1430 (Ι

2092 1450 2216 1507 Cor.
2246 1453 2376 1526 xu),
2400 1474 2419 1507 ι
2465 1462 2733 1525 quatenus
2773 1453 2949 1509 virtus
2993 1452 3051 1531 in
3097 1452 3415 1509 inﬁrmitate
3447 1451 3685 1524 perﬁce-

2103 1553 2267 1601 retur.

2167 1656 2186 1688 ‹
2217 1637 2369 1692 Tunc
2394 1637 2479 1692 vir
2512 1638 2732 1707 quidam
2763 1639 2829 1693 de
2860 1637 2985 1694 ﬁliis
3014 1638 3400 1709 prophetarum
3443 1636 3583 1692 dixit
3615 1634 3686 1689 ad

2096 1743 2118 1777 ι
2160 1727 2366 1782 socium
2413 1743 2569 1783 suum
2616 1728 2671 1782 in
2708 1743 2961 1784 sermone
3006 1728 3261 1782 Domini:
3293 1727 3523 1783 Percute
3572 1740 3683 1780 me.

2098 1835 2118 1870 ‹
2163 1817 2233 1872 At
2279 1817 2371 1873 ille
2417 1818 2588 1873 noluit
2637 1829 2943 1888 percutere.
2999 1817 3098 1874 Cui
3131 1817 3414 1886 ait:Quia
3461 1816 3687 1872 noluisti

412 1923 432 1955 «
476 1922 601 1976 gna,
630 1917 738 1963 etc.
770 1927 788 1960 ι
822 1908 963 1976 Quid
1002 1917 1085 1965 est
1112 1910 1254 1979 quod
1291 1910 1542 1965 Benadad
1577 1925 1673 1965 rex
1704 1910 1895 1983 Syriae,
1934 1913 1991 1967 in
2017 1898 2066 1960 B
2098 1927 2118 1961 ι
2160 1909 2347 1965 audire
2374 1925 2563 1965 vocem
2604 1911 2835 1976 Domini,
2866 1915 2993 1966 ecbe
3023 1910 3247 1966 recedes
3275 1926 3306 1965 a
3335 1925 3442 1973 me,
3474 1917 3530 1965 et
3559 1924 3689 1979 per-

405 2012 545 2066 equo
591 2015 715 2055 cum
760 2001 1032 2071 equitibus
1078 2001 1265 2073 fugere
1306 2003 1656 2069 describitur,
1708 2004 1811 2059 nisi
1844 2006 1989 2074 quod

402 2092 655 2161 princeps
681 2094 921 2148 omnium
953 2094 1259 2165 iniquorum
1289 2095 1555 2162 diabolus,
1586 2112 1818 2167 quorum
1846 2099 1987 2155 oeuli

402 2181 661 2239 sublimes
701 2194 827 2238 sunt
863 2184 1045 2256 (Syria
1093 2187 1238 2240 enim
1283 2188 1675 2257 interpretatur
1729 2189 1985 2262 sublimis)

403 2271 458 2325 in
488 2288 627 2342 equo
660 2290 772 2330 suae
802 2275 1069 2345 superbire
1095 2276 1373 2333 conﬁdens
1397 2293 1520 2334 cum
1550 2279 1823 2349 equitibus
1853 2282 1983 2347 suis,

405 2366 614 2421 scilicet
640 2368 892 2424 omnibus
934 2370 1182 2440 superbis
1218 2371 1362 2441 (quia
1409 2390 1428 2422 ‹
1456 2371 1570 2441 ipse
1594 2382 1679 2427 est
1708 2382 1870 2442 caput
1898 2389 1988 2428 su-

397 2472 497 2527 per
526 2473 715 2515 omnes
740 2459 879 2515 ﬁlios
928 2462 1196 2531 superbiae
1232 2461 1375 2534 [Job.
1404 2463 1541 2535 xu],
1564 2463 1612 2535 ι)
1642 2464 1710 2519 ab
1743 2467 1987 2521 exercitu

400 2546 633 2615 Christi,
683 2550 788 2606 hoc
832 2561 946 2618 est,
996 2552 1289 2608 humilibus
1337 2561 1391 2608 et
1427 2554 1596 2608 Deum
1647 2555 1983 2623 timentibus,

401 2649 709 2708 superatus,
740 2643 793 2696 in
820 2642 1002 2714 fugam
1029 2643 1294 2699 vertitur?
1315 2644 1384 2699 Et
1410 2659 1506 2700 rex
1536 2645 1699 2701 Israel
1720 2647 1988 2717 percutiet

397 2743 566 2798 equos
594 2740 648 2787 et
672 2748 884 2800 currus,
913 2735 1038 2805 quia
1078 2737 1143 2790 de
1174 2736 1290 2804 ipso
1319 2750 1448 2804 rege
1479 2736 1691 2808 Regum
1723 2738 1987 2808 scriptum

396 2830 480 2875 est
525 2824 671 2891 quod
717 2842 736 2876 (
763 2839 957 2880 currus
995 2825 1332 2892 Pharaonis,
1374 2834 1431 2882 et
1478 2828 1777 2883 exercitum
1825 2827 1943 2898 ejus
1966 2870 1982 2896 ,

398 2930 599 2985 equum
626 2927 683 2973 et
708 2933 1054 2975 ascensorem
1082 2919 1199 2990 ejus
1227 2921 1521 2977 submersit
1546 2922 1603 2975 in
1628 2920 1816 2977 Rubro
1847 2921 1985 2975 mari

398 3007 603 3078 (Exod.
633 3012 768 3083 xv),
798 3032 816 3064 ι
871 3012 999 3068 dum
1046 3015 1318 3084 nequitias
1356 3013 1628 3085 spiritales
1682 3030 1805 3069 eum
1852 3029 1985 3069 vero

395 3097 698 3166 Pharaone,
730 3103 955 3173 antiquo
989 3105 1241 3160 videlicet
1273 3105 1450 3170 hoste,
1477 3120 1616 3175 aqua
1638 3105 1984 3175 baptismatis

393 3189 593 3257 obruit,
620 3193 842 3249 humani
870 3197 1087 3266 generis
1111 3196 1338 3252 delendo
1361 3205 1605 3267 peccata.

2099 2016 2118 2050 ι
2162 1999 2328 2053 cutiet
2358 2006 2409 2053 te
2440 1998 2544 2054 leo.
2566 1998 2820 2077 Cumque
2848 2001 3125 2070 paululum
3157 2000 3472 2056 recessisset
3495 1999 3565 2053 ab
3594 2013 3685 2063 eo,

2096 2110 2115 2143 ί
2158 2090 2364 2146 invenit
2392 2105 2515 2145 eum
2549 2090 2656 2157 leo,
2687 2099 2849 2161 atque
2897 2092 3185 2162 percussit.
3215 2090 3321 2147 Sed
3352 2098 3407 2146 et
3449 2090 3687 2144 alterum

2095 2200 2114 2233 ι
2158 2181 2486 2237 conveniens
2536 2181 2745 2247 virum,
2795 2181 2929 2237 dixit
2977 2182 3045 2237 ad
3097 2197 3263 2237 eum:
3297 2181 3525 2237 Percute
3571 2196 3682 2235 me.

2093 2293 2114 2327 ι
2158 2274 2260 2343 Qui
2290 2274 2559 2345 percussit
2584 2290 2734 2341 eum,
2770 2284 2826 2330 et
2858 2275 3184 2330 vulneravit.
3210 2295 3228 2328 ι
3261 2274 3370 2344 (Ea:
3398 2272 3685 2345 Josepho.)

2086 2365 2258 2422 Porro
2305 2367 2370 2422 de
2415 2368 2520 2422 hac
2567 2366 2757 2422 eadem
2806 2382 2864 2421 re
2914 2365 3181 2436 Iosephus
3230 2364 3414 2420 taliter
3462 2364 3682 2419 refert:

2094 2477 2113 2509 ‹
2141 2457 2351 2513 Interea
2396 2459 2619 2528 quidam
2646 2460 2929 2530 propheta,
2968 2459 3187 2513 nomine
3222 2456 3497 2519 Michteas,
3527 2469 3688 2511 acoe-

2087 2548 2222 2602 dens
2249 2548 2317 2603 ad
2343 2564 2508 2603 unum
2536 2548 2906 2604 Israelitarum
2935 2549 3092 2618 petiit
3136 2556 3197 2602 ut
3231 2563 3357 2602 eum
3404 2548 3459 2602 in
3500 2546 3685 2617 capite

2087 2653 2189 2707 pro
2218 2640 2499 2696 voluntate
2529 2641 2624 2696 Dei
2663 2649 2989 2711 percuteret.
3019 2640 3137 2707 Quo
3164 2640 3402 2704 nolente,
3432 2638 3685 2710 prazdixit

2095 2731 2146 2784 ei
2177 2731 2304 2800 quia
2353 2747 2419 2787 eo
2461 2733 2603 2803 quod
2632 2732 2948 2789 inobediens
2976 2740 3120 2788 esset
3152 2732 3264 2788 Deo
3292 2732 3515 2801 ejusque
3543 2745 3685 2801 prte-

2088 2831 2264 2891 cepto,
2294 2822 2451 2879 leone
2480 2831 2800 2879 occurrente
2844 2824 3224 2893 perime'retur.
3252 2821 3405 2890 Quod
3436 2822 3564 2877 dum
3601 2820 3682 2874 illi

2088 2915 2293 2970 homini
2348 2916 2701 2988 contigisset,
2755 2917 2986 2972 accessit
3040 2917 3304 2987 propheta
3365 2930 3553 2970 rursus
3608 2912 3685 2967 ad

2088 3005 2272 3071 alium,
2307 3015 2362 3063 et
2398 3008 2541 3064 idem
2571 3016 2632 3063 ut
2676 3008 2883 3063 faceret
2913 3008 3355 3080 imperavit.‘Qui
3392 3008 3523 3063 dum
3562 3021 3685 3076 per-

2087 3098 2349 3153 cussisset
2380 3113 2527 3165 eum,
2554 3107 2610 3154 et
2639 3099 2756 3169 ejus
2782 3100 3043 3155 verticem
3069 3107 3431 3166 cruentasset,
3463 3097 3686 3168 alligato

2087 3189 2265 3258 capite
2300 3190 2533 3246 accessit
2561 3190 2629 3245 ad
2661 3205 2862 3261 regem,
2898 3190 3087 3247 dicens
3120 3193 3171 3248 ei
3198 3210 3211 3247 :
3241 3191 3396 3259 Quod
3442 3191 3569 3248 dum
3599 3203 3689 3244 es-

472 3302 491 3334 ι
521 3284 801 3341 Accedens
828 3295 1009 3342 autem
1046 3290 1310 3359 propheta
1339 3291 1407 3344 ad
1439 3306 1619 3360 regem
1649 3289 1817 3345 [smel
1848 3290 1983 3346 dixit
2010 3268 2056 3332 C
2088 3288 2172 3335 set
2203 3281 2257 3334 in
2285 3282 2530 3337 exercitu
2555 3283 2904 3351 constitutus,
2938 3287 3236 3356 accepisset
3266 3301 3297 3339 a
3328 3285 3562 3356 quodam
3593 3284 3694 3339 tri-

401 3394 419 3425 ι
465 3376 553 3430 ei:
591 3375 741 3432 Vade
766 3387 821 3433 et
854 3380 1184 3446 eonfortare,
1209 3390 1262 3437 et
1305 3382 1443 3437 scito
1483 3390 1538 3438 et
1564 3382 1688 3439 vide
1726 3383 1856 3453 quid
1900 3384 1983 3440 fa-

398 3486 415 3518 c
462 3468 593 3533 cias,
626 3473 875 3541 sequenti
900 3473 1046 3527 enim
1072 3489 1216 3529 anno
1242 3490 1341 3529 rex
1374 3474 1544 3547 Syria:
1568 3478 1826 3533 ascendet
1858 3494 1982 3533 con-

399 3575 416 3607 ε
467 3565 550 3610 tra
597 3566 672 3625 te,
714 3568 861 3615 etc.»
913 3562 1067 3629 Quod
1114 3564 1367 3620 Benadad
1419 3582 1516 3622 rex
1565 3566 1758 3638 Syriae,
1810 3567 1980 3624 semel

390 3647 585 3714 victus,
619 3650 813 3706 iterum
858 3654 1126 3710 instaurat
1168 3657 1413 3727 praelium
1448 3667 1635 3715 contra
1684 3660 1872 3727 Israel,
1905 3662 1980 3717 si-

390 3739 613 3809 gniﬁcat
640 3742 911 3799 diabolum
936 3760 966 3799 a
990 3746 1210 3802 malitiae
1236 3764 1347 3803 sum
1374 3749 1675 3806 intentione
1698 3768 1977 3822 nunquam

389 3847 629 3899 cessare,
656 3834 751 3904 qui
789 3835 917 3892 licet
957 3853 990 3893 a
1036 3840 1241 3896 sanctis
1285 3841 1417 3896 viris
1464 3842 1660 3913 saepius
1703 3844 1973 3913 vincatur,

390 3930 569 3978 tamen
630 3925 824 3981 iterum
880 3928 1151 3986 instaurat
1200 3931 1447 4002 praelium
1494 3942 1690 3989 contra
1746 3935 1888 4003 illos,
1921 3946 1978 3993 et

388 4014 515 4068 dum
561 4033 670 4072 uno
699 4021 859 4076 modo
887 4022 1144 4091 vincitur,
1174 4024 1282 4079 alio
1313 4026 1502 4081 statim
1547 4028 1768 4084 vincere
1811 4046 1977 4087 cona-

388 4113 497 4161 tur.
535 4107 673 4165 Hinc
715 4120 799 4167 est
847 4116 991 4183 quod
1037 4117 1179 4171 servi
1209 4118 1353 4187 regis
1398 4116 1571 4190 Syriae
1599 4120 1855 4177 dixerunt
1882 4124 1970 4178 ei:

393 4218 409 4248 ι
459 4200 542 4254 Dii
589 4206 854 4262 montium
901 4216 1026 4262 sunt
1054 4208 1127 4263 dii
1174 4222 1397 4275 eorum,
1429 4210 1551 4269 ideo
1585 4224 1977 4283 superaverunt

391 4311 410 4343 ι
456 4309 573 4350 nos.
604 4295 711 4351 Sed
736 4299 929 4356 melius
957 4307 1041 4356 est
1072 4307 1134 4354 ut
1166 4315 1469 4372 pugnemus
1521 4314 1715 4360 contra
1762 4306 1882 4363 illos
1918 4308 1974 4363 in

391 4403 409 4437 ι
457 4390 870 4458 campestribus,
902 4400 957 4445 et
983 4392 1349 4449 obtinebimus
1378 4410 1491 4452 eos.
1517 4417 1535 4451 ι
1572 4396 1710 4465 Quia
1748 4399 1973 4471 maligni

384 4479 609 4548 spiritus
644 4496 861 4552 semper
887 4484 1071 4540 dolose
1104 4487 1421 4554 sentientes,
1458 4490 1504 4544 si
1533 4490 1587 4545 in
1638 4492 1972 4562 spiritalibus

384 4571 548 4626 rebus
577 4573 889 4639 vincuntur,
933 4574 988 4628 in
1016 4576 1391 4645 corporalibus
1417 4578 1616 4633 bellum
1662 4596 1973 4650 praeparare

385 4663 739 4719 contendunt.
772 4664 888 4721 Hoc
915 4680 1047 4739 ergo
1090 4668 1359 4735 diabolus,
1407 4670 1511 4726 hoc
1538 4680 1592 4726 et
1626 4679 1770 4729 totus
1814 4690 1973 4732 exer-

383 4754 524 4809 citus
547 4755 664 4825 ejus
692 4758 930 4813 maxime
964 4768 1236 4831 satagunt,
1268 4769 1330 4816 ut
1355 4764 1567 4819 animas
1598 4764 1881 4824 hominum
1907 4770 1975 4825 de

383 4846 632 4914 supernis
656 4847 725 4903 ad
747 4848 856 4902 ima
882 4850 1232 4919 praecipitent,
1262 4867 1370 4922 quo
1397 4853 1611 4910 facilius
1631 4871 1725 4913 eos
1752 4859 1971 4916 vincere

384 4937 612 5005 possint.
644 4937 702 4991 Si
732 4937 966 4993 viderint
992 4955 1087 4995 eos
1114 4942 1360 4998 ccelestia
1390 4944 1725 5014 desiderare,
1754 4957 1969 5006 terrena

382 5036 440 5082 et
484 5030 687 5085 caduca
724 5030 793 5085 ad
838 5034 1125 5088 amandum
1179 5034 1448 5106 ingemat.
1484 5036 1540 5091 Si
1581 5038 1815 5094 viderint
1851 5040 1971 5097 illos

383 5122 742 5190 prosperitate
776 5138 1036 5180 concessa
1082 5125 1287 5197 gratias
1313 5127 1425 5182 Deo
1454 5142 1636 5198 agere,
1668 5132 1885 5187 student
1909 5141 1972 5188 ut

386 5226 484 5280 per
530 5213 754 5269 adversa
794 5214 1135 5287 frangantur.
1188 5216 1294 5272 Sed
1346 5220 1487 5276 sicut
1533 5224 1675 5295 regis
1722 5223 1893 5296 Syria:
1917 5235 1975 5282 et

384 5317 669 5371 servorum
691 5306 809 5375 ejus
834 5321 942 5363 non
989 5312 1244 5364 convenit
1276 5313 1441 5368 dictio
1471 5332 1597 5371 cum
1623 5334 1806 5388 opere,
1844 5320 1972 5389 quia

384 5396 476 5453 ubi
504 5412 562 5459 se
587 5411 848 5467 superare
872 5414 1032 5469 posse
1052 5402 1421 5470 conﬁdebant,
1449 5407 1525 5462 ibi
1556 5411 1794 5478 superati
1822 5420 1970 5480 sunt,

384 5486 461 5559 ita
488 5494 545 5541 et
571 5487 824 5559 princeps
870 5490 1060 5547 mortis
1102 5507 1243 5564 saepe
1284 5495 1358 5551 ibi
1390 5496 1626 5552 vincitur
1654 5514 1781 5555 cum
1817 5516 1974 5559 exer-

385 5578 500 5655 citu
542 5594 661 5644 suo,
698 5580 791 5645 ubi
839 5596 898 5637 se
936 5583 1239 5641 aestimabat
1276 5587 1493 5644 vincere
1534 5604 1695 5657 posse
1737 5610 1749 5646 :
1786 5610 1803 5644 ‹
1834 5593 1974 5661 Quia

387 5668 601 5731 inﬁrma
646 5672 831 5737 mundi
857 5671 1016 5742 elegit
1046 5674 1208 5743 Deus,
1234 5685 1295 5730 ut
1322 5677 1679 5735 confunderet
1705 5680 1891 5750 fortia,
1919 5695 1975 5740 et

386 5774 596 5841 eaquae
623 5776 733 5829 non
759 5770 902 5828 sunt,
929 5772 988 5818 ut
1015 5777 1080 5818 ea
1107 5779 1227 5834 quae
1255 5773 1381 5819 sunt
1423 5764 1729 5827 destrueret
1766 5773 1815 5839 (I
1845 5774 1966 5824 Cor.

392 5851 452 5925 I19
474 5871 496 5917 ,ι
540 5851 821 5929 (ﬂammat,
848 5855 1014 5929 igitur
1039 5856 1293 5927 antiquus
1320 5855 1577 5937 hostisB.
1610 5855 1727 5926 Job,
1756 5868 1811 5939 et
1840 5859 1966 5913 dum

1996 4633 2053 4694 D

2083 3374 2229 3428 buno
2259 3375 2581 3432 servandum
2610 3376 2900 3446 captivum,
2935 3378 3145 3450 sibique
3173 3380 3241 3435 ab
3269 3396 3334 3435 eo
3359 3379 3569 3436 dictum
3600 3387 3689 3445 ut,

2083 3466 2131 3520 si
2168 3466 2415 3535 captivus
2449 3465 2687 3539 fugeret,
2720 3467 2837 3537 ipse
2875 3478 3214 3539 moreretur;
3264 3487 3371 3543 quo
3416 3469 3687 3542 fugiente,

2082 3556 2129 3611 is
2156 3557 2245 3626 qni
2275 3572 2401 3612 eum
2428 3558 2726 3614 tradiderat
2770 3568 3006 3616 mortem
3040 3564 3088 3616 ei
3120 3563 3425 3617 minaretur
3453 3561 3686 3617 inferre.

2082 3650 2241 3715 Tum,
2291 3652 2657 3724 respondente
2682 3654 2870 3710 Achab
2925 3665 3158 3710 mortem
3183 3655 3236 3710 ei
3271 3653 3556 3708 imminere
3595 3652 3691 3723 ju-

2082 3741 2400 3809 stissimam,
2430 3744 2645 3800 solvens
2672 3755 2856 3816 caput,
2886 3747 3102 3816 agnitus
3130 3753 3214 3802 est
3259 3745 3513 3803 Michazas
3560 3762 3689 3803 esse

2080 3834 2365 3904 propheta.
2398 3854 2417 3886 ι
2470 3834 2585 3891 Hac
2636 3837 2783 3891 enim
2834 3837 3095 3908 parabola
3148 3838 3401 3893 utebatur
3453 3845 3689 3909 propter

2081 3941 2361 3984 sermones
2392 3944 2528 4000 quos
2559 3929 2609 3985 ei
2659 3936 2780 3984 erat
2824 3929 3092 3986 dicturus.
3120 3931 3213 3985 Ait
3260 3944 3515 4000 namque,
3545 3944 3686 3998 quo-

2080 4020 2228 4076 niam
2256 4021 2399 4077 Deus
2426 4023 2475 4077 ei
2501 4024 2863 4079 concessisset
2905 4033 2966 4079 ut
2998 4023 3321 4093 supplicium
3348 4022 3521 4077 hostis
3553 4035 3685 4074 eva-

2081 4114 2251 4180 deret,
2286 4114 2401 4184 ipse
2436 4115 2717 4170 inimicum
2746 4113 2863 4184 ejus
2888 4115 3197 4181 Achabum,
3228 4114 3321 4184 qui
3349 4115 3520 4169 Deum
3558 4111 3682 4167 bla-

2080 4205 2461 4275 sphemaverat
2490 4206 2813 4274 dimisisset,
2864 4215 2921 4264 et
2955 4215 3246 4279 propterea
3291 4206 3434 4261 Deus
3486 4204 3682 4261 decre-

2078 4296 2242 4351 visset
2269 4296 2445 4368 ipsum
2475 4298 2693 4369 quidem
2719 4299 2787 4354 ab
2814 4297 2905 4355 illo
2929 4299 3142 4370 perimi,
3169 4297 3424 4368 populum
3453 4311 3584 4350 vero
3610 4294 3681 4350 ab

2077 4389 2195 4459 ejus
2218 4392 2492 4448 exercitus
2524 4392 2807 4448 invasione
2833 4391 3097 4448 consumi.
3124 4389 3299 4444 Iratus
3332 4403 3460 4444 vero
3486 4387 3678 4443 Achab

2076 4484 2397 4553 prophetam
2460 4484 2607 4538 illum
2664 4483 2882 4554 quidem
2931 4481 3174 4537 clausum
3221 4479 3427 4536 servari
3468 4477 3672 4548 jussit;
3721 4549 3731 4557 .

2077 4574 2335 4631 confusus
2356 4585 2537 4631 autem
2568 4576 2789 4632 Micheae
2814 4574 3154 4632 sermonibus
3175 4575 3242 4630 ad
3269 4589 3423 4629 suam
3450 4572 3672 4628 domum

2081 4667 2365 4722 remeavit.
2392 4667 2700 4721 Secundum
2730 4667 2878 4738 leges
2904 4681 3034 4722 vero
3074 4666 3404 4738 tropologiae,
3437 4667 3675 4721 maxime

2079 4758 2468 4827 pervidendum
2492 4766 2574 4813 est
2599 4757 2771 4813 servis
2799 4757 2919 4825 Dei,
2949 4772 3019 4813 ne
3045 4758 3337 4814 secundum
3364 4757 3674 4827 exemplum

2078 4850 2267 4907 Achab
2297 4852 2440 4923 regis
2485 4852 2650 4908 Israel
2694 4854 2997 4923 perniciosa
3036 4853 3325 4909 securitate
3361 4850 3462 4906 sibi
3512 4850 3670 4905 blan-

2079 4942 2315 5008 diantur,
2344 4942 2586 5013 quandiu
2621 4943 2796 4998 hostis
2822 4943 2954 4997 vivit
2982 4960 2994 4996 :
3028 4958 3096 4997 ne
3134 4943 3260 4998 dum
3302 4956 3385 5007 se,
3416 4957 3555 5012 quos
3589 4942 3670 4995 \i-

2076 5040 2255 5088 ctores
2300 5041 2590 5105 perpetuos
2637 5034 2984 5099 arbitrentur,
3032 5048 3130 5105 per
3176 5033 3416 5089 fraudem
3467 5033 3671 5088 diaboli

2078 5137 2269 5192 pacem
2331 5124 2711 5195 przemittentis
2768 5124 2930 5180 citius
2992 5123 3278 5178 elidantur.
3332 5122 3470 5191 Quia
3527 5124 3670 5177 sicut

2084 5222 2210 5270 tunc
2239 5215 2499 5286 propheta
2536 5217 2797 5288 praedicto
2831 5215 2944 5287 regi
2977 5230 3078 5286 pro
3128 5212 3526 5269 inconsiderata
3555 5214 3670 5284 pie-

2082 5314 2193 5363 tate
2226 5309 2609 5380 prrcnuntiavit
2655 5309 2815 5363 citius
2835 5306 3037 5377 justam
3076 5304 3242 5360 affore
3282 5305 3560 5371 ultionem,
3592 5304 3667 5360 ita

2080 5413 2225 5454 nunc
2251 5400 2603 5471 propheticus
2636 5414 2816 5455 sermo
2864 5398 3206 5470 praenuntiat,
3238 5397 3284 5452 si
3323 5396 3669 5468 paciscamur

2081 5505 2203 5545 cum
2236 5491 2469 5559 diaboio,
2497 5499 2755 5547 aeternam
2786 5489 2942 5546 nobis
2970 5503 3067 5560 per
3098 5488 3205 5545 hoc
3235 5487 3520 5544 imminere
3545 5498 3667 5558 pte-

2079 5597 2221 5637 nam.
