3958 6502
199 482 328 539 tm
1044 470 1397 531 comem.
1436 468 1505 525 IN
1542 467 1787 527 uanos
1821 465 1893 522 1v
1930 464 2191 522 REGUM.
2231 496 2304 509 -
2339 466 2407 522 IN
2440 467 2571 524 LIB.
2610 466 2690 523 IIl.
3389 440 3495 528 eis

821 586 1046 645 CAPUT
1081 585 1225 643 XXI.
1843 585 1897 643 Α
1919 583 2282 638 testimonium
2326 584 2519 639 falsum
2562 594 2751 641 contra
2792 586 3005 642 Naboth
3041 594 3326 658 ponerent,
3355 589 3498 657 quod

206 706 400 780 per“
434 710 572 780 quoq
596 705 773 761 Αειιαι,
818 719 909 758 ,επ
933 703 1317 780 ,Ξοηοαρξυεται
1356 701 1560 780 vinea",
1595 695 1815 780 βιώσῃ,
1922 674 2288 780 benedixisset
2319 678 2487 734 Deum
2514 687 2569 734 et
2597 694 2810 748 regem;
2843 690 2900 737 et
2926 681 3004 737 sic
3048 681 3301 780 eductum
3327 680 3394 737 de
3424 683 3500 738 ci-

286 768 664 850 Jezrlzhelitte,
707 791 894 845 quam,
926 772 1018 826 illo
1054 768 1355 850 ocbi§o_per
1390 768 1651 850 Ιειᾳέζςιὶδ
1694 784 1821 820 εοη-
1920 777 2088 832 vitate
2119 776 2421 846 lapidarent
2445 786 2505 832 ut
2551 785 2875 845 moreretur,
2922 792 3046 833 cum
3093 776 3378 850 Synagoga
3404 791 3501 848 per

287 849 507 941 silium,
537 847 634 901 sibi
651 839 1023 928 aaut-paverat,
1050 851 1099 898 et
1129 843 1191 898 ob
1229 839 1325 897 hoc
1364 858 1455 913 per
1489 839 1664 896 Etiam
1695 854 1819 909 pro-

1939 868 2222 937 tontiﬁces,
2249 868 2467 925 Scribas
2508 877 2563 925 et
2606 839 2906 925 Pharisaeos
2945 839 3204 925 meditata
3242 839 3342 925 est“
3358 839 3502 924 mor-

287 920 516 991 Phe‘m"
548 925 851 987 comp'm"
1919 920 2031 1019 {em
2059 920 2277 1018 Christi.
2308 963 2385 1018 De
2412 978 2516 1033 qua
2556 963 2684 1017 item
2729 963 2991 1032 scriptum
3032 971 3116 1019 est
3158 964 3214 1018 in
3251 962 3499 1034 Evange-

288 1060 460 1134 (er.
484 1058 622 1118 xxi.)
664 1077 684 1110 ί
713 1058 842 1114 Post
881 1058 1045 1113 verba
1095 1063 1279 1111 autem
1327 1055 1464 1121 haec,
1494 1055 1653 1109 vinea
1701 1059 1822 1109 erat
1920 1052 2029 1107 lio:
2070 1072 2089 1104 ι
2114 1052 2393 1123 Principes
2420 1063 2599 1109 autem
2640 1054 2984 1109 sacerdotum
3025 1061 3080 1108 et
3119 1069 3281 1109 omne
3324 1053 3505 1109 conci-

212 1172 234 1205 ι
284 1152 521 1207 Naboth
544 1150 900 1216 Jeirahelitte,
929 1164 1050 1221 quae
1078 1156 1197 1204 erat
1223 1148 1277 1203 in
1303 1145 1514 1202 Jezrael
1539 1147 1693 1218 juxta
1722 1162 1820 1219 pa-
1920 1145 2052 1200 lium
2080 1146 2392 1216 quaerebant
2441 1144 2631 1200 falsum
2665 1145 3032 1200 testimonium
3077 1153 3262 1200 contra
3293 1144 3502 1212 Jesum,

211 1267 231 1298 ι
284 1246 496 1300 latium
537 1244 722 1300 Achab
768 1243 912 1314 regis
949 1241 1225 1297 Samarite.
1264 1239 1502 1295 Locutus
1549 1247 1633 1293 est
1687 1252 1819 1308 ergo
1920 1249 1982 1296 ut
2022 1257 2146 1297 eum
2194 1242 2353 1296 morti
2398 1243 2706 1306 traderent,
2756 1248 2811 1297 et
2847 1257 2955 1296 non
2995 1242 3347 1306 invenerunt,
3380 1256 3505 1297 cum

213 1356 232 1387 ι
287 1338 494 1393 Achab
523 1336 590 1391 ad
627 1333 859 1399 Naboth,
892 1334 1111 1388 dicens:
1139 1331 1218 1386 Da
1248 1330 1381 1385 mihi
1406 1330 1620 1384 vineam
1647 1337 1818 1394 tuam,
1922 1331 2075 1387 multi
2109 1330 2230 1387 falsi
2260 1340 2426 1388 testes
2463 1333 2851 1399 accessissent;
2881 1332 3178 1388 novissime
3204 1340 3388 1386 autem
3414 1346 3508 1385 ve-

211 1446 233 1479 ‹
288 1437 358 1482 ut
410 1426 607 1481 faciam
650 1425 783 1480 mihi
831 1424 1048 1479 hortum
1093 1422 1323 1488 olerum,
1355 1421 1482 1490 quia
1533 1420 1709 1475 vicina
1739 1425 1825 1474 est
1922 1430 2118 1478 nerunt
2147 1422 2254 1478 duo
2276 1421 2396 1478 falsi
2421 1432 2607 1491 testes,
2635 1432 2690 1479 et
2720 1425 2975 1480 dixerunt
3004 1443 3017 1478 :
3046 1423 3147 1479 Hic
3172 1423 3309 1477 dixit
3334 1441 3347 1476 :
3378 1423 3509 1478 Pos-

213 1539 231 1570 t
282 1527 345 1573 et
377 1532 553 1589 prope
595 1517 812 1572 domum
853 1530 1061 1581 meam,
1091 1523 1198 1569 etc.
1227 1533 1247 1567 ι
1298 1512 1495 1567 Narrat
1542 1510 1823 1581 Scriptura
1923 1529 2043 1570 sum
2095 1514 2373 1569 destruere
2420 1514 2680 1584 templum
2714 1515 2843 1580 Dei,
2875 1523 2931 1569 et
2968 1521 3093 1585 post
3138 1512 3377 1568 triduum
3417 1526 3508 1566 re-

206 1610 365 1680 quod
404 1609 596 1665 Achab
624 1624 720 1663 rex
750 1607 1119 1677 concupiverit
1142 1606 1356 1661 vineam
1399 1604 1616 1660 Naboth
1640 1602 1825 1660 Jezra-
1922 1604 2190 1661 aediﬁcare
2220 1605 2351 1660 illud
2383 1604 2596 1677 (Matth.
2626 1604 2800 1677 xxvr).
2828 1624 2846 1656 ι
2876 1605 2991 1660 Duo
3035 1619 3164 1675 ergo
3194 1602 3313 1658 falsi
3347 1611 3510 1658 testes

206 1699 432 1762 helittn,
467 1699 559 1768 qui
597 1707 714 1753 erat
746 1698 801 1752 in
844 1680 1054 1753 Jezrael
1091 1697 1247 1768 juxta
1276 1695 1539 1768 palatium
1570 1696 1733 1766 regis,
1763 1701 1826 1749 ut
1923 1706 2109 1753 contra
2147 1694 2361 1752 Naboth
2390 1694 2586 1751 falsum
2635 1696 3003 1763 testimonium
3037 1695 3321 1758 dicebant,
3368 1692 3512 1763 quod

205 1789 435 1844 faceret
464 1788 568 1843 sibi
598 1789 652 1842 in
683 1804 747 1843 ea
774 1787 988 1843 hortum
1035 1786 1264 1843 olerum.
1299 1785 1416 1854 Quo
1443 1786 1659 1841 nolente
1699 1798 1824 1841 eam
1921 1790 2291 1847 benedixisset
2330 1792 2499 1846 Deum
2544 1798 2601 1846 et
2647 1805 2850 1861 regem.
2900 1788 2968 1844 Et
3019 1787 3189 1844 Judaei
3234 1802 3334 1858 per
3376 1786 3511 1841 duos

102 1914 113 1921 -
207 1881 288 1936 illi
319 1882 491 1947 dare,
521 1896 618 1952 per
650 1880 936 1936 consilium
967 1880 1300 1949 impiissimae
1342 1880 1529 1935 uxoris
1558 1879 1694 1950 eius,
1731 1876 1823 1933 Je-
1925 1887 2090 1945 falsos
2115 1896 2281 1944 testes
2301 1886 2521 1943 Christo
2551 1885 2923 1957 opponebam,
2957 1882 3101 1953 quod
3129 1880 3428 1952 potentiam
3458 1887 3513 1935 et

207 1973 375 2029 ΖῖιῙιθῙ
409 1972 667 2028 Videlicet
709 1973 927 2042 νθείηεετ
958 1973 1099 2028 idem
1125 1971 1357 2039 Νθῧοῑιι,
1395 1971 1821 2028 ευδίηῑΐοάυεῑὶε
1848 1977 1897 2037 Β
1924 1991 2175 2036 naturam
2218 1980 2321 2036 sibi
2366 1978 2664 2034 divinitatis
2707 1976 3025 2032 ascriberet.
3053 1973 3206 2030 Unde
3236 1971 3409 2027 Pilato
3445 1969 3514 2025 ad

206 2065 369 2122 falSiS
408 2066 667 2130 testibus,
715 2065 984 2133 lapidatus
1030 2072 1135 2130 εει,
1178 2073 1233 2119 ει
1279 2074 1560 2129 mortuus;
1598 2062 1823 2134 eiusque
1925 2071 2139 2128 Judmos
2174 2072 2249 2127 ita
2287 2071 2536 2127 dicente:
2579 2088 2598 2121 ι
2626 2068 2872 2140 Accipite
2899 2081 3021 2123 eum
3060 2080 3175 2129 vos,
3209 2072 3264 2119 et
3298 2059 3516 2118 cruciﬁ-

207 2160 379 2214 vinea
421 2158 639 2227 direpta
672 2172 703 2210 a
737 2169 864 2226 rege
890 2164 947 2210 et
985 2170 1236 2226 possessa
1277 2163 1377 2211 est.
1405 2155 1535 2222 Quis
1564 2170 1693 2226 ergo
1720 2154 1766 2208 is

1950 2166 2052 2233 gite.
2085 2164 2197 2235 Ego
2246 2163 2389 2218 enim
2421 2176 2531 2217 non
2575 2160 2792 2216 invenio
2825 2160 2881 2213 in
2910 2172 2975 2213 eo
3000 2172 3239 2213 causam.
3271 2154 3513 2222 Respon-

206 2250 441 2307 Naboth
491 2247 775 2304 Jezraelita
806 2246 991 2314 fuerit,
1018 2255 1074 2302 et
1117 2262 1237 2318 quae
1265 2246 1383 2315 ejus
1430 2247 1612 2312 vinea,
1646 2246 1826 2301 consi-
1926 2259 2121 2315 derum
2145 2258 2194 2312 ei
2222 2256 2394 2312 Judaei
2420 2274 2432 2309 ε
2462 2253 2572 2310 Nos
2595 2254 2767 2324 legem
2808 2253 3092 2318 habemus,
3118 2257 3173 2306 et
3217 2247 3513 2304 secundum

208 2346 506 2402 deremus.
564 2345 958 2416 Interpretatur
1031 2359 1161 2416 ergo
1215 2343 1432 2399 Naboth
1490 2345 1822 2413 conspicuus,
1925 2349 2101 2421 legem
2146 2350 2307 2404 debet
2344 2347 2515 2414 mori,
2561 2346 2688 2416 quia
2719 2345 2890 2400 ﬁlium
2932 2343 3030 2399 Dei
3076 2357 3134 2398 se
3166 2340 3294 2397 fecit
3330 2337 3512 2410 (Joan.

207 2440 331 2494 sive
368 2440 566 2505 sessio,
610 2437 820 2493 Jezrael
848 2438 1064 2492 honesta
1103 2437 1218 2500 Dei,
1254 2437 1367 2492 sive
1394 2453 1566 2491 semen
1609 2435 1726 2489 Dei.
1758 2434 1828 2491 Et
1926 2441 2062 2513 xxx).
2097 2461 2115 2493 ι
2151 2439 2445 2511 Lapidatus
2468 2448 2551 2494 est
2580 2438 2765 2509 itaque
2791 2435 3005 2492 Naboth
3030 2442 3186 2490 extra
3215 2433 3513 2497 civitatem,

210 2547 383 2602 quem
418 2532 621 2587 melius
663 2532 1004 2585 honestatem
1027 2528 1113 2585 vel
1153 2544 1338 2584 semen
1369 2529 1465 2583 Dei
1493 2528 1673 2583 dicere
1701 2543 1827 2598 pos—
1926 2534 2220 2604 instigante
2266 2530 2513 2595 Jezabel,
2546 2537 2641 2595 ut,
2684 2544 2750 2584 eo
2800 2536 3034 2594 mortuo,
3083 2524 3272 2581 Achab
3302 2525 3517 2579 vineam

212 2639 435 2688 sumus,
468 2637 636 2693 quam
671 2621 868 2675 Filium
901 2622 1019 2686 Dei,
1057 2639 1075 2671 ‹
1109 2622 1201 2691 qui
1226 2630 1311 2676 est
1336 2620 1589 2690 splendor
1619 2619 1824 2690 gloriae,
1927 2625 2043 2696 ejus
2083 2623 2400 2693 possideret.
2430 2621 2522 2677 Sic
2546 2631 2601 2677 et
2631 2620 2883 2676 Salvator
2909 2628 3094 2677 noster
3122 2628 3275 2675 extra
3303 2625 3519 2689 portam

212 2725 269 2771 et
300 2716 490 2786 figura
517 2714 833 2769 substantia:
864 2712 1003 2783 ejus,
1037 2728 1197 2784 quem
1235 2711 1518 2767 constituit
1546 2710 1689 2765 Deus
1719 2711 1827 2764 ha:-
1927 2731 2118 2786 passus
2164 2723 2284 2779 est;
2329 2713 2622 2769 cruciﬁxus
2660 2696 2922 2768 videlicet
2974 2712 3031 2766 in
3077 2711 3197 2767 loco
3245 2708 3517 2773 calvariae,

212 2808 412 2862 redem
443 2807 846 2872 universorum,
875 2820 974 2876 per
998 2803 1314 2875 quem'fecit
1340 2812 1394 2859 et
1417 2802 1611 2858 saecula
1637 2799 1824 2875 (Hebr.
1929 2808 2199 2863 excitante
2226 2822 2324 2876 per
2347 2805 2521 2860 zelum
2567 2804 2853 2877 Synagoga
2880 2803 3155 2875 populum,
3182 2809 3243 2857 ut
3270 2806 3520 2872 peterent

215 2898 295 2971 1)?
318 2921 337 2951 ι
375 2899 467 2955 Ad
494 2915 652 2970 quem
681 2898 969 2955 Psalmista
1018 2898 1316 2967 deprecans
1344 2896 1454 2950 ait:
1494 2914 1513 2947 ι
1543 2895 1646 2963 Qui
1672 2895 1829 2951 sedes
1928 2906 2161 2954 mortem
2188 2896 2425 2963 Christi,
2472 2906 2741 2967 quatenus
2780 2911 2846 2953 eo
2875 2896 3058 2953 occiso
3087 2894 3333 2951 securius
3373 2892 3523 2947 vive-

217 3007 393 3061 super
433 2991 740 3057 cherubim,
786 3004 986 3059 appare
1020 3002 1206 3042 coram
1242 2986 1522 3058 Ephraim,
1547 2985 1829 3057 Benjamin
1930 2999 2072 3045 rent.
2106 2988 2259 3045 Unde
2288 2989 2440 3059 quasi
2487 2987 2830 3044 consulentes
2864 2988 3119 3043 aiebant:
3158 3007 3177 3039 ι
3204 2986 3344 3042 Ecce
3373 2991 3519 3039 totus

217 3090 275 3135 et
314 3080 597 3148 Manasse,
628 3080 803 3137 excita
843 3079 1143 3150 potentiam
1174 3085 1323 3133 tuam
1352 3086 1407 3133 et
1456 3078 1598 3142 veni,
1630 3085 1692 3131 ut
1725 3076 1831 3132 sale
1930 3081 2162 3136 mundus
2186 3088 2309 3151 post
2340 3095 2465 3135 eum
2496 3080 2630 3135 abiit
2663 3079 2847 3153 (Joan.
2870 3079 2991 3153 xu).
3019 3080 3088 3135 Et
3111 3081 3159 3136 si
3189 3077 3514 3134 dimittimus

218 3189 320 3229 vos
367 3172 547 3229 facias
595 3189 694 3229 nos
740 3171 913 3245 (Psal.
956 3172 1163 3246 Lxxtx).
1188 3193 1206 3226 ι
1238 3172 1347 3228 Iste
1393 3171 1609 3229 Naboth
1641 3172 1832 3228 habuit
1931 3187 2056 3228 eum
2087 3172 2184 3236 sic,
2227 3186 2416 3227 omnes
2461 3172 2684 3228 credent
2732 3172 2787 3226 in
2837 3187 2964 3228 eum
3009 3172 3192 3246 (Joan.
3217 3172 3318 3243 xi).
3350 3188 3368 3220 ι
3402 3168 3523 3223 Hae-

220 3268 479 3333 vineam,
506 3267 573 3321 de
599 3281 706 3335 qua
742 3265 911 3320 Isaias
954 3266 1267 3335 plenissime
1309 3281 1406 3336 per
1445 3266 1717 3321 canticum
1746 3266 1830 3321 lo-
1933 3262 2135 3318 reditas
2162 3276 2292 3333 ergo
2328 3261 2529 3317 Christi
2561 3261 2803 3317 Ecclesia
2829 3272 2943 3326 est,
2973 3262 3183 3317 cunctis
3211 3260 3262 3316 ei
3293 3258 3419 3313 data
3455 3259 3523 3314 de

216 3359 439 3429 quitur,
472 3358 541 3412 ad
574 3366 879 3412 extremum
910 3356 1185 3412 inferens:
1222 3376 1241 3408 ι
1272 3356 1443 3412 Vinea
1481 3357 1693 3411 Domini
1736 3373 1827 3412 sa-
1855 3336 1901 3400 (ἶ
1933 3355 2202 3428 gentibus,
2228 3370 2391 3425 quam
2420 3369 2530 3409 non
2565 3354 2803 3409 moriens
2827 3352 2907 3407 illi
2948 3352 3112 3407 Pater
3156 3351 3396 3423 reliquit,
3425 3351 3521 3406 sed

216 3448 425 3514 baoth,
471 3449 661 3503 domus
693 3448 858 3503 Israel
907 3456 992 3503 est
1031 3446 1167 3520 (Isa.
1195 3448 1271 3520 v).
1297 3467 1317 3501 ι
1369 3448 1438 3503 Et
1481 3448 1534 3502 in
1568 3447 1823 3503 Psalmo:
1932 3451 2049 3522 ipse
2095 3466 2192 3506 sua
2239 3456 2414 3504 morte
2462 3446 2784 3504 mirabiliter
2830 3446 3149 3518 acquisivit,
3188 3444 3522 3516 resurgendo

222 3560 241 3592 ι
274 3539 551 3606 Vineam‘,
598 3540 804 3610 inquit,
852 3543 917 3595 de
963 3538 1198 3612 Egypto
1234 3539 1577 3606 transtulisti,
1618 3539 1829 3610 ejecisti
1930 3542 2189 3612 possedit.
2221 3541 2373 3597 Hanc
2405 3549 2605 3606 autem,
2638 3540 2819 3596 occiso
2868 3554 2954 3608 eo,
2982 3538 3115 3594 mali
3156 3537 3332 3594 coloni
3382 3552 3521 3608 pra:-

219 3642 441 3707 gentes,
490 3641 545 3688 et
580 3634 835 3705 plantasti
862 3649 984 3689 eam
1017 3632 1198 3705 (Psat.
1226 3632 1473 3705 LXXIX).)
1506 3633 1605 3690 Cui
1640 3648 1827 3705 sepem
1931 3636 2109 3707 ripcre
2151 3634 2513 3691 moliebantur
2543 3632 2757 3706 (Matth.
2799 3632 2935 3705 xxi),
2965 3647 3091 3688 cum
3138 3630 3521 3702 crucifigentes

220 3724 613 3789 circumdedit,
643 3742 661 3775 ι
695 3733 754 3778 ιιι
796 3724 848 3778 in
879 3724 1171 3798 Evangelio
1200 3725 1396 3798 legitur
1438 3726 1653 3797 (Matth.
1685 3725 1826 3797 xm),
1930 3744 2054 3784 eum
2083 3727 2251 3783 Judtei
2295 3727 2475 3793 ﬁdem,
2506 3741 2625 3796 quae
2660 3740 2757 3795 per
2791 3739 2914 3779 eum
2943 3731 3045 3788 est,
3071 3720 3440 3791 exstinguere,
3467 3729 3524 3776 et

223 3817 279 3872 id
306 3825 418 3882 est,
450 3816 534 3871 vel
560 3832 774 3871 murum
802 3818 971 3884 urbis,
1000 3818 1086 3873 vel
1114 3818 1427 3889 angelorum
1457 3817 1677 3872 auxilia.
1712 3837 1730 3870 ‹
1758 3818 1829 3873 Et
1930 3837 2085 3877 suam
2112 3822 2302 3891 magis,
2330 3836 2449 3890 qua:
2474 3835 2541 3875 ex
2566 3819 2684 3891 lege
2709 3826 2811 3883 est,
2851 3815 3123 3885 justitiam
3157 3813 3423 3886 proferre,
3457 3829 3523 3871 ac

224 3903 363 3961 fodit
398 3907 455 3961 in
488 3922 551 3962 ea
581 3907 819 3962 torcular
849 3906 1060 3981 (Ibid.),
1084 3929 1102 3960 ι
1132 3920 1226 3963 aut
1252 3910 1446 3976 altare,
1476 3917 1570 3964 aut
1598 3898 1689 3964 illa
1720 3918 1826 3965 tor-
1930 3913 2178 3984 gentibus
2222 3912 2527 3967 imbuendis
2576 3911 2913 3966 conabantur
2946 3909 3188 3964 inserere
3231 3905 3404 3978 (Rom.
3437 3905 3520 3975 χ).

224 3997 437 4053 cularia
487 4014 719 4068 quorum
752 4008 807 4054 et
839 4008 949 4055 tres
989 3999 1189 4055 Psalmi
1239 4002 1394 4057 titulo
1430 4011 1821 4075 praenotantur,
1928 4005 2096 4061 Extra
2121 4006 2334 4061 vineam
2378 4006 2553 4061 haeres
2576 4005 2748 4060 vinem
2778 4002 3081 4060 trucidatur
3127 4000 3345 4075 (Matth.
3375 3999 3518 4072 xxi),

228 4088 280 4142 id
319 4097 424 4153 est,
463 4101 692 4144 octavus
729 4097 783 4143 et
815 4092 1198 4161 octogesimus,
1226 4101 1283 4146 et
1309 4093 1672 4163 octogesimus
1702 4108 1826 4149 scx-
1934 4118 1955 4151 (
1980 4099 2106 4169 quia
2152 4097 2328 4161 Iesus,
2363 4106 2422 4152 ut
2451 4097 2820 4153 sanctiﬁcaret
2863 4111 2962 4166 per
3000 4110 3156 4151 suum
3201 4092 3521 4163 sanguinem

226 4188 330 4235 tus.
384 4202 401 4233 ι
434 4180 507 4235 Et
536 4180 823 4237 aediﬁcavit
871 4191 1076 4237 turrem
1126 4182 1336 4256 (Ibid),
1359 4204 1377 4234 ι
1427 4185 1571 4239 haud
1603 4185 1831 4240 dubium
1926 4188 2205 4259 populum,
2238 4196 2390 4243 extra
2431 4195 2644 4257 portam
2671 4201 2862 4256 passus
2904 4195 2988 4241 est
3019 4182 3206 4257 (Hebr.
3236 4182 3379 4256 xm).
3403 4202 3422 4234 ι
3456 4181 3524 4237 Et

228 4273 497 4341 templum
522 4274 588 4327 dc
616 4289 723 4343 quo
749 4273 942 4328 dicitur
975 4288 1073 4343 per
1104 4274 1420 4328 Michaeam:
1461 4292 1480 4325 ι
1510 4275 1576 4329 Et
1601 4285 1680 4340 tu,
1708 4284 1826 4328 tur-
1926 4282 2066 4337 bene
2101 4282 2356 4335 convenit
2402 4281 2529 4335 huic
2558 4279 2840 4351 mysterio,
2884 4279 3026 4349 quod
3066 4279 3123 4333 in
3165 4278 3284 4333 loco
3312 4278 3416 4333 hoc
3462 4276 3520 4331 in

228 4365 301 4418 ris
328 4365 621 4430 nebulosa,
654 4365 760 4419 ﬁlia
787 4365 915 4421 Sion
948 4365 1133 4437 (Mich.
1160 4366 1255 4437 IV).
1278 4386 1296 4418 ι
1334 4385 1352 4417 ι
1380 4367 1448 4420 Et
1478 4367 1677 4421 locavit
1702 4382 1825 4421 eam
1928 4385 2037 4441 quo
2069 4370 2346 4425 Iinxerunt
2387 4384 2553 4426 canes
2598 4371 2918 4441 sanguinem
2949 4369 3184 4434 Naboth,
3223 4368 3519 4423 secundum

230 4456 494 4526 agricolis
531 4455 906 4526 (Matth.xxt).
938 4476 956 4508 ι
997 4457 1143 4525 Quos
1184 4458 1312 4514 alibi
1350 4459 1521 4515 vinea:
1547 4460 1825 4530 cperarios
1925 4462 2203 4533 prophetae
2244 4460 2590 4527 sententiam,
2638 4460 2949 4516 lambebant
2991 4460 3157 4515 etiam
3200 4458 3522 4527 sanguinem

233 4547 530 4618 appellavit
597 4546 683 4601 vel
735 4547 974 4603 colonos.
1038 4546 1189 4605 Hanc
1239 4550 1454 4606 vineam
1516 4552 1826 4621 concupivit
1925 4553 2136 4618 Achab,
2166 4553 2302 4608 etin
2334 4567 2466 4622 agro
2496 4549 2708 4606 Jezrael
2741 4564 2939 4605 carnes
2968 4551 3323 4605 comederunt
3363 4546 3523 4603 Jeza—

235 4638 440 4706 Aehab,
487 4639 582 4711 qui
626 4640 1015 4710 interpretatur
1048 4640 1215 4710 frater
1240 4644 1448 4713 patris:
1475 4643 1705 4714 populus
1742 4644 1824 4697 vi-
1850 4692 1903 4714 η
1926 4643 2034 4708 bel,
2065 4642 2195 4714 quia
2236 4657 2361 4697 cum
2392 4655 2556 4697 canes
2591 4640 2704 4706 illi,
2746 4640 2815 4697 de
2842 4640 3041 4712 quibus
3083 4640 3348 4711 scriptum
3393 4647 3521 4696 est:

492 4692 581 4711 τη
1430 4692 1442 4697 -
1475 4692 1702 4714 τηρ---ν
1757 4692 1797 4697 .-
1926 4692 2034 4708 ..-Ἴ
2070 4692 2195 4714 τ--ᾑ
2242 4692 2361 4697 η---
2398 4692 2553 4697 -π--ν-
2754 4692 2811 4697 η
2849 4692 3037 4712 τ--ηη
3084 4692 3347 4711 “pre-—
3402 4692 3476 4696 ---
3505 4692 3517 4696 τ

237 4731 429 4787 delicet
468 4731 744 4796 Iudaicus,
773 4730 841 4787 de
869 4746 975 4801 quo
1005 4731 1255 4789 Christus
1290 4750 1510 4790 carnem
1546 4751 1826 4792 assumere
1849 4692 1904 4753 Β
1936 4755 1954 4788 t
1980 4733 2465 4791 Circumdederunt
2490 4749 2577 4789 me
2605 4749 2772 4790 canes
2796 4734 2953 4790 multi
2983 4731 3161 4807 (Paul.
3188 4731 3328 4805 xxi),
3348 4751 3367 4784 ι
3397 4747 3522 4787 san—

240 4822 489 4893 dtgnatus
532 4831 646 4888 est;
682 4841 701 4874 ‹
730 4831 792 4877 ιιι
819 4823 1036 4879 fecisset
1081 4824 1137 4878 in
1181 4840 1245 4880 ea
1274 4827 1491 4881 hortum
1538 4827 1769 4891 olerum,
1798 4846 1819 4880 ι
1932 4830 2148 4901 guinem
2192 4827 2572 4897 Redemptoris
2600 4828 2774 4883 nostri
2818 4828 3001 4898 lingua
3045 4834 3313 4882 venenata
3359 4840 3523 4895 expe-

241 4916 341 4971 huc
385 4925 470 4971 est
510 4922 573 4969 ut
607 4915 697 4969 ubi
747 4914 931 4969 vinum
978 4916 1165 4986 gratiae
1214 4917 1472 4986 spiritalis
1520 4921 1828 4986 germinare
1932 4921 2144 4984 tebant,
2196 4918 2300 4988 ipsi
2344 4918 2507 4972 etiam
2551 4934 2583 4972 a
2620 4918 2844 4974 canibus
2892 4917 2999 4972 illis
3033 4916 3102 4972 de
3152 4913 3350 4984 quibus
3389 4914 3521 4969 item

243 5006 458 5074 debuit,
506 5006 580 5061 ibi
626 5004 833 5077 fragilia
881 5020 1109 5076 quaeque
1142 5006 1391 5077 dogmata
1427 5023 1524 5077 per
1553 5007 1828 5062 Pharisai-
1931 5009 2214 5078 Scriptura
2258 5007 2393 5063 dicit
2431 5026 2445 5062 :
2489 5028 2508 5060 ι
2535 5007 2653 5063 Non
2701 5016 2784 5064 est
2816 5008 3017 5062 bonum
3064 5018 3279 5061 sumere
3323 5018 3521 5074 panem

245 5113 360 5153 cam
382 5099 822 5170 superstitionem
849 5098 1291 5169 transplantaret.
1318 5098 1424 5153 Sed
1447 5097 1659 5154 Naboth
1683 5101 1827 5155 hanc
1930 5099 2188 5165 ﬁliorum,
2220 5107 2275 5156 et
2298 5091 2516 5156 mittere
2537 5100 2764 5155 canibus
2789 5097 3006 5170 (Matth.
3030 5095 3145 5169 xv),
3165 5114 3185 5149 ι
3218 5090 3281 5152 ιιί
3302 5097 3522 5167 nequis-

244 5189 452 5245 vineam
498 5191 629 5246 dare
674 5188 906 5255 nolenti,
951 5189 1006 5243 id
1044 5199 1126 5245 est
1173 5189 1394 5245 Christo
1426 5190 1825 5248 Pharisaeorum
1931 5192 2053 5248 simi
2107 5202 2353 5263 raptores
2401 5199 2456 5246 et
2504 5188 2907 5247 sceleratissimi
2957 5202 3299 5258 possessores
3348 5189 3522 5244 vineae

249 5283 717 5354 superstitionibus
743 5299 851 5338 non
887 5284 1266 5349 consentienti,
1300 5285 1462 5354 impia
1508 5300 1644 5341 uxor
1678 5285 1831 5341 Jeza-
1930 5282 2165 5347 Domini,
2194 5282 2252 5337 in
2277 5281 2466 5337 eodem
2492 5281 2612 5335 loco
2637 5294 2745 5347 quo
2772 5277 3032 5332 Dominus
3056 5291 3250 5346 passus
3272 5283 3378 5342 est,
3413 5284 3522 5331 trum

249 5379 361 5444 bel,
406 5382 513 5436 hoc
556 5389 639 5435 est
686 5378 968 5450 Synagoga
1020 5378 1329 5435 Judaeorum
1382 5382 1695 5436 machinata
1743 5389 1829 5436 est
1931 5376 2270 5439 cidabantur,
2316 5384 2372 5429 et
2417 5387 2610 5428 carnes
2651 5384 2840 5425 eorum
2873 5368 3064 5424 bestiis
3111 5377 3168 5424 et
3208 5368 3522 5426 volucribus

254 5481 494 5528 mortem.
544 5473 939 5542 Interpretatur
991 5473 1135 5526 enim
1185 5470 1400 5528 Jezabel
1453 5474 1825 5541 cohabitatrix,
1930 5465 2273 5521 comedenda:
2302 5464 2674 5519 tradebantur.
2706 5459 2774 5514 Et
2798 5459 2873 5514 ita
2903 5459 3068 5530 impia
3100 5475 3234 5531 gens
3265 5460 3374 5527 illa,
3400 5476 3520 5531 quas

254 5557 361 5612 Sive
406 5561 579 5627 fluxus
613 5577 798 5625 vanus,
845 5559 987 5630 quod
1026 5560 1164 5616 bene
1207 5564 1459 5617 convenit
1506 5562 1826 5635 Synagogze,
1935 5558 1991 5614 in
2025 5558 2273 5629 passione
2300 5555 2515 5611 Domini
2544 5553 2769 5626 profana
2811 5566 2944 5610 voce
2988 5553 3296 5608 clamabat:
3334 5573 3353 5605 ι
3383 5553 3521 5609 San-

257 5661 369 5715 qute
413 5650 657 5705 habitare
704 5651 988 5705 videbatur
1016 5651 1071 5706 in
1115 5652 1275 5708 domo
1318 5654 1561 5722 Domini,
1601 5657 1696 5711 sed
1731 5670 1832 5726 per
1935 5651 2055 5722 guis
2103 5648 2220 5719 ejus
2273 5649 2345 5704 sit
2396 5663 2559 5718 super
2610 5662 2711 5703 nos
2763 5655 2819 5703 et
2868 5661 3033 5716 super
3098 5646 3240 5701 ﬁlios
3302 5654 3519 5701 nostros

260 5739 401 5793 varia
429 5740 688 5796 desideria
716 5739 971 5794 vanitatis
1011 5738 1298 5794 defluebat.
1328 5744 1473 5795 Misit
1512 5760 1642 5812 ergo
1673 5745 1831 5802 Jeza-
1937 5740 2153 5810 (Matth.
2182 5741 2384 5808 xxv)"
2433 5740 2634 5796 ibidem
2681 5740 2999 5810 sanguinem
3049 5752 3207 5792 suum
3255 5736 3516 5793 fetidissl-

263 5826 345 5881 bel
389 5828 593 5885 litteras
636 5830 704 5885 ad
734 5829 967 5900 majores
1011 5837 1164 5894 natu,
1192 5837 1247 5884 et
1290 5831 1358 5885 ad
1406 5832 1695 5900 optimates
1737 5833 1830 5903 qui
1937 5847 2085 5887 mum
2116 5832 2316 5886 meruit
2339 5830 2509 5897 fundi,
2537 5832 2629 5887 ubi
2661 5831 2998 5889 Salvatorem
3038 5845 3194 5887 suum
3230 5829 3518 5899 expetebat

266 5928 413 5975 erant
447 5920 501 5975 in
536 5921 774 5987 civitate,
804 5928 882 5985 ut,
910 5919 1334 5977 subintroductis
1378 5921 1530 5978 falsis
1578 5923 1828 5991 testibus,
1936 5924 2129 5981 occidi.
2158 5923 2345 5982 Refert
2368 5924 2587 5996 quidem
2611 5924 2875 5996 Josephus
2899 5924 3043 5995 quod
3066 5938 3132 5978 ex
3160 5920 3308 5978 omni
3330 5919 3513 5978 ludas
