3958 6476
197 460 295 527 ω

1008 448 1361 517 ΕΟΜΜΕΝΤ.
1398 447 1465 507 IN
1503 447 1749 509 LIBROS
1785 446 1853 505 IV
1888 441 2151 509 ιωςωι.
2188 471 2260 487 --
2290 440 2360 497 IN
2392 439 2521 498 LIB.
2558 440 2645 501 IV.

3338 434 3441 493 Ἀθ

1436 708 1548 801 IN
1614 705 2006 795 LIBRUM
2068 707 2207 798 IV.

1601 891 2068 919 Hm

720 1003 946 1069 CAPUT
981 1002 1268 1063 PRIMUM.

199 1126 278 1182 De
308 1123 543 1185 Ochozia
565 1137 700 1193 rege.
728 1121 818 1193 qui
846 1116 1044 1193 cecidit
1058 1133 1160 1193 per_
1172 1113 1429 1193 cancellos
1447 1114 1782 1193 (iantassent,

271 1207 320 1269 et
350 1212 447 1269 pro
477 1184 574 1246 hac
594 1184 901 1269 inﬁrmitate
926 1184 1160 1269 misit—ad
1188 1185 1562 1269 consulendum
1588 1184 1787 1239 idolum

272 1257 548 1328 Acearon;
570 1257 710 1315 unde
737 1262 905 1314 iratus
934 1259 1190 1313 Dominus
1219 1274 1312 1328 per
1335 1257 1635 1328 praphetam
1666 1272 1788 1310 con-

269 1338 437 1406 digna
460 1336 512 1389 ei
540 1333 831 1404 respondit.

275 1466 429 1540 (CAP.
464 1464 528 1540 ι.)
561 1483 579 1515 ι
611 1463 1005 1519 Prmvaricatus
1026 1470 1110 1518 est
1135 1470 1311 1517 autem
1344 1461 1499 1516 Moab
1530 1461 1583 1516 in
1605 1460 1789 1531 Israel,

208 1579 226 1610 ι
267 1567 561 1631 postquam
591 1565 836 1610 mortuus
861 1563 945 1610 est
971 1552 1176 1609 Achab.
1200 1552 1509 1625 Ceciditque
1530 1552 1793 1611 Ochozias

208 1666 226 1699 ς
267 1664 365 1720 per
384 1646 655 1701 cancellos
681 1645 946 1700 ccenaculi
974 1646 1079 1712 sui,
1111 1644 1256 1715 quod
1278 1643 1515 1699 habebat
1539 1644 1591 1698 in
1610 1644 1797 1699 Sama-

208 1762 225 1793 ι
274 1741 375 1807 ria,
414 1749 473 1795 et
498 1739 815 1811 aegrotavit;
841 1738 1096 1808 misitque
1122 1737 1339 1791 nuntios
1361 1736 1546 1814 dicens
1573 1738 1640 1789 ad
1662 1751 1755 1791 eos
1779 1753 1793 1790 :

208 1854 225 1885 ‹
271 1833 370 1900 Ite,
403 1833 674 1901 consulite
694 1830 1016 1895 Beelzebub,
1046 1830 1204 1884 deum
1228 1828 1494 1899 Aecaron,
1522 1837 1702 1885 utrum
1724 1828 1799 1882 vi-

210 1945 228 1976 ι
272 1941 401 1979 vere
429 1939 623 1996 queam
648 1924 713 1979 de
733 1922 1047 1977 infirmitate
1069 1936 1190 1981 mea
1216 1921 1336 1974 hac.
1356 1919 1592 1991 Angelus
1618 1927 1799 1983 autem

209 2038 228 2070 ι
272 2018 494 2072 Domini
531 2016 742 2072 locutus
784 2025 869 2070 est
897 2015 967 2083 ad
1004 2013 1182 2068 Eliam
1217 2012 1542 2078 Thesbiten,
1575 2012 1797 2068 dicens:

212 2130 230 2162 ‹
276 2110 461 2181 Surge
501 2117 557 2163 et
594 2107 827 2163 ascende
871 2107 926 2162 in
974 2119 1261 2163 occursum
1307 2103 1617 2165 nuntiorum
1658 2104 1801 2175 regis

211 2222 229 2255 ι
270 2200 544 2257 Samariae
569 2207 624 2255 et
650 2200 798 2254 dices
815 2199 887 2253 ad
912 2213 1006 2253 eos
1030 2212 1043 2251 :
1066 2194 1319 2271 Nunquid
1347 2214 1452 2253 non
1475 2201 1559 2250 est
1582 2197 1723 2253 Deus
1746 2196 1801 2250 in

214 2314 231 2347 ι
275 2293 450 2350 Israel
474 2335 489 2358 ,
520 2301 578 2348 ut
604 2293 743 2348 eatis
770 2292 838 2347 ad
868 2292 1257 2347 consulendum
1303 2292 1600 2347 Beelzebub
1640 2291 1800 2345 deum

1807 1004 1856 1065 Α
1885 999 2124 1065 remedia
2152 998 2397 1063 invenire
2425 1013 2533 1057 non
2569 999 2786 1065 meruit.
2814 996 3069 1075 Confugit
3104 997 3249 1055 enim
3272 1037 3287 1065 ,
3317 996 3459 1053 sicut

1831 1106 1835 1110 ‘
1884 1108 1982 1148 rex
2024 1091 2221 1167 impius
2250 1089 2404 1165 fecit,
2448 1092 2514 1147 ad
2544 1090 2803 1156 falsorum
2844 1091 3065 1153 deorum
3108 1087 3379 1159 praesidia,
3427 1103 3457 1141 a

1884 1183 2081 1255 quibus
2114 1183 2291 1255 magis
2317 1183 2473 1243 laesus
2495 1199 2659 1256 quam
2693 1182 2907 1257 adjutus
2935 1190 3035 1236 est.
3062 1180 3130 1238 Et
3173 1181 3292 1235 ideo
3333 1194 3460 1257 pro—

1885 1276 2103 1347 phetico
2128 1292 2223 1331 ore
2249 1277 2558 1353 corripitur,
2599 1287 2655 1331 et
2699 1276 2764 1331 de
2810 1273 2927 1347 ejus
2968 1282 3141 1329 morte
3180 1272 3356 1327 vicina
3388 1271 3463 1325 illi

1886 1366 2219 1439 praedicitur.
2243 1367 2377 1429 llinc
2401 1383 2499 1441 per
2523 1366 2713 1423 Isaiam
2741 1366 2972 1423 dicitur:
3012 1385 3029 1417 ι
3068 1365 3134 1420 Ει
3164 1380 3285 1419 eum
3316 1363 3466 1419 dixe-

1892 1458 2001 1512 rint
2035 1459 2101 1513 ad
2127 1474 2223 1521 vos
2251 1477 2262 1512 :
2289 1458 2523 1533 Quaerite
2553 1476 2583 1514 a
2610 1459 2941 1532 Pythonibus
2970 1466 3025 1513 et
3058 1475 3087 1513 a
3124 1457 3340 1523 divinis,
3371 1456 3462 1529 qui

1893 1549 2122 1617 strident
2151 1549 2205 1607 in
2238 1549 2693 1607 incantationibus
2720 1549 2853 1615 suis,
2882 1547 3125 1618 nunquid
3163 1561 3269 1600 non
3301 1560 3470 1616 popu—

1894 1638 1978 1694 lus
2004 1640 2245 1708 requiret
2270 1654 2301 1693 a
2326 1640 2435 1694 Deo
2465 1656 2563 1701 suo
2591 1640 2854 1694 visionem
2876 1655 2974 1718 pro
2996 1637 3134 1693 vivis
3158 1652 3187 1690 a
3210 1635 3469 1691 mortuis?

1895 1728 1978 1784 Ad
2018 1730 2191 1801 legem
2231 1730 2405 1803 magis
2446 1740 2500 1785 et
2540 1731 2607 1785 ad
2656 1730 3046 1789 testimonium.
3083 1728 3236 1801 Quod
3283 1728 3328 1783 si
3365 1743 3471 1781 non

1899 1821 2133 1877 dixerint
2148 1822 2302 1893 juxta
2328 1823 2551 1877 verbum
2578 1823 2700 1889 hoc,
2724 1838 2828 1881 non
2854 1821 2958 1876 erit
2983 1821 3062 1876 eis
3084 1820 3345 1876 matutina
3360 1819 3471 1874 lux.

1898 1917 1966 1971 Et
1992 1918 2243 1973 transibit
2262 1933 2359 1989 per
2380 1933 2523 1985 eam,
2554 1927 2771 1973 corruet
2795 1927 2851 1972 et
2869 1917 3089 1973 esuriet.
3118 1916 3185 1971 Et
3212 1931 3333 1971 cum
3355 1930 3477 1970 esu-

1901 2009 2075 2076 rierit,
2106 2009 2391 2074 irascetur,
2425 2017 2481 2065 et
2504 2009 2789 2066 maledicet
2835 2008 2951 2080 regi
2991 2023 3089 2064 suo
3124 2017 3179 2062 et
3208 2006 3318 2061 Deo
3354 2021 3472 2062 suo.

1901 2099 1970 2155 Et
1998 2100 2255 2169 suspiciet
2273 2115 2510 2167 sursum,
2532 2108 2587 2155 et
2608 2100 2674 2155 ad
2698 2107 2900 2154 terram
2930 2097 3245 2153 intuebitur.
3261 2096 3328 2151 Et
3353 2109 3478 2150 ecce

1906 2191 2179 2247 tribulatio
2207 2200 2262 2247 et
2290 2193 2546 2258 tenebras,
2569 2191 2869 2258 dissolutio,
2896 2198 2950 2245 et
2976 2190 3253 2263 angustia,
3295 2196 3349 2244 et
3389 2203 3480 2243 ca-

1903 2283 2012 2356 ligo
2042 2299 2379 2354 persequens
2400 2326 2415 2351 ,
2442 2296 2496 2340 et
2526 2301 2631 2343 non
2658 2284 2859 2359 poterit
2883 2283 3101 2338 avolare
3138 2282 3206 2338 de
3232 2280 3481 2352 angustia

213 2407 233 2440 ι
277 2386 569 2442 Accaron?
590 2384 766 2453 Quam
810 2383 880 2439 ob
918 2398 1032 2438 rem
1066 2385 1185 2438 haec
1222 2383 1352 2437 dicit
1385 2382 1644 2438 Dominus
1673 2399 1686 2434 :
1728 2379 1805 2434 De
1834 2371 1880 2431 Β
1908 2392 2004 2432 sua
2034 2377 2171 2450 (Isa.
2197 2376 2337 2449 vm).
2370 2397 2389 2431 ι
2419 2376 2527 2448 (Ea:
2548 2372 2804 2448 Isidoro.)
2827 2374 2990 2429 Mittit
3008 2389 3105 2427 rex
3132 2373 3326 2445 impios
3348 2372 3481 2426 duos

213 2498 233 2533 ι
278 2479 486 2536 lectulo
512 2495 675 2548 super
698 2493 859 2548 quem
886 2476 1198 2543 ascendisti,
1224 2492 1332 2531 non
1363 2473 1677 2541 descendes,
1709 2474 1805 2529 sed

213 2593 233 2627 ι
278 2582 464 2631 morte
492 2573 764 2636 morieris,
794 2582 898 2626 etc.
940 2591 959 2623 ›
1000 2571 1209 2625 Mortuo
1240 2585 1454 2649 quoque
1487 2567 1805 2645 impiissimo

209 2684 336 2739 rege
364 2666 579 2732 Achab,
608 2666 804 2736 impius
828 2666 1002 2720 hmres
1029 2664 1079 2720 ei
1119 2665 1411 2730 successit,
1447 2663 1588 2723 illius
1620 2663 1807 2732 utique

211 2763 328 2834 ejus
355 2760 652 2826 Oehnzias,
684 2761 749 2815 de
780 2775 888 2829 quo
921 2758 1202 2828 Scriptura
1231 2765 1417 2812 narrat
1440 2757 1583 2828 quod
1615 2756 1807 2819 fecerit

213 2853 417 2907 malum
453 2853 506 2908 in
536 2860 828 2923 conspectu
855 2850 1105 2916 Domini,
1137 2858 1191 2904 et
1219 2849 1581 2905 ambulaverit
1620 2849 1675 2905 in
1720 2849 1806 2905 via

210 2945 387 3027 patris
410 2944 498 3001 sui
522 2953 576 2999 et
606 2944 795 2998 matris
827 2959 956 3009 suae,
985 2952 1039 2997 et
1070 2942 1124 2996 in
1153 2943 1239 3002 via
1271 2941 1558 3001 Jeroboam
1583 2941 1678 2997 lilii
1704 2940 1811 2999 Na-

214 3040 368 3104 bath,
395 3038 488 3109 qui
516 3052 744 3113 peccare
769 3035 896 3099 fecit
920 3035 1108 3091 Israel.
1139 3035 1375 3099 Servivit
1400 3051 1616 3109 quoque
1643 3035 1809 3113 Baal,

215 3144 269 3188 et
310 3132 564 3187 adoravit
598 3146 744 3195 eum,
787 3139 843 3184 et
879 3130 1118 3183 irritavit
1147 3130 1432 3183 Dominum
1452 3130 1620 3197 Deum
1648 3128 1812 3197 Israel

208 3225 366 3303 juxta
395 3225 578 3287 omnia
602 3238 722 3293 qua:
744 3220 949 3279 fecerat
972 3230 1129 3292 pater
1150 3219 1288 3295 ejus.
1316 3221 1421 3275 Sed
1448 3235 1554 3281 non
1577 3221 1668 3288 diu
1689 3236 1814 3290 pro-

214 3330 375 3390 spere
405 3316 549 3389 egit,
579 3314 706 3389 quia
746 3328 846 3391 per
883 3311 1155 3369 cancellos
1200 3310 1463 3366 caanaculi
1510 3311 1625 3375 sui,
1671 3310 1814 3383 quod

213 3407 461 3463 habebat
488 3406 543 3459 in
570 3404 835 3469 Samaria,
874 3404 1101 3475 cecidit,
1143 3410 1197 3457 et
1221 3404 1533 3477 :egrotavit;
1564 3403 1818 3477 misitque

215 3499 447 3557 nuntios
476 3497 543 3551 ad
568 3496 892 3561 Beelzebub,
920 3495 1080 3549 deum
1098 3495 1364 3559 Accaron,
1390 3504 1448 3548 ut
1473 3494 1818 3561 consulerent

215 3604 343 3651 eum
392 3596 577 3642 utrum
618 3587 803 3663 vivere
848 3596 1033 3669 posset
1081 3586 1151 3641 de
1201 3587 1304 3643 hac
1340 3586 1676 3653 infirmitate.
1719 3586 1820 3651 Cui

218 3697 345 3738 cum
378 3680 546 3745 Elius,
575 3680 785 3735 nuntiis
812 3680 924 3734 suis
955 3679 1200 3747 obvians,
1234 3679 1300 3733 dc
1323 3687 1496 3745 morte
1524 3680 1702 3740 vicina
1735 3694 1822 3734 re-

220 3774 552 3861 spondisset,
574 3772 722 3831 misit
742 3770 810 3837 ad
830 3787 953 3826 eum
979 3772 1498 3849 qu’nquageuarium
1522 3772 1822 3849 principem

223 3885 345 3924 cum
370 3867 637 3923 militibus
665 3866 767 3921 sibi
800 3865 1081 3945 subjectis,
1105 3875 1165 3925 ut
1191 3882 1312 3920 eum
1341 3866 1691 3921 adducerent.
1714 3866 1822 3923 Sed

225 3961 310 4029 his
333 3961 459 4037 igne
480 3959 687 4015 caelesti
705 3960 1063 4028 consumptis,
1086 3959 1283 4021 iterum
1306 3958 1452 4014 misit
1478 3959 1641 4017 alium
1663 3960 1826 4033 quin-

226 4050 642 4127 quagenarium,
675 4051 766 4120 qui
797 4050 1050 4107 similiter
1082 4067 1204 4117 cum
1233 4053 1346 4111 suis
1371 4053 1688 4111 combustus
1719 4060 1822 4115 est.

230 4139 373 4197 Misit
403 4149 459 4197 et
489 4141 732 4206 tertium,
765 4141 855 4227 qui
886 4150 1197 4199 reservatus
1226 4151 1327 4197 est.

298 4254 487 4329 Itaque
528 4268 622 4311 rex
669 4253 772 4315 iste
801 4254 1057 4327 populum
1107 4252 1444 4321 Judzeorum,
1490 4264 1546 4309 et
1593 4256 1828 4315 maxime

232 4348 505 4421 principes
539 4346 831 4418 signiﬁcat,
856 4348 948 4418 qui
974 4348 1212 4418 peccatis
1236 4355 1289 4402 et
1309 4347 1452 4403 vitiis
1474 4348 1662 4412 dediti,
1689 4347 1831 4402 veris

237 4446 396 4494 talem
445 4453 477 4499 a
520 4451 579 4492 se
608 4435 974 4507 repellebant.
1010 4438 1118 4503 imo
1147 4438 1639 4511 persequebantur.
1673 4436 1829 4500 Unde

236 4528 427 4600 legitur
454 4529 511 4591 in
540 4527 854 4599 EVangelio,
900 4528 1043 4605 quod
1075 4548 1093 4580 Ι
1132 4528 1401 4591 miserunt
1446 4527 1723 4599 principes
1769 4534 1831 4585 et

236 4618 495 4682 Pharisazi
519 4619 818 4685 ministres,
844 4627 904 4677 ut
925 4620 1395 4690 apprehenderent
1422 4618 1609 4675 Iesum
1639 4618 1824 4690 (Joan.

239 4714 355 4785 vn).
389 4734 407 4767 ι
441 4715 511 4773 Ει
560 4712 727 4771 item:
762 4730 780 4767 ι
813 4712 1140 4785 Quaerebam
1181 4728 1312 4785 ergo
1359 4727 1485 4773 eum
1528 4712 1834 4783 apprehen-

243 4806 390 4875 dere,
420 4814 476 4862 et
508 4820 670 4863 nemo
698 4805 847 4869 misit
875 4805 927 4867 in
958 4805 1108 4863 illum
1151 4820 1380 4871 manus.
1423 4806 1553 4877 quia
1593 4803 1834 4863 nondum

244 4908 462 4953 venerat
484 4898 618 4953 hora
645 4895 794 4965 eius;
826 4904 882 4955 et
922 4895 1059 4967 fugit
1105 4897 1160 4951 in
1207 4904 1445 4961 montem
1492 4897 1638 4951 solus
1676 4908 1836 4951 orare

249 4990 454 5065 (Ibid).
488 4991 558 5049 Et
581 4991 817 5051 iterum:
854 5006 871 5038 ι
905 4988 1311 5060 Cogitaverunt,
1349 4988 1447 5053 ait,
1478 4996 1539 5041 ut
1560 4985 1835 5043 interﬁce-

1905 2469 2421 2540 quinquagenarios,
2446 2483 2567 2523 cum
2589 2466 2817 2523 subditis
2839 2465 2941 2521 sibi
2962 2464 3240 2529 militibus,
3263 2469 3321 2517 ut
3340 2459 3486 2516 exhi-

1903 2560 2066 2614 beant
2092 2559 2286 2623 Eliam,
2316 2559 2409 2630 qui
2439 2558 2622 2614 divino
2668 2558 2791 2629 igne
2841 2554 3145 2629 consumpti
3184 2560 3330 2608 sunt.
3354 2549 3488 2605 Ter-

1910 2649 2013 2705 tius
2055 2658 2235 2704 autem
2278 2651 2476 2705 missus
2503 2649 2762 2704 salvatur.
2797 2644 3299 2721 Quinquagenarius
3330 2657 3486 2697 nam-

1908 2761 2013 2816 que
2040 2761 2297 2801 numerus
2326 2745 2595 2801 confessio
2620 2744 2953 2816 pmnitentize
2977 2750 3082 2809 est,
3113 2756 3220 2812 quo
3252 2737 3492 2794 declara-

1908 2847 2001 2893 tur
2040 2838 2288 2897 remissio
2316 2845 2685 2913 peccatorum.
2714 2834 2884 2890 Judmi
2908 2849 3039 2905 ergo
3065 2831 3309 2886 nolentes
3337 2826 3494 2882 Chri-

1912 2939 2053 2988 stum
2084 2931 2252 2986 Deum
2278 2947 2398 2986 esse
2429 2928 2750 3007 perfectum,
2784 2943 2886 2982 nec
2915 2925 3211 3001 principem
3235 2919 3496 2993 poeniten-

1918 3024 2027 3088 tiae,
2055 3022 2245 3076 dicunt
2269 3022 2337 3076 ad
2358 3038 2482 3077 eum
2508 3039 2521 3075 :
2551 3040 2569 3071 ι
2608 3019 3003 3093 Quinquaginta
3054 3030 3224 3077 annos
3259 3012 3495 3075 nondum

1912 3114 2102 3180 babes,
2129 3123 2182 3169 et
2204 3113 2477 3168 Abraham
2504 3113 2684 3168 vidisti
2713 3110 2894 3186 (Joan.
2916 3108 3078 3183 vni)?
3102 3129 3120 3160 ι
3149 3106 3212 3165 Ili
3240 3105 3293 3171 in
3316 3102 3496 3158 futuro

1917 3205 2082 3260 divini
2120 3205 2260 3277 ignis
2292 3204 2541 3259 incendio
2581 3202 3014 3273 exstinguentur.
3058 3198 3271 3263 Tertius
3312 3202 3493 3257 autem

1917 3296 2434 3367 quinquagenarius,
2470 3294 2595 3365 quia
2626 3308 2918 3349 conversus
2955 3291 3022 3346 ad
3057 3290 3217 3353 ﬁdem
3257 3286 3496 3343 Trinita-

1919 3390 2013 3455 tis,
2043 3388 2378 3467 poenitentias
2404 3393 2747 3445 sacramenta
2786 3384 3068 3469 cognovit,
3113 3378 3499 3455 indulgentiam

1920 3483 2139 3538 meruit.

2548 3567 2776 3626 CAPUT
2814 3566 2880 3623 ΙΙ.

1925 3683 2003 3749 De
2042 3681 2361 3755 raptuElia:
2387 3699 2480 3754 per
2505 3681 2762 3755 turbinem
2788 3680 2845 3755 in
2868 3678 3072 3755 cretum,
3103 3675 3246 3755 et_d_e
3272 3671 3508 3755 pangit:-

1997 3743 2330 3809 tion'e'Elisei
2355 3743 2458 3823 qua
2489 3743 2765 3823 postularit
2796 3743 3335 3823 duplicem'gspiritum
3362 3743 3506 3823 _Elim

1997 3771 2136 3809 none
2166 3771 2327 3807 Lttset
2355 3775 2369 3805 (
2393 3771 2458 3807 ua
2489 3771 2765 3823 posmtat‘tt
2796 3771 3054 3821 aupttcem
3093 3771 3335 3815 spiritum
3371 3771 3503 3799 niue

1996 3828 2052 3882 In
2082 3842 2135 3878 se
2162 3825 2299 3893 ﬁeri.
2335 3771 2650 3876 dIiraculum
2684 3821 2844 3876 Elisei
2880 3822 2935 3875 in
2969 3817 3503 3893 Iericho,_abi__invo-

1997 3898 2129 3961 cavit
2161 3888 2445 3955 Dominum
2481 3903 2530 3951 et
2571 3894 2821 3951 convortit
2855 3909 3021 3959 aqua:
3056 3892 3109 3944 in
3145 3888 3508 3950 dulcedinem;

1997 3978 2044 4047 et
2069 3968 2133 4047 de
2152 3966 2437 4047 puerisqai
2459 3965 2634 4047 Eliseo
2654 3964 3101 4047 conﬁciebantur,
3123 3968 3456 4030 «propterea
3474 3972 3510 4015 α

2000 4036 2204 4092 duobus
2236 4036 2371 4092 ursis
2396 4036 2614 4090 lacerati
2636 4046 2776 4089 sunt.

2001 4150 2151 4227 (CAP.
2183 4150 2269 4223 ιι.)
2305 4168 2324 4202 ι
2361 4149 2587 4211 Factum
2626 4156 2708 4207 est
2732 4155 2948 4217 autem.
2990 4160 3115 4209 cum
3143 4155 3324 4199 levare
3350 4138 3512 4196 vellet

1936 4262 1954 4296 ι
2000 4244 2259 4309 Dominus
2282 4244 2454 4309 Eliam
2487 4258 2583 4312 per
2611 4242 2878 4307 turbinem
2901 4240 2956 4296 in
2984 4237 3205 4303 cmlum,
3233 4236 3348 4293 ibat
3368 4232 3512 4289 Elius

1938 4353 1957 4386 ι
2004 4344 2060 4391 ει
2087 4336 2301 4399 Eliseus
2321 4335 2387 4389 de
2412 4332 2655 4405 Galgala.
2690 4332 2943 4400 Dixitque
2984 4329 3129 4385 Elias
3153 4327 3217 4391 ad
3244 4324 3508 4387 Eliseum:

1938 4448 1956 4487 ι
2004 4428 2145 4485 Sede
2177 4427 2285 4489 hic,
2312 4427 2435 4498 quia
2466 4424 2729 4483 Dominus
2752 4422 2900 4479 misit
2924 4436 3010 4485 me
3032 4433 3203 4488 usque
3222 4418 3276 4479 in
3301 4414 3507 4475 Betbel.

1939 4542 1956 4587 ε
2004 4520 2102 4583 Cui
2135 4519 2209 4585 ait
2237 4517 2448 4595 Eliseus
2485 4514 2670 4571 :Vivit
2713 4512 3008 4577 Dominus.
3054 4517 3110 4567 et
3157 4505 3288 4561 vivit
3334 4504 3514 4595 anima

1939 4633 1957 4671 c
2001 4622 2124 4679 tua;
2155 4610 2281 4680 quia
2318 4624 2428 4665 non
2454 4606 2827 4676 derelinquam
2868 4611 2957 4671 te,
2989 4609 3098 4667 etc.
3133 4619 3152 4661 ι
3186 4597 3296 4671 (Ea:
3318 4594 3515 4667 Grego-

1934 4704 2060 4776 rio.)
2091 4701 2232 4771 Quid
2262 4706 2363 4764 est,
2399 4697 2541 4771 quod
2571 4695 2716 4753 Elias
2744 4694 2813 4753 ad
2841 4692 3039 4751 malum
3065 4697 3258 4761 raptus
3283 4686 3517 4751 dicitur?

1935 4795 2318 4869 Nunquidnam
2368 4807 2491 4849 eum
2530 4789 2708 4844 adhuc
2746 4788 2800 4845 in
2841 4786 2946 4843 hac
2975 4796 3141 4841 carne
3179 4776 3518 4849 corruptibili

1934 4887 2173 4963 positum
2204 4884 2272 4939 ad
2302 4882 2448 4939 illius
2476 4893 2701 4935 summae
2729 4876 2928 4948 quietis
2954 4875 3136 4943 sinum
3172 4879 3299 4929 ante
3336 4882 3517 4923 resur—

1938 4978 2235 5039 rectionem
2281 4974 2762 5047 ascensionemth
2804 4967 3021 5033 Domini
3072 4963 3344 5027 credimus
3397 4973 3517 5015 esse

250 5051 365 5137 rent
407 5051 553 5149 eum,
582 5080 741 5147 [esus
782 5095 913 5153 ergo
1083 5051 1190 5143 non
1219 5079 1273 5132 in
1310 5051 1492 5151 palam
1520 5076 1832 5137 ambulabat
1858 5095 1913 5155 Β
1937 5067 2295 5140 perductum?
2319 5064 2426 5120 Sed
2442 5062 2589 5118 aliud
2604 5070 2688 5116 est
2702 5059 2899 5115 coelum
2921 5069 3157 5116 aereum,
3185 5051 3327 5154 aliud
3348 5051 3519 5155 aethe-

253 5176 389 5244 apud
414 5174 661 5245 Iudaeos,
687 5174 782 5235 sed
810 5173 942 5235 abiit
972 5173 1024 5231 in
1054 5171 1329 5244 regionem
1352 5169 1521 5242 juxta’
1554 5170 1831 5229 desertum

256 5264 307 5325 in
330 5267 603 5325 civitatem
629 5306 645 5333 ,
677 5280 797 5337 quae
825 5264 1022 5327 dicitur
1048 5264 1284 5339 Ephrem
1327 5262 1510 5328 (Joan.
1550 5262 1649 5333 xi).
1681 5281 1700 5319 ι
1734 5261 1837 5323 Ωον

257 5374 373 5414 mus
420 5376 550 5435 ergo
595 5358 846 5429 Oehozia:
891 5357 1175 5429 Synagoga
1213 5365 1299 5417 est
1327 5354 1635 5417 Iudaeorum
1660 5395 1674 5420 ,
1714 5370 1836 5427 quas

260 5451 515 5524 legalibus
540 5451 825 5525 praeceptis
847 5449 1003 5520 quasi
1024 5448 1281 5513 cancellis
1304 5447 1569 5509 cmnaculi
1598 5445 1837 5519 undique

264 5545 589 5611 circumdata
637 5552 775 5603 erat.
810 5544 916 5599 Sed
947 5544 1091 5601 sicut
1119 5542 1388 5607 Oebozias
1433 5558 1530 5613 per
1573 5540 1844 5600 cancellos

266 5636 452 5706 quibus
495 5636 635 5693 tueri
663 5636 848 5695 debuit
885 5650 1049 5697 ruens
1084 5634 1459 5704 mgritudinem
1500 5632 1722 5691 nimiam
1756 5632 1840 5687 in-

268 5731 475 5797 currit,
515 5730 587 5787 ita
623 5736 679 5787 et
719 5724 949 5798 populus
995 5722 1333 5786 Juduwrum,
1368 5726 1500 5790 legis
1534 5724 1837 5781 custodiam

272 5814 549 5887 egrediens
573 5856 589 5887 ,
617 5817 671 5872 in
710 5813 1024 5885 languorem
1058 5806 1451 5880 desperabilem
1494 5815 1840 5878 peccatorum

275 5909 484 5979 “ﬁdit.
513 5910 613 5983 Ubi
638 5907 765 5985 quia
791 5905 972 5977 divina
998 5900 1249 5979 praesidia
1294 5898 1619 5975 dereliquit,
1652 5895 1842 5961 salutis

1941 5176 2116 5221 reum.
2158 5158 2367 5217 leum
2395 5156 2594 5237 quippe
2627 5165 2847 5211 aereum
2884 5155 3042 5207 terra:
3070 5143 3370 5215 proximqu
3404 5149 3519 5206 est,

1940 5254 2085 5313 unde
2123 5259 2178 5307 et
2217 5268 2335 5308 aves
2357 5235 2470 5309 caeli
2495 5246 2727 5303 dicimus
2749 5238 2966 5313 (Matth.
2997 5252 3070 5303 γι.
3094 5235 3211 5307 vni)
3232 5275 3248 5303 ,
3272 5235 3397 5323 quia
3422 5248 3515 5289 eas

1943 5347 2169 5405 volitare
2200 5344 2256 5403 in
2291 5356 2418 5399 aere
2447 5340 2711 5399 videmus.
2755 5334 2812 5395 In
2845 5332 3041 5397 cretum
3081 5330 3259 5400 itaque
3301 5344 3517 5389 aereum

1944 5437 2090 5497 Elias
2115 5435 2427 5493 sublevatus
2452 5438 2560 5494 est,
2590 5432 2649 5487 ut
2680 5424 2734 5481 in
2763 5432 3025 5481 secretam
3051 5420 3339 5499 quamdam
3365 5428 3525 5481 terra:

1946 5528 2222 5599 regionem
2253 5528 2476 5594 repente
2503 5520 2809 5580 duceretur,
2843 5515 2936 5573 ubi
2964 5515 3022 5573 in
3051 5528 3244 5585 magna
3267 5510 3381 5582 iam
3407 5527 3528 5568 car-

1944 5621 2031 5677 nis
2066 5628 2121 5674 et
2156 5618 2379 5688 spiritus
2421 5612 2605 5687 quiete
2652 5610 2896 5675 viveret,
2942 5619 3221 5681 quousque
3262 5605 3327 5669 ad
3362 5603 3522 5669 ﬁnem

1947 5712 2134 5769 mundi
2172 5711 2377 5772 redeat,
2409 5713 2463 5761 et
2492 5703 2684 5761 mortis
2708 5700 2946 5759 debitum
2974 5697 3166 5763 solvat.
3207 5694 3525 5761 Sublevatus

1950 5813 2184 5872 namque
2211 5798 2376 5861 Elias,
2410 5795 2796 5853 Ascensionem
2825 5790 3165 5857 Dominicam
3204 5786 3526 5860 designavit.

1949 5893 2046 5969 lue
2092 5891 2236 5961 enim
2278 5898 2514 5963 mortem
2541 5888 2773 5963 distulit.
2815 5902 2925 5963 nan
2967 5886 3159 5978 svasit.
3188 5880 3531 5961 ﬂaminum
