3958 6504
457 482 563 539 225

1117 475 1177 528 Β.
1219 471 1472 529 ΒΑΒΑΝι
1510 471 1728 528 MAURI
1766 467 2082 525 ARCHIEP.
2121 465 2429 524 MOGUNT.
2472 465 2971 522 OPERUMJ’ARS
3007 465 3050 521 Ι.

3598 466 3721 521 224

456 601 637 647 autem
679 600 861 645 noster
901 588 1026 657 quia
1062 600 1171 641 non
1200 585 1429 651 distulit,
1458 584 1763 656 superavit,
1806 595 2033 651 eamque
2059 584 2112 646 Α
2137 579 2371 635 stulandi
2403 579 2551 635 Elias
2576 588 2779 646 noster,
2804 594 2927 635 cum
2950 581 3006 634 in
3036 579 3327 652 Evangelia
3356 580 3525 636 dicit:
3557 599 3575 632 ‹
3609 582 3726 638 Pe-

458 681 784 756 resurgendo
828 679 1189 749 consumpsit,
1229 687 1286 733 et
1312 677 1725 733 resurrectionis
1773 690 1882 730 suae
1912 673 2029 745 glo-

456 776 592 831 riam
624 770 962 830 ascendendo
997 767 1312 826 declaravit.
1345 768 1651 823 Notandum
1689 780 1901 837 quoque
1946 773 2033 821 est

456 868 597 938 quod
619 864 762 920 Elias
788 864 844 918 in
873 879 1038 919 curru
1072 860 1268 935 legitur
1296 863 1634 928 ascendisse,
1678 870 1737 916 ut
1778 861 2031 916 videlicet

456 967 642 1029 aperte
663 964 1062 1013 monstraretur
1090 956 1214 1027 quia
1242 957 1404 1010 homo
1425 971 1592 1026 purus
1618 954 1884 1023 adjutorio
1908 968 2034 1024 ege-

454 1049 546 1104 bat
573 1049 766 1104 alieno.
791 1047 898 1103 Per
926 1048 1145 1119 angelos
1188 1048 1387 1118 quippe
1418 1046 1508 1102 illa
1542 1046 1685 1101 facta
1725 1054 1779 1101 et
1810 1053 2032 1101 ostensa

455 1150 580 1197 sunt
605 1140 936 1209 adjumenta,
965 1141 1090 1211 quia
1119 1155 1222 1195 nec
1248 1140 1314 1193 ad
1345 1138 1541 1194 C(elum
1575 1138 1793 1208 quidem
1814 1152 2033 1193 aereum

452 1247 551 1303 per
578 1247 638 1288 se
664 1232 954 1287 ascendere
980 1239 1209 1302 poterat,
1241 1246 1401 1301 quem
1428 1238 1636 1285 natura:
1664 1244 1776 1285 sua:
1803 1216 2037 1285 inﬁrmi?

455 1335 539 1382 tas
563 1327 838 1398 gravabat.
867 1325 1199 1396 Redemptor
1232 1333 1414 1379 autem
1452 1333 1639 1379 noster
1682 1339 1789 1378 non
1832 1339 1995 1378 curru
2015 1364 2031 1389 ,

456 1434 563 1473 non
606 1416 811 1488 angelis
852 1418 1164 1473 sublevatus
1204 1417 1420 1487 legitur,
1451 1416 1577 1486 quia
1618 1417 1665 1471 is
1703 1416 1797 1485 qui
1831 1415 2036 1470 fecerat

453 1510 656 1576 omnia,
689 1511 942 1566 nimirum
971 1527 1134 1581 super
1157 1511 1338 1567 omnia
1371 1525 1468 1566 sua
1497 1510 1696 1565 virtute
1735 1509 2030 1564 ferebatur.

452 1604 581 1659 Illuc
625 1604 771 1659 enim
827 1607 1203 1661 revertebatur
1231 1606 1322 1661 ubi
1365 1615 1517 1671 erat,
1564 1614 1618 1660 et
1653 1606 1776 1662 inde
1825 1606 2036 1662 redibat

451 1696 542 1749 ubi
580 1697 932 1764 remanebat,
960 1699 1088 1768 quia
1114 1714 1238 1755 eum
1267 1715 1364 1770 per
1406 1700 1803 1755 humanitatem
1847 1716 2036 1757 ascen-

452 1787 606 1841 deret
632 1788 685 1841 in
722 1789 951 1855 ccelum,
979 1806 1078 1860 per
1108 1791 1449 1847 divinitatem
1490 1798 1545 1846 et
1580 1800 1779 1847 terram
1828 1793 2035 1862 pariter

451 1879 760 1934 continebat
798 1890 852 1936 et
882 1882 1097 1937 malum.
1133 1882 1287 1939 Sicut
1326 1893 1505 1940 autem
1539 1884 1736 1954 Joseph
1778 1901 1809 1938 a
1853 1884 2035 1939 fratri-

2134 673 2260 738 tite,‘
2278 681 2335 727 et
2353 673 2567 729 dabitur
2592 673 2744 728 vobis
2766 672 2982 743 (Matth.
3004 671 3125 747 vn).
3150 673 3217 727 Et
3240 671 3373 727 item
3406 686 3421 725 :
3463 692 3483 723 ι
3510 671 3725 740 Petite,

2131 766 2327 836 inquit,
2357 774 2415 821 et
2439 765 2737 836 accipietis,
2770 774 2831 820 ut
2855 764 3109 837 gaudium
3137 773 3375 821 vestrum
3404 766 3478 821 sit
3498 764 3729 835 plenum

2135 855 2318 929 (Joan.
2343 856 2480 931 xvi).
2518 878 2537 912 ι
2573 852 2684 914 Hac
2712 874 2842 929 ergo
2869 857 3065 913 ﬁducia
3107 864 3361 929 accepta,
3409 872 3442 912 a
3488 858 3730 914 Domino

2134 950 2373 1019 postulat
2396 951 2641 1017 Eliseus,
2695 950 2797 1006 hoc
2834 959 2944 1019 est,
2989 951 3219 1023 populus
3254 950 3631 1017 Christianus,
3661 960 3732 1007 ut

2134 1044 2229 1099 ﬁat
2254 1044 2489 1114 Spiritus
2512 1044 2714 1101 Christi
2747 1045 2946 1116 duplex
2992 1045 3046 1100 in
3072 1046 3186 1112 eis,
3217 1046 3322 1101 hoc
3359 1054 3476 1111 est,
3523 1044 3729 1115 duplex

2135 1135 2308 1208 gratia
2333 1134 2567 1206 Spiritus
2594 1136 2766 1191 sancti
2798 1137 2851 1189 in
2892 1136 3215 1192 remissione
3248 1138 3435 1208 utique
3474 1145 3731 1207 peccato-

2135 1246 2257 1284 rum
2286 1238 2341 1285 et
2381 1229 2669 1285 collatione
2687 1232 2969 1286 virtutum.
2984 1230 3313 1302 Redemptor
3326 1233 3493 1304 igitur
3513 1241 3728 1298 noster,

2140 1342 2158 1375 ι
2195 1325 2286 1393 qui
2321 1339 2428 1378 non
2456 1324 2643 1379 habuit
2671 1332 2984 1394 peccatum,
3024 1339 3199 1393 neque
3226 1332 3511 1394 peccatum
3554 1323 3723 1389 fecit,

2134 1428 2234 1467 nec
2259 1413 2412 1468 dolus
2442 1413 2693 1469 inventus
2720 1424 2803 1470 est
2823 1415 2877 1469 in
2900 1430 2995 1470 ore
3032 1413 3148 1482 ejus
3178 1413 3359 1486 (Jaan.
3390 1415 3512 1485 vin)
3532 1456 3547 1481 ,
3588 1435 3606 1467 ι
3645 1432 3734 1470 re-

2133 1506 2390 1562 missione
2415 1519 2759 1577 peccatorum
2797 1525 2904 1564 uon
2928 1509 3095 1580 eguit.
3125 1508 3302 1581 Opera
3327 1519 3511 1565 autem
3548 1511 3730 1565 virtu-

2134 1597 2323 1651 tumin
2357 1596 2563 1667 Spiritu
2585 1607 2774 1654 sancta
2802 1598 2951 1666 fecit,
2972 1600 3112 1656 sicut
3159 1601 3274 1671 ipse
3324 1601 3378 1655 in
3428 1601 3733 1671 Evangelia

2134 1687 2268 1743 dicit
2303 1687 2503 1745 Judzeis
2536 1709 2548 1745 :
2588 1710 2606 1743 ι
2647 1690 2701 1746 Si
2726 1707 2827 1762 ego
2849 1692 2903 1746 in
2930 1691 3099 1764 digito
3127 1691 3224 1746 Dei
3252 1692 3408 1761 ejicio
3429 1693 3733 1759 daemonia,

2134 1777 2375 1849 profecto
2400 1783 2644 1851 pervenit
2670 1783 2723 1837 in
2760 1799 2856 1839 vos
2892 1798 3117 1853 regnum
3146 1784 3242 1839 Dei
3278 1782 3430 1858 (Luc.
3460 1784 3562 1855 χι).
3597 1806 3614 1838 ι
3642 1786 3737 1840 lno

2139 1872 2459 1942 scparabilia
2508 1883 2634 1930 sunt
2686 1876 2850 1947 igitur
2881 1892 3046 1948 opera
3087 1866 3288 1933 sancta:
3330 1876 3633 1944 Trinitatis,
3680 1877 3737 1933 id

451 1965 552 2022 bus
574 1972 823 2027 venditus
854 1969 1005 2045 (Gen.
1055 1974 1263 2047 xxxv")
1303 1951 1682 2032 venditioneﬁ
1702 1977 2033 2046 Redempm-
2060 1951 2107 2012 B
2135 1972 2219 2018 est
2243 1964 2439 2032 Patris,
2471 1974 2525 2021 et
2559 1966 2703 2035 Filii,
2735 1976 2789 2023 et
2823 1965 3056 2039 Spiritus
3085 1970 3280 2035 sancti,
3324 1968 3563 2026 Veritate
3598 1978 3740 2024 atte-

453 2059 532 2114 ris
565 2064 736 2117 nostri
770 2063 1052 2134 ﬁguravit,
1079 2067 1159 2123 sic
1184 2068 1371 2124 Enoch
1412 2070 1706 2125 translatus
1752 2066 1904 2141 (Gen.
1948 2069 2029 2143 v),

452 2164 612 2224 atque
659 2158 725 2211 ad
757 2159 954 2213 coelum
992 2176 1211 2215 aereum
1245 2162 1391 2217 Elias
1438 2163 1781 2231 sublevatus,
1829 2164 2032 2221 Ascen-

451 2246 657 2302 sionem
688 2248 1026 2306 Dominicam
1060 2253 1381 2325 designavit.
1412 2255 1761 2311 Ascensianis
1788 2270 1901 2310 suae
1927 2257 2033 2312 Do-

449 2338 628 2393 minus
647 2343 977 2409 praenuntias
997 2354 1052 2398 et
1077 2351 1244 2401 testes
1269 2345 1477 2412 habuit,
1501 2363 1664 2402 unum
1688 2356 1814 2403 ante
1835 2347 2028 2420 legem,

450 2430 614 2485 alium
641 2433 742 2487 sub
768 2434 902 2507 lege,
932 2444 991 2490 ut
1019 2439 1342 2509 quandoque
1366 2440 1576 2495 veniret
1598 2441 1729 2510 ipse,
1754 2442 1846 2511 qui
1877 2456 2034 2496 vera-

449 2523 586 2578 citer
616 2526 781 2582 coelos
821 2537 1107 2598 penetrare
1131 2532 1415 2600 potuisset.
1450 2531 1605 2586 Unde
1645 2540 1700 2587 et
1743 2535 1857 2603 ipse
1898 2532 2032 2588 ordo

450 2611 501 2664 in
534 2627 721 2669 eorum
748 2626 979 2688 utraque
1017 2618 1388 2676 sublevatioue
1426 2636 1527 2690 per
1565 2623 1814 2691 quazdam
1852 2622 2033 2677 incre-

450 2710 633 2757 menta
685 2706 1052 2779 distinguitur.
1103 2710 1238 2765 Nam
1284 2712 1471 2767 Enoch
1513 2713 1838 2780 translatus,
1883 2713 2033 2771 Elias

449 2806 578 2848 vero
607 2795 673 2850 ad
703 2797 901 2853 coelum
931 2802 1221 2858 subvectus
1257 2818 1376 2859 esse
1412 2812 1764 2872 memoratur,
1798 2812 1857 2859 ut
1877 2807 2033 2862 veni-

450 2892 534 2938 ret
556 2888 900 2954 postmodum
926 2931 940 2956 ,
972 2892 1064 2961 qui
1108 2908 1209 2949 nec
1253 2893 1579 2961 translatus,
1611 2910 1713 2950 nec
1741 2895 2033 2953 subvectus

449 2976 647 3030 ecelum
691 2979 983 3036 mthereum
1011 2998 1106 3038 sua
1134 2985 1335 3041 virtute
1359 2996 1698 3056 penetraret,
1742 2989 1834 3058 qui
1875 2989 2032 3044 nobis

450 3065 504 3119 in
533 3082 592 3122 se
621 3070 963 3130 credentibus
991 3077 1172 3132 carnis
1193 3093 1409 3149 quoque
1448 3079 1770 3135 munditiam
1799 3080 2029 3152 largire-

448 3161 557 3221 tur,
587 3166 643 3212 et
670 3161 771 3216 sub
805 3177 872 3217 eo
897 3179 997 3234 per
1022 3166 1357 3223 incrementa
1402 3177 1708 3240 temporum
1736 3171 1911 3225 virtus
1939 3186 2031 3226 ca-

448 3247 648 3303 stitatis
677 3240 1036 3310 exc'resceret.
1071 3257 1127 3311 In
1173 3259 1289 3328 ipsa
1321 3276 1536 3331 quoque
1572 3278 1759 3317 eorum
1799 3263 2034 3317 transla-

2135 2065 2333 2123 stante,
2363 2074 2483 2129 quae
2504 2061 2579 2115 ait
2611 2078 2625 2115 :
2662 2080 2681 2112 ε
2718 2062 2856 2130 Quia
2877 2078 2995 2133 qua:
3018 2062 3179 2120 Pater
3202 2063 3349 2130 facit,
3383 2067 3501 2121 haec
3537 2065 3736 2121 eadem

2135 2157 2187 2202 et
2214 2148 2382 2205 Filius
2417 2151 2665 2208 similiter
2703 2152 2834 2209 facit
2879 2154 3059 2226 (Joan.
3086 2156 3160 2227 v).
3221 2174 3241 2208 ι
3289 2157 3356 2211 Et
3391 2155 3686 2227 Apostolus
3717 2176 3732 2212 :

2141 2262 2160 2295 ‹
2193 2245 2340 2315 Haec,
2366 2248 2559 2319 inquit,
2586 2253 2767 2307 omnia
2793 2264 3050 2324 operatur
3073 2272 3215 2311 unus
3236 2240 3400 2326 atque
3423 2257 3569 2313 idem
3609 2257 3739 2329 Spi-

2137 2342 2296 2408 ritus,
2331 2345 2575 2401 dividens
2602 2348 2825 2417 singulis
2850 2357 3009 2419 prout
3022 2349 3133 2404 vult
3149 2350 3199 2422 (ι
3223 2349 3345 2404 Cor.
3371 2357 3495 2421 xu).
3528 2371 3547 2404 ι
3585 2351 3738 2409 Bene

2138 2435 2356 2504 quidem
2380 2438 2623 2506 postulat
2642 2440 2887 2496 Ecclesia
2907 2451 2966 2497 ut
2998 2441 3264 2512 Spiritum
3291 2442 3558 2514 duplicem
3587 2447 3739 2502 acci-

2135 2527 2250 2597 piat
2287 2527 2507 2595 Christi,
2539 2531 2664 2602 quia
2687 2540 2740 2586 et
2770 2533 3093 2589 remissione
3120 2543 3466 2604 peccatorum
3500 2536 3734 2608 indiget,

2135 2633 2241 2687 qua
2276 2634 2384 2674 non
2426 2621 2574 2690 eguit
2622 2620 2892 2689 Christus,
2926 2630 2980 2677 et
3027 2638 3248 2678 munere
3274 2625 3557 2691 virtutum,
3596 2642 3737 2695 quas

2134 2726 2200 2765 ex
2242 2710 2575 2780 plenitudine
2633 2728 2732 2768 sua
2779 2729 2875 2783 per
2927 2712 3189 2784 Spiritum
3244 2724 3493 2772 sanctum
3541 2716 3735 2771 tribuit

2133 2800 2398 2858 Christus.
2435 2823 2455 2855 r
2488 2802 2588 2871 Qui
2619 2805 2915 2860 ascendens
2954 2805 3008 2859 in
3045 2804 3209 2859 altum
3255 2807 3529 2876 captivam
3573 2808 3735 2862 duxit

2134 2893 2520 2962 captivitatem,
2577 2895 2723 2951 dedit
2754 2898 2895 2952 dona
2944 2896 3252 2952 hominibus
3295 2894 3511 2968 (Ephes.
3554 2898 3669 2969 iv);
3709 2917 3729 2949 ι

2135 2983 2242 3039 illis
2293 2984 2544 3041 videlicet
2583 2986 2891 3042 hominibus
2936 2987 3028 3058 qui
3077 3002 3225 3057 spem
3285 3002 3439 3042 suam
3495 2986 3734 3043 ﬁrmiter

2133 3074 2188 3129 in
2241 3074 2391 3130 illum
2429 3084 2655 3146 ponunt.
2715 3075 2852 3133 Hinc
2884 3086 2969 3132 est
3015 3076 3158 3147 quod
3182 3075 3330 3133 Elias
3370 3076 3501 3133 dicit
3530 3076 3602 3132 ad
3624 3075 3737 3132 Elia

2133 3180 2283 3222 seum
2323 3187 2336 3222 :
2754 3160 2761 3165 ’

2214 3279 2232 3311 ‹
2262 3260 2320 3315 Si
2342 3261 2545 3318 videris
2570 3277 2675 3329 me,
2719 3262 2932 3333 quando
2971 3262 3131 3318 tollar
3158 3278 3189 3317 a
3215 3271 3292 3329 te,
3325 3262 3432 3317 erit
3460 3262 3558 3317 tibi
3583 3259 3736 3332 quod

449 3341 2027 3426 tionequiAscensionemDominicam,utvidelicetfamuli,
2060 3328 2105 3391 Ο
2139 3352 2341 3424 petisti.
2369 3351 2427 3408 Si
2476 3362 2655 3408 autem
2701 3368 2809 3408 non
2851 3354 3072 3421 videris,
3096 3370 3203 3410 non
3250 3355 3374 3410 erit.
3412 3373 3431 3405 ι
3467 3352 3602 3422 Quia
3627 3353 3737 3409 nisi

447 3432 881 3506 designaverunt,
907 3448 963 3496 et
991 3443 1045 3496 in
1072 3459 1130 3497 se
1159 3444 1296 3513 ipso,
1329 3446 1420 3516 qui
1453 3447 1519 3501 ad
1541 3447 1737 3503 caelum
1763 3448 2029 3515 ascendit,

426 3524 708 3587 Dominus
740 3532 994 3587 ostendit.
1038 3533 1175 3590 Nam
1219 3536 1406 3592 Enoch
1444 3538 1664 3608 quidem
1710 3555 1937 3595 uxorem
1976 3550 2032 3597 et

448 3617 589 3673 ﬁlios
617 3620 823 3688 habuit,
853 3623 999 3681 Elias
1024 3642 1154 3682 vero
1196 3643 1372 3699 neque
1422 3645 1646 3685 uxorem
1677 3646 1853 3702 neque
1890 3631 2032 3688 ﬁlios

450 3708 703 3765 habuisse
734 3711 947 3783 legitur.
984 3714 1216 3774 Pensate
1260 3734 1391 3792 ergo
1425 3723 1696 3791 quomodo
1726 3740 1824 3795 per
1859 3726 2036 3781 incre-

450 3809 632 3855 menta
677 3806 910 3860 creverit
965 3810 1230 3866 munditia
1283 3813 1581 3880 castitatis,
1630 3818 1775 3886 quod
1832 3826 1887 3873 et
1935 3833 2035 3887 per

451 3893 746 3951 translatos
776 3897 1036 3967 famulos,
1082 3909 1136 3957 et
1174 3918 1273 3973 per
1300 3907 1655 3963 ascendentis
1671 3908 1884 3964 Domini
1910 3925 2034 3980 per-

340 4046 353 4055 ,
451 3998 637 4042 sanam
680 3999 933 4060 potenter
969 3995 1289 4052 ostenditur.
1324 3998 1640 4058 Translatus
1675 4016 1908 4073 namque
1949 4012 2035 4059 est

450 4077 636 4168 Enoch
673 4097 773 4152 per
799 4087 1002 4142 coitum
1028 4091 1241 4161 genitus
1258 4133 1272 4158 ,
1306 4101 1361 4149 et
1388 4110 1485 4164 per
1512 4097 1713 4151 coitum
1742 4111 2029 4168 generans.

453 4166 658 4238 Raptus
685 4171 854 4241 Elias,
879 4192 978 4246 per
1002 4180 1203 4235 coitum
1232 4184 1467 4254 genitus,
1488 4187 1586 4244 sed
1608 4203 1716 4242 non
1745 4166 1909 4242 etiam
1932 4204 2032 4259 per

452 4261 655 4314 coitum
689 4278 974 4333 generans.
1001 4268 1324 4343 Assumptus
1358 4286 1442 4332 est
1477 4293 1606 4333 vero
1640 4279 1900 4334 Dominus
1934 4294 2031 4334 ne-

453 4366 679 4443 que'per
706 4357 905 4413 coitum
935 4377 1199 4433 generans
1215 4409 1228 4434 ,
1258 4385 1432 4441 neque
1456 4386 1553 4441 per
1579 4372 1780 4426 coitum
1806 4388 2030 4443 genera-

453 4448 559 4495 tus.
599 4442 871 4511 Quaeritur
909 4463 1089 4510 autem
1140 4461 1410 4527 quomodo
1454 4460 1698 4528 Eliseus,
1732 4442 1857 4517 cum
1900 4478 2031 4520 suus

452 4536 713 4605 magister
738 4539 884 4597 Elias
926 4544 1103 4603 locum
1143 4552 1451 4619 postulandi
1480 4552 1727 4622 offerret,
1762 4557 2031 4627 duplicem

451 4627 701 4696 spiritum
742 4632 872 4689 Elite
915 4639 1295 4706 postulaverit,
1327 4658 1451 4698 cum
1481 4644 1741 4700 Dominus
1791 4647 1937 4701 dicat
1975 4648 2029 4704 in

452 4715 779 4790 Evangelia:
815 4744 834 4777 ι
864 4725 980 4782 Non
1019 4739 1103 4785 est
1147 4733 1442 4803 discipulus
1478 4750 1640 4805 super
1683 4738 2026 4810 magistrum,

452 4810 723 4902 perfectus
767 4824 949 4872 autem
990 4822 1167 4876 omnis
1193 4824 1329 4889 erit,
1371 4825 1415 4879 si
1463 4826 1533 4880 sit
1581 4828 1721 4882 sicut
1770 4831 2030 4902 magister

454 4897 569 4965 ejus
598 4899 746 4974 (Luc.
774 4908 874 4979 vr).
908 4927 927 4960 ι
954 4909 1120 4980 Cujus
1148 4913 1425 4981 petitionis
1454 4918 1770 4986 mysterium
1816 4897 1888 4974 siw
1906 4937 2031 4976 con-

453 4992 736 5063 sideretur,
764 5014 870 5054 non
898 5000 1204 5071 importuna
1224 5044 1241 5071 ,
1272 5004 1366 5059 sed
1392 5008 1698 5063 necessaria
1736 5011 2029 5080 postulatio

454 5095 572 5138 esse
593 5085 919 5146 decernitur.

530 5195 549 5227 ‹
582 5177 729 5234 Dixit
753 5197 882 5251 ergo
925 5183 1069 5240 Elias
1100 5185 1167 5240 ad
1213 5185 1450 5243 Eliseum
1479 5209 1491 5244 :
1524 5188 1742 5247 Postula
1773 5195 1916 5264 quod
1943 5195 2027 5252 vis

461 5283 481 5316 ι
525 5275 584 5321 ιιι
611 5267 808 5325 faciam
839 5273 933 5328 tibi
960 5282 1254 5343 antequam
1290 5277 1446 5333 tollar
1472 5296 1502 5334 a
1534 5288 1606 5335 te.
1632 5283 1887 5354 Dixitque
1917 5284 2027 5340 Eli-

462 5380 482 5412 ι
526 5377 649 5419 seus
676 5382 687 5418 :
717 5364 954 5421 Obsecro
980 5374 1039 5420 ut
1064 5366 1161 5422 ﬂat
1183 5370 1406 5439 spiritus
1438 5380 1562 5428 tuus
1603 5374 1793 5445 duplex
1836 5377 1889 5431 in
1919 5394 2025 5435 me.

462 5473 483 5507 ι
527 5455 627 5524 Qui
657 5457 962 5526 respondit:
989 5459 1120 5514 Rem
1146 5461 1414 5519 difﬁcilem
1443 5467 1749 5537 postulasti.
1777 5467 2028 5525 Attamen

464 5567 483 5599 ‹
525 5550 571 5603 si
603 5551 803 5605 videris
828 5565 936 5617 me,
967 5554 1184 5622 quando
1216 5556 1376 5611 tollar
1419 5574 1448 5612 a
1483 5567 1568 5625 te,
1618 5562 1722 5615 erit
1764 5561 1857 5616 tibi
1887 5562 2029 5631 quod

463 5656 485 5691 ι
524 5639 726 5708 petisti.
774 5638 832 5693 Si
879 5650 1057 5696 autem
1087 5660 1192 5699 non
1231 5646 1461 5715 videris,
1493 5667 1599 5706 non
1645 5652 1768 5706 erit.
1810 5672 1827 5703 ι
1857 5651 2030 5719 Quem

458 5730 602 5785 enim
626 5730 679 5783 in
702 5730 804 5786 hoc
832 5730 950 5788 loco
970 5735 1239 5805 signiﬁcat
1259 5738 1422 5805 Elias,
1448 5743 1550 5795 nisi
1578 5750 1743 5808 caput
1763 5753 2030 5805 nostrum.

460 5820 749 5877 Dominum
777 5824 984 5882 scilicet
1014 5827 1469 5901 Redemptorem?
1500 5831 1565 5885 Et
1608 5846 1769 5900 quem
1802 5830 2030 5895 Eliseus,

460 5913 567 5971 nisi
587 5928 781 5987 corpus
807 5918 944 5990 ejus,
969 5919 1113 5989 quod
1151 5929 1237 5978 est
1279 5922 1552 5979 Ecclesia?
1595 5921 1698 5976 Dat
1729 5921 1906 5978 locum
1945 5936 2037 5991 po-

2134 3444 2256 3515 quis
2284 3452 2446 3498 rectae
2482 3443 2607 3500 ﬁdei
2631 3444 2819 3499 oculos
2854 3445 2907 3499 in
2940 3444 3088 3500 illum
3142 3453 3326 3514 ponat,
3356 3453 3418 3500 ut
3452 3446 3644 3501 credat
3673 3445 3736 3499 ﬁ-

2134 3534 2326 3591 deliter
2369 3537 2700 3606 passionem,
2730 3545 3190 3592 resurrectionem
3240 3546 3296 3591 et
3345 3537 3731 3592 ascensionem

2133 3625 2250 3695 ejus
2276 3626 2344 3681 ad
2370 3626 2608 3693 Patrem,
2631 3627 2913 3699 petitionis
2936 3643 3047 3682 suae
3087 3626 3326 3683 fructum
3376 3643 3484 3683 non
3515 3628 3731 3698 capiet;

2134 3719 2279 3790 quod
2302 3718 2638 3790 subsequens
2666 3719 2807 3774 ratio
2837 3719 3105 3790 designat.

2205 3809 2350 3865 Elias
2399 3811 2564 3876 enim,
2618 3826 2801 3866 secum
2850 3811 3147 3867 comitante
3197 3808 3399 3876 Elisea,
3447 3809 3515 3864 ad
3558 3824 3735 3879 aquas

2133 3900 2384 3956 Iordanis
2430 3902 2672 3967 veniens,
2707 3921 2725 3951 ι
2759 3901 2882 3958 tulit
2926 3901 3149 3971 pallium
3194 3916 3383 3967 suum,
3414 3908 3468 3956 ct
3498 3900 3731 3955 involvit

2140 4012 2159 4043 ‹
2203 3991 2355 4058 illud,
2409 4000 2463 4047 et
2514 3993 2781 4063 percussit
2836 4008 3020 4063 aquas,
3065 4007 3187 4062 qua:
3240 3992 3427 4046 divisae
3482 3998 3609 4045 sunt
3669 3990 3729 4046 in

2139 4100 2158 4134 ‹
2203 4072 2488 4153 utramque
2539 4093 2768 4154 partem,
2809 4092 2863 4140 et
2921 4085 3256 4140 transierunt
3286 4085 3444 4139 ambo
3492 4098 3592 4153 per
3625 4085 3735 4140 sic-

2139 4201 2157 4233 ι
2203 4196 2347 4236 cum.
2388 4200 2405 4231 ι
2442 4179 2683 4251 Cumque
2708 4180 2852 4234 Elius
2880 4192 3068 4251 raptus
3089 4188 3252 4245 esset,
3277 4178 3491 4233 Eliseus
3521 4178 3728 4233 levavit

2131 4272 2355 4343 pallium
2380 4272 2533 4336 Elia},
2559 4273 2701 4342 quod
2727 4272 2997 4326 ceciderat
3019 4272 3089 4326 ei.
3122 4292 3139 4323 ‹
3176 4272 3555 4339 Reversusque
3576 4270 3732 4323 stetit

2140 4381 2159 4415 ι
2205 4380 2367 4435 super
2403 4366 2574 4434 ripam
2624 4364 2898 4431 Jordanis,
2947 4372 3001 4419 et
3040 4363 3202 4434 pallio
3229 4362 3381 4426 Eliae,
3409 4361 3553 4430 quod
3579 4361 3727 4415 ceci-

2140 4474 2160 4509 r
2206 4458 2362 4511 derat
2388 4456 2457 4519 ei,
2493 4455 2761 4525 percussit
2782 4470 2970 4523 aquas,
3002 4461 3056 4509 et
3097 4469 3205 4508 non
3238 4462 3363 4507 sunt
3408 4452 3614 4507 divisa}.
3658 4442 3730 4508 Et

2139 4570 2158 4603 ‹
2201 4551 2367 4606 dixit:
2388 4549 2490 4604 Ubi
2512 4557 2598 4603 est
2624 4548 2766 4602 Deus
2790 4548 2919 4603 Elite
2940 4547 3106 4602 etiam
3129 4546 3309 4601 nunc?
3341 4545 3731 4617 Percussitque

2141 4662 2159 4695 ‹
2208 4657 2399 4712 aquas,
2440 4650 2494 4695 et
2521 4640 2708 4695 divisa:
2734 4648 2860 4694 sunt
2886 4639 2992 4695 huc
3039 4647 3200 4709 atque
3251 4636 3401 4705 illuc,
3425 4644 3480 4693 et
3508 4639 3729 4693 transiit

2142 4754 2160 4786 ί
2206 4733 2436 4796 Eliseus,
2480 4740 2583 4787 etc.
2625 4752 2641 4782 ι
2679 4731 2818 4798 Quid
2863 4730 3131 4802 signiﬁcat
3171 4730 3396 4801 pallium
3439 4728 3590 4793 Elite,
3624 4729 3729 4783 nisi

2137 4824 2569 4879 lncarnationem
2595 4822 2832 4889 Domini,
2863 4837 2960 4893 per
2993 4838 3157 4893 quam
3188 4821 3518 4891 Redemptor
3538 4829 3728 4874 noster

2139 4916 2265 4970 lethi
2292 4914 2512 4969 ﬂuvium
2552 4915 2799 4985 disrupit,
2830 4914 3094 4984 nobisque
3123 4914 3410 4969 transitum
3460 4913 3528 4967 ad
3554 4912 3724 4968 vitam

2134 5010 2492 5079 prmparavit‘!
2530 5008 2643 5063 Hoc
2673 5023 2800 5078 ergo
2846 5008 3068 5077 pallium
3115 5008 3326 5063 Eliseus
3380 5014 3502 5076 post
3548 5016 3728 5062 trans-

2136 5098 2271 5153 itum
2298 5097 2427 5152 Elire
2470 5097 2709 5158 retinuit,
2740 5097 2866 5167 quia
2912 5096 3071 5154 ﬁdem
3099 5097 3490 5152 Incarnatiouis
3522 5095 3725 5153 Christi

2131 5189 2369 5245 Ecclesia
2414 5197 2536 5260 post
2563 5189 2935 5244 ascensionem
2964 5187 3079 5257 ejus
3103 5190 3170 5243 ad
3197 5188 3366 5244 cmlos
3393 5190 3721 5257 reservavit,

2130 5298 2229 5354 per
2256 5297 2417 5352 quam
2460 5282 2743 5351 praesentis
2792 5281 2919 5336 vitae
2958 5280 3152 5336 fluctus
3207 5282 3443 5336 transire
3498 5283 3719 5352 satagit.

2134 5358 2243 5431 Sed
2289 5376 2430 5429 sicut
2478 5374 2688 5428 Eliseus
2727 5374 3035 5443 percutiens
3062 5372 3225 5443 pallio
3254 5372 3499 5438 ﬂuvium,
3551 5389 3724 5444 aquas

2135 5482 2243 5523 non
2273 5466 2456 5521 divisit
2493 5472 2781 5535 antequam
2835 5464 3012 5519 dixit:
3053 5482 3071 5514 ‹
3116 5462 3217 5519 Ubi
3271 5472 3355 5519 est
3403 5463 3544 5517 Deus
3592 5462 3723 5518 Eliae

2134 5560 2297 5615 etiam
2326 5557 2506 5613 nunc?
2542 5577 2560 5607 ι
2589 5566 2643 5612 et
2668 5557 2747 5611 sic
2770 5556 3040 5627 percussit
3068 5572 3258 5625 aquas,
3287 5564 3341 5609 et
3360 5556 3545 5609 divisae
3573 5566 3719 5623 sunt,

2133 5652 2207 5705 ita
2232 5649 2495 5710 Ecclesia,
2526 5648 2629 5703 nisi
2660 5663 2760 5717 per
2803 5648 3194 5703 invocationem
3226 5645 3459 5701 nominis
3486 5646 3718 5714 Domini,

2134 5742 2363 5793 virtutes
2414 5738 2548 5787 ullas
2598 5739 2777 5789 facere
2815 5749 2921 5790 non
2972 5743 3180 5805 potest,
3232 5737 3380 5808 quia,
3427 5739 3569 5793 sicut
3608 5740 3721 5809 ipse

2138 5826 2305 5890 dixit,
2350 5846 2367 5876 ‹
2399 5824 2527 5879 Siue
2555 5839 2641 5879 me
2673 5824 2807 5878 nihil
2846 5826 3073 5894 potestis
3118 5826 3298 5883 facere
3325 5828 3507 5899 (Joan.
3547 5827 3661 5901 xv).
3696 5846 3714 5879 ι

2137 5917 2286 5974 Nihil
2312 5927 2397 5974 est
2435 5915 2581 5972 enim
2628 5916 2921 5972 humanum
2964 5917 3223 5986 studium,
3268 5920 3374 5976 nisi
3403 5920 3545 5977 adsit
3570 5922 3721 5994 adju-
