3958 6470
998 436 1350 497 COMMENT.
1388 435 1456 492 IN
1494 431 1742 492 LIBROS
1775 430 1845 490 IV
1882 428 2145 488 REGUM.
2185 458 2255 470 ——
2290 430 2359 486 IN
2392 429 2520 486 LIB.
2560 428 2647 485 IV.

3332 418 3439 485 296

188 554 388 613 torium
425 551 686 609 divinum.
729 551 882 609 Unde
923 559 978 607 et
1015 551 1307 624 Apostolus
1350 551 1487 608 dixit
1515 546 1589 605 :‘i
1624 549 1767 604 Deus
1791 543 2061 612 AEdom,
2110 552 2300 601 contra
2346 543 2523 601 Moab.
2567 541 2964 614 Consultusque
3000 543 3070 599 ab
3104 542 3185 600 eis
3233 540 3446 601 Eliseus

188 654 290 714 est,
314 645 407 717 qui
446 652 704 715 cperatur
730 645 785 700 in
825 645 980 700 nobis
1014 652 1069 699 et
1104 645 1238 699 velle
1271 652 1326 698 et
1357 643 1619 715 perﬁcere
1662 657 1763 712 pro
1865 636 2151 706 propheta,
2180 643 2302 707 post
2325 634 2430 690 alia
2452 635 2570 690 haec
2593 635 2847 700 subdidit,
2890 634 3074 692 dicens
3102 652 3115 689 :

186 739 329 795 bona
360 737 638 809 voluntate
660 734 879 809 (Philip.
907 735 989 809 ιι).
1028 757 1047 789 ι
1082 736 1150 791 Et
1186 737 1455 807 Propheta
1483 736 1552 791 ad
1577 734 1765 790 Domi-

187 845 313 883 num
336 828 413 882 ait
444 845 457 882 :
498 847 516 880 ‹
552 828 609 883 In
632 836 684 884 te
705 827 952 884 inimicos
971 836 1186 884 nostros
1210 827 1607 894 ventilabimus,
1631 837 1685 882 et
1710 826 1765 881 in

187 921 405 977 nomine
444 928 539 975 tuo
577 935 896 990 spernemus
946 921 1291 992 insurgentes
1343 922 1400 976 in
1450 936 1572 989 nos,
1601 929 1707 977 etc.
1740 938 1759 972 ι

191 1009 359 1083 (Psal.
384 1010 565 1082 mu.)

263 1120 281 1151 ι
319 1100 581 1176 Dixerunt
625 1116 838 1173 quoque
901 1105 1002 1160 viri
1062 1104 1302 1161 civitatis
1363 1105 1432 1161 ad
1484 1105 1762 1161 Eliseum:

196 1212 213 1245 ί
255 1193 397 1248 Ecce
424 1194 692 1250 habitatio
715 1197 951 1253 civitatis
980 1197 1139 1268 hujus
1167 1200 1373 1269 optima
1398 1208 1502 1267 est,
1531 1200 1673 1256 sicut
1708 1208 1769 1255 tu

194 1305 213 1338 ι
258 1286 401 1357 ipse,
441 1288 675 1355 domine,
706 1291 998 1361 perspicis;
1030 1294 1124 1347 sed
1158 1307 1314 1363 aqua;
1346 1294 1594 1364 pessima:
1621 1300 1766 1360 sunt,

195 1399 212 1431 ι
255 1387 310 1434 et
334 1388 480 1435 terra
519 1381 737 1437 sterilis.
760 1381 833 1437 At
857 1382 945 1438 ille
974 1384 1092 1438 ait:
1131 1384 1335 1440 Aﬂ‘erte
1374 1385 1508 1440 mihi
1532 1401 1629 1441 vas
1666 1401 1766 1442 no-

193 1488 211 1519 ‹
254 1484 406 1535 vum,
434 1478 489 1525 et
510 1472 708 1526 mittite
732 1471 787 1527 in
814 1473 942 1528 illud
965 1474 1062 1529 sal.
1101 1494 1119 1526 ι
1154 1474 1468 1532 Postulabat
1501 1476 1710 1532 Eliseus
1737 1492 1770 1532 a

187 1559 380 1631 populo
413 1567 474 1615 ut
510 1577 678 1632 aquas
706 1562 924 1619 Jericho
960 1564 1175 1620 steriles
1211 1574 1266 1621 et
1303 1566 1568 1637 malignas
1609 1582 1791 1622 sana-7

190 1660 286 1706 ret.
321 1650 551 1723 Accepit
578 1670 673 1710 vas
702 1671 900 1711 novum
940 1656 1127 1723 ﬁctile,
1163 1666 1219 1713 et
1247 1657 1380 1727 jecit
1412 1659 1466 1713 in
1497 1674 1562 1715 eo
1591 1658 1688 1723 sal,
1714 1667 1771 1714 et

191 1744 451 1800 demersit
478 1746 609 1801 illud
636 1748 691 1802 in
718 1747 960 1817 ﬂumine,
987 1759 1044 1805 et
1069 1752 1255 1807 statim
1288 1752 1343 1806 in
1364 1751 1584 1808 ﬂumine
1614 1768 1770 1824 aqua;

190 1844 388 1891 satiatae
419 1845 567 1892 sunt.
589 1836 708 1905 Quo
741 1838 886 1896 facto
914 1843 1315 1912 praenuntiabat
1340 1845 1603 1914 pr0pheta
1640 1845 1769 1915 quia

1942 746 1961 778 ί
1997 725 2182 782 Facite
2217 725 2430 782 alveum
2462 726 2718 782 torrentis
2736 725 2916 794 hujus,
2960 725 3136 783 fossas
3159 734 3215 783 et
3249 724 3443 785 fossas.

1872 838 1893 872 ‹
1934 817 2062 875 Haec
2088 820 2235 875 enim
2271 819 2403 875 dicit
2429 818 2690 893 Dominus
2721 837 2734 873 :
2768 817 2888 874 Non
2916 819 3169 876 videbitis
3202 827 3446 886 ventum,

1872 930 1893 966 ‹
1936 927 2112 984 neque
2150 912 2422 984 pluviam;
2472 919 2527 967 et
2560 911 2890 973 alveus,iste
2943 911 3239 983 replebitur
3268 911 3448 982 aquis,

1874 1024 1894 1059 ι
1935 1015 1991 1063 et
2019 1007 2217 1064 hibetis
2261 1021 2377 1073 vos,
2407 1012 2464 1062 et
2500 1005 2719 1061 familiae
2741 1012 2953 1070 vestrae,
2985 1012 3043 1059 et
3073 997 3324 1073 jumenta
3359 1018 3453 1058 ve-

1873 1118 1897 1153 ι
1937 1108 2072 1157 stra.
2111 1102 2419 1171 Parumque
2450 1100 2554 1156 hoc
2585 1106 2671 1157 est
2699 1098 2755 1154 in
2782 1105 3075 1167 conspectu
3107 1096 3344 1162 Domini,
3370 1094 3453 1150 in-

1873 1211 1894 1246 i
1939 1208 2102 1265 super
2151 1194 2326 1249 tradet
2372 1192 2537 1248 etiam
2583 1189 2740 1247 Moab
2782 1190 2838 1245 in
2882 1204 3075 1244 manus
3111 1195 3339 1243 vestras.
3385 1187 3456 1242 Et

1873 1303 1893 1337 c
1933 1259 2248 1356 percutietis
2277 1299 2495 1340 omnem
2530 1283 2804 1339 civitatem
2844 1281 3133 1344 munitam,
3159 1284 3215 1332 et
3237 1290 3457 1331 omnem
3480 1259 3504 1369 ζ

1876 1400 1894 1428 ι
1938 1377 2130 1432 urbem
2163 1376 2412 1442 electam,
2448 1382 2503 1431 et
2529 1374 2846 1430 universum
2878 1371 3093 1456 lignum
3111 1366 3453 1425 fructiferum

1875 1486 1896 1521 ι
1942 1469 2249 1534 succidetis,
2293 1475 2627 1538 cunctosque
2666 1465 2845 1522 fontes
2876 1479 3139 1536 aquarum
3180 1459 3458 1519 obturabi—

1875 1579 1896 1613 ι
1941 1563 2031 1628 tis,
2068 1570 2123 1618 et
2174 1577 2389 1617 omnem
2424 1577 2615 1635 agrum
2663 1561 2939 1632 egregium
2981 1558 3239 1630 operietis
3266 1554 3461 1627 lapidi-

1875 1673 1896 1707 ‹
1937 1655 2060 1721 bus,
2098 1664 2204 1711 etc.
2241 1674 2260 1707 ›
2292 1654 2433 1721 Quid
2465 1669 2596 1727 ergo
2629 1654 2938 1725 signiﬁcant
2985 1661 3095 1708 tres
3160 1651 3252 1707 isti
3301 1662 3458 1720 reges

1871 1753 2061 1801 contra
2090 1744 2247 1801 Moab
2275 1745 2476 1801 bellum
2501 1754 2772 1815 gerentes,
2802 1745 2908 1800 nisi
2935 1750 3176 1799 rectores
3196 1740 3457 1804 ﬁdelium,

1873 1839 1966 1909 qui
1989 1854 2088 1909 per
2121 1847 2322 1895 sancta:
2352 1839 2636 1895 Trinitatis
2672 1838 2833 1895 ﬁdem
2865 1846 3055 1894 contra
3084 1835 3270 1892 mundi
3313 1834 3462 1906 prin-

197 1946 215 1977 ‹
242 1928 482 1984 Verbum
504 1946 632 1986 caro
655 1931 828 1998 ﬁeret,
847 1942 902 1987 et
923 1931 1270 1990 habitaret'in
1283 1935 1440 1991 nobis
1462 1936 1643 2008 ('Joan.
1662 1938 1723 2009 ι).
1747 1957 1765 1989 ι
1800 1930 1849 1990 Β
1876 1931 2053 2002 cipem
2080 1939 2136 1987 et
2162 1940 2351 1989 contra
2385 1931 2641 2003 papulum
2672 1929 2808 2001 ejus,
2835 1930 2939 1985 hoc
2965 1927 3462 2000 est,_philosopbos,

192 2017 314 2073 lude
335 2020 388 2074 in
417 2020 828 2079 similitudinem
852 2026 1011 2081 Verbi
1030 2027 1219 2092 salem,
1246 2028 1301 2082 id
1324 2037 1431 2096 est,
1453 2031 1777 2099 sapientiam

193 2110 332 2167 dedit
355 2112 415 2167 in
456 2129 554 2169 vas
578 2113 772 2183 ﬁctile;
818 2117 872 2171 in
914 2132 1110 2187 corpus
1139 2119 1349 2174 scilicet
1375 2120 1694 2185 humanum,
1724 2129 1780 2177 et

193 2202 494 2260 immittens
524 2206 579 2261 in
623 2222 818 2277 aquam
857 2208 1134 2265 demersit.
1179 2210 1333 2278 Quod
1360 2213 1576 2282 quidem
1606 2214 1777 2284 signi-

192 2293 407 2362 ﬁcabat,
446 2298 573 2367 quia
596 2313 784 2355 omnes
814 2301 1016 2371 populi,
1045 2301 1135 2372 qui
1175 2303 1275 2358 sub
1315 2306 1487 2375 ﬁgura
1514 2321 1779 2375 aquarum

194 2389 247 2444 in
274 2399 386 2446 toto
415 2392 622 2447 mundo
649 2393 861 2449 steriles
886 2402 1063 2460 erant,
1096 2410 1195 2465 per
1221 2394 1422 2451 Christi
1450 2396 1781 2453 Incarnatio-

194 2497 314 2539 nem
365 2483 756 2541 fecunditatem
801 2487 1333 2546 et.benedictionem
1377 2490 1652 2559 accepturi
1689 2505 1778 2545 es-

195 2583 312 2631 sent

269 2687 288 2720 ί
319 2668 584 2724 Ascendit
604 2677 785 2724 autem
815 2669 940 2724 inde
966 2669 1176 2725 Eliseus
1204 2670 1260 2724 in
1288 2671 1498 2726 Bethcl.
1539 2671 1783 2741 Cumque

203 2779 222 2812 ς
265 2763 591 2818 ascenderet
611 2777 711 2833 per
746 2763 914 2829 viam,
942 2764 1093 2834 pueri
1140 2765 1294 2834 parvi
1333 2766 1537 2834 egressi
1562 2777 1688 2821 sunt
1716 2767 1784 2822 de

203 2865 221 2900 ‹
266 2851 508 2919 civitate,
536 2861 592 2907 et
619 2852 915 2908 illudebant
950 2854 999 2907 ci
1022 2854 1284 2922 dicentes,
1310 2855 1578 2924 Ascende,
1608 2859 1779 2914 calve.

205 2962 223 2993 ί
264 2941 540 3008 Ascende,
571 2945 739 2999 calve.
772 2946 873 3014 Qui
908 2962 1034 3003 cum
1073 2950 1403 3019 respexisset
1425 2951 1563 3005 vidit
1589 2966 1702 3017 eos,
1730 2959 1786 3006 et

206 3054 223 3084 ‹
266 3036 551 3092 maledixit
579 3039 660 3094 eis
680 3039 734 3094 in
767 3041 988 3095 nomine
1022 3043 1255 3097 Domini.
1287 3044 1611 3115 Egressique
1659 3052 1786 3100 sunt

206 3143 223 3176 ε
271 3126 379 3182 duo
402 3116 519 3183 ursi
558 3129 627 3185 de
653 3131 814 3197 saltu,
847 3142 901 3186 et
925 3132 1302 3189 laceraverunt
1340 3151 1408 3190 ex
1437 3136 1518 3189 eis
1558 3137 1787 3207 quadra-

206 3233 225 3265 ‹
270 3216 422 3286 ginta
451 3226 507 3272 et
539 3218 674 3274 duos
694 3236 911 3289 pueros,
946 3232 1051 3277 etc.
1102 3243 1125 3275 1
1157 3223 1366 3279 Eliseus
1400 3240 1615 3295 quoque
1652 3241 1784 3295 pro-

1876 2023 2185 2090 haareticos,
2212 2024 2610 2091 schismaticos,
2639 2032 2802 2093 atque
2827 2036 3017 2079 omnes
3045 2020 3260 2089 iniquos
3288 2035 3307 2070 ι
3338 2033 3462 2074 cum

1879 2123 2033 2171 scuto
2076 2115 2202 2172 ﬁdei
2241 2125 2406 2187 atque
2453 2117 2619 2172 armis
2660 2114 3030 2186 spiritualibus
3071 2112 3287 2184 (Ephes.
3314 2110 3392 2181 vr)
3440 2129 3459 2163 ι

1880 2207 2211 2278 conﬂigunt?
2234 2208 2391 2265 Moab
2415 2224 2566 2281 ergo,
2593 2209 2684 2280 qui
2732 2209 2799 2264 de
2827 2208 3033 2264 incesto
3057 2212 3162 2271 est,
3192 2212 3248 2260 et
3293 2205 3466 2259 inter-

1879 2307 2126 2369 pretatur
2148 2300 2213 2355 de
2238 2311 2408 2372 patre,
2436 2300 2573 2355 bene
2596 2300 2702 2355 illis
2726 2300 2997 2365 convenit,
3027 2299 3094 2354 ad
3121 2311 3258 2367 quos
3279 2295 3467 2351 Domi-

1880 2408 1983 2447 nus
2012 2393 2149 2448 dixit
2173 2410 2187 2446 :
2217 2410 2236 2443 ι
2270 2394 2378 2449 Vos
2404 2394 2471 2448 de
2517 2392 2730 2448 diabolo
2754 2400 2911 2461 patre
2942 2390 3096 2455 estis,
3121 2396 3176 2443 et
3202 2387 3470 2444 desideria

1879 2483 2052 2553 patris
2079 2483 2246 2539 vestri
2286 2483 2448 2539 vultis
2474 2482 2657 2539 facere
2684 2481 2866 2553 (Joan.
2894 2479 3034 2553 VIII).
3076 2499 3096 2533 ι
3132 2478 3199 2534 Hi
3226 2493 3357 2549 ergo
3377 2478 3474 2533 ad-

1880 2582 2168 2630 Versantur
2196 2574 2476 2643 Ecclesiae,
2506 2575 2705 2646 partim
2757 2575 2942 2641 minis,
2972 2573 3171 2644 partim
3214 2585 3472 2641 persecu-

1883 2666 2137 2732 tionibus,
2189 2668 2388 2737 partim
2423 2666 2545 2723 dolo
2582 2682 2647 2722 ac
2674 2664 2825 2722 falsis
2860 2664 3201 2729 ﬁctionibus;
3236 2662 3337 2719 sed
3368 2675 3469 2733 per

1883 2755 2087 2813 Christi
2108 2758 2385 2824 virtutem,
2410 2759 2504 2829 qui
2524 2766 2685 2828 caput
2711 2765 2798 2813 est
2814 2755 2999 2828 populi
3029 2754 3348 2822 Christiani,
3382 2770 3473 2810 su-

1883 2858 2145 2919 perantur
2173 2860 2337 2921 atque
2375 2849 2710 2919 eﬂ'ugantnr;
2755 2850 2952 2919 quibus
2974 2848 3051 2904 ait
3074 2848 3338 2919 propheta
3366 2847 3475 2903 Do-

1884 2940 2018 2995 mini
2055 2958 2067 2994 :
2116 2958 2135 2991 ι
2183 2940 2372 2997 Facite
2427 2940 2638 2997 alveum
2675 2941 2932 2998 torrentis
2976 2940 3157 3011 hujus,
3200 2937 3377 2995 fossas
3424 2944 3484 2992 et

1885 3030 2094 3098 fossas;
2123 3047 2233 3088 non
2258 3032 2513 3088 videbitis
2546 3040 2769 3089 ventum
2805 3047 2982 3103 neque
3010 3031 3282 3103 pluviam;
3315 3037 3373 3085 et
3404 3028 3484 3083 al-

1885 3136 2017 3177 veus
2053 3122 2157 3178 iste
2185 3123 2481 3193 replebitur
2510 3125 2692 3194 aquis;
2737 3132 2794 3180 et
2811 3124 3011 3180 bibetis
3035 3138 3150 3188 vos,
3176 3120 3481 3178 etfamiliae

1888 3221 2101 3269 vestrae.
2140 3234 2159 3267 ι
2194 3216 2332 3271 Ecce
2358 3217 2622 3287 propheta
2648 3217 2864 3272 Domini
2891 3215 3088 3286 populo
3124 3214 3214 3270 siti
3254 3212 3485 3285 fatigato

198 3307 363 3374 pheta
405 3307 570 3378 (sicut
597 3324 737 3378 saepe
766 3312 1020 3382 diximus)
1066 3313 1292 3383 ﬁguram
1343 3314 1545 3370 Christi
1596 3317 1784 3387 gessit.

1892 3319 1990 3375 per
2013 3305 2335 3360 miraculum
2355 3304 2559 3361 factum
2582 3322 2615 3361 a
2637 3305 2867 3362 Domino
2894 3304 3158 3371 consulit;
3186 3303 3267 3360 sic
3285 3311 3340 3358 et
3361 3318 3486 3373 pro-

198 3394 461 3477 Denique.
471 3400 792 3477 vocabulum
805 3402 945 3458 istud
968 3403 1112 3458 salus
1128 3404 1339 3459 Domini
1380 3407 1785 3476 interpretatur.

202 3487 367 3543 Salus
412 3476 593 3545 autem
621 3489 718 3545 Dei
736 3476 869 3562 'quis
906 3501 990 3548 est
1018 3495 1170 3559 alius,
1205 3496 1310 3550 nisi
1343 3495 1510 3550 Filius
1534 3495 1669 3565 ejus,
1697 3499 1790 3569 qui

203 3588 257 3636 et
283 3579 536 3638 Salvator
559 3584 757 3654 ubique
776 3588 1035 3641 vocatur?
1060 3588 1278 3644 Parvuli
1300 3604 1431 3645 vero
1461 3590 1538 3645 illi
1567 3591 1793 3648 illuden-

203 3678 286 3726 tes
312 3672 476 3727 saluti
512 3674 630 3739 Dei,
684 3675 739 3730 id
779 3685 898 3743 cst,
960 3679 1159 3745 Eliseo,
1203 3678 1511 3743 Iudaeorum
1552 3682 1793 3739 habuere

209 3779 518 3837 personam,
540 3766 635 3837 qui
661 3768 730 3822 ad
763 3783 983 3824 crucem
1002 3770 1231 3826 Domino
1261 3770 1528 3827 Salvatori
1557 3774 1805 3843 subsan-_

210 3854 436 3923 nabant,
467 3857 560 3927 qui
589 3858 774 3913 dicunt
809 3878 822 3913 :
860 3860 1155 3927 «Ascende,
1184 3861 1365 3929 calve;
1391 3865 1643 3932 ascende,
1673 3866 1789 3920 cal-

210 3960 295 4011 ve,
329 3966 347 3998 ι
383 3949 513 4017 quia
535 3949 592 4003 in
621 3949 883 4006 Calvariae
904 3952 1023 4008 loco
1041 3952 1290 4010 Christus
1316 3971 1642 4013 ascensurus
1672 3965 1793 4013 erat

211 4037 266 4093 in
289 4054 527 4096 crucem.
568 4040 721 4107 Quod
761 4059 889 4100 vero
925 4060 1218 4102 conversus
1253 4048 1534 4104 maledixit
1572 4051 1652 4105 eis
1688 4050 1796 4104 Eli-

213 4145 353 4199 seus,
382 4141 440 4188 et
475 4134 729 4190 exierunt
755 4135 861 4191 duo
884 4137 997 4192 ursi
1028 4139 1095 4193 de
1130 4139 1287 4206 silva,
1320 4148 1376 4195 et
1404 4140 1797 4197 interfecerunt

211 4230 570 4301 quadraginta
600 4232 734 4286 duos
761 4245 958 4301 pueros
984 4231 1443 4300 blasphemantes,
1476 4234 1552 4289 ita
1573 4242 1630 4288 et
1647 4233 1798 4289 Chri-

213 4326 321 4375 stus
344 4329 477 4391 post
515 4322 824 4392 passionem
846 4331 902 4377 et
928 4324 1389 4379 resurrectionem
1435 4339 1503 4380 ex
1540 4326 1794 4393 mortuis,

212 4418 499 4481 postquam
529 4412 775 4466 ascendit
798 4412 854 4467 in
889 4412 1078 4476 caelos,
1117 4411 1261 4467 sicut
1294 4413 1505 4468 Eliseus
1550 4415 1799 4469 ascendit

214 4500 264 4555 in
289 4502 498 4569 Bethel,
528 4503 582 4557 id
601 4510 705 4569 est,
731 4502 787 4557 in
816 4504 1036 4559 domum
1057 4504 1176 4567 Dei,
1204 4520 1498 4560 conversus
1522 4506 1802 4561 maledixit

1891 3394 2108 3464 phetica
2148 3395 2291 3451 dicta
2338 3396 2626 3452 consilium
2671 3397 2914 3468 praebent
2956 3396 3222 3463 ﬁdelibus,
3251 3395 3487 3467 qualiter

1893 3489 2162 3560 spirituali
2188 3485 2433 3547 doctrina
2454 3492 2601 3547 sitim
2628 3507 2779 3546 suam
2802 3492 3148 3563 exstinguant
3171 3497 3336 3560 atque
3362 3488 3486 3543 ani-

1893 3597 2044 3637 mum
2072 3583 2340 3640 reﬁciant.
2373 3583 2534 3641 Jubet
2583 3601 2714 3657 ergo
2728 3584 2913 3642 fossas
2933 3584 3115 3642 facere
3140 3586 3198 3640 in
3228 3583 3487 3642 torrentis

1895 3676 2068 3744 alveo,
2100 3684 2155 3732 et
2183 3678 2261 3733 ita
2293 3679 2539 3750 praedicit
2586 3680 2790 3750 absque
2824 3680 3001 3735 ventis
3026 3689 3081 3735 et
3102 3678 3285 3749 pluvia
3313 3692 3485 3748 aqua-

1893 3784 2017 3823 rum
2052 3769 2386 3841 largitatem.
2413 3769 2554 3838 Quid
2598 3780 2681 3827 est
2706 3770 2879 3827 fossas
2922 3772 2979 3826 in
3034 3771 3188 3827 alveo
3225 3769 3487 3826 torrentis

1893 3859 2094 3928 facere,
2130 3862 2236 3917 nisi
2264 3862 2529 3932 profunda
2567 3862 2826 3935 mysteria
2863 3862 2920 3916 in
2971 3862 3143 3918 sacris
3187 3859 3487 3931 Scripturis

1894 3954 2038 4010 bono
2069 3955 2249 4011 studio
2290 3956 2571 4026 quaerere?
2599 3955 2731 4023 Quae
2779 3956 2985 4026 absque
3032 3954 3213 4025 pluvia
3241 3961 3298 4010 et
3324 3960 3488 4008 vento

1896 4062 2034 4117 aqua
2082 4048 2381 4118 replentur,
2411 4048 2541 4119 quia
2583 4062 2726 4119 saepe
2778 4047 2983 4118 absque
3012 4048 3251 4102 humano
3294 4045 3489 4101 solatio

1897 4140 2220 4209 sapientiam
2250 4140 2460 4196 confert
2492 4141 2607 4196 suis
2634 4139 3107 4210 investigatoribus
3131 4138 3371 4210 potentia
3400 4138 3487 4193 di-

1896 4229 2044 4284 vina.
2083 4229 2235 4286 Unde
2256 4231 2388 4286 dicit
2426 4228 2664 4287 Joannes
2691 4230 2983 4302 Apostolus
3012 4250 3024 4286 :
3066 4248 3085 4282 σ
3118 4230 3238 4286 Non
3267 4244 3493 4287 necesse

1898 4319 2112 4375 habetis
2139 4327 2200 4374 ut
2251 4319 2448 4390 aliquis
2488 4320 2680 4376 doceat
2718 4336 2832 4386 vos,
2873 4322 2969 4376 sed
2997 4321 3139 4376 sicut
3161 4319 3345 4375 unctio
3374 4319 3493 4389 ejus

1900 4410 2059 4465 docet
2086 4425 2185 4466 vos
2212 4411 2280 4466 de
2305 4411 2560 4467 omnibus
2588 4410 2641 4483 (Ι
2663 4412 2824 4466 Joan.
2856 4411 2941 4483 ιι).
2977 4432 2996 4464 ι

1974 4500 2128 4557 Unde
2170 4502 2364 4557 bibunt
2388 4503 2636 4558 homines
2671 4513 2727 4557 et
2757 4504 3020 4572 jumenta,
3053 4504 3107 4559 id
3150 4512 3251 4569 est,
3286 4505 3490 4561 doctrn-

218 4589 428 4660 Iudaeis,
462 4606 519 4650 et
542 4596 955 4668 quadragesimo
985 4597 1222 4652 secundo
1265 4613 1408 4653 anno
1445 4598 1785 4656 Ascensionit

1901 4606 2030 4645 nam
2080 4590 2355 4661 accipiunt
2394 4591 2655 4662 ingeniosi
2687 4592 2887 4663 quique
2914 4602 2970 4650 et
3012 4594 3304 4665 simplices.
3353 4596 3491 4664 Quia

221 4699 325 4741 sure
352 4688 584 4743 immisit
610 4689 746 4744 duos
770 4704 929 4744 ursos
953 4692 1019 4745 de
1046 4689 1198 4745 silvis
1226 4692 1486 4759 gentium,
1512 4693 1799 4762 Vespasia-

224 4791 345 4831 num
373 4779 583 4834 scilicet
612 4786 666 4834 et
686 4778 890 4846 Titum,
907 4781 1001 4851 qui
1025 4796 1119 4836 eos
1143 4783 1348 4838 crudeli
1374 4791 1555 4855 strage
1586 4784 1797 4854 dejece-

227 4878 361 4925 runt.

823 4962 1050 5021 CAPUT
1087 4965 1175 5020 III.

230 5075 475 5151 De_hello
505 5079 666 5133 trium
700 5094 899 5150 regum,
938 5079 1117 5151 idest,
1144 5079 1303 5151 Iuda:
1357 5090 1406 5135 et
1444 5079 1616 5135 Israel
1642 5089 1799 5151 atque

298 5146 482 5213 Edam,
527 5160 709 5204 contra
752 5146 921 5205 ieaem
950 5148 1128 5218 Moab,
1159 5159 1207 5204 et
1254 5150 1318 5204 de
1345 5152 1561 5205 victoria
1607 5146 1802 5207 collata

297 5217 367 5273 eis
395 5238 427 5274 a
450 5220 696 5274 Domino.

303 5326 453 5401 (Car.
478 5331 587 5401 ιιι.)
616 5349 635 5381 ι
668 5327 839 5384 Porro
870 5327 1038 5394 Mesa,
1060 5345 1166 5386 rex
1190 5330 1366 5396 Moab,
1400 5329 1673 5386 nutriebat
1706 5346 1802 5400 pe-

242 5434 258 5467 ι
300 5433 420 5476 cora
454 5422 646 5487 multa,
670 5429 725 5477 et
767 5420 1005 5477 solvebat
1030 5422 1142 5493 regi
1170 5421 1333 5477 Israel
1384 5430 1599 5477 centum
1633 5421 1802 5476 millia

245 5524 263 5557 ι
306 5525 584 5581 agnorum,
609 5522 664 5570 et
692 5522 909 5570 centum
957 5513 1125 5568 millia
1153 5514 1381 5569 arietum
1420 5529 1545 5568 cum
1580 5512 1799 5568 velleri-

247 5617 265 5650 ι
305 5601 402 5659 bus
426 5607 555 5661 suis.
583 5606 822 5676 Cumque
857 5618 1105 5663 mortuus
1140 5607 1330 5663 fuisset
1354 5606 1558 5672 Achab,
1589 5620 1801 5675 praeva-

252 5704 270 5739 ‹
309 5692 504 5752 ricatus
524 5704 606 5753 est
631 5696 806 5751 foedus
840 5700 984 5766 quod
1008 5700 1242 5752 habebat
1266 5715 1389 5753 cum
1433 5714 1561 5769 rege
1614 5697 1803 5763 Israel,

1822 4651 1877 4712 D

1901 4693 2167 4755 quantum
2211 4685 2405 4740 idonea
2445 4692 2527 4741 est
2558 4687 2739 4742 anima
2777 4688 3128 4758 accipientis,
3159 4698 3368 4747 tantum
3415 4691 3491 4746 ibi

1901 4775 2140 4833 inveniet
2164 4776 2545 4832 documentum
2569 4793 2679 4834 suae
2707 4779 2918 4836 salutis.
2952 4780 3235 4853 Sequitur:

1901 4882 1931 4935 κε
1976 4885 1996 4918 ι
2032 4865 2339 4937 Parumque
2389 4868 2492 4923 hoc
2535 4869 2592 4923 in
2636 4879 2929 4941 conspectu
2977 4873 3220 4938 Domini,
3271 4875 3494 4945 insuper

1906 4977 1925 5009 ‹
1962 4958 2125 5013 etiam
2154 4956 2310 5012 Moab
2347 4958 2404 5012 in
2433 4974 2625 5015 manus
2648 4970 2879 5017 vestras.
2918 4981 2938 5015 ι
2970 4962 3088 5018 Νοη
3115 4964 3263 5019 enim
3291 4963 3491 5021 suﬂIcit

1901 5048 2074 5104 servis
2101 5047 2197 5103 Dei
2228 5049 2410 5105 abdita
2460 5053 2721 5122 mysteria
2760 5054 2920 5119 scire,
2951 5055 3249 5124 quinetiam
3290 5057 3494 5114 debent

1902 5154 1966 5196 ea
1997 5139 2116 5195 aliis
2141 5140 2459 5211 praedicare,
2487 5150 2543 5197 et
2573 5162 2592 5195 ‹
2618 5145 3050 5201 contradicentes
3076 5160 3140 5201 ea
3169 5147 3493 5220 redarguere

1906 5229 2044 5303 (Tit.
2069 5230 2142 5304 1);
2182 5251 2200 5284 ›
2233 5233 2428 5302 quibus
2449 5235 2716 5304 promissa
2749 5242 2834 5290 est
2862 5243 3013 5291 certa
3047 5238 3116 5293 de
3143 5240 3301 5295 hoste
3318 5241 3492 5298 vieto-

1903 5323 2006 5389 ria,
2049 5344 2067 5375 ‹
2098 5330 2161 5377 ut
2210 5326 2519 5394 percutiant
2563 5341 2780 5381 omnem
2815 5326 3091 5384 civitatem
3137 5333 3399 5388 munitam
3433 5344 3492 5392 et

1903 5427 2120 5468 omnem
2143 5413 2332 5468 urbem
2356 5414 2603 5469 electam.
2635 5433 2654 5466 ι
2687 5413 2945 5473 Civitates
2964 5420 3199 5478 munitas
3224 5430 3281 5478 et
3299 5438 3492 5482 omnes

1904 5502 2067 5559 urbes
2104 5503 2322 5570 electas,
2353 5519 2640 5575 possumus
2668 5507 2982 5566 saecularem
3022 5514 3366 5583 prudentiam
3401 5516 3488 5571 in-

1907 5594 2171 5665 telligere,
2206 5596 2262 5651 in
2283 5610 2390 5665 qua
2418 5597 2655 5653 maxime
2679 5598 2984 5671 philosophi
3014 5612 3071 5658 et
3094 5604 3335 5661 haeretici
3359 5620 3492 5662 con-

1909 5686 2100 5741 ﬁdunt.
2148 5686 2242 5741 Ila:
2280 5701 2408 5758 ergo
2442 5702 2540 5763 per
2578 5690 2961 5758 praedicatores
3003 5694 3176 5751 sancti
3212 5694 3488 5767 Evangelii

255 5770 283 5829 ἶ
311 5784 458 5839 (διαί)
495 5786 659 5858 Igitur
697 5792 818 5858 post
856 5786 991 5850 haec,
1016 5783 1213 5839 bellum
1257 5772 1543 5852 gerebaiur
1573 5797 1671 5852 per
1698 5784 1817 5837 tres"
1910 5780 2313 5842 subvertantur.
2345 5778 2485 5832 unde
2514 5778 2643 5834 dicit
2662 5779 2994 5850 Apostolus:
3028 5803 3048 5837 ι
3073 5784 3238 5841 Arma
3282 5786 3492 5849 militia

252 5878 415 5955 reges,
438 5878 545 5955 hoc
575 5887 657 5939 est
695 5891 892 5963 regem,
914 5872 1097 5971 Israel,
1125 5887 1307 5957 regem
1341 5869 1476 5928 Iuda
1532 5878 1587 5927 et
1627 5886 1809 5943 regem
1913 5876 2111 5925 nostrae
2151 5883 2258 5925 non
2290 5870 2564 5943 carnalia,
2614 5872 2710 5932 sed
2738 5876 2979 5946 potentia
3019 5878 3129 5935 Deo
3163 5878 3235 5933 ad
3273 5877 3490 5947 destru,

2356 6036 2361 6039 μ
2391 6036 2406 6042 -ι
2462 6026 2489 6043 Δ]
