3958 6470
456 389 562 459 ΞΜ

1103 393 1164 450 Β.
1209 391 1467 451 RABANI
1502 390 1725 449 MAURI
1763 386 2035 446 ARCHIEI

2148 384 2440 445 tIOGUNT.
2480 384 2767 444 OPERUM
2802 384 2983 444 PARS
3017 385 3061 443 Ι.

3620 388 3754 446 252

450 529 581 588 pere
616 517 810 585 possit,
834 516 965 584 quin
992 509 1092 568 sibi
1123 509 1320 566 satiato
1342 508 1611 581 supererit
1629 507 1787 595 juxta
1810 505 2037 563 verbum
2062 508 2115 569 Α
2142 502 2331 560 salutis
2375 520 2485 560 suae
2517 520 2679 561 causa
2709 507 3125 595 conveniebant,
3155 508 3309 578 quasi
3332 492 3753 587 blasphemiam

451 606 688 664 Domini.

1077 691 1306 751 CAPUT
1348 690 1413 751 V.
1498 724 1501 727 -

450 794 533 850 De
558 793 806 850 Naaman
839 790 993 863 Syro,
1035 789 1187 873 cujus
1232 788 1432 873 lepram
1457 790 1683 872 .curavit
1730 786 1937 842 Eliseus
1982 768 2057 840 in“

1009 861 1217 917 nomine
1255 860 1487 915 Domini.

520 975 680 1049 (CAP.
704 976 792 1049 v.)
819 995 838 1027 ι
870 975 1134 1041 Naaman,
1158 974 1411 1044 princeps
1436 971 1643 1028 militiae
1669 972 1814 1042 regis
1837 969 2033 1043 Syriae,

453 1090 472 1124 ι
509 1079 626 1127 erat
649 1072 736 1126 vir
764 1084 992 1141 magnus
1036 1069 1177 1138 apud
1208 1059 1484 1123 dominum
1520 1082 1700 1130 suum,
1730 1074 1787 1120 et
1812 1066 2041 1119 honora-

453 1186 472 1219 ι
505 1166 613 1221 tus.
638 1164 743 1219 Per
770 1164 921 1218 illum
949 1162 1096 1218 enim
1124 1161 1385 1217 Dominus
1412 1160 1561 1215 dedit
1587 1157 1816 1215 salutem
1843 1157 2039 1243 Syriae.

454 1278 473 1311 ι
509 1259 643 1313 Erat
669 1268 852 1312 autem
878 1256 963 1311 vir
986 1252 1145 1311 fortis
1172 1263 1227 1311 et
1262 1255 1433 1320 dives,
1464 1253 1560 1309 sed
1590 1253 1859 1322 leprosus,
1884 1260 1991 1307 etc.
2015 1270 2034 1301 ι

446 1349 556 1405 Iste
582 1359 761 1405 autem
807 1348 1070 1415 Naaman,
1110 1349 1202 1419 qui
1236 1348 1489 1419 princeps
1530 1347 1737 1402 militia:
1765 1347 1909 1421 regis
1942 1345 2042 1418 Sy-

448 1440 545 1496 ria:
583 1456 706 1497 esse
754 1441 1099 1507 describitur,
1151 1456 1315 1510 quem
1355 1426 1549 1495 melius
1590 1439 1902 1512 signiﬁcare
1943 1453 2043 1510 po-

450 1540 578 1599 test,
615 1548 777 1604 quam
806 1532 1063 1603 populum
1093 1532 1370 1604 gentilem,
1392 1531 1497 1609 qui
1525 1532 1579 1587 in
1608 1532 1740 1586 orbe
1765 1529 2041 1601 triquadro

444 1638 544 1694 per
564 1624 820 1679 virtutem
858 1624 1123 1680 bellorum
1165 1624 1528 1694 principatum
1576 1621 1822 1695 gerebat,
1861 1636 1926 1676 ac
1956 1635 2042 1675 re-

446 1733 566 1772 rum
593 1719 787 1775 decore
832 1717 1156 1774 fruebatur?
1185 1717 1329 1787 quod
1367 1717 1422 1770 in
1460 1715 1694 1771 nominis
1728 1712 1846 1784 ejus
1877 1715 2043 1768 inter-

443 1810 749 1878 pretatione
792 1810 1137 1881 exprimitur.
1169 1808 1562 1879 Interpretatur
1592 1816 1774 1862 autem
1799 1805 2041 1860 Naaman

2142 597 2535 663 existimantes,
2591 592 2914 654 vestimenta
2957 614 3054 654 sua
3102 599 3438 667 scindebant,
3489 602 3634 658 sicut
3683 603 3753 659 in

2139 684 2432 761 Evangelio
2484 690 2785 761 principem
2856 692 3222 758 sacerdotum,
3292 693 3476 749 audita
3531 693 3753 750 Christi

2136 768 2542 851 praedicatione,
2595 782 2789 839 fecisse
2836 783 3067 855 legimus
3115 782 3348 856 (Matth.
3404 782 3603 858 xxvr)?
3632 783 3755 839 Sed

2139 870 2265 927 licet
2306 887 2400 927 rex
2436 870 2602 929 Israel
2652 874 2708 928 in
2761 873 2855 929 tali
2894 862 3081 930 auditu
3125 875 3505 945 pertimescat,
3553 883 3756 932 tamen

2139 961 2405 1033 propheta
2435 956 2529 1018 Dei
2554 979 2690 1034 quos
2719 964 2787 1020 ad
2819 980 2879 1020 se
2908 966 3176 1037 migrasse
3202 974 3556 1038 cognoverat,
3589 956 3659 1023 ad
3685 982 3754 1023 se

2140 1055 2425 1127 pervenire
2448 1057 2725 1124 suadebat,
2759 1058 2944 1114 dicens
2972 1076 2984 1112 :
3106 1062 3107 1067 ‘

2219 1146 2444 1202 «Veniat
2470 1149 2538 1203 ad
2565 1165 2672 1216 me,
2697 1156 2759 1203 ut
2781 1149 2918 1205 sciat
2942 1164 3064 1206 esse
3084 1152 3408 1222 prophetam
3436 1151 3492 1207 in
3514 1151 3709 1218 Israel,
3724 1172 3747 1205 ι

2141 1237 2271 1308 quia
2294 1238 2556 1294 Dominus
2590 1240 2776 1295 noster
2805 1259 2824 1292 ι
2865 1257 3002 1312 quos
3028 1243 3300 1313 praescivit
3323 1285 3337 1309 ,
3372 1243 3468 1299 hos
3495 1254 3548 1298 et
3582 1260 3755 1307 voca-

2142 1333 2243 1399 vit,
2264 1342 2319 1388 et
2342 1348 2477 1402 quos
2508 1333 2741 1401 vocavit,
2772 1324 2892 1390 illos
2915 1334 3305 1405 etjustiﬁcavit
3335 1337 3531 1411 (Rom.
3563 1339 3748 1409 VIII).)

2220 1444 2240 1477 ‹
2278 1424 2438 1481 Venit
2474 1440 2602 1497 ergo
2637 1425 2881 1482 Naaman
2926 1443 3047 1507 cum
3092 1430 3248 1501 equis
3284 1439 3338 1485 et
3370 1431 3651 1497 curribus,
3695 1440 3756 1487 et

2150 1534 2169 1568 ι
2202 1519 2350 1573 stetit
2404 1519 2471 1573 ad
2511 1521 2710 1574 ostium
2761 1520 2956 1577 domus
2994 1522 3178 1578 Elisei.
3224 1523 3475 1594 Misitque
3512 1525 3582 1580 ad
3622 1541 3755 1580 eum

2151 1626 2169 1660 ι
2202 1609 2413 1664 Eliseus
2456 1611 2706 1665 nuntium
2756 1612 2939 1667 dicens
2973 1630 2985 1665 :
3019 1613 3168 1668 Vade
3213 1623 3269 1669 et
3314 1614 3496 1671 lavare
3545 1615 3758 1685 septies

2150 1720 2170 1753 (
2208 1703 2263 1756 in
2291 1701 2544 1766 Iordane,
2579 1688 2635 1757 ei
2678 1704 2919 1775 recipiet-
2934 1720 3065 1761 caro
3109 1716 3202 1762 tua
3253 1707 3547 1762 sanitatem
3578 1716 3755 1778 atque

2102 1829 2127 1863 η
2154 1811 2172 1844 ι
2213 1793 2582 1848 mundaberis.
2624 1792 2799 1849 Iratus
2854 1794 3096 1851 Naaman
3152 1796 3458 1863 recedebat,
3508 1799 3701 1854 dicens
3737 1815 3752 1850 :

444 1902 626 1969 decus,
662 1903 778 1959 sive
805 1903 1082 1957 commotio
1108 1919 1308 1957 eorum.
1339 1899 1447 1956 Sed
1476 1900 1578 1955 iste
1602 1900 1706 1965 vir,
1730 1899 1856 1954 licet
1882 1897 2035 1955 fortis

2151 1902 2169 1935 ι
2201 1881 2466 1939 Putabam
2503 1885 2647 1955 quod
2689 1885 3040 1957 egrederetur
3078 1887 3149 1943 ad
3175 1904 3292 1956 me,
3322 1898 3378 1944 et
3404 1899 3558 1946 stans
3596 1890 3760 1946 invo-

445 1985 517 2047 et'
551 1992 701 2047 dives
743 1992 927 2059 fuerit,
979 1986 1160 2048 tamen
1208 1992 1456 2062 leprosus
1510 2004 1630 2046 esse
1682 1996 2040 2054 memoratur,

442 2083 571 2153 quia
599 2084 847 2153 quamvis
886 2100 986 2154 per
1013 2084 1310 2154 potentiam
1348 2083 1500 2154 regni
1542 2098 1605 2137 ac
1635 2096 1819 2136 rerum
1867 2082 2041 2136 abun-

443 2173 686 2228 dantiam
716 2174 983 2229 dominari
1026 2174 1306 2228 videretur
1324 2214 1339 2238 ,
1385 2180 1566 2228 tamen
1592 2186 1690 2242 per
1717 2172 1921 2227 erroris
1948 2186 2043 2227 ne-

440 2266 668 2336 quitiam
697 2273 753 2321 et
780 2260 1098 2321 idololatria).
1125 2264 1334 2337 lepram
1366 2265 1547 2321 foedus
1578 2266 1845 2337 apparuit.

517 2375 537 2408 (
574 2357 745 2414 Porro
791 2356 859 2412 de
907 2355 1067 2429 Syria
1117 2356 1324 2428 egressi
1362 2354 1577 2412 fuerant
1624 2356 1932 2423 latrunculi,
1989 2364 2046 2412 et

447 2468 466 2502 ι
501 2450 772 2520 captivam
815 2450 1086 2504 duxerant
1138 2448 1206 2503 de
1244 2455 1392 2502 terra
1431 2447 1600 2503 Israel
1639 2447 1873 2518 puellam
1913 2463 2042 2518 par-

451 2561 470 2594 ‹
501 2543 704 2609 vulam,
738 2559 858 2614 qua:
886 2550 1006 2599 erat
1034 2542 1089 2597 in
1111 2542 1373 2612 obsequio
1404 2541 1591 2597 uxoris
1620 2540 1881 2596 Naaman.
1914 2540 2043 2607 Quae

449 2651 469 2683 ι
508 2634 586 2687 ait
629 2636 696 2688 ad
742 2633 1016 2689 dominam
1059 2648 1212 2687 suam
1248 2650 1261 2686 :
1303 2631 1519 2688 Utinam
1568 2629 1758 2686 fuisset
1793 2630 2043 2686 dominus

450 2743 469 2776 ι
507 2739 659 2779 meus
697 2720 1112 2795 adprophetam
1156 2724 1250 2793 qui
1276 2731 1359 2777 est
1384 2723 1439 2777 in
1478 2721 1758 2777 Samaria!
1798 2720 2044 2791 profecto

449 2835 468 2868 ι
507 2824 755 2873 curasset
783 2832 909 2872 eum
933 2834 965 2872 a
995 2817 1145 2887 lepra
1176 2832 1338 2887 quam
1375 2816 1564 2883 habet,
1612 2824 1717 2871 etc.
1755 2836 1773 2868 ›
1804 2815 2039 2870 Latrun-

441 2908 551 2963 culi
579 2909 780 2978 quippe
818 2909 884 2964 de
912 2908 1103 2978 Syria,
1149 2923 1269 2979 quae
1304 2908 1695 2977 interpretatur
1719 2905 2040 2974 sublimitas,

442 3000 649 3067 egressi
678 3006 825 3064 sunt,
868 3014 992 3055 cum
1031 3000 1328 3069 cupiditate
1367 3000 1549 3066 ducti,
1598 3008 1654 3054 et
1681 2999 1912 3054 diversis
1944 3014 2041 3055 ue-

441 3089 603 3159 gotiis
625 3089 897 3161 impliciti,
926 3099 1208 3162 sperantes
1244 3091 1296 3145 in
1320 3091 1528 3146 incerto
1553 3092 1886 3158 divitiarum,
1919 3108 2024 3163 gen

437 3180 561 3235 tiles
587 3197 686 3251 per
717 3191 886 3238 totam
920 3192 1120 3239 terram
1147 3186 1505 3256 vagabantur.
1556 3184 1695 3239 Hinc
1743 3185 1810 3240 ad
1841 3194 2041 3240 terram

2153 1995 2171 2027 ι
2207 1984 2358 2031 caret
2384 1991 2581 2031 nomen
2628 1977 2840 2031 Domini
2888 1978 2985 2033 Dei
3032 1978 3137 2046 sui,
3184 1987 3239 2035 et
3286 1987 3531 2051 tangeret
3581 1997 3756 2036 manu

2153 2088 2171 2120 ς
2214 2083 2310 2122 sua
2339 2066 2518 2122 locum
2562 2066 2761 2138 leprae,
2799 2077 2854 2123 et
2885 2077 3101 2124 curaret
3149 2085 3257 2124 me.
3287 2089 3305 2123 ι
3344 2070 3578 2126 Veniens
3623 2073 3756 2143 qui-

2147 2159 2271 2213 dem
2312 2158 2527 2231 gentilis
2572 2158 2801 2230 pOpulus
2830 2160 2899 2215 ad
2936 2161 3156 2216 domum
3184 2161 3347 2218 Elisei
3385 2164 3582 2229 nostri,
3624 2180 3761 2219 san-

2147 2260 2293 2306 ctam
2336 2244 2587 2306 videlicet
2635 2251 2969 2320 Eeclesiam,
3008 2254 3234 2309 missum
3268 2256 3337 2310 ab
3381 2270 3447 2310 eo
3492 2258 3759 2311 nuntium

2147 2340 2429 2395 consilium
2466 2341 2693 2410 accepit,
2737 2349 2797 2395 ut
2838 2357 2897 2397 se
2928 2343 2984 2396 in
3012 2341 3249 2401 Iordane
3280 2345 3479 2415 septies
3513 2345 3756 2412 lavaret,

2147 2440 2203 2485 et
2230 2431 2309 2487 sic
2352 2431 2641 2486 sanitatem
2678 2433 2947 2503 reciperet
2991 2442 3155 2506 atque
3190 2438 3572 2506 mandaretur,
3620 2439 3759 2509 quia

2147 2537 2244 2592 per
2299 2522 2569 2593 angelicos
2616 2524 3001 2594 pratdieatores
3038 2526 3303 2585 Dominus
3351 2530 3484 2586 dicit
3521 2546 3536 2583 :
3577 2551 3597 2582 ι
3632 2530 3759 2586 Nisi

2146 2614 2268 2683 quis
2304 2622 2526 2669 renatus
2552 2612 2717 2669 fuerit
2744 2630 2811 2670 ex
2842 2632 2982 2687 aqua
3028 2627 3084 2673 et
3125 2618 3333 2690 Spiritu
3379 2630 3592 2687 sancto,
3640 2637 3760 2677 non

2146 2714 2328 2778 potest
2353 2708 2581 2763 introire
2608 2708 2663 2762 in
2691 2721 2914 2781 regnum
2940 2710 3036 2766 Dei
3065 2709 3247 2783 (Joan.
3282 2712 3387 2784 III).
3421 2732 3439 2764 ι
3472 2713 3544 2767 Et
3571 2714 3713 2769 item
3740 2732 3754 2768 :

2153 2816 2171 2847 ι
2205 2796 2308 2864 Qui
2336 2799 2631 2855 crediderit
2658 2807 2715 2855 et
2742 2800 3054 2872 baptizatus
3079 2801 3262 2871 fuerit,
3286 2803 3468 2860 salvus
3493 2805 3618 2859 erit.
3643 2804 3759 2873 Qui

2147 2906 2277 2946 vero
2300 2907 2407 2946 non
2441 2892 2754 2959 crediderit,
2790 2894 3241 2951 condemnabitur
3286 2895 3492 2969 (Marc.
3536 2898 3696 2969 xvi).
3728 2918 3753 2951 ι

2146 2980 2403 3037 Iordanis
2444 2983 2627 3055 itaque
2671 3000 2825 3055 aqua:
2859 3001 3077 3043 sacrum
3107 2987 3373 3059 baptisma
3413 2990 3756 3062 signiﬁcant,

2148 3074 2275 3143 quia
2318 3076 2374 3130 in
2418 3076 2499 3130 eis
2536 3076 2787 3132 Salvator
2822 3086 3010 3134 noster
3048 3079 3317 3150 baptisma
3365 3082 3523 3137 nobis
3556 3097 3759 3137 conse-

2148 3166 2340 3221 cravit.
2377 3168 2533 3234 Quod
2559 3178 2741 3223 autem
2774 3169 3049 3237 Naaman,
3099 3172 3388 3243 indignans
3416 3173 3484 3229 de
3524 3174 3621 3229 tali
3664 3190 3761 3230 re-

435 3275 720 3331 venientes
759 3278 1029 3347 captivam
1061 3279 1437 3334 mulierculam
1484 3280 1777 3335 duxerunt.
1826 3279 2035 3347 Qutein

2148 3276 2363 3330 sponso,
2396 3261 2719 3318 lavationem
2767 3280 2919 3334 aquae
2946 3264 3249 3323 Iordanicaa
3287 3268 3577 3339 despexit:
3613 3269 3754 3324 sim-

436 3367 751 3436 captivitate
774 3370 951 3439 posita
990 3372 1057 3427 de
1100 3373 1365 3443 propheta
1398 3372 1455 3427 in
1494 3371 1662 3428 Israel
1714 3373 2039 3441 testabatur,

436 3450 567 3528 quia
595 3459 741 3514 fama
769 3462 836 3516 de
859 3462 1021 3517 Israel
1049 3479 1147 3532 per
1176 3464 1544 3534 negotiatores
1578 3465 1821 3533 gentium
1866 3474 2043 3520 trans-

435 3547 546 3603 lata
582 3550 638 3603 in
667 3558 784 3606 toto
821 3552 951 3606 orbe
994 3554 1297 3609 curiositati
1341 3555 1643 3623 hominum,
1685 3570 1862 3624 quam
1904 3569 2043 3609 uxor

436 3637 683 3717 Naaman
717 3642 1004 3712 signiﬁcat,
1043 3659 1231 3699 verum
1272 3646 1593 3715 prophetam
1628 3652 1684 3701 et
1715 3646 2041 3702 salvatorem

434 3732 678 3787 omnium
710 3732 764 3787 in
784 3731 968 3789 Iudaea
997 3750 1221 3790 manere
1244 3735 1518 3805 patefecit.

514 3810 533 3873 ὰ
561 3822 847 3893 Ingressus
875 3834 957 3880 est
978 3826 1161 3896 itaque
1186 3826 1429 3883 Naaman
1457 3828 1526 3884 ad
1551 3828 1829 3884 dominum
1858 3845 2036 3897 suum,

442 3933 461 3965 ι
494 3921 549 3969 et
575 3917 844 3973 nuntiavit
885 3920 935 3975 ei
966 3920 1153 3976 dicens
1178 3938 1191 3974 :
1226 3921 1317 3976 Sic
1346 3931 1401 3976 et
1428 3922 1508 3978 sic
1541 3922 1721 3978 locuta
1751 3932 1837 3979 est
1862 3924 2040 3993 puella

433 4005 502 4060 de
526 4015 674 4063 terra
712 4009 900 4077 Israel,
940 4032 958 4065 ι
993 4027 1117 4068 cum
1143 4013 1219 4079 bi,
1250 4013 1319 4068 ad
1361 4029 1498 4085 quos
1536 4015 1730 4071 notitia
1759 4014 1909 4071 verbi
1940 4015 2040 4071 Dei

430 4100 698 4168 pervenit,
747 4103 828 4157 eis
853 4102 947 4172 qui
993 4104 1095 4158 sibi
1136 4113 1399 4175 praesunt,
1450 4114 1749 4178 suggerunt
1794 4107 2039 4163 scientia

434 4190 699 4261 spiritalis
740 4194 1187 4265 magnitudinem.
1223 4216 1241 4248 ε
1278 4197 1445 4253 Mittit
1478 4214 1576 4255 rex
1616 4199 1787 4270 Syriae
1826 4199 2039 4257 litteras

438 4299 458 4332 ‹
502 4283 571 4361 ad
594 4300 782 4355 regem
798 4284 963 4342 Israel
983 4304 1082 4359 pro
1111 4289 1285 4345 salute
1313 4292 1457 4347 servi
1484 4292 1589 4358 sui,
1625 4312 1644 4344 ι
1680 4308 1804 4349 cum
1826 4294 2035 4364 prima-

422 4370 794 4445 .tus‘gentium
830 4378 1052 4434 audiens
1084 4381 1253 4437 Deum
1275 4398 1398 4439 esse
1428 4384 1485 4438 in
1506 4384 1673 4440 Israel
1695 4385 1857 4457 (quia
1882 4394 1910 4437 ἰ
1940 4404 2037 4443 no-

433 4473 517 4521 tus
555 4466 609 4520 in
650 4466 831 4524 Iudaaa
874 4470 1039 4538 Deus,
1088 4473 1143 4541 in
1188 4475 1352 4530 Israel
1397 4493 1654 4551 magnum
1689 4494 1888 4534 nomen
1918 4480 2037 4549 ejus

433 4555 611 4629 [PsuL
644 4557 807 4630 Lxxv]
829 4560 886 4630 ι)
919 4562 1078 4615 saluti
1095 4579 1315 4619 suorum
1346 4568 1673 4636 praevidens,
1706 4568 2032 4637 legationem

2146 3351 2443 3422 plicitatem
2473 3354 2747 3426 signiﬁcat
2780 3357 3014 3423 rudium,
3064 3358 3157 3428 qui
3188 3358 3487 3430 spiritalem
3519 3374 3629 3415 non
3661 3374 3759 3431 po-

2147 3449 2367 3497 tuerunt
2394 3444 2694 3515 intelligere
2722 3445 3049 3515 efﬁcaciam,
3084 3450 3210 3519 quia
3252 3470 3271 3502 ‹
3292 3451 3546 3506 animalis
3580 3452 3755 3508 homo

2147 3549 2253 3589 non
2280 3535 2511 3606 percipit
2539 3553 2602 3591 ea
2633 3554 2754 3608 quae
2779 3532 2907 3594 sunt
2961 3539 3196 3610 Spiritus
3232 3542 3327 3597 Dei
3367 3543 3432 3614 (I
3458 3542 3581 3598 Cor.
3615 3540 3702 3615 ιι).
3727 3561 3753 3596 ι

2227 3648 2244 3679 ‹
2280 3627 2416 3684 Cum
2455 3646 2586 3702 ergo
2622 3634 2878 3688 vertisset
2907 3648 2983 3700 se,
3019 3641 3074 3689 et
3103 3635 3279 3690 abiret
3306 3635 3620 3706 indignans,
3651 3650 3755 3692 ac-

2153 3741 2171 3773 c
2202 3731 2487 3778 cesserunt
2521 3724 2588 3779 ad
2611 3740 2734 3780 eum
2758 3726 2903 3780 servi
2938 3727 3043 3792 sui,
3076 3735 3132 3781 et
3156 3728 3322 3784 locuti
3366 3734 3492 3783 sunt
3517 3728 3570 3783 ei
3598 3746 3612 3781 :
3644 3726 3757 3784 Pa—

2152 3833 2171 3866 ‹
2203 3823 2309 3880 ter,
2340 3815 2386 3870 si
2411 3832 2527 3871 rem
2554 3818 2813 3888 grandem
2846 3817 3075 3874 dixisset
3112 3819 3209 3874 tibi
3239 3820 3502 3890 propheta
3530 3860 3547 3887 ,
3592 3829 3757 3876 certe

2151 3926 2169 3959 ‹
2200 3907 2381 3963 facere
2407 3907 2710 3976 debueras;
2769 3919 2974 3981 quanto
3031 3911 3205 3983 magis
3258 3911 3385 3981 quia
3419 3927 3565 3967 nunc
3610 3912 3758 3966 dixit

2152 4018 2170 4051 ‹
2204 4000 2302 4055 tibi
2336 4017 2348 4052 :
2378 3999 2585 4055 Lavare
2611 4009 2667 4056 et
2709 4003 3094 4058 mundaberis?
3118 4003 3407 4060 Descendit
3431 4012 3485 4059 et
3530 4004 3667 4059 lavit
3691 4005 3750 4059 in

2151 4108 2169 4141 ‹
2200 4090 2437 4146 Iordane
2470 4092 2671 4162 septies
2694 4093 2848 4163 juxta
2881 4107 3190 4150 sermonem
3213 4095 3315 4149 viri
3346 4094 3465 4161 Dei,
3492 4103 3550 4150 et
3577 4096 3745 4151 resti-

2149 4200 2167 4233 ‹
2208 4190 2323 4236 tuta
2369 4191 2453 4237 est
2487 4198 2618 4239 caro
2646 4181 2781 4252 ejus,
2809 4186 2952 4241 sicut
2995 4201 3124 4242 caro
3176 4187 3332 4257 pueri
3376 4188 3591 4257 parvuli
3617 4229 3636 4254 ,
3690 4197 3745 4243 et

2148 4292 2167 4325 ι
2204 4275 2494 4329 mundatus
2528 4282 2630 4331 est.
2663 4293 2683 4326 ι
2716 4274 2863 4331 Bene
2903 4292 3031 4347 ergo
3059 4277 3205 4334 servi
3244 4276 3489 4332 Naaman
3518 4279 3763 4337 meliori.

2142 4367 2372 4423 consilio
2397 4366 2473 4422 illi
2502 4368 2570 4424 ad
2595 4369 2989 4439 perﬁciendum
3021 4370 3339 4425 mandatum
3360 4370 3741 4441 propheticum

2138 4467 2568 4527 persuaserunt,
2617 4461 2742 4529 quia
2794 4476 2939 4531 saepe
2986 4462 3246 4533 Dominus
3282 4462 3486 4533 juniori
3536 4464 3745 4525 revelat

2140 4553 2285 4620 quod
2312 4553 2505 4609 melius
2532 4562 2644 4620 est,
2691 4562 2766 4620 et,
2795 4556 3094 4611 secundum
3142 4557 3287 4611 Petri
3319 4572 3524 4619 vocem,
3562 4576 3582 4607 ε
3611 4574 3744 4628 per-

430 4648 484 4700 in
526 4646 778 4725 Iudaeam
826 4652 1011 4717 mittit,
1068 4661 1126 4708 ut
1178 4670 1276 4723 per
1324 4658 1681 4726 apostolicam
1722 4661 2029 4731 doctrinam

2148 4664 2392 4703 sonarum
2425 4658 2678 4720 acceptor
2709 4650 2849 4705 Deus
2873 4665 2980 4705 non
3007 4659 3092 4705 est
3118 4691 3134 4717 ,
3189 4652 3283 4706 sed
3301 4651 3371 4731 in
3398 4651 3546 4706 omni
3578 4663 3747 4723 gente

432 4736 735 4821 salvatoris
774 4740 933 4795 ﬁdem
966 4744 1213 4811 accipiat.
1264 4745 1418 4802 Unde
1449 4749 1736 4806 Cornelius
1779 4755 2028 4809 centurio

431 4828 497 4882 de
529 4828 777 4886 Caesarea
812 4832 865 4885 in
891 4832 1099 4903 Ioppen
1137 4836 1206 4891 ad
1243 4837 1465 4894 Petrum
1498 4842 1644 4895 misit
1674 4842 1827 4912 (Act.
1860 4845 1941 4915 x,)
1971 4854 2028 4901 et

427 4917 597 4974 Paulo
638 4937 738 4991 per
763 4921 1030 4978 visionem
1067 4925 1152 4978 vir
1188 4925 1406 4984 Macedo
1443 4932 1729 5002 apparuit,
1764 4935 1856 5004 qui
1901 4950 2026 4992 eum

426 5008 840 5078 exhortabatur,
880 5021 938 5067 ut
964 5015 1189 5072 veniens
1219 5015 1500 5086 adjuvaret
1529 5038 1622 5076 eos
1652 5024 1745 5092 qui
1773 5035 1930 5081 erant
1969 5027 2026 5082 in

427 5099 761 5169 Macedonia,
820 5104 961 5160 sicut
1010 5105 1069 5161 in
1112 5107 1339 5165 Actibus
1388 5110 1773 5181 Apostolorum
1828 5115 2025 5188 legitur

429 5189 575 5263 (Act.
606 5207 694 5247 xvr
716 5191 757 5265 ).

506 5301 525 5333 ι
558 5280 800 5351 Cumque
827 5285 1046 5357 legisset
1071 5305 1165 5344 rex
1193 5289 1359 5347 Israel
1402 5294 1633 5361 litteras,
1677 5297 1837 5353 scidit
1859 5299 2027 5355 vesti-

436 5390 455 5424 ι
484 5382 666 5427 menta
696 5389 810 5437 sua,
844 5382 900 5429 et
926 5377 1021 5443 ait,
1066 5377 1317 5451 Nunquid
1353 5383 1495 5441 Deus
1529 5402 1630 5457 ego
1656 5402 1796 5455 sum,
1842 5397 1903 5444 ut
1925 5406 2022 5447 oc-

436 5483 456 5516 ι
495 5466 677 5522 cidere
696 5469 898 5538 possim
920 5470 1298 5532 etviviﬁcare?
1318 5498 1335 5529 ›
1364 5479 1502 5546 Quid
1525 5482 1902 5553 signiﬁcatrex
1919 5485 2022 5541 iste

424 5555 615 5649 Israel,
661 5561 772 5629 qui,
823 5562 1006 5617 audita
1032 5562 1296 5635 legatione
1326 5569 1496 5641 Syriae
1531 5573 1598 5629 de
1637 5575 1810 5631 salute
1836 5593 1866 5631 a
1895 5593 2021 5648 pro-

426 5648 589 5721 pheta
610 5649 775 5706 Israel
798 5662 1094 5722 quaerente,
1122 5659 1358 5727 expavit,
1383 5661 1486 5717 nisi
1507 5667 1837 5733 sacerdotes,
1870 5667 2022 5724 Scri-

424 5739 528 5797 bas
551 5751 606 5798 et
637 5742 960 5809 Pharisaaos,
991 5754 1231 5803 rectores
1259 5750 1567 5805 Iudaeorum
1588 5793 1602 5819 ,
1650 5759 1742 5823 qui
1768 5761 2018 5811 conside-

406 5839 614 5913 _rautes
633 5834 777 5906 quod
796 5835 1031 5907 undique
1045 5836 1230 5908 plebes
1249 5838 1318 5895 ad
1328 5838 1747 5912 Redemptorem
1769 5854 2014 5902 nostrum

1994 5993 2027 6031 ξι
2058 5976 2109 6003 ’“·

2134 4739 2226 4809 qui
2256 4742 2407 4795 timet
2434 4741 2627 4807 Deum,
2652 4748 2709 4795 et
2752 4751 3013 4811 operatur
3034 4740 3326 4809 justitiam,
3358 4751 3616 4811 acceptus
3655 4752 3747 4797 est

2132 4834 2213 4888 illi
2242 4835 2380 4907 (Act.
2409 4834 2490 4907 x).
2522 4856 2540 4888 ι
2572 4834 2721 4890 Abiit
2747 4843 2802 4888 et
2830 4835 2961 4890 lavit
3011 4833 3210 4905 septies
3237 4832 3392 4902 juxta
3425 4848 3738 4890 sermonem

2131 4931 2235 4989 viri
2269 4930 2401 4995 Dei;
2442 4939 2498 4985 et
2524 4930 2775 4986 restituta
2812 4940 2898 4986 est
2928 4946 3054 4986 caro
3078 4928 3214 4999 ejus,
3247 4928 3390 4997 sicut
3417 4944 3544 4986 caro
3574 4928 3735 5000 pueri

2128 5021 2361 5091 parvuli,
2386 5022 2512 5091 quia
2541 5021 2833 5075 mundatus
2883 5022 3038 5090 aquis
3079 5021 3423 5092 baptismatis
3448 5036 3547 5090 per
3576 5021 3738 5077 invo-

2134 5112 2405 5167 cationem
2455 5112 2785 5182 septiformis
2807 5112 3028 5182 spiritus
3065 5113 3294 5182 quisque
3322 5112 3548 5183 recipiet
3591 5112 3737 5169 sani-

2134 5213 2324 5270 tatem,
2347 5214 2403 5261 et
2432 5207 2499 5261 ad
2520 5207 2826 5261 innocentis
2856 5206 2980 5260 vitae
3002 5205 3287 5260 infantiam
3318 5204 3583 5274 redigitur
3606 5245 3625 5271 ,
3666 5214 3734 5260 ut

2130 5297 2257 5351 vitae
2284 5284 2503 5353 teternae
2531 5297 2835 5367 ingressum
2884 5296 3166 5366 percipere
3223 5304 3515 5352 mereatur.
3570 5295 3732 5352 Unde

2130 5390 2251 5460 ipsa
2277 5388 2493 5445 Veritas
2536 5388 2650 5443 suis
2677 5388 2954 5458 discipulis
2982 5389 3096 5443 ait:
3133 5406 3153 5439 ‹
3188 5386 3303 5442 Nisi
3330 5388 3576 5443 conversi
3602 5386 3727 5445 fue-

2129 5479 2273 5546 ritis,
2296 5488 2351 5534 et
2381 5479 2713 5546 eﬁiciamini,
2738 5481 2878 5535 sicut
2931 5480 3175 5551 parvuli,
3222 5495 3332 5536 non
3360 5479 3638 5534 intrabitis
3665 5480 3722 5535 in

2128 5588 2356 5645 regnum
2387 5573 2649 5628 caelorum
2676 5572 2892 5645 (Matth.
2921 5574 3097 5646 xvm).
3132 5593 3154 5627 ι

2202 5664 2445 5734 Denique
2474 5682 2493 5714 ι
2531 5679 2782 5719 reversus
2834 5662 3075 5718 Naaman
3122 5662 3192 5716 ad
3234 5662 3411 5717 virum
3458 5662 3554 5717 Dei
3589 5677 3721 5719 cum

2134 5775 2152 5803 ι
2189 5757 2444 5805 universo
2472 5756 2732 5804 comitatu
2772 5768 2889 5817 suo,
2920 5752 3066 5806 venit
3108 5760 3164 5808 et
3213 5754 3363 5808 stetit
3393 5768 3574 5809 coram
3598 5768 3714 5831 eo,

2132 5863 2154 5895 ‹
2188 5851 2242 5899 et
2278 5842 2391 5896 ait:
2420 5842 2562 5896 Vere
2587 5842 2699 5897 scio
2733 5843 2875 5912 quod
2919 5858 3026 5898 non
3061 5844 3133 5899 sit
3181 5840 3323 5900 Deus
3353 5845 3410 5901 in
3459 5845 3712 5901 universa
