3958 6512
192 407 288 464 253
843 393 845 398 ’
990 401 1339 458 COMMENT.
1380 401 1448 456 ΙΝ
1485 396 1730 455 LIBROS
1765 392 1832 450 Ν
1873 393 2132 449 REGUM.
2171 422 2239 434 ——
2275 394 2341 450 1N
2385 395 2513 450 LIB.
2547 396 2634 452 IV.
3314 402 3422 462 25‘

197 537 214 571 ι
243 526 398 578 terra,
423 513 525 568 nisi
565 521 768 568 tantum
792 513 844 568 in
872 513 1054 570 lsrael.
1087 534 1104 566 ι
1135 513 1260 569 Haec
1284 522 1368 568 est
1394 511 1537 567 enim
1557 509 1747 564 catho-
1775 505 1824 564 A
1849 501 2049 574 lignum
2074 503 2302 573 desuper
2353 505 2421 559 ab
2449 505 2625 561 Elisco
2665 509 2962 579 projectum
3005 527 3282 570 reversum
3302 524 3424 586 est,

190 607 286 663 lica
305 603 580 676 professio,
618 606 760 676 quod
800 624 817 656 ‹
851 604 993 659 Deus
1021 604 1313 668 Abraham,
1347 603 1487 656 Deus
1523 601 1672 656 Isaac
1699 605 1755 652 et
1856 596 1928 650 ita
1955 596 2117 650 etiam
2141 612 2261 651 cum
2287 597 2479 666 impios
2503 598 2713 656 Judznos
2725 617 3026 674 percorpus
3047 618 3265 678 Operata
3289 627 3426 681 pra:-

187 701 322 756 Deus
346 695 527 762 Jacob,
561 713 665 752 non
693 705 777 751 est
820 696 962 750 Deus
1000 705 1334 750 mortuorum
1363 733 1378 758 ,
1427 693 1522 748 sed
1571 691 1755 745 viven-
1855 685 2024 740 sentia
2049 685 2268 752 Christi,
2299 695 2555 757 tanquam
2604 690 2966 750 infructuosus
2991 697 3232 767 arbores,
3262 704 3432 759 caade-

189 792 313 846 tium
342 787 554 860 (Matth.
600 790 760 858 xxii),
793 808 812 840 ι
869 787 1124 857 quoniam
1163 800 1352 842 omnes
1403 784 1475 840 dii
1516 781 1755 854 gentium
1856 787 1959 844 ret,
1985 778 2111 848 quia
2153 779 2219 834 de
2245 779 2333 834 illa
2358 779 2592 838 Joannes
2621 784 2850 854 dixerat,
2881 805 2900 839 ι
2939 789 3077 847 Ecce
3126 796 3336 852 securis
3361 797 3430 853 ad

189 879 456 945 dmmonia,
490 878 748 934 Dominus
778 887 958 934 autem
988 877 1154 934 cmlos
1179 876 1309 932 fecit
1337 874 1508 944 (Psal.
1551 874 1694 944 xcv).
1729 893 1748 925 ι
1855 871 2065 927 radices
2102 872 2354 927 arborum
2394 873 2567 943 posita
2597 885 2680 931 est
2733 877 2946 948 (Matth.
2993 883 3102 955 ιιι),
3137 905 3156 938 ι
3194 885 3430 943 interve-

187 972 246 1028 Et
265 979 319 1026 ut
343 979 535 1026 cuncta
560 971 649 1026 hic
674 970 1013 1040 baptismatis
1042 971 1211 1025 scires
1239 975 1578 1024 sacramenta
1618 979 1755 1034 prte-
1855 965 2036 1020 niente
2079 965 2345 1036 passione,
2386 981 2581 1039 corpus
2628 969 2803 1038 ipsum
2843 973 3115 1042 deseruit,
3169 988 3329 1049 atque
3379 983 3436 1038 in

187 1070 496 1129 monstrata,
515 1064 569 1118 in
601 1079 708 1133 quo
738 1063 1120 1118 abrenuntiare
1145 1061 1360 1114 Satanae
1384 1073 1448 1114 ac
1472 1058 1630 1112 ﬁdem
1661 1055 1756 1110 Dei
1855 1055 2124 1125 profunda
2168 1057 2464 1124 descendit,
2496 1061 2638 1128 quod
2683 1061 2738 1115 in
2784 1063 3060 1132 sepultura
3097 1067 3434 1140 depositum,

184 1155 418 1211 conﬁteri
464 1155 828 1226 praecipimur,
861 1161 1024 1225 negat
1075 1167 1134 1207 se
1176 1151 1419 1206 Naaman
1473 1149 1615 1205 ultra
1653 1149 1756 1204 diis
1856 1153 2111 1216 tanquam
2139 1150 2204 1203 ad
2237 1150 2579 1205 manubrium
2610 1152 2801 1222 spiritu
2843 1155 3123 1225 redeunte,
3181 1167 3434 1235 resurgit.

184 1244 362 1300 alienis
389 1243 690 1312 litaturum,
721 1243 818 1300 soli
841 1260 941 1316 per
966 1243 1150 1301 omnia
1179 1243 1407 1298 Domino
1434 1241 1753 1296 serviturus.
1854 1238 2057 1306 Aliter,
2104 1240 2309 1295 ferrum
2359 1243 2414 1298 in
2459 1245 2745 1300 manubrio
2789 1248 2988 1304 donum
3031 1250 3334 1310 intellectus
3381 1258 3440 1314 in

181 1338 389 1392 Partem
417 1352 633 1407 quoque
667 1345 825 1392 terra:
869 1344 1072 1392 sanctae
1102 1349 1285 1392 secum
1315 1333 1504 1389 tollere
1538 1333 1753 1404 gaudet,
1856 1332 2018 1387 corde
2044 1341 2145 1387 est.
2187 1332 2295 1404 (Ea:
2323 1331 2617 1406 Gregorio.)
2644 1336 2813 1406 Ligna
2848 1354 2976 1396 vero
3001 1356 3101 1411 per
3127 1344 3230 1401 hoc
3266 1347 3438 1404 caade-

181 1430 296 1499 quia
326 1429 630 1500 baptizatos
678 1437 893 1499 oportet
939 1428 1205 1484 Dominici
1255 1440 1470 1498 quoque
1515 1424 1758 1496 corporis
1857 1437 1916 1477 re
1945 1431 2050 1490 est,
2079 1439 2245 1492 prave
2291 1435 2512 1496 agentes
2550 1426 2853 1498 increpare,
2881 1433 3025 1502 quod
3051 1451 3442 1509 nonnunquam

179 1521 584 1592 participatione
604 1519 937 1576 conﬁrmari.
1856 1513 1986 1569 dum
2011 1513 2152 1570 ﬂuxe
2178 1516 2378 1586 agitur,
2407 1518 2534 1572 dum
2563 1518 2745 1589 lapsus
2775 1536 2927 1577 vana:
2958 1524 3146 1594 gloriae
3183 1527 3241 1583 in
3288 1544 3444 1587 acce-

251 1629 269 1662 ι
304 1610 561 1682 Dixitque
602 1610 754 1667 Giezi
776 1624 913 1680 puer
936 1610 1041 1664 viri
1065 1609 1196 1664 Dei:
1227 1608 1477 1679 Pepercit
1500 1606 1760 1662 Dominus
1858 1615 1947 1677 pta
1974 1607 2163 1663 eadem
2195 1609 2423 1662 scientia
2455 1625 2564 1665 non
2592 1612 2812 1679 vitatur,
2839 1613 3041 1671 ferrum
3075 1618 3131 1672 in
3156 1635 3296 1690 aqua
3317 1639 3442 1692 per-

185 1719 203 1753 t
233 1717 379 1758 meus
415 1702 662 1758 Naaman
693 1703 830 1774 Syro
885 1703 995 1766 isti,
1024 1710 1084 1756 ut
1112 1717 1218 1757 non
1267 1700 1538 1769 acciperet
1584 1699 1656 1754 ab
1694 1711 1760 1751 eo
1858 1696 2026 1763 ditur,
2053 1699 2180 1767 quia
2214 1713 2281 1753 ex
2309 1698 2570 1755 dissoluto
2604 1717 2767 1771 opere
2796 1704 3150 1778 intelligentia
3180 1708 3438 1768 fatuatur.

183 1811 202 1846 ι
234 1809 347 1863 qua:
372 1795 577 1849 attulit.
607 1794 752 1850 Vivit
779 1794 1059 1860 Dominus,
1082 1793 1206 1862 quia
1230 1805 1444 1846 curram
1482 1795 1604 1859 post
1635 1802 1758 1842 eum
1788 1857 1830 1868 _
1861 1785 2034 1853 Quam
2057 1786 2302 1856 profecto
2329 1788 2738 1861 intelligentiam
2775 1794 2843 1848 ad
2873 1796 2977 1851 hoc
3019 1799 3268 1856 novimus
3296 1802 3437 1868 dari,

183 1902 203 1936 c
228 1857 280 1940 et
323 1885 594 1956 accipiam
620 1885 687 1940 ab
722 1901 788 1941 eo
820 1857 1052 1955 aliquid.
1077 1857 1257 1938 {Post
1282 1882 1400 1937 haec
1426 1857 1607 1934 autem
1636 1893 1760 1932 nar-
1788 1857 1834 1917 Β
1862 1885 1924 1933 ut
1949 1886 2076 1934 ante
2103 1879 2280 1935 dantis
2307 1881 2494 1936 oculos
2507 1857 2588 1937 wex
2630 1883 2772 1938 bona
2812 1884 3007 1942 debeat
3041 1889 3254 1946 actione
3289 1857 3449 1948 resti-

177 1984 258 2040 rat
288 1974 575 2047 Scriptura
603 1974 746 2046 quod
774 1975 928 2032 Giezi
965 1990 1101 2046 puer
1150 1971 1293 2028 servi
1321 1970 1417 2026 Dei
1443 1968 1764 2038 concupive-
1863 1968 1962 2022 tui.
1995 1968 2150 2024 Unde
2177 1978 2233 2024 et
2261 1979 2409 2026 recte
2437 1972 2484 2026 is
2514 1972 2607 2043 qui
2642 1974 2845 2030 ferrum
2868 1978 3126 2035 amiserat
3146 1981 3445 2040 clamabat:

176 2074 255 2122 rat
287 2067 370 2123 de.
394 2067 649 2138 pecuniis
693 2083 829 2139 quas
857 2067 1148 2138 praedictus
1193 2063 1363 2136 Syrus
1405 2060 1614 2117 homini
1666 2058 1763 2114 Dei
1871 2078 1889 2111 ι
1929 2059 2076 2115 Heu!
2114 2061 2254 2116 beu!
2306 2063 2443 2118 heu!
2475 2064 2702 2122 Domine
2747 2069 2846 2134 mi,
2885 2077 2941 2126 et
2967 2071 3072 2128 hoc
3115 2074 3292 2144 ipsum
3333 2093 3470 2132 mu—.

174 2161 464 2228 obtulerat,
496 2162 612 2228 sed,
638 2176 704 2218 eo
735 2160 952 2217 nolente
979 2158 1184 2229 aliquid
1213 2157 1338 2213 inde
1359 2154 1626 2224 recipere,
1651 2151 1766 2222 ipse
1871 2168 1890 2203 ι
1927 2159 2020 2205 tuo
2054 2166 2390 2222 acceperam.
2430 2173 2448 2206 ι
2498 2153 2710 2212 Habent
2771 2159 2918 2215 enim
2975 2162 3079 2219 hoc
3121 2165 3278 2220 electi
3325 2183 3454 2238 pro-

174 2269 266 2324 per
301 2253 650 2310 mendacium
691 2251 924 2323 turpiter
953 2249 1261 2321 acquisivit,
1307 2245 1456 2318 quod
1487 2259 1618 2302 suus
1649 2258 1765 2298 ma—
1863 2240 2065 2310 prium.
2111 2241 2402 2312 Siquando
2445 2244 2525 2300 eis
2555 2245 2611 2300 in
2639 2262 2738 2302 sua
2783 2250 3011 2307 scientia
3059 2253 3258 2312 furtive
3302 2273 3476 2319 vanae,

173 2345 336 2417 gister
371 2360 479 2416 per
503 2342 663 2402 ﬁdem
689 2344 938 2414 accipere
962 2341 1159 2397 renuit.
1191 2339 1342 2395 Giezi
1370 2351 1617 2408 quoque,
1673 2332 1767 2404 qui
1865 2328 2052 2401 gloria:
2082 2330 2238 2401 culpa
2268 2331 2544 2403 subrepit,
2593 2335 2661 2389 ad
2690 2351 2786 2391 cor
2812 2339 3073 2394 velociter
3107 2343 3366 2410 redeant,
3399 2331 3476 2401 et.

173 2435 566 2506 interpretatur
609 2444 939 2506 prceruptum
968 2433 1167 2496 videns,
1203 2431 1316 2487 sive
1343 2429 1494 2486 vallis
1522 2428 1672 2493 visio,
1695 2426 1768 2482 si-
1867 2423 2128 2492 quidquid
2155 2423 2211 2478 in
2255 2437 2315 2478 se
2355 2433 2480 2479 ante
2505 2425 2739 2484 districti
2769 2427 2977 2486 Judicis
3010 2433 3198 2490 oculos
3227 2437 3453 2491 damna-

173 2525 386 2596 gniﬁcat
419 2523 703 2580 Iudaicum
730 2523 1011 2595 populum,
1039 2523 1133 2594 qui
1155 2520 1445 2592 aliquando
1472 2517 1618 2573 Puer
1645 2517 1765 2584 Dei,
1866 2513 1977 2569 bile
2003 2514 2300 2582 inveniunt,
2321 2516 2576 2590 lacrymis
2602 2521 2982 2593 insequuntur.
3010 2524 3112 2592 Qui
3136 2526 3326 2585 ﬂentes
3346 2545 3456 2586 non

171 2618 431 2687 propheta
484 2624 796 2682 attestante,
848 2616 1172 2681 vocabatur,
1227 2614 1369 2669 sicut
1405 2612 1546 2668 Osee
1591 2610 1764 2666 dicit:
1869 2603 2044 2660 solum
2077 2614 2237 2662 caute
2267 2607 2560 2678 inspiciunt
2587 2627 2707 2682 qua:
2753 2614 2899 2670 mala
2925 2618 3336 2685 commiserunt,
3365 2619 3458 2675 sed

178 2726 197 2762 ι
223 2707 365 2765 Puer
391 2709 583 2775 Israel,
614 2717 670 2764 et
709 2707 871 2764 dilexi
922 2723 1044 2761 eum
1075 2705 1219 2776 (Ose.
1265 2703 1368 2775 xi).
1407 2721 1427 2756 ι
1480 2701 1585 2758 Sed
1617 2710 1768 2774 post-
1867 2710 1936 2752 ex
1969 2706 2190 2768 accepto
2227 2714 2452 2755 munere
2477 2716 2597 2770 qua:
2620 2704 2848 2760 reddere
2871 2707 3034 2762 etiam
3068 2709 3212 2765 bona
3236 2708 3343 2764 ﬁde
3369 2709 3462 2766 de-

173 2817 334 2872 quam
379 2811 569 2874 spreto
597 2801 911 2873 Evangelio,
943 2808 998 2856 et
1051 2798 1313 2856 eruciﬁxo
1337 2796 1475 2853 Filio
1505 2796 1593 2852 Dei
1620 2837 1635 2862 ,
1685 2811 1772 2852 se-
1868 2791 2122 2858 buerant,
2154 2793 2280 2861 quia
2311 2793 2568 2850 nimirum
2605 2805 2759 2853 tanto
2792 2813 2852 2853 se
2877 2799 3107 2870 amplius
3147 2811 3464 2872 peccatores

174 2892 469 2962 metipsum
512 2891 578 2948 de
607 2891 700 2947 tali
726 2891 989 2962 dignitate
1016 2891 1073 2945 in
1101 2889 1309 2948 foveam
1342 2888 1582 2944 avaritia:
1629 2902 1770 2958 prae-
1871 2884 2131 2948 sentiunt,
2159 2886 2374 2955 quando
2409 2901 2474 2940 ex
2506 2888 2766 2956 neglectis
2818 2891 2995 2958 bonis,
3023 2907 3145 2962 quae
3171 2907 3334 2965 agere
3357 2910 3461 2965 po-

175 2980 428 3051 cip‘tans,
472 2983 823 3054 cupiditatem
865 2989 1084 3039 secutus
1127 2989 1212 3037 est
1258 2988 1551 3046 terrenam,
1605 2993 1772 3049 quam
1871 2982 2070 3042 terant,
2103 2975 2376 3032 debitores
2415 2987 2683 3035 tenentur.
2733 2981 2902 3037 Recte
2943 2995 3073 3056 ergo
3101 2985 3194 3054 qui
3249 2982 3458 3040 ferrum

175 3069 269 3127 ﬁlii
299 3074 398 3130 Dei
429 3087 529 3145 per
553 3074 884 3145 baptismum
929 3074 1104 3130 renati
1135 3081 1489 3144 spreverunt,
1524 3085 1623 3141 per
1648 3085 1772 3126 sen-
1870 3069 2052 3140 perdit
2095 3067 2324 3124 clamat:
2374 3089 2393 3122 ι
2464 3071 2612 3126 Heu!
2672 3073 2807 3127 heu!
2845 3074 2982 3129 heu!
3041 3085 3098 3131 et
3146 3075 3252 3131 hoc
3290 3075 3466 3146 ipsum

176 3162 405 3217 tentiam
433 3162 787 3234 justijudicis
814 3165 937 3230 Dei,
965 3164 1172 3233 lepram
1201 3163 1424 3229 erroris,
1456 3178 1620 3232 quam
1647 3176 1770 3216 cre-
1797 3208 1843 3235 η
1875 3165 2064 3213 mutuo
2085 3173 2433 3227 acceperam;
2473 3180 2492 3213 ι
2526 3177 2590 3216 ac
2611 3163 2656 3217 si
2682 3163 2864 3218 dicat:
2903 3182 2920 3214 ι
2958 3164 3091 3219 lllud
3119 3180 3218 3235 per
3239 3165 3442 3220 dissolu

179 3208 405 3217 """“"“
433 3208 787 3234 J"“""J“““‘""
815 3208 937 3230 “‘"7
965 3208 1172 3233 "'l""""
1203 3208 1424 3229 """’""7
1458 3208 1620 3232 Ὶ““““”
1651 3208 1738 3216 ""
1875 3208 2056 3213 “’“““⁷””⁷
2088 3208 2399 3227 ⁷”⁷““Ι’“”⁷““”
2419 3208 2433 3226 ⁷
2473 3208 2486 3213 ⁷
2526 3208 2589 3216 "'
2611 3208 2656 3217 ""
2684 3208 2826 3217 “““ν“’“’
2849 3208 2864 3218 '
2907 3208 2920 3214 '
2958 3208 3091 3219 ’⁸⁵“¹““
3119 3208 3208 3235 I’V'
3240 3208 3442 3220 “'""V""

175 3248 366 3307 dentes
414 3251 800 3323 deposuerant,
830 3254 947 3323 ipse
977 3253 1078 3308 sibi
1111 3253 1394 3309 conscivit.
1437 3251 1550 3308 Nec
1589 3267 1695 3308 non
1718 3263 1773 3308 et
1796 3208 1845 3273 ο
1880 3250 2084 3306 tionem
2115 3252 2456 3322 negligentiae
2482 3255 2709 3322 perdidi,
2756 3256 2901 3324 quod
2929 3267 2989 3310 ut
3014 3271 3112 3326 per
3138 3258 3279 3312 bona
3305 3273 3472 3327 opera

173 3356 368 3399 omnes
403 3345 499 3414 qui
541 3353 664 3414 post
711 3345 1038 3415 baptismum
1061 3385 1076 3410 ,
1129 3353 1186 3399 et
1220 3344 1644 3400 emendatiorem
1696 3343 1775 3398 vi—
1883 3339 2191 3406 redderem,
2219 3357 2285 3396 ex
2302 3341 2475 3411 gratia
2503 3343 2789 3400 creditoris
2805 3346 3010 3416 accepi.
3033 3344 3176 3401 »Sed
3196 3362 3472 3417 nunquam

174 3441 308 3499 tam,
333 3435 406 3491 ad
434 3435 668 3504 pristina
694 3435 829 3490 vitia
877 3442 1247 3500 revertuntur,
1278 3433 1546 3497 sordibus,
1576 3435 1775 3503 quibus
1884 3433 2028 3489 Deus
2051 3441 2290 3488 mentem
2333 3433 2558 3501 deserit,
2589 3451 2709 3506 quae
2751 3437 2806 3492 in
2854 3438 3092 3507 peccatis
3116 3452 3176 3494 se
3203 3439 3474 3496 veraciter

171 3539 233 3580 se
264 3533 468 3581 exutos
499 3527 809 3597 sperabant,
865 3526 1061 3581 iterum
1118 3525 1364 3596 impliciti
1410 3525 1775 3580 involvuntur.
1885 3524 2150 3596 agnoscit.
2170 3523 2322 3579 Unde
2351 3532 2407 3580 et
2451 3541 2577 3581 mox
2598 3527 2808 3584 Eliseus
2837 3529 3060 3585 veniens
3085 3529 3288 3600 lignum
3320 3531 3479 3586 deor-

176 3614 335 3670 Unde
365 3616 636 3686 scriptum
674 3625 760 3672 est
787 3634 799 3669 :
835 3635 852 3668 ‹
890 3615 1054 3672 Canis
1105 3631 1358 3672 reversus
1405 3616 1473 3670 ad
1515 3616 1781 3671 vomitum
1885 3629 2008 3670 sum
2037 3615 2222 3680 mittit,
2256 3623 2310 3668 et
2342 3614 2545 3672 ferrum
2568 3619 2624 3672 in
2647 3619 2988 3689 superﬁciem
3016 3621 3220 3688 attulit,
3243 3623 3370 3693 quia
3396 3621 3479 3676 vi-

177 3721 360 3772 suum,
389 3714 448 3762 et
487 3721 579 3762 sus
606 3707 717 3764 lota
753 3708 810 3763 in
837 3707 1122 3763 volutabro
1146 3707 1277 3774 luti;
1309 3708 1389 3764 sic
1435 3707 1653 3774 stultus,
1689 3706 1782 3778 qui
1887 3706 2425 3779 delicetRedemptor
2447 3718 2649 3776 noster,
2667 3711 2754 3782 pie
2774 3727 2875 3768 nos
2899 3713 3328 3784 respiciens,cor
3354 3729 3481 3784 pec-

181 3797 345 3854 iterat
375 3797 667 3855 stultitiam
697 3815 851 3856 suam
883 3798 971 3872 (II
998 3797 1145 3854 Petr.
1175 3815 1246 3867 n;
1279 3797 1441 3856 Prov.
1473 3799 1646 3872 xxvi).
1685 3818 1705 3852 ι
1888 3798 2090 3856 catoris
2115 3800 2382 3870 humiliat,
2414 3809 2470 3858 et
2493 3816 2818 3874 eam,quam
2859 3804 3140 3873 amiserat,
3176 3803 3486 3876 intelligens

819 3914 1046 3972 CAPUT
1085 3914 1174 3971 Vl.
1888 3891 2022 3947 tiam
2046 3891 2324 3950 reformat.

185 4005 275 4080 De-
308 4007 442 4080 ﬁliis
492 4008 865 4080 Prophetarum
914 4008 1346 4080 ερηᾳμετεηιεὺαδ
1401 4011 1788 4080 ρνρναηθηδεία
1969 3983 2241 4080 tLignum
2265 3989 2556 4080 mergit,et
2574 3988 2780 4044 ferrum
2806 3987 3479 4080 insuperﬁciemattulit,»

256 4074 379 4143 loci,
405 4089 456 4132 et
483 4074 548 4133 de
579 4074 903 4133 revocatione
933 4074 1062 4147 ferri
1085 4078 1149 4133 ab
1180 4096 1318 4149 aqua
1346 4074 1437 4149 pe'r
1456 4074 1713 4134 Eliseum.
1893 4074 2020 4145 quia
2048 4076 2302 4133 videlicet
2348 4078 2679 4151 Redemptor
2727 4088 2934 4146 noster,
2963 4089 3020 4136 et
3069 4096 3165 4136 cor
3197 4079 3399 4135 elatum
3428 4079 3486 4134 in

258 4168 410 4242 (Cn.
439 4169 544 4242 γι.)
579 4187 599 4222 ‹
632 4169 895 4226 Dixerunt
920 4178 1100 4227 autem
1148 4170 1246 4226 ﬁlii
1285 4172 1670 4242 prophetarum
1721 4172 1791 4228 ad
1896 4167 2224 4237 cogitatione
2276 4169 2526 4225 humiliat
2554 4210 2570 4238 ,
2629 4180 2684 4227 et
2730 4171 3012 4228 scientiam
3054 4180 3290 4242 reparat.
3333 4171 3490 4228 Unde

194 4283 212 4313 ι
239 4261 490 4318 Eliseum
515 4279 530 4315 :
559 4259 700 4318 Ecce
739 4261 911 4329 locus,
941 4261 997 4316 in
1023 4277 1128 4332 quo
1157 4261 1467 4317 habitamus
1492 4277 1678 4318 coram
1715 4270 1790 4329 te,
1898 4256 2038 4313 bene
2060 4258 2165 4316 alia
2197 4260 2555 4316 translatione
2575 4261 2796 4329 dicitur,
2825 4263 2969 4332 quod
2992 4263 3247 4334 confregit
3263 4262 3486 4334 lignum,

194 4368 212 4403 ‹
244 4359 515 4422 angustus
550 4359 632 4407 est
656 4352 832 4408 nobis.
866 4352 1070 4408 Eamus
1095 4367 1266 4422 usque
1301 4353 1371 4408 ad
1399 4351 1712 4419 Iordanem,
1740 4361 1796 4408 et
1901 4355 2064 4418 atque
2079 4350 2322 4419 jactavit,
2346 4360 2402 4406 et
2425 4352 2504 4408 sic
2543 4352 2745 4422 ferrum
2791 4353 3028 4408 sustulit.
3058 4355 3289 4424 Lignum
3337 4369 3492 4407 nam-

196 4461 213 4494 ι
247 4443 438 4498 tollant
468 4442 675 4514 singuli
705 4443 774 4497 de
797 4442 934 4498 silva
960 4443 1216 4498 materias
1265 4442 1523 4513 singulas,
1566 4451 1628 4497 ut
1674 4443 1799 4498 aedi-
1901 4454 2010 4510 que
2033 4440 2378 4511 confringere
2413 4451 2515 4506 est,
2559 4457 2654 4497 cor
2683 4444 2751 4498 ab
2781 4443 3012 4498 elatione
3056 4451 3359 4498 conterere.
3395 4441 3493 4495 Li-

197 4553 215 4584 ι
241 4536 472 4591 ﬁcemus
508 4534 666 4589 nobis
700 4533 775 4588 ibi
804 4533 983 4590 locum
1017 4535 1084 4589 ad
1102 4534 1476 4590 habitandum.
1511 4533 1614 4602 Qui
1641 4535 1793 4600 dixit,
1827 4563 1880 4625 υ
1903 4546 2070 4602 gnum
2102 4530 2170 4585 ad
2190 4531 2298 4585 ima
2319 4530 2528 4598 jactare
2557 4540 2662 4598 est,
2683 4533 2883 4587 elatum
2920 4547 3014 4587 cor
3062 4533 3117 4586 in
3152 4531 3493 4602 cognitione,

198 4642 216 4675 I
250 4624 347 4680 Ite.
380 4625 453 4680 Et
485 4624 575 4679 ait
602 4640 741 4680 unus
771 4639 837 4679 ex
863 4623 971 4678 illis
1002 4643 1014 4679 :
1049 4625 1184 4680 Veni
1206 4639 1337 4698 ergo
1363 4633 1418 4681 et
1443 4633 1500 4680 tu
1530 4641 1654 4680 cum
1684 4640 1800 4680 ser-
1829 4622 1860 4625 ⁷
1903 4633 1966 4677 ut
1994 4622 2228 4678 diximus
2253 4663 2267 4688 ,
2318 4623 2551 4693 propriae
2593 4623 2927 4679 inﬁrmitatis
2976 4624 3281 4680 humiliare.
3315 4624 3497 4695 Atque

201 4731 219 4765 ι
247 4715 330 4771 vis
351 4716 485 4771 tuis.
527 4713 826 4785 Respondit
852 4732 865 4767 :
896 4714 1008 4785 Ego
1036 4716 1271 4771 veniam.
1306 4717 1374 4772 Et
1399 4717 1531 4773 abiit
1561 4733 1683 4773 cum
1698 4718 1798 4774 eis.
1906 4714 2113 4771 ferrum
2139 4715 2207 4769 ad
2231 4715 2574 4785 superﬁciem
2602 4717 2761 4782 redit,
2791 4716 2916 4786 quia
2939 4716 3008 4772 ad
3040 4731 3200 4772 usum
3235 4718 3474 4772 exercita

208 4821 227 4855 ι
258 4805 510 4876 Cumque
540 4804 822 4861 venissent
868 4805 938 4860 ad
988 4805 1301 4873 Jordanem,
1324 4808 1605 4864 caadebant
1632 4808 1797 4880 ligna.
1908 4809 2072 4865 tionis
2091 4809 2337 4879 pristina:
2365 4807 2732 4880 intelligentiae
2760 4809 3013 4864 recurrit.
3044 4808 3212 4880 Igitur
3238 4807 3498 4878 quoniam

210 4916 228 4948 ς
263 4897 481 4954 Accidit
507 4904 694 4953 autem
718 4906 779 4952 ut
802 4913 926 4952 cum
951 4914 1092 4955 unus
1119 4901 1404 4956 materiam
1448 4901 1801 4968 succidisset,
1909 4899 2110 4954 donum
2139 4898 2465 4965 intellectus,
2508 4899 2652 4968 quod
2687 4899 2967 4969 accipitur,
2996 4899 3085 4953 vix
3112 4914 3234 4954 cum
3260 4905 3340 4952 tot
3362 4894 3500 4950 diﬁi-

213 5008 233 5041 ‹
266 4991 490 5047 caderet
518 4990 722 5046 ferrum
754 4991 961 5046 securis
991 4991 1049 5045 in
1096 4997 1313 5061 aquam.
1365 4992 1806 5063 Exclamavitque
1912 4989 2206 5047 cultatibus
2239 4989 2564 5056 custoditur,
2590 4989 2891 5045 curandum
2917 4987 3076 5043 valde
3112 4994 3192 5042 est
3219 5026 3234 5053 ,
3283 5001 3352 5040 ne
3388 4986 3501 5041 otio

215 5099 233 5132 ι
269 5083 377 5140 ille.
425 5083 498 5138 Et
527 5083 644 5137 ait:
677 5081 824 5138 Heu!
863 5083 1000 5138 heu!
1032 5085 1166 5139 heu!
1197 5084 1423 5139 Domine
1475 5085 1571 5138 mi.
1604 5084 1673 5138 Et
1706 5086 1810 5141 hoc
1912 5088 2155 5150 torpeat;
2183 5080 2484 5134 curandum
2525 5095 2594 5135 ne
2635 5080 2954 5135 incitatione
2994 5077 3196 5148 operis,
3229 5076 3363 5131 vitio
3389 5075 3500 5129 ela-

220 5192 237 5225 ι
272 5175 451 5245 ipsum
476 5183 670 5231 mutuo
701 5190 1040 5246 acceperam.
1074 5176 1222 5231 Dixit
1261 5185 1442 5233 autem
1469 5177 1632 5234 homo
1669 5178 1764 5234 Dei
1794 5196 1808 5234 :
1914 5171 2079 5229 tionis
2104 5179 2413 5228 evanescat.
2444 5170 2631 5228 Sancti
2663 5186 2896 5242 namque
2921 5169 3026 5226 viri
3069 5169 3293 5224 minime
3317 5167 3504 5223 exsul-

221 5285 239 5318 ι
272 5266 376 5325 Ubi
412 5268 650 5324 cecidit?
675 5267 747 5322 At
790 5267 879 5324 ille
924 5269 1246 5324 monstravit
1271 5270 1323 5325 ei
1357 5269 1555 5326 locum.
1589 5269 1814 5327 Praesci—
1920 5272 2055 5332 tant,
2085 5280 2210 5321 cum
2235 5273 2566 5336 cognoscunt
2592 5280 2712 5336 qua:
2740 5263 2966 5318 faciunt.
2997 5261 3104 5319 Sed
3127 5277 3250 5317 cum
3276 5260 3503 5327 faciunt,

223 5379 242 5412 ‹
275 5361 355 5416 dit
382 5377 518 5432 ergo
549 5361 774 5430 lignum,
805 5369 861 5416 et
890 5360 1040 5416 misit
1063 5361 1210 5428 illuc,
1242 5363 1556 5434 natavitque
1584 5362 1810 5419 ferrum.
1920 5371 2042 5425 quae
2071 5363 2440 5426 cognoverunt
2496 5354 2598 5409 etsi
2643 5351 2988 5424 intelligendo
3035 5351 3239 5421 largius
3271 5367 3508 5424 congau-

227 5470 244 5503 ι
273 5451 339 5507 Et
367 5454 446 5508 ait
471 5471 486 5508 :
521 5451 692 5508 Tolle.
718 5452 820 5520 Qui
847 5454 1092 5509 extendit
1125 5470 1366 5523 manum,
1392 5463 1448 5512 et
1469 5455 1592 5510 tulit
1613 5455 1766 5521 illud,

1946 5445 2099 5500 lenta
2120 5459 2344 5500 munere
2364 5443 2636 5514 largitoris
2663 5482 2678 5508 ,
2724 5449 3018 5498 maerentes
3053 5449 3232 5497 tamen
3262 5442 3509 5498 conside-

225 5551 330 5599 (διε.
377 5543 511 5599 Hac
570 5545 751 5614 itaque
815 5546 957 5601 actio
1019 5545 1156 5602 bene
1225 5547 1598 5618 Redemptori.
1633 5556 1820 5602 nostro
1923 5547 2047 5594 rant
2074 5539 2312 5596 debitum
2357 5537 2558 5608 operis,
2593 5544 2651 5590 ut
2677 5535 2926 5593 videlicet
2957 5537 3170 5592 actione
3199 5535 3511 5607 persolvant

229 5635 486 5691 convenit
516 5648 615 5703 per
640 5635 1111 5704 signiﬁcationem.
1142 5636 1252 5708 (Ea:
1277 5637 1534 5708 Isidoro.)
1561 5638 1697 5694 Cum
1723 5638 1822 5709 igi-
1923 5633 2066 5703 quod
2113 5633 2192 5689 eis
2236 5640 2596 5702 praerogatum
2657 5639 2738 5686 est
2801 5631 2855 5684 in
2921 5630 3247 5700 cognitione.
3300 5626 3512 5681 Stultus

234 5734 319 5780 tur
343 5725 628 5782 securibus
655 5725 797 5794 ligna
821 5727 1173 5789 cmdcrentur,
1209 5729 1275 5781 de
1305 5728 1449 5794 ligno
1478 5728 1681 5784 ferrum
1730 5744 1821 5784 ex-
1926 5740 2160 5793 namque
2204 5733 2288 5778 est
2330 5722 2562 5787 debitor,
2593 5723 2682 5789 qui
2712 5722 2951 5791 gaudens
2997 5719 3254 5788 pecunias
3292 5724 3512 5770 mutuas

238 5819 444 5889 silieus,
477 5820 535 5876 in
565 5816 889 5887 profundum
930 5815 1166 5877 ﬂuminis
1191 5831 1428 5873 mersum
1451 5825 1557 5884 est,
1584 5826 1744 5886 atque
1767 5814 1822 5873 in
1926 5811 2141 5883 accipit,
2177 5821 2230 5868 et
2257 5820 2464 5867 tempus
2495 5826 2598 5880 quo
2629 5812 2852 5869 reddere
2891 5811 3082 5866 debeat
3109 5825 3216 5866 non
3245 5804 3505 5871 attendit;

571 5910 839 5974 PATROL.
885 5909 1054 5972 (ΠΧ.

2998 5899 3037 5961 8
