3958 6468
497 307 606 366 235
697 291 702 294 ’

1140 305 1200 361 Β.
1241 302 1493 378 ΒΑΒΑΝῌ
1534 299 1757 368 MAURI
1800 297 2062 376 ARCHIEI

2178 296 2470 368 llOGUNT.
2514 299 2800 372 OPEBUM
2836 300 3016 366 PARS
3055 301 3094 360 Ι.

3661 305 3774 366 256

493 426 806 483 moderatur
839 432 1016 480 autem
1060 421 1247 484 laetitia
1275 419 1590 490 accipiendi,
1631 417 1847 492 quando
1892 414 2079 474 solerti
2106 419 2404 485 Aematur
2440 425 2494 471 et
2538 416 2857 489 projiciatur
2904 418 2972 474 ab
3013 417 3092 476 eis
3143 415 3360 490 (Matth.
3389 417 3468 488 v),
3500 430 3778 490 quatenus

491 519 831 592 providentia
854 515 1018 574 etiam
1057 513 1412 574 constitutum
1453 521 1664 583 tempus
1702 509 1958 568 reddendi
1982 523 2074 565 eo-

492 613 712 683 gitatur.

1099 696 1327 756 CAPUT
1362 698 1469 755 VII.

653 796 730 850 De
755 809 814 850 eo
843 794 983 870 quod
1008 808 1102 846 rex
1125 790 1298 862 Syriae
1333 788 1684 852 insidiabatur
1719 785 1914 841 Eliseo.

561 907 580 940 ι
614 885 731 943 Rex
763 895 946 941 autem
971 883 1142 954 Syria:
1167 881 1436 954 pugnabat
1455 888 1641 936 contra
1672 877 1856 942 Israel,
1897 877 2075 936 consi—

490 1000 510 1033 ι
538 980 780 1051 liumque
807 977 928 1033 iniit
953 989 1079 1032 cum
1108 973 1282 1030 servis
1317 971 1454 1038 suis,
1493 971 1675 1027 dicens
1705 988 1717 1025 :
1757 968 1812 1024 in
1835 970 1952 1025 loco
1983 968 2074 1023 illo

489 1096 510 1131 ι
541 1084 596 1130 et
621 1074 713 1130 illo
755 1086 1019 1145 ponamus
1064 1069 1308 1125 insidias.
1362 1065 1505 1126 Misit
1536 1066 1714 1140 itaque
1752 1064 1836 1118 vir
1872 1062 1968 1120 Dei
2004 1063 2073 1124 ad

488 1187 510 1223 ι
539 1181 737 1242 regem
775 1164 962 1230 lsrael,
994 1163 1216 1218 dicens:
1251 1160 1423 1225 Cave,
1473 1172 1541 1214 ne
1587 1165 1834 1216 transeas
1884 1157 1938 1210 in
1981 1155 2073 1220 illo

486 1280 508 1314 σ
539 1261 678 1327 loco,
701 1272 829 1329 quia
860 1256 935 1314 ibi
962 1253 1087 1328 Syri
1110 1255 1166 1310 in
1195 1252 1406 1310 insidiis
1450 1259 1595 1306 sunt.
1625 1249 1770 1323 Misit
1799 1250 1982 1319 itaque
2003 1262 2067 1303 ex

426 1357 438 1367 '
489 1372 506 1406 ι
538 1351 704 1409 lsrael
742 1351 810 1406 ad
840 1349 1041 1413 locum,
1073 1361 1232 1416 quem
1267 1345 1478 1402 dixerat
1499 1343 1549 1400 ei
1576 1342 1660 1397 vir
1687 1341 1804 1412 Dei,
1830 1348 1883 1396 et
1930 1355 2069 1412 prae-

486 1465 506 1498 σ
530 1442 816 1514 occupavit
839 1456 980 1503 eum,
1013 1448 1065 1496 et
1116 1439 1425 1499 observavit
1468 1452 1527 1494 se
1568 1436 1659 1500 ibi,
1695 1456 1714 1487 ι
1754 1442 1860 1491 etc.
1895 1432 2069 1502 Quem

479 1533 867 1607 congruentius
893 1534 991 1589 hic
1020 1547 1112 1588 rex
1141 1530 1330 1605 Syriae,
1372 1546 1532 1602 quam
1560 1535 1883 1601 potestatem
1904 1526 2073 1598 signi-

478 1630 606 1685 ﬁcat
627 1637 920 1692 terrenam,
943 1641 1062 1698 quae
1097 1639 1240 1700 saepe
1266 1622 1494 1694 superbe
1527 1622 1764 1680 sentiens
1811 1618 2066 1696 populum

2181 507 2407 566 intuitus
2435 509 2702 579 superbiae
2724 518 2780 564 et
2806 509 3027 564 malitiae
3051 511 3355 577 obturetur,
3379 517 3434 566 ct
3454 511 3644 567 oculus
3684 528 3779 568 sa-

2178 616 2262 656 nae
2282 599 2404 655 ﬁdei
2445 615 2508 655 ac
2540 599 2900 674 simplicitatis
2932 602 3224 672 aperiatur.
3255 601 3409 659 Unde
3452 603 3586 660 dicit
3634 603 3782 678 Apo-

2179 693 2384 749 stolus:
2425 711 2443 742 ι
2484 690 2540 750 Si
2568 693 2690 766 quis
2713 692 2854 748 inter
2875 707 2970 748 vos
2995 692 3209 748 videtur
3227 693 3447 766 sapiens
3468 708 3612 764 esse,
3638 695 3780 759 stul-

2178 793 2266 841 tus
2291 783 2387 839 ﬁat
2415 791 2475 838 ut
2500 785 2569 846 sit
2600 784 2815 856 sapiens
2835 783 2887 855 (1
2914 782 3036 839 Cor.
3063 786 3168 858 ιιι).
3200 804 3219 838 ι

2253 894 2271 926 ι
2307 874 2561 946 Dixitque
2594 890 2688 930 rex
2714 876 2879 931 Israel
2893 876 2960 932 ad
2976 876 3209 933 Eliseum
3219 875 3249 946 ,'
3259 892 3381 941 cum
3403 877 3633 934 vidisset
3654 894 3775 940 eos.

2181 985 2200 1026 ι
2236 964 2487 1040 Nunquid
2514 967 2813 1038 percutiam
2842 981 2958 1039 eos,
2980 965 3144 1024 Pater
3169 967 3264 1024 mi.
3292 968 3358 1023 Et
3387 967 3476 1026 ille
3506 969 3586 1024 ait
3611 989 3625 1022 :
3656 969 3776 1035 Non

2181 1079 2200 1114 ι
2235 1060 2524 1132 percuties.
2562 1058 2745 1132 Neque
2770 1060 2914 1115 enim
2960 1059 3174 1134 cmpisti
3215 1075 3309 1116 eos
3337 1059 3536 1132 gladio,
3563 1069 3661 1116 aut
3687 1077 3779 1116 ar-

2180 1171 2200 1205 ι
2231 1168 2296 1209 cu
2325 1161 2437 1222 tuo,
2463 1162 2520 1208 ut
2543 1153 2820 1230 percutias
2845 1177 2858 1207 ;
2885 1151 3032 1208 Pone
3052 1167 3248 1224 panem
3285 1162 3342 1208 et
3362 1167 3561 1233 aquam
3583 1168 3777 1214 coram

2181 1261 2199 1295 ι
2237 1243 2333 1309 eis,
2365 1251 2424 1298 ut
2443 1243 2728 1307 comedent
2749 1251 2805 1297 et
2839 1241 3045 1310 bibant,
3081 1250 3138 1297 et
3157 1241 3360 1298 vadant
3386 1243 3455 1298 ad
3477 1242 3776 1308 Dominum

2180 1357 2199 1390 ι
2232 1354 2406 1394 suum.
2441 1358 2458 1390 ι
2489 1336 2782 1411 Postquam
2826 1351 2956 1410 ergo
2998 1335 3208 1392 Eliseus
3252 1336 3437 1393 hostes
3483 1337 3542 1393 in
3573 1336 3777 1394 Sama-

2177 1431 2314 1486 riam
2345 1429 2590 1495 adduxit,
2621 1443 2729 1484 non
2753 1442 2848 1484 eos
2865 1427 3040 1486 occidi
3057 1428 3324 1504 permisit,
3353 1427 3446 1484 sed
3472 1428 3778 1490 confectio-

2174 1539 2300 1581 ncm
2357 1537 2606 1594 magnam
2655 1521 2904 1586 ciborum
2954 1519 3057 1577 illis
3110 1535 3421 1602 prazparans
3465 1520 3679 1582 dimisit
3719 1521 3775 1577 in

2172 1633 2324 1690 pace.
2367 1615 2433 1672 Et
2481 1615 2706 1671 Saulum
2739 1615 2827 1671 diu
2867 1623 3054 1678 contra
3083 1615 3362 1682 stimulum
3388 1615 3777 1688 calcitrantem

474 1722 595 1788 Dei,
631 1722 734 1778 hoc
763 1728 878 1783 εει,
921 1720 1060 1774 ﬁlios
1091 1716 1626 1790 lucispersequitur?
1679 1713 1784 1774 Sed
1822 1713 1924 1792 ipsi
1973 1726 2069 1792 per
2097 1785 2137 1792 _
2171 1709 2406 1778 primum
2439 1707 2698 1779 Dominus
2732 1707 2990 1774 caecavit;
3023 1705 3218 1768 deinde
3259 1707 3484 1766 scientia
3533 1708 3776 1784 spiritali

473 1785 636 1869 Elisei
681 1811 897 1867 Domini
925 1809 1175 1867 videlicet
1196 1785 1364 1866 nostri
1390 1785 1691 1866 doctrinam
1721 1785 1942 1862 insidias
1969 1787 2066 1862 i'ni-
2094 1785 2144 1845 Β
2170 1799 2455 1872 magniﬁce
2481 1799 2726 1870 replevit,
2760 1799 2934 1874 adque
2963 1797 3368 1870 przedicandum
3408 1797 3776 1880 Evangeliurq

471 1905 739 1958 micorum
763 1914 1071 1978 praecavere
1113 1901 1429 1964 edocentur,
1457 1909 1514 1952 ut
1540 1909 1621 1953 est
1653 1897 1780 1954 illud
1807 1917 1818 1951 :
1860 1918 1876 1948 ι
1908 1897 2065 1954 Esto-

471 2005 548 2060 te,
599 1993 796 2065 inquit,
827 1993 1120 2064 prudentes
1167 1992 1308 2047 sicut
1339 2000 1636 2062 serpentes,
1687 1998 1742 2048 et
1790 1991 2064 2062 simplices

468 2085 609 2141 sicut
634 2082 894 2141 columbae
921 2081 1140 2152 (Matth.
1189 2082 1265 2153 χ).
1311 2102 1329 2135 ι
1371 2080 1440 2140 Et
1495 2081 1654 2138 item:
1692 2099 1710 2132 ι
1747 2081 1943 2142 Cavete
1969 2097 2064 2144 au-

467 2187 577 2235 tem
605 2176 675 2231 ab
729 2173 1041 2232 hominibus
1094 2172 1307 2248 (Ibid.).
1338 2194 1356 2226 ›
1398 2171 1467 2230 Ει
1495 2173 1620 2231 alibi
1650 2188 1664 2227 :
1699 2192 1716 2228 ι
1751 2173 2063 2248 Attendite,

465 2269 563 2333 ait,
591 2280 620 2321 a
653 2265 803 2326 falsis
825 2264 1104 2340 prophetis
1122 2263 1337 2335 (Matth.
1357 2262 1508 2334 vtt).r
1533 2263 1648 2321 Hoc
1666 2264 1862 2342 quippe
1891 2281 2064 2337 agno-

464 2371 625 2412 scens
682 2356 956 2414 mundana
988 2355 1232 2428 potentia
1286 2355 1461 2426 ipsum
1495 2356 1813 2426 prophetam
1851 2356 2060 2413 interli—

463 2465 588 2506 cere
619 2449 878 2524 disponit,
907 2463 1033 2507 eum
1069 2447 1344 2520 Christum
1390 2448 1444 2510 in
1471 2448 1720 2514 cordibus
1767 2448 2063 2506 electorum

463 2541 812 2614 exstinguere
839 2541 1076 2597 festinat.

541 2652 561 2686 ‹
599 2633 739 2689 Misit
764 2647 892 2705 ergo
922 2631 1052 2688 illuc
1100 2646 1195 2688 rex
1244 2631 1413 2704 Syriae
1460 2645 1626 2704 equos
1674 2639 1728 2685 et
1770 2646 1964 2690 currus
2010 2638 2068 2690 et

469 2745 488 2778 ι
517 2725 685 2780 robur
711 2723 1003 2779 exercitus.
1039 2722 1288 2792 Quicum
1315 2723 1591 2780 venissent
1623 2730 1799 2788 nocte,
1833 2721 2064 2780 circum-

465 2833 484 2867 ι
515 2813 782 2870 dederunt
809 2813 1106 2871 civitatem.
1154 2833 1173 2868 ι
1208 2812 1396 2871 Omnis
1422 2830 1573 2886 ergo,
1610 2813 1700 2884 qui
1731 2814 1785 2874 in
1810 2813 2067 2885 nequitia:

461 2903 631 2960 armis
652 2903 934 2962 conﬁdens
957 2903 1161 2962 Christi
1213 2905 1432 2961 famulis
1476 2903 1704 2961 insidias
1754 2914 2060 2976 praeparat.

457 3003 618 3052 nocte
646 2994 889 3070 perﬁdiae
912 3004 1245 3063 excaacatus,
1289 2997 1492 3058 bellum
1518 3005 1710 3053 contra
1759 2995 2065 3060 Ecclesiatn

459 3085 623 3158 gerit.

2168 1906 2326 1948 suum
2353 1890 2405 1950 in
2429 1890 2680 1966 gentibus
2708 1888 2906 1946 direxit
2942 1889 3082 1964 (Act,
3110 1889 3222 1960 lx);
3270 1889 3534 1964 nobisque
3561 1905 3776 1964 praece-

2167 1983 2266 2053 pit,
2289 1983 2364 2044 ita
2394 1981 2578 2046 dicens
2608 2001 2620 2036 :
2659 1999 2678 2046 ι
2712 1981 2928 2056 Diligite
2954 1981 3205 2055 inimicos
3246 1991 3478 2054 vestros,
3505 1991 3564 2048 et
3600 1984 3774 2057 bene:-

2167 2077 2331 2141 facite
2362 2076 2446 2136 his
2465 2075 2558 2147 qui
2586 2091 2682 2132 vos
2705 2059 2956 2148 odérun't,
2980 2084 3040 2144 ut
3065 2075 3184 2148 sitis
3212 2075 3305 2142 filii
3351 2075 3530 2149 Patris
3554 2077 3776 2152 ,γρῆυ-ἱ,

2167 2169 2261 2243 qui
2288 2169 2343 2230 in
2380 2168 2531 2232 caelis
2567 2177 2652 2230 εει
2687 2166 2902 2239 (Matth.
2935 2169 3010 2242 v).
3052 2186 3072 2236 ι

2761 2279 2991 2346 CAPUT
3029 2278 3163 2342 VIII.

2167 2370 2247 2432 De
2262 2372 2408 2452 [ante
2439 2370 2584 2452 [aug
2617 2371 2673 2452 in
2694 2369 3180 2452 Samariaﬂropter
3207 2370 3775 2452 obsessionem'lienq-

2275 2439 2346 2496 ad
2373 2439 2504 2512 regis
2540 2439 2732 2513 Syriw,
2765 2442 2903 2513 etde
2940 2439 3245 2500 liberatione
3273 2442 3503 2506 mirabili
3549 2441 3777 2506 Israeli-

2240 2523 2417 2567 tarum
2431 2511 2536 2583 ’per
2553 2511 2782 2585 gratiam
2801 2511 3038 2568 Domini.

2246 2644 2263 2676 ι
2298 2625 2525 2690 Factum
2564 2635 2648 2684 est
2674 2633 2854 2684 autem
2882 2635 3004 2698 post
3049 2627 3184 2706 haec,
3211 2628 3564 2706 congregavit
3593 2630 3778 2688 Bena-

2177 2736 2196 2769 ι
2238 2719 2344 2774 dad
2402 2733 2497 2782 rex
2547 2717 2720 2790 Syriae
2770 2720 3084 2778 universum
3136 2723 3440 2790 exercitum
3503 2739 3666 2784 suum
3721 2733 3782 2782 et

2177 2831 2194 2864 ι
2229 2812 2474 2870 ascendit
2500 2820 2556 2868 et
2585 2813 2799 2872 obsedit
2828 2812 3153 2880 Samariam.
3181 2815 3454 2892 Factaque
3482 2826 3568 2876 est
3592 2817 3782 2878 fames

2178 2922 2196 2954 ι
2230 2917 2424 2974 magna
2475 2904 2529 2966 in
2568 2901 2836 2972 Samaria,
2874 2924 2894 2958 ι
2935 2913 3042 2962 etc.
3077 2905 3278 2964 Narrat
3312 2905 3596 2982 Scriptura
3623 2911 3782 2980 quod

2170 2992 2423 3064 Benadad
2463 3007 2559 3050 rex
2598 2992 2770 3066 Syria:
2796 2994 3070 3066 obsideret
3101 2995 3432 3056 Samariam.
3459 2998 3634 3058 Facta
3677 3015 3783 3056 au-

2173 3095 2283 3146 tem
2315 3084 2481 3156 fame,
2509 3084 2738 3148 afﬂictus
2761 3096 2846 3145 est
2877 3088 3111 3164 pOpulllS
3163 3089 3354 3158 valde;
3388 3091 3504 3157 sed,
3535 3091 3783 3154 Domino

532 3197 551 3230 ι
583 3177 928 3252 Consurgens
984 3187 1166 3235 autem
1215 3179 1451 3236 diluculo
1496 3179 1747 3240 minister
1783 3179 1897 3238 veri
1958 3180 2054 3237 Dei
2085 3145 2133 3210 Ο
2163 3153 2479 3244 miserante,
2503 3176 2804 3238 revelatum
2833 3145 2919 3238 est
2951 3145 3134 3236 hisco
3178 3145 3408 3246 verbum
3438 3145 3686 3252 Domini,
3720 3151 3784 3250 et

461 3288 482 3324 ι
518 3285 774 3344 egressus
799 3279 914 3339 est;
969 3274 1212 3346 viditque
1239 3272 1540 3331 exercitum
1566 3273 1621 3330 in
1649 3274 1885 3332 circuitu
1915 3275 2052 3331 civi-

467 3381 487 3415 ι
516 3363 668 3430 tatis,
692 3363 1070 3434 nuntiavitque
1111 3365 1164 3420 ei
1197 3364 1418 3421 dicens:
1453 3362 1603 3422 Heu!
1640 3364 1778 3422 heu!
1825 3365 2058 3424 Domine

464 3470 485 3505 ι
515 3453 611 3519 mi,
638 3454 769 3526 quid
797 3454 1058 3512 faciemus
1073 3455 1102 3519 ?,
1131 3475 1149 3507 ι
1207 3464 1315 3510 etc.
1346 3453 1473 3511 Haec
1525 3456 1795 3512 sententia
1834 3457 2060 3518 denotat

455 3543 582 3602 illos
603 3545 696 3622 qui
729 3555 953 3618 propter
974 3545 1478 3618 pusillanimitatem
1508 3545 1690 3603 cordis
1725 3547 1834 3612 sui,
1861 3562 2055 3622 poenas

458 3645 718 3694 verentur
749 3636 1079 3710 corporales.
1095 3635 1194 3693 Cui
1225 3636 1494 3710 propheta
1527 3635 1842 3712 respondit:
1881 3655 1899 3689 ι
1935 3637 2056 3698 Noli

459 3747 482 3784 ι
513 3730 728 3805 timere.
776 3727 972 3788 Plures
1009 3731 1157 3788 enim
1196 3729 1478 3791 nobiscum
1521 3737 1681 3796 sunt,
1719 3745 1885 3802 quam
1930 3747 2056 3792 cum

460 3841 480 3874 ι
514 3821 639 3879 illis.
663 3843 681 3875 ι
713 3822 783 3880 Et
805 3823 1056 3881 Salvator
1081 3821 1362 3894 discipulis
1382 3821 1460 3878 ait
1486 3841 1500 3878 :
1525 3821 1584 3879 In
1611 3823 1813 3882 mundo
1834 3838 2057 3896 pressu-

453 3927 574 3994 ram
599 3913 892 3980 habebitis,
927 3913 1024 3970 sed
1055 3913 1332 3983 conﬁdite,
1362 3912 1490 3983 quia
1516 3927 1619 3987 ego
1656 3913 1764 3970 vici
1792 3914 2055 3974 mundum

454 4004 638 4086 (ζοαη.
674 4005 810 4080 xvi).
840 4006 910 4063 Et
957 4008 1126 4064 item:
1165 4027 1184 4059 ι
1233 4005 1411 4064 Nolite
1435 4048 1450 4074 ,
1502 4007 1702 4079 inquit,
1733 4007 1924 4068 timere
1961 4023 2058 4068 eos

454 4094 549 4168 qui
575 4093 831 4154 occidunt
851 4110 1070 4171 corpus,
1085 4105 1142 4153 et
1164 4106 1291 4171 post
1316 4097 1432 4154 haec
1452 4112 1560 4154 non
1585 4097 1789 4170 habent
1812 4098 1946 4170 quid
1969 4098 2055 4154 fa-

458 4183 607 4241 ciant
626 4185 818 4254 vobis;
851 4187 987 4260 quin
1019 4189 1200 4262 potius
1240 4201 1365 4246 eum
1407 4189 1614 4256 timete,
1659 4188 1752 4260 qui
1778 4196 1957 4260 potest
2003 4198 2060 4260 et

461 4275 699 4332 animam
725 4287 782 4334 et
806 4293 1001 4352 corpus
1025 4281 1254 4352 perdere
1276 4281 1331 4336 in
1360 4279 1666 4354 gehennam
1685 4278 1904 4353 (Matth.
1923 4280 2000 4352 ιι).
2030 4299 2050 4338 ι

456 4363 528 4425 Ει
552 4367 717 4425 Petro
751 4368 1014 4426 Dominus
1063 4371 1121 4428 in
1165 4371 1421 4452 passione
1468 4387 1568 4430 sua
1625 4371 1742 4428 ait:
1779 4389 1797 4423 ι
1843 4369 1928 4430 An
1955 4384 2057 4442 pu-

460 4469 569 4525 tas,
596 4458 722 4531 quia
746 4474 854 4514 non
880 4474 1104 4532 possum
1152 4475 1346 4534 rogare
1373 4461 1595 4518 Patrem
1637 4475 1844 4528 meum,
1870 4469 1926 4516 et
1953 4475 2053 4514 ex-

458 4548 668 4606 hibebit
697 4549 832 4607 mihi
852 4546 974 4621 plus
991 4565 1157 4622 quam
1178 4551 1462 4611 duodecim
1483 4551 1724 4628 legiones
1739 4551 2059 4628 angelorum

458 4635 682 4708 (Matth.
703 4635 930 4710 3.1m)?»

535 4745 558 4781 ι
590 4727 834 4818 Cumque
885 4738 1097 4790 orasset
1148 4727 1360 4789 Eliseus
1387 4773 1404 4801 ,
1450 4731 1562 4790 ait:
1598 4730 1858 4806 Domine.
1907 4739 2058 4818 aperi

2161 3268 2414 3341 praedixit
2449 3269 2647 3339 populo
2675 3267 2866 3328 solatia
2897 3267 3101 3337 futura,
3135 3270 3210 3330 ita
3249 3271 3478 3334 dicens:

2233 3361 2385 3435 (Car.
2414 3361 2537 3434 vn.)
2570 3379 2589 3412 ι
2625 3361 2752 3423 Haec
2778 3362 2910 3422 dicit
2934 3361 3234 3428 Dominus:
3263 3362 3324 3420 In
3371 3372 3621 3437 tempore
3664 3363 3779 3422 hoc

2168 3475 2186 3508 ι
2222 3471 2345 3514 cras
2371 3454 2584 3512 modius
2614 3455 2805 3514 simila:
2835 3469 2942 3512 uno
2987 3465 3192 3526 statere
3219 3457 3347 3526 erit,
3380 3465 3438 3516 et
3465 3456 3576 3520 duo.
3600 3459 3784 3532 ωθίιὶὶ

2167 3565 2190 3606 ι
2218 3547 2408 3606 hordei
2435 3555 2640 3606 statere
2660 3562 2769 3606 uno
2811 3548 2866 3610 in
2912 3555 3071 3620 porta
3101 3546 3384 3610 Samaria.
3429 3548 3588 3620 Quod
3646 3565 3782 3614 cum

2168 3655 2188 3692 ι
2217 3653 2326 3697 ιιοιι
2348 3638 2599 3695 crederet
2629 3653 2768 3694 unus
2788 3638 2856 3696 de
2882 3638 3134 3705 ducibus,
3165 3654 3330 3714 super
3359 3640 3516 3713 cujus
3543 3655 3782 3706 manum

2167 3747 2186 3782 ι
2218 3744 2312 3788 rex
2344 3729 2694 3790 incumbebat
2719 3730 2928 3790 homini
2948 3731 3045 3798 Dei
3065 3729 3171 3788 ait:
3207 3730 3267 3789 Si
3288 3731 3552 3797 Dominus
3576 3731 3784 3798 fecerit

2167 3839 2187 3872 ι
2220 3820 2391 3878 etiam
2441 3828 2750 3876 cataractas
2793 3822 2848 3882 in
2888 3821 3030 3884 cmlo
3053 3863 3069 3889 ,
3122 3823 3368 3894 nunquid
3409 3823 3614 3894 poterit
3652 3839 3784 3882 esse

2169 3929 2189 3963 ι
2216 3910 2362 3982 quod
2391 3910 2668 3980 loqueris?
2697 3909 2800 3987 Qui
2823 3910 2931 3966 ait:
2966 3911 3174 3968 videbis
3205 3912 3377 3970 oculis
3403 3914 3538 3980 tuis,
3563 3923 3623 3970 et
3647 3915 3782 3974 inde

2171 4017 2190 4051 ι
2223 4016 2333 4058 non
2360 4001 2630 4060 comedes.
2661 4020 2679 4054 ι
2710 4002 2898 4062 Potest
2950 4003 3056 4065 hac
3095 4003 3216 4064 loco
3245 4003 3494 4070 Benadad
3520 4020 3652 4064 cum
3679 4021 3783 4064 suo

2163 4092 2408 4158 exercitu.
2459 4091 2705 4150 diabolus
2733 4093 2962 4174 mystice
2999 4094 3198 4170 accipi,
3227 4095 3321 4170 qui
3357 4093 3525 4154 corda
3556 4095 3779 4172 iniquo-

2164 4200 2283 4246 rum
2317 4199 2417 4262 per
2445 4183 2708 4250 invidiam
2754 4194 2948 4247 contra
2978 4185 3280 4250 Ecclesiam
3329 4185 3534 4246 bellum
3579 4203 3782 4262 gerere

2163 4276 2388 4333 excitat.
2421 4273 2535 4338 Sub
2562 4277 2668 4333 hoc
2692 4276 2913 4354 quidem
2944 4292 3074 4352 rege
3100 4287 3229 4334 sunt
3253 4277 3416 4348 modo
3445 4277 3572 4334 falsi
3596 4276 3778 4340 Judazi

2166 4363 2232 4434 de
2261 4365 2539 4438 quibusin
2575 4365 2900 4446 Apocalypsi
2936 4369 3202 4450 scriptum
3240 4376 3357 4425 est:
3397 4386 3417 4424 ι
3453 4368 3558 4438 Qui
3584 4369 3781 4427 dicunt

2165 4467 2226 4509 se
2255 4452 2469 4521 Judzeos
2497 4471 2639 4525 esse,
2669 4462 2724 4512 et
2767 4473 2874 4513 non
2905 4466 3051 4526 sunt,
3083 4459 3176 4516 sed
3208 4467 3338 4516 sunt
3363 4475 3641 4538 synagoga
3672 4461 3779 4518 Sa-

2167 4551 2309 4600 tanm
2341 4545 2524 4618 (Apoc.
2550 4546 2633 4620 ιι).
2677 4567 2696 4601 ι
2735 4545 2849 4608 Sub
2873 4547 2979 4608 hoc
3003 4564 3128 4628 rege
3158 4558 3286 4606 sunt
3314 4550 3535 4626 pagani,
3558 4560 3700 4610 sunt
3724 4558 3781 4609 et

2164 4638 2426 4696 haeretici.
2451 4637 2621 4706 Facta
2653 4656 2784 4726 ergo
2821 4644 3204 4720 persecutione
3248 4646 3319 4702 ab
3348 4647 3579 4718 antiquo
3615 4647 3779 4714 hoste

2160 4743 2260 4801 per
2295 4729 2433 4789 tales
2463 4730 2716 4810 adﬁgitur
2735 4735 2967 4810 populus
2993 4735 3128 4803 Dei,
3176 4737 3271 4810 qui
3322 4744 3407 4794 est
3456 4738 3674 4810 positus
3720 4739 3775 4802 in

463 4836 486 4874 ι
514 4817 703 4878 oculos
729 4819 871 4894 eius,
895 4829 957 4878 ut
977 4821 1176 4879 videat.
1205 4822 1274 4878 Et
1311 4823 1524 4898 aperuit
1563 4824 1825 4896 Dominus
1869 4813 2057 4890 oculos
2164 4813 2435 4892 Samaria,
2467 4826 2572 4884 hoc
2599 4833 2719 4894 est.
2768 4827 2823 4884 in
2843 4828 3094 4886 custodia
3121 4827 3260 4902 legis
3303 4829 3520 4898 divinas.
3574 4830 3778 4903 Fitque

464 4928 486 4965 ι
519 4913 698 4985 pueri,
724 4921 781 4970 et
802 4912 959 4974 vidit.
994 4914 1063 4984 Et
1103 4931 1232 4974 ecce
1261 4931 1418 4988 mons
1465 4916 1656 4992 plenus
1692 4934 1959 4992 equorum
2001 4934 2059 4984 et
2163 4912 2336 4972 fames
2353 4914 2555 4984 valida,
2577 4931 2700 4974 cum
2738 4932 2848 4976 non
2877 4918 3210 4990 permittitur
3253 4918 3571 4984 doctor-ibus
3598 4920 3776 4980 libere

463 5023 484 5058 ι
515 5017 774 5062 curruum
818 5004 1100 5080 igneorum
1131 5008 1186 5063 in
1232 5008 1463 5066 circuitu
1502 5008 1694 5070 Elisei.,
1727 5032 1748 5068 ι
1786 5013 1858 5072 Ει
1898 5015 2054 5083 valde

2178 5007 2383 5068 verbum
2406 5008 2502 5066 Dei
2551 5010 2872 5084 praedicare.
2924 5009 3033 5068 Sed
3077 5011 3272 5068 Elisaeo
3301 5012 3584 5069 revelante
3610 5052 3632 5086 ι
3669 5013 3772 5070 hoc

458 5110 684 5154 necesse
709 5104 794 5155 est
841 5105 903 5154 ut
937 5098 1148 5156 Eliseus
1185 5109 1370 5161 noster
1396 5101 1606 5179 aperiat
1649 5104 1835 5168 oculos
1876 5109 2058 5168 cordis
2159 5105 2262 5162 θεῖ»
2295 5095 2657 5170 Redemptum
2714 5108 2904 5156 ηοειτο
2946 5114 3044 5178 Per
3071 5100 3419 5174 Evanselium
3450 5100 3789 5172 iummws‘

458 5185 673 5257 nostri,
727 5195 790 5245 ut
852 5189 1263 5256 consideremus
1316 5200 1374 5248 et
1434 5201 1850 5270 cognoscamus;
1876 5217 1894 5250 ι
1927 5201 2058 5274 quia
2168 5211 2186 5242 ι
2221 5189 2388 5260 salus,
2423 5210 2442 5243 ι
2473 5206 2594 5266 quae
2623 5210 2642 5244 ι
2673 5191 3052 5272 peccatoribus
3099 5191 3258 5264 longe
3282 5189 3570 5266 est(Psa1.
3600 5191 3719 5266 ex),
3748 5211 3766 5242 ι

459 5293 670 5349 omnes,
717 5282 812 5354 qui
843 5279 1125 5342 conﬁdunt
1157 5280 1215 5350 in
1261 5280 1450 5356 illum,
1497 5302 1609 5346 non
1637 5287 2061 5362 ,conl‘undentur
2165 5281 2484 5340 timentibus
2509 5283 2680 5343 Deum
2704 5299 2874 5358 prope
2894 5299 3018 5342 esse
3051 5284 3411 5358 dignoscitur.
3438 5283 3582 5342 Dicit
3621 5283 3771 5342 enim

459 5368 637 5446 (Paul.
665 5372 871 5447 cxxtv).
903 5392 922 5428 ι

539 5481 558 5515 ι
590 5460 764 5522 Porro
784 5461 995 5520 Eliseus
1019 5463 1192 5520 oravit
1218 5463 1530 5536 Dominum,
1554 5467 1774 5529 dicens:
1810 5470 2060 5539 Percute,

472 5573 493 5608 ι
518 5555 778 5620 obsecro,
803 5565 1016 5625 gentem
1073 5555 1213 5613 hanc
1242 5559 1503 5616 caecitate.
1549 5560 1931 5638 Percussitque
1968 5584 2062 5626 eos

470 5667 492 5701 ι
528 5648 792 5706 Dominus
827 5663 894 5702 ne
919 5646 1163 5706 viderent
1206 5649 1365 5720 juxta
1403 5653 1627 5714 verbum
1679 5656 1861 5714 Elisei.
1902 5679 1919 5712 ι
1958 5660 2061 5717 Βο-

468 5755 598 5802 num
622 5754 752 5812 ergo
782 5737 886 5796 illis
929 5749 1012 5798 est
1060 5757 1194 5814 quos
1234 5745 1421 5800 oculus
1455 5760 1581 5800 suus
1623 5749 1953 5816 scandalizat
2003 5762 2061 5802 ut

2170 5377 2437 5438 Dominus
2475 5386 2660 5440 noster
2707 5379 2777 5436 ad
2820 5394 3008 5436 servos
3048 5393 3217 5436 suos:
3250 5397 3270 5432 ι
3301 5378 3361 5436 ιιι
3391 5388 3638 5450 tempore
3666 5377 3772 5432 huc

2171 5488 2293 5534 cras
2323 5473 2535 5532 modius
2565 5472 2756 5529 simila-
2783 5489 2889 5527 uno
2938 5479 3142 5528 statere
3189 5471 3294 5526 erit
3316 5511 3332 5537 ,
3374 5479 3430 5525 et
3457 5456 3565 5525 duo
3600 5467 3770 5522 modii

2171 5568 2360 5626 hordei
2384 5576 2586 5623 statere
2623 5582 2732 5622 uno
2767 5567 2822 5622 in
2867 5575 3021 5636 porta
3059 5565 3340 5621 Samarim.
3374 5582 3392 5615 ι
3442 5560 3582 5628 Quid
3620 5561 3766 5618 enim

2172 5658 2384 5714 modius
2416 5658 2628 5724 similae,
2658 5657 2760 5712 nisi
2794 5658 3090 5728 perfectam
3120 5669 3434 5710 mensuram
3454 5652 3655 5710 divina!
3677 5665 3768 5705 sa-

2168 5751 2406 5818 pietati-1’,
2435 5761 2554 5816 quae
2584 5754 2667 5800 est
2697 5744 2750 5800 in
2773 5743 2922 5802 Novo
2952 5745 3334 5804 Testamento?
3383 5746 3453 5803 Et
3498 5744 3631 5818 quid
3658 5743 3764 5800 duo
