3958 6490
173 424 272 482 257

969 419 1325 482 COMMENT.
1361 419 1431 478 IN
1469 419 1716 481 LIBROS
1752 420 1824 482 IV
1855 419 2122 482 REGUII.
2159 449 2232 466 —-
2267 419 2342 480 1N
2375 419 2505 481 LIB.
2537 421 2631 483 Π.

3323 431 3430 492 238

172 539 329 598 modii
350 536 560 604 hordei,
582 537 688 595 nisi
713 536 998 596 scientiam
1025 536 1160 611 legis
1185 544 1244 595 et
1265 537 1655 610 prophetarum
1675 537 1749 595 si-
1775 541 1829 606 Α
1853 535 1964 594 lum
1985 547 2043 595 et
2057 538 2444 612 evangelistam
2471 539 2600 598 fecit
2625 539 2843 612 (Matth.
2867 541 2987 615 ut);
3019 560 3040 598 σ
3073 546 3433 621 apparuitque

170 632 449 707 gniﬁcant?
473 633 570 704 qui
593 640 980 705 comparantur
1005 640 1214 690 statere
1234 649 1365 702 uno,
1393 635 1498 691 hoc
1515 643 1617 702 est,
1638 634 1746 692 dde

169 727 440 785 catholica.
477 745 498 780 ι
536 725 597 783 in
644 734 805 798 porta
843 725 1143 785 Samaria:
1174 745 1194 780 ι
1237 727 1295 785 in
1335 727 1740 800 predieatione,

167 821 405 876 videlicet
447 817 744 892 apostolica
769 860 786 888 ,
829 835 932 893 per
961 834 1128 893 (piam
1169 820 1403 878 intretur
1448 820 1505 878 in
1556 820 1745 879 Eccle-

167 914 346 1060 Shcmin
372 1014 632 1075 tempore,
667 1003 864 1076 inquit,
891 1005 998 1062 hoc
1037 1019 1162 1062 cras
1189 1004 1405 1062 modius
1422 1004 1616 1062 similae
1631 1018 1744 1062 uno

171 1117 188 1150 ι
221 1104 418 1155 statere
464 1096 590 1153 erit.
620 1116 639 1149 ι
676 1097 758 1154 Ac
807 1098 853 1155 si
913 1098 1176 1156 dixisset:
1212 1097 1474 1156 Cessante
1526 1099 1744 1158 turbine
1787 1142 1792 1146 ι

163 1189 577 1261 persecutionis,
607 1204 729 1260 quae
758 1189 822 1245 iit
866 1190 1049 1259 hodie,
1082 1190 1231 1248 dabit
1278 1182 1541 1249 Dominus
1584 1207 1737 1261 cras,

163 1282 257 1337 hoc
283 1288 386 1346 est,
413 1289 659 1352 tempore
683 1282 888 1350 futuro,
916 1283 1154 1356 quietem
1180 1291 1234 1340 et
1270 1285 1735 1356 tranquillitatem,

162 1383 215 1430 ut
237 1373 550 1445 praedicatio
600 1374 878 1447 Evangelii
919 1374 1160 1446 perfecte
1203 1376 1552 1434 credentibus
1592 1393 1740 1434 com-

159 1466 378 1537 pleatur.
400 1466 530 1523 Fuit
555 1466 700 1522 enim
721 1475 964 1537 tempore
983 1466 1253 1538 passionis
1272 1466 1568 1523 Dominica:
1583 1467 1738 1538 quasi

161 1560 320 1616 fames
343 1560 498 1616 verbi
544 1558 779 1627 Domini,
805 1574 931 1615 cum
966 1559 1218 1632 apostoli,
1247 1558 1440 1616 relicto
1488 1575 1577 1629 eo,
1616 1577 1739 1618 om-

159 1666 248 1707 nes
269 1649 523 1722 fugerunt
547 1650 767 1724 (Matth.
795 1652 968 1724 xxvr),
993 1659 1051 1710 et
1089 1652 1235 1708 domi
1275 1667 1335 1710 se
1362 1663 1584 1726 pr0pter
1624 1670 1739 1712 me-

160 1750 262 1798 tum
292 1741 605 1800 Iudaeorum
629 1744 985 1801 incluserunt.
1009 1744 1078 1801 Et
1105 1745 1304 1801 iterum
1331 1747 1596 1819 scriptum
1618 1756 1734 1805 est:

163 1851 181 1884 ι
212 1833 340 1902 Quia
368 1849 537 1891 nemo
576 1835 755 1906 palam
800 1835 868 1894 de
919 1836 1012 1893 illo
1041 1851 1206 1894 ausus
1240 1845 1325 1894 est
1371 1838 1516 1915 loqui
1551 1839 1734 1912 (Joan.

1846 637 1971 701 post
1997 632 2450 687 resurrectionem
2476 646 2630 687 suam
2662 632 2840 703 primo
2865 632 3048 691 Mariae
3075 633 3429 710 Magdalenaa,

1845 720 1916 778 de
1939 737 2047 793 qua
2065 720 2301 793 eiecerat
2327 731 2534 795 septem
2560 723 2844 781 damonis.
2866 725 2962 782 illa
2988 726 3180 785 videns
3207 731 3428 788 nuntia-
3543 752 3548 754 ·

1843 813 1924 870 vit
1952 815 2038 871 his
2059 816 2308 888 quicum
2353 830 2421 873 eo
2469 815 2688 873 merant
2731 815 3036 890 lugentibus
3079 829 3136 877 ct
3177 818 3431 882 ﬂentibus

1842 905 2011 979 (lar.
2042 907 2121 980 v).
2158 926 2180 961 ι
2212 908 2386 966 Porro
2412 909 2606 965 ducem
2640 907 2792 965 illum
2817 924 2986 982 super
3011 911 3167 984 cujus
3205 929 3429 972 manum

1842 1013 1940 1056 rex
1967 1000 2308 1070 incubuerat,
2352 1009 2409 1058 et
2434 1000 2714 1073 prophetae
2731 1001 2918 1058 verbis
2946 1001 3254 1072 difﬁdebat,
3295 1022 3432 1064 con-

1842 1092 2090 1149 stitutum
2120 1094 2189 1149 ad
2215 1102 2450 1164 portam,
2481 1111 2504 1144 ι
2527 1093 2870 1149 conculcavit
2912 1093 3072 1150 turba
3098 1095 3156 1151 in
3181 1095 3427 1166 introitu,

1848 1201 1871 1238 ι
1907 1193 1964 1242 et
2008 1193 2254 1242 mortuus
2310 1193 2395 1242 est
2434 1183 2592 1255 juxta
2639 1184 2786 1254 quod
2842 1182 3058 1240 locutus
3114 1184 3293 1242 fuerat
3346 1187 3433 1244 vir

1847 1294 1868 1330 ι
1903 1277 2020 1334 Dei.
2059 1297 2078 1331 ι
2115 1277 2236 1333 Dux
2254 1277 2362 1334 iste
2403 1283 2593 1348 typum
2618 1282 2769 1332 tenet
2791 1273 3114 1333 Scribarum
3147 1284 3203 1334 et
3227 1276 3426 1336 Phari-

1841 1382 2096 1437 saeorum,
2122 1369 2236 1441 qui,
2276 1369 2542 1426 habentes
2577 1367 2784 1425 clavem
2833 1367 3075 1424 scientia:
3100 1408 3116 1434 ,
3171 1383 3273 1425 nec
3328 1369 3432 1441 ipsi

1840 1457 2165 1516 introierunt
2224 1473 2322 1530 per
2377 1459 2542 1515 iidem
2572 1458 2632 1514 in
2656 1456 2957 1515 Ecclesium
3005 1458 3349 1528 catholicam,
3377 1463 3435 1516 et

1839 1565 1936 1607 eos
1987 1552 2081 1622 qui
2130 1551 2358 1608 introire
2397 1550 2660 1608 volebant
2703 1549 3120 1627 impediverat.
3161 1549 3245 1607 Ad
3295 1566 3434 1622 quos

1840 1643 1960 1718 ipsa
1983 1643 2196 1700 Veritas
2244 1643 2321 1700 ait
2355 1660 2370 1698 :
2419 1663 2438 1695 ι
2471 1642 2568 1699 Vae
2608 1641 2785 1711 vobis,
2835 1641 3044 1700 Scribat
3093 1651 3150 1698 et
3171 1641 3433 1700 Pharisaei

1839 1735 2153 1808 hypocritac,
2183 1738 2310 1809 quia
2357 1737 2608 1795 clauditis
2636 1752 2865 1810 regnum
2891 1737 3155 1796 caelorum
3181 1747 3310 1797 ante
3335 1741 3435 1797 ho-

1840 1829 2035 1886 mines.
2071 1831 2181 1888 Vos
2215 1831 2360 1888 enim
2377 1830 2744 1903 nongintratis,
2774 1845 2878 1888 nec
2914 1831 3252 1889 lntroeuntes
3294 1833 3431 1890 sini-

155 1924 272 1997 vn);
301 1945 320 1977 ι
363 1927 466 1982 sed
513 1903 787 1984 relucente
818 1929 905 1986 die
947 1929 1362 1986 resurrectionis
1403 1903 1516 2004 jam
1549 1903 1740 1989 aderat

1850 1920 1914 1977 tis
1937 1921 2166 1978 introire
2194 1921 2411 1994 (Matth.
2444 1923 2626 1995 nui).
2665 1941 2684 1976 ι
2712 1921 2885 1992 Quem
2905 1923 3248 1980 conculcavit
3273 1925 3433 1984 turba

156 2022 354 2088 tempus
377 2031 495 2088 quo
523 2019 749 2075 comites
772 2018 976 2076 Christi
1003 2020 1153 2112 illum
1176 2021 1422 2077 videntes
1447 2021 1649 2094 vivere,
1682 2030 1739 2079 et

153 2107 491 2177 postmodum
518 2109 686 2166 ctelos
717 2107 1314 2184 ascenderefpercepta
1349 2113 1584 2186 Spiritus
1607 2131 1735 2174 san-

154 2197 218 2252 cti
247 2199 445 2270 gratia,
474 2199 644 2257 libere
673 2203 897 2259 verbum
946 2204 1041 2260 Dei
1069 2206 1444 2274 praedicabant
1486 2216 1596 2266 tam
1644 2211 1737 2266 Ju-

152 2286 273 2347 daiis
295 2303 460 2360 quam
485 2290 648 2348 etiam
689 2292 939 2364 gentibus
967 2293 1150 2366 (Joan.
1180 2294 1308 2368 xx);
1350 2303 1406 2354 et
1456 2297 1736 2370 impletum

151 2388 224 2436 est
250 2381 377 2439 iliud
402 2383 563 2439 Isaiae
584 2383 903 2440 vaticinium
931 2404 943 2439 :
982 2405 1001 2436 ‹
1030 2384 1168 2454 Quia
1195 2387 1376 2443 scissa:
1420 2398 1548 2445 sunt
1566 2389 1622 2446 in
1647 2390 1738 2446 de-

151 2481 290 2530 serto
335 2490 516 2554 aquae,
547 2484 602 2532 et
639 2484 911 2534 torrentes
945 2477 1003 2532 in
1045 2477 1355 2545 solitudine,
1382 2490 1438 2535 et
1464 2496 1585 2556 qum
1617 2491 1740 2542 erat

150 2563 313 2633 arida,
341 2562 397 2622 in
454 2575 737 2642 stagnum;
786 2575 843 2624 et
891 2567 1084 2626 sitiens
1132 2569 1189 2625 in
1244 2571 1421 2629 fontes
1471 2589 1739 2646 aquarum

151 2651 296 2725 (Itat'.
321 2657 438 2730 LV).
469 2676 488 2710 ι
518 2658 672 2716 Unde
692 2660 952 2716 Dominus
970 2674 1069 2732 per
1104 2661 1280 2732 ipsum
1306 2665 1629 2740 prophetam
1654 2667 1737 2725 lo—

150 2758 313 2814 quens
344 2757 424 2802 ait
451 2765 465 2802 :
505 2766 524 2799 ι
544 2747 745 2806 Omnes
767 2751 1032 2819 sitientes,
1056 2752 1239 2809 venite
1255 2755 1324 2810 ad
1352 2771 1542 2828 aquas,
1571 2767 1627 2814 et
1644 2759 1740 2834 qui

150 2847 253 2892 non
278 2835 494 2894 habetis
517 2849 824 2910 argentum,
845 2851 1153 2914 pmperate,
1181 2845 1348 2902 emite
1375 2853 1430 2902 et
1451 2849 1736 2908 comedite.

151 2915 356 2994 Venite,
386 2929 555 2985 emite
588 2931 795 3004 absque
830 2941 1056 3004 argento
1091 2941 1148 2989 et
1183 2935 1390 3007 absque
1438 2936 1549 2994 ulla
1590 2954 1740 2996 com-

151 3018 446 3074 mutatione
476 3020 656 3078 vinum
687 3033 744 3079 et
785 3022 887 3079 lac.
921 3023 1101 3092 Quare
1128 3027 1430 3100 appenditis
1454 3036 1740 3102 argentum

150 3121 250 3161 non
281 3107 336 3163 in
360 3110 617 3184 panibus,
644 3122 702 3169 et
736 3114 977 3172 laborem
1008 3124 1252 3173 vestrum
1289 3133 1400 3175 non
1441 3121 1498 3176 in
1533 3121 1741 3184 saturi-

152 3135 250 3161 uuu
282 3135 336 3163 ιιι
360 3135 617 3184 paliurus,
644 3135 702 3169 Cl.
737 3135 977 3172 laborem
1008 3135 1252 3173 vesnum
1289 3135 1400 3175 non
1441 3137 1498 3176 in
1539 3137 1546 3140 ’
1601 3135 1621 3176 ι

152 3199 293 3252 tate?
318 3199 541 3268 Audite,
577 3203 863 3262 audientes
887 3221 975 3262 me
991 3247 1007 3276 ,
1031 3215 1089 3263 et
1115 3209 1380 3268 comedite
1403 3135 1621 3268 bonuﬁ

1841 2010 1898 2066 in
1922 2023 2100 2085 porta,
2140 2013 2406 2071 inutiliter
2429 2021 2556 2071 ante
2591 2014 2790 2071 ostium
2816 2014 2945 2072 ddel
2975 2016 3175 2086 stabat,
3205 2024 3261 2072 et
3284 2029 3435 2088 gres-

1841 2115 1963 2158 sum
1994 2103 2385 2161 introeuntium
2415 2104 2761 2176 impediebat.
2789 2104 2949 2162 Unde
2989 2107 3188 2162 merito
3220 2104 3436 2168 concul-

1840 2203 2015 2263 catus,
2039 2197 2144 2252 hoc
2166 2205 2269 2263 est,
2305 2197 2558 2259 examine
2588 2195 2940 2272 justljudicls
2964 2198 3274 2266 damnatus,
3304 2212 3434 2272 per-

1840 2294 2034 2355 petuas
2075 2287 2322 2342 mittetur
2371 2286 2427 2342 in
2469 2287 2746 2344 tenebras.
2792 2285 2931 2342 Nam
2978 2293 3034 2342 et
3077 2286 3340 2343 Dominus
3377 2287 3437 2349 in

1840 2372 2136 2447 Evangelia
2165 2377 2279 2433 ait:
2309 2397 2329 2430 ι
2359 2376 2420 2434 Si
2442 2378 2524 2434 sal
2553 2377 2866 2444 cvanuerit,
2913 2378 2982 2433 ad
3023 2377 3255 2434 nihilum
3291 2378 3441 2435 valet

1841 2468 2005 2536 ultra,
2030 2470 2134 2527 nisi
2164 2478 2225 2526 ut
2250 2471 2498 2528 mittatur
2541 2469 2691 2529 foras
2709 2511 2727 2539 ,
2774 2477 2832 2529 et
2857 2469 3207 2529 conculcetur
3236 2472 3308 2530 ab
3333 2473 3438 2530 ho-

1841 2562 2078 2626 minibus
2106 2562 2324 2638 (Matth.
2356 2564 2431 2636 v).
2468 2582 2488 2616 ι

2450 2654 2684 2713 CAPUT
2717 2652 2812 2713 II.

2232 2748 2310 2805 De
2346 2751 2593 2805 unctione
2611 2749 2751 2805 Jehu
2775 2749 2834 2805 in
2862 2763 3054 2822 regem.

1911 2837 2065 2912 (Cu.
2095 2838 2200 2914 ix.)
2221 2858 2240 2893 ι
2267 2839 2480 2896 Eliseus
2505 2843 2688 2896 autem
2707 2839 2998 2913 prophetes
3016 2838 3237 2898 vocavit
3264 2852 3438 2900 unum

1849 2948 1867 2982 ι
1901 2929 1969 2986 de
1992 2927 2119 2986 ﬁliis
2158 2931 2568 3002 prephetarum,
2594 2939 2652 2987 et
2677 2931 2756 2987 ait
2780 2930 2859 2988 illi
2887 2947 2900 2987 :
2939 2931 3180 3005 Accinge
3226 2930 3442 2990 lumbos

1851 3038 1869 3073 ι
1904 3029 2046 3088 tuos,
2073 3030 2130 3077 et
2163 3021 2293 3078 tolle
2321 3021 2635 3078 lenticulam
2660 3021 2768 3080 olei
2801 3023 2943 3080 hanc
2989 3022 3049 3079 in
3091 3038 3255 3080 manu
3281 3031 3360 3090 tu,
3386 3029 3444 3080 et

1850 3129 1870 3163 ι
1905 3111 2041 3167 vade
2074 3111 2132 3167 in
2184 3111 2622 3186 Ramothgalaat.
2652 3112 2899 3185 Cumque
2921 3115 3140 3172 veneris
3188 3115 3334 3182 illuc,
3362 3114 3445 3170 vi-

1627 3252 1643 3280 ,
1686 3221 1744 3270 οι
1768 3264 1822 3290 Δ
1852 3217 1874 3254 ε
1907 3201 2062 3259 dehis
2081 3200 2224 3258 Jehu
2259 3203 2432 3259 tilium
2459 3201 2743 3275 Josapha-t,
2771 3204 2870 3261 lilii
2897 3204 3106 3272 Namsi,
3131 3213 3190 3261 et
3230 3204 3440 3278 ingres-

149 3283 506 3356 deieptabitur
545 3291 600 3346 in
629 3264 1194 3354 crassitudine'anima
1225 3308 1429 3358 vestra.
1475 3264 1741 3361 Inclinate
1767 3264 1822 3332 θ
1850 3317 1872 3352 ι
1901 3313 1994 3355 sus
2019 3299 2313 3360 suscitabis
2362 3313 2487 3359 eum
2535 3301 2602 3356 de
2636 3298 2818 3356 medio
2852 3298 3085 3358 fratrum
3115 3314 3361 3368 suorum,
3386 3305 3445 3355 et

147 3389 331 3434 aurem
361 3388 625 3449 vestram,
649 3389 713 3438 et‘
731 3384 910 3441 venite
931 3386 1002 3442 ad
1024 3401 1114 3446 me
1130 3428 1147 3455 ,
1203 3390 1388 3447 audite
1409 3431 1424 3458 ,
1481 3400 1537 3448 et
1594 3392 1741 3450 vivet

147 3466 328 3523 anima
352 3476 559 3524 vestra.
599 3491 618 3523 ι
654 3471 992 3534 Perturbatis
1041 3477 1327 3546 hostibus,
1369 3488 1425 3536 et
1451 3481 1508 3538 in
1554 3481 1740 3553 fugam

145 3555 336 3624 versis,
382 3557 659 3633 subiungit
705 3561 1018 3635 Scriptura,
1068 3569 1215 3640 quod
1241 3577 1479 3642 quatuor
1515 3571 1619 3629 viri
1659 3573 1739 3634 le-

147 3648 288 3717 prosi
321 3649 559 3707 abierint
585 3653 640 3709 in
676 3662 856 3712 castra
885 3657 1174 3730 Syrorum,
1199 3670 1256 3718 et
1301 3662 1509 3720 nullum
1551 3664 1627 3724 ibi
1653 3680 1741 3722 re-

148 3737 418 3806 perientes
442 3744 776 3802 comederint
799 3755 856 3803 et
874 3747 1132 3819 biberint,
1162 3751 1468 3825 ablatisque
1488 3755 1616 3811 inde
1638 3769 1738 3811 au-

149 3843 208 3884 ro
239 3839 296 3886 et
320 3842 548 3903 argento
574 3850 638 3892 ac
663 3839 905 3896 vestibus
947 3849 1004 3897 et
1031 3843 1333 3912 absconsis,
1355 3853 1544 3918 postea
1597 3861 1740 3904 com-

149 3924 329 3992 puncti
351 3925 407 3980 in
432 3927 706 3984 civitatem
734 3929 839 3987 hoc
873 3934 1330 4002 annuntiaverint,
1356 3946 1520 4009 atque
1548 3937 1742 3998 salutis

151 4012 304 4083 hujus
333 4016 536 4073 indicia
561 4020 935 4088 praestiterint.
954 4023 1059 4093 Qui
1079 4039 1212 4098 ergo
1237 4035 1364 4083 sunt
1385 4028 1587 4099 leprosi
1613 4029 1739 4097 isti,

152 4104 248 4159 nisi
279 4107 374 4178 qui
408 4109 580 4164 variis
629 4111 777 4167 vitiis
825 4112 991 4170 dediti
1010 4155 1026 4182 ,
1071 4116 1158 4173 vel
1208 4118 1438 4176 diversis
1464 4121 1743 4180 erroribus

153 4194 428 4269 impliciti,
477 4200 780 4261 foeditatem
817 4221 887 4261 ex
943 4207 1158 4264 interna
1213 4219 1368 4281 peste
1415 4213 1741 4284 educentes,

153 4290 438 4348 ostendunt
461 4292 521 4347 in
549 4302 691 4350 cute.
716 4294 826 4351 Hos
851 4296 1115 4356 Dominus
1141 4315 1285 4374 saepe
1325 4313 1648 4364 convertens
1674 4307 1745 4364 ad

151 4375 324 4447 tidem,
347 4389 404 4438 et
423 4386 703 4441 inundans
736 4386 805 4442 ab
846 4402 1033 4448 errore
1056 4398 1113 4446 et
1161 4391 1332 4462 vitiis,
1360 4409 1505 4452 vera:
1553 4396 1744 4456 salutis

148 4470 360 4528 nuntios
383 4472 598 4532 eﬂecit.

217 4545 506 4638 '«lngressi
530 4567 696 4638 igitur
723 4567 924 4642 leprosi
956 4572 1012 4627 in
1047 4580 1234 4630 castra
1287 4573 1550 4649 Syrorum
1591 4592 1742 4635 com-

162 4670 181 4705 ι
209 4655 434 4718 ederunt
460 4666 520 4716 et
545 4658 893 4730 biberunt,et
906 4678 1101 4722 aurum
1127 4677 1290 4742 atque
1309 4677 1595 4743 argentum
1617 4671 1744 4738 inde

163 4761 181 4794 ι
210 4756 652 4816 asportaverunt,
672 4770 690 4802 ι
709 4765 833 4807 cum
855 4751 1096 4826 despecti
1123 4754 1282 4813 istius
1300 4760 1488 4816 mundi
1516 4762 1744 4818 medita-

159 4831 287 4890 tioni
305 4835 664 4909 philosophia:
685 4854 908 4913 cperam
929 4844 1146 4914 dantes,
1166 4854 1224 4902 et
1253 4862 1445 4906 sensus
1473 4853 1743 4912 subtilita-

161 4929 260 4980 tem
287 4937 342 4984 et
358 4929 655 4987 locutionis
690 4942 1033 4994 venustatem
1085 4939 1411 5013 adquinmt,
1455 4944 1598 5001 unde
1641 4945 1745 5001 Ec—

160 5015 328 5077 clesite
353 5022 547 5080 usibus
582 5025 720 5082 bene
747 5025 1002 5086 instructi
1026 5029 1305 5092 deservire
1347 5036 1593 5105 possint;
1639 5036 1748 5096 fre—

165 5121 382 5178 quenter
401 5129 538 5192 ergo
561 5116 760 5176 talibus
782 5119 1045 5179 Dominus
1079 5132 1141 5180 et
1185 5125 1389 5200 ingenii
1416 5141 1671 5199 acumen,
1693 5139 1750 5192 et

164 5212 299 5258 vera:
344 5207 629 5284 sapientiae
678 5210 879 5268 donum
927 5213 1174 5287 largitur.
1201 5217 1306 5285 Qui
1333 5219 1472 5277 bene
1518 5231 1752 5293 quatuor

166 5303 279 5388 esse
322 5306 700 5356 memorantur
722 5340 739 5368 ,
781 5311 842 5358 ut
869 5312 1105 5377 quatuor
1130 5306 1548 5381 Evangeliorum
1571 5314 1752 5372 erudi-

167 5384 318 5475 tione
353 5385 570 5454 imbuti,
600 5389 656 5444 in
684 5400 946 5475 “quatuor
997 5397 1182 5454 mundi
1230 5409 1416 5469 partes
1460 5404 1751 5464 veritatem

169 5474 472 5539 pradicant.
496 5474 719 5552 Legitur
743 5485 888 5542 enim
916 5487 969 5543 in
998 5489 1290 5564 Evangelia
1317 5496 1462 5564 quod
1486 5497 1750 5564 Dominus

171 5573 289 5662 cum
313 5571 617 5638 publicanis
644 5583 700 5631 et
726 5581 1102 5648 peccatoribus
1149 5587 1528 5657 manducaret,
1556 5600 1612 5647 et
1632 5607 1752 5652 mu-

173 5647 269 5710 lier
296 5673 413 5730 qua:
435 5672 561 5754 erat
593 5665 648 5722 in
684 5647 902 5724 civitate
925 5675 1197 5740 peccatrix
1241 5677 1494 5750 lacrymis
1513 5647 1648 5754 'cjus

177 5759 319 5815 garet
346 5753 533 5823 pedes,
565 5766 620 5814 et
651 5760 856 5831 capillis
904 5762 1018 5819 suis
1076 5772 1352 5836 tergeret,
1393 5779 1449 5824 et
1476 5753 1752 5844 unguento

181 5850 395 5920 lingeret
423 5844 574 5918 (Luc.
612 5852 730 5926 vn).
759 5852 1069 5914 Matthacum
1097 5871 1164 5915 ex
1208 5857 1496 5942 publicano
1540 5870 1754 5944 aposto-

1847 3407 1869 3443 ι
1903 3389 2217 3448 introduces
2247 3391 2306 3447 in
2335 3390 2568 3449 interius
2597 3390 2926 3460 cubiculum,
2957 3399 3257 3466 tenensque
3283 3389 3446 3450 lenti-

1848 3501 1868 3537 ι
1897 3484 2076 3542 cuiam
2118 3483 2244 3554 olei,
2275 3484 2470 3543 fundes
2505 3499 2670 3557 super
2696 3493 2880 3560 caput,
2915 3493 2972 3542 et
3009 3484 3178 3545 dices.
3207 3483 3337 3542 Haec
3362 3483 3445 3540 di-

1848 3591 1869 3628 c
1901 3576 1978 3632 cit
2013 3575 2317 3633 Dominus:
2361 3575 2505 3637 Unxi
2531 3583 2588 3633 te
2611 3591 2797 3651 regem
2846 3585 3011 3650 super
3054 3575 3242 3646 Israel,
3279 3593 3300 3630 ι
3333 3584 3442 3632 etc.

1842 3665 2052 3726 Dehinc
2080 3666 2316 3725 refertur
2357 3667 2412 3724 in
2443 3667 2672 3725 historia
2695 3668 2800 3726 hac
2819 3667 3032 3742 Regum
3051 3667 3287 3742 qualiter
3304 3664 3448 3728 Jehlt

1841 3753 2106 3814 Dominus
2117 3757 2477 3828 ordinaverit,
2491 3757 2562 3817 ad
2581 3759 2992 3838 exstirpandam
3016 3759 3239 3817 domum
3252 3756 3442 3817 Achab

1842 3857 1898 3906 et
1945 3851 2260 3909 sacerdotes
2299 3851 2432 3908 Baai
2461 3851 2884 3912 interﬁciendos.
2941 3851 3047 3922 Qui
3075 3860 3134 3908 et
3173 3851 3448 3926 percussit

1843 3937 2028 3998 Joram
2050 3957 2235 4014 regem
2260 3942 2448 4012 israel,
2475 3950 2534 4000 et
2553 3943 2851 4002 Ochoziam
2876 3957 3062 4016 regem
3095 3941 3254 4010 Juda,
3279 3951 3337 3998 et
3353 3941 3444 4000 Je-

1845 4032 1998 4089 zabel
2032 4033 2412 4107 impiissimam
2446 4035 2693 4110 reginam
2725 4036 2795 4092 de
2831 4035 3036 4112 palatio
3087 4034 3144 4094 in
3193 4033 3447 4096 Jezrahel

1842 4122 2184 4194 praecipitare
2216 4123 2366 4182 fecit.
2406 4123 2718 4183 Jchu'enim
2755 4124 2936 4201 typice
2957 4131 3139 4200 potest
3159 4124 3447 4198 designare

1844 4215 2086 4290 gentium
2112 4217 2500 4294 principatum,
2527 4233 2690 4292 quem
2717 4217 2982 4276 Dominus
3019 4232 3085 4276 ac
3113 4217 3448 4292 Redemptor

1844 4318 2031 4366 noster
2058 4309 2368 4382 destinavit,
2395 4323 2456 4368 ut
2480 4312 2536 4367 in
2577 4312 2844 4384 sacrilega
2895 4311 3116 4373 civitate
3153 4326 3273 4384 qua!
3314 4326 3444 4382 pro-

1842 4400 2040 4474 phetas
2066 4409 2120 4457 et
2154 4401 2332 4473 ipsum
2365 4401 2538 4459 Deum
2568 4402 2963 4475 prophetarum
2986 4403 3210 4469 occidit,
3238 4410 3296 4458 et
3318 4416 3446 4472 apo-

1844 4490 2016 4546 stolos
2043 4489 2162 4562 ejus
2193 4500 2483 4563 persecuta
2505 4501 2609 4562 est,
2628 4491 2836 4563 judicia
2863 4499 3167 4560 exerceret,
3193 4497 3251 4550 et
3276 4505 3448 4547 acmu-

1849 4580 2053 4639 latione
2076 4580 2227 4652 iusta
2253 4583 2568 4656 perimeret,
2613 4591 2776 4656 atque
2821 4582 3186 4642 sacerdotium
3219 4596 3442 4654 vanum,

1851 4674 1995 4748 quod
2037 4685 2161 4752 post
2187 4675 2391 4732 Christi
2424 4677 2715 4733 adventum
2759 4675 2992 4732 inaniter
3035 4675 3322 4744 habuerat,
3353 4674 3447 4732 de-

1848 4775 2107 4836 strueret,
2139 4769 2506 4846 templumque
2549 4771 2929 4837 subverteret,
2979 4783 3082 4828 nec
3113 4782 3224 4830 non
3264 4776 3322 4825 et
3343 4765 3446 4823 im-

1848 4859 1997 4938 piam
2019 4859 2381 4936 Synagogam,
2403 4877 2526 4935 quas
2545 4863 2865 4936 sanguinem
2892 4871 3210 4927 sanctorum
3231 4873 3448 4932 semper

1849 4951 2089 5020 sitiebat,
2126 4954 2192 5010 de
2221 4954 2371 5027 regni
2398 4953 2636 5012 culmine
2675 4954 3077 5033 praecipitaret,
3097 4967 3164 5014 ac
3201 4956 3446 5013 rectores

1854 5046 2026 5122 ipsius
2049 5047 2403 5110 interﬁceret.

2481 5140 2710 5199 CAPUT
2746 5137 2817 5203 Χ.-

1990 5230 2064 5288 De
2093 5232 2371 5309 tyrannide
2395 5232 2621 5292 Athaliaa
2664 5232 2852 5290 matris
2880 5229 3125 5286 Ochoziaz
3148 5226 3302 5298 regis.

1927 5322 2081 5396 (Car.
2121 5325 2226 5400 ιι.)
2268 5343 2287 5378 ι
2320 5325 2540 5382 Athalia
2569 5340 2721 5390 vero,
2754 5331 2928 5382 mater
2951 5320 3225 5388 Ochazite,
3253 5317 3445 5379 videns

1860 5433 1883 5468 ι
1926 5423 2205 5473 mortuum
2228 5415 2398 5472 lilium
2425 5431 2605 5481 suum,
2628 5414 2864 5472 surrexit
2900 5422 2958 5471 et
2984 5411 3260 5472 interfecit
3281 5424 3444 5470 omne

1862 5523 1886 5560 ι
1928 5519 2116 5564 semen
2147 5507 2376 5578 regium.
2411 5526 2430 5558 ι
2465 5505 2725 5576 Sequitur
2753 5505 2843 5562 hic
2871 5505 3100 5562 historia
3125 5517 3246 5576 quae
3269 5501 3446 5558 Atha-

1854 5597 1942 5661 l_iae
1967 5598 2159 5654 matris
2184 5597 2434 5654 Ochaziae
2461 5597 2606 5668 regis
2644 5598 2983 5669 tyrannidem
3028 5599 3442 5659 commemorat,

1857 5703 1979 5760 quae
2011 5689 2202 5746 videns
2233 5697 2508 5743 mortuum
2546 5687 2717 5744 ﬁlium
2757 5704 2936 5756 suum,
2977 5686 3222 5750 surrexit
3265 5692 3322 5745 ei
3358 5684 3444 5742 in.

1861 5778 2078 5833 terfccit
2104 5794 2265 5834 omne
2293 5791 2478 5834 semen
2509 5777 2736 5850 regium.

1939 5885 1957 5919 ι
2004 5864 2111 5924 Sed
2139 5864 2359 5940 Josaba,
2399 5859 2509 5932 tilia
2549 5868 2695 5944 regis
2730 5867 2939 5946 ieram,
2987 5881 3143 5926 soror
3165 5855 3441 5950 Ochoziae,
