3958 6474
541 394 644 450 259

1183 393 1242 446 Β.
1286 392 1538 449 RABANI
1577 393 1796 452 MAURI
1831 395 2150 453 ARCHIEP.
2192 399 2498 460 MOGUNT.
2539 402 2821 462 OPERUM
2856 405 3035 463 PARS
3066 407 3110 462 l.

3666 407 3788 465 ω

541 523 561 555 ι
607 503 734 558 Joas
765 502 932 558 ﬁlium
955 500 1201 558 chazite
1239 505 1451 570 tollens,
1485 507 1664 562 furata
1697 516 1782 562 est
1825 508 1889 562 de
1926 509 2103 564 medio
2129 514 2182 575 Α
2205 523 2350 580 sunt,
2396 517 2464 570 ad
2505 517 2634 572 illud
2661 524 2806 588 quod
2853 523 2918 577 de
2947 521 3207 577 divisione
3247 522 3415 578 turba:
3459 523 3665 578 dictum
3696 533 3789 578 est

540 615 560 648 ι
607 595 838 649 ﬁliorum
869 594 1032 662 regis,
1074 595 1164 664 qui
1201 595 1684 666 interﬁciebantur,
1732 608 1788 655 et
1834 600 2098 656 nutricem

538 705 556 736 ι
604 685 718 752 ejus
744 685 809 738 de
836 683 1088 752 triclinio,
1111 695 1166 740 et
1191 686 1469 742 abscondit
1493 704 1616 744 eum
1641 705 1671 744 a
1693 688 1832 745 facie
1851 689 2098 756 Athalize,

535 799 553 830 ι
602 789 660 831 ιιι
699 793 806 832 non
851 777 1267 833 interﬁceretur.
1318 781 1557 851 Eratque
1597 798 1721 838 cum
1751 797 1818 838 ea
1857 783 1915 838 in
1943 785 2102 840 domo

533 887 553 920 ι
600 869 813 923 Domini
853 868 993 924 clam
1032 885 1126 926 sex
1157 873 1334 937 annis,
1374 893 1393 926 ι
1446 873 1571 942 quia
1599 872 1794 931 Josaba
1823 891 1960 932 uxor
1984 884 2103 933 erat

525 959 708 1015 Joadae
741 960 1032 1030 pontiﬁcis.
1084 961 1297 1017 Athalia
1349 964 1516 1035 igitur
1563 966 1701 1032 haec,
1745 981 1866 1037 quae
1917 982 2102 1022 semen

526 1050 696 1105 David
745 1051 1086 1122 exstinguere
1135 1053 1475 1122 moliebatur,
1527 1063 1581 1110 et
1628 1057 1830 1127 regiam
1876 1057 2100 1126 stirpem

525 1141 728 1208 delere,
775 1141 914 1197 bene
956 1142 1289 1213 impietatem
1333 1145 1586 1215 exprimit
1627 1145 1945 1218 Synagogm,
1981 1161 2101 1216 qua:

525 1247 623 1301 per
652 1232 948 1301 nequitiam
975 1234 1175 1288 mentis
1218 1235 1441 1291 seminis
1468 1237 1656 1304 David,
1685 1237 1788 1294 hoc
1811 1247 1914 1304 est,
1946 1237 2101 1293 Chri-

525 1323 595 1376 sti
632 1323 934 1378 insidiatrix
963 1334 1102 1389 erat,
1133 1333 1188 1380 et
1219 1327 1400 1382 odium
1427 1338 1618 1384 contra
1648 1346 1771 1386 eum
1800 1346 2015 1401 semper
2045 1331 2100 1385 in

525 1415 690 1467 corde
739 1415 977 1484 gerebat.
1033 1415 1163 1482 Qua:
1209 1418 1496 1488 aliquando
1545 1435 1768 1492 regnare
1820 1423 2103 1477 videbatur

525 1520 646 1558 cum
679 1504 812 1574 legis
848 1507 1201 1562 cmremonias
1233 1511 1605 1579 temporaliter
1631 1512 1970 1567 observabat.
2015 1513 2101 1566 ln-

526 1603 856 1663 terpretatur
886 1604 1065 1651 autem
1105 1597 1321 1654 Athalia
1371 1601 1668 1672 temporalis
1707 1603 1940 1657 Domini.
1993 1601 2102 1658 Sed

522 1684 733 1740 Josabte
761 1688 1052 1742 strenuitas
1077 1689 1462 1760 interpretatur
1509 1693 1756 1747 saturitas
1785 1693 2015 1758 Domini,
2049 1692 2103 1747 id

522 1788 628 1844 est,
658 1779 934 1846 ECClCSi‘J},
978 1782 1032 1835 in
1062 1797 1168 1852 qua
1207 1798 1348 1838 vera:
1394 1792 1520 1839 sunt
1563 1785 1788 1840 delicize.
1841 1784 2102 1840 Servatur

2203 608 2500 676 veniamus,
2528 612 2680 682 cujus
2705 615 2780 667 rei
2811 615 2951 669 ratio
2979 614 3102 670 talis
3128 625 3230 670 est.
3261 615 3367 685 (Ea:
3386 614 3575 684 Beda.)
3606 615 3788 670 Erant

2203 707 2383 753 autem
2411 708 2588 756 sortes
2613 701 2800 772 viginti
2827 714 3058 771 quatuor
3084 713 3139 759 et
3177 705 3516 760 sacerdotum
3545 713 3602 759 et
3648 705 3790 760 levi-

2202 792 2379 842 tarum
2409 799 2463 844 et
2485 789 2800 859 janitorum,
2830 793 2922 862 qui
2946 807 3043 863 per
3073 795 3298 850 totidem
3320 795 3653 864 septimanas
3675 795 3786 850 sibi

2201 892 2271 932 ex
2299 878 2486 934 ordine
2515 881 2888 948 succederent,
2917 885 3140 940 sabbato
3166 900 3304 940 nova
3335 892 3512 940 turma
3539 884 3792 940 intrante

2203 967 2274 1022 ad
2299 967 2556 1036 cilicium,
2585 979 2640 1026 et
2680 983 2802 1041 post
2839 973 3120 1030 sabbatum
3157 991 3221 1030 ea
3258 991 3378 1046 qua:
3405 976 3656 1046 proxima
3692 990 3787 1030 se-

2161 1059 2442 1130 _ptimana
2486 1062 2889 1120 ministraverat
2935 1068 3152 1123 domum
3199 1069 3474 1124 redeunte.
3534 1068 3647 1124 Sed
3694 1069 3790 1124 hic

2201 1149 2444 1219 pontifex
2472 1161 2696 1222 propter
2736 1157 3114 1212 necessitatem
3143 1159 3374 1230 augendi
3400 1159 3547 1215 circa
3576 1173 3787 1213 novum

2202 1254 2386 1310 regem
2430 1243 2724 1309 exercitus,
2768 1253 2824 1300 et
2865 1261 2960 1302 eos
3003 1247 3096 1316 qui
3144 1247 3383 1303 intrandi
3417 1249 3785 1320 septimanam

2200 1330 2447 1386 ordinem
2483 1333 2773 1401 habebant,
2815 1337 3072 1407 suscepit,
3103 1345 3158 1393 et
3203 1337 3322 1393 illos
3343 1338 3436 1408 qui
3473 1337 3588 1407 jam
3626 1353 3787 1393 suam

2201 1423 2559 1493 septimanam
2613 1427 2970 1482 ministrando
3016 1427 3390 1497 impleverant,
3441 1443 3511 1482 ne
3541 1429 3784 1493 abirent,

2203 1515 2443 1572 retinuit.
2494 1515 2598 1582 Qui
2642 1517 2779 1572 alios
2804 1532 3018 1587 quoque
3044 1517 3264 1574 Levitas
3300 1519 3365 1574 de
3393 1519 3605 1575 cunctis
3636 1520 3789 1574 urbi-

2201 1602 2303 1658 bus
2353 1603 2522 1671 Juda,
2568 1605 2728 1660 simul
2783 1615 2840 1662 et
2881 1608 3155 1678 principes
3208 1607 3532 1663 familiarum
3595 1609 3787 1677 Israel,

2203 1693 2386 1749 missis
2423 1695 2479 1749 in
2522 1696 2624 1750 hoc
2659 1698 3091 1765 centurionibus,
3117 1697 3508 1770 Jerosolymam
3560 1715 3793 1772 congre-

2207 1796 2446 1856 gaverat,
2496 1796 2554 1841 ut
2587 1788 2762 1843 Verba
2796 1790 3015 1845 Dierum
3053 1800 3277 1846 narrant
3307 1792 3391 1863 (ΙΙ
3422 1790 3555 1847 Par.
3591 1797 3786 1864 xxnr).

521 1867 678 1935 Joas,
722 1871 813 1940 qui
850 1872 1533 1942 interpretatunmemoria
1575 1875 1807 1939 Domini,
1854 1875 2100 1930 Christus
2128 1863 2175 1922 Β
2203 1888 2340 1942 quos
2374 1875 2667 1931 educturos
2711 1877 2882 1932 ﬁlium
2926 1879 3069 1949 regis
3116 1880 3210 1935 tali
3258 1881 3468 1937 ratione
3511 1863 3788 1949 distinxit,

521 1961 792 2026 videlicet,
839 1963 890 2016 iu
937 1979 1044 2031 quo
1082 1966 1341 2020 memoria
1382 1975 1466 2022 est
1506 1967 1739 2022 nominis
1767 1968 2000 2033 Domini,
2031 1983 2100 2024 ne

519 2067 620 2123 per
667 2053 1042 2109 crudelitatem
1097 2056 1380 2112 servientis
1427 2057 1598 2111 hostis
1649 2057 1994 2112 interimatur
2043 2058 2100 2112 in

522 2143 777 2198 cordibus
824 2143 1119 2199 electorum
1163 2163 1174 2196 :
1213 2147 1492 2215 magisque
1537 2146 1778 2201 nutritur
1833 2147 1888 2200 in
1938 2146 2098 2202 domo

519 2235 698 2291 Joadze
725 2235 1016 2305 pontiﬁcis,
1045 2237 1137 2307 qui
1183 2237 1402 2290 dilectus
1428 2237 1638 2291 Domini
1686 2247 1863 2304 sonat,
1889 2237 1957 2292 de
1991 2251 2099 2306 quo

518 2325 696 2382 Patris
721 2343 821 2381 vox
848 2328 960 2381 ait:
995 2345 1012 2377 ‹
1056 2328 1153 2382 llic
1178 2336 1260 2382 est
1287 2328 1429 2382 ﬁlius
1456 2343 1608 2383 meus
1635 2327 1882 2393 dilectus,
1908 2329 1964 2382 in
1991 2341 2099 2398 quo

521 2417 653 2471 mihi
683 2417 820 2471 bene
852 2418 1152 2488 complacui
1181 2418 1395 2489 (Matth.
1430 2435 1511 2484 ιιι,
1543 2418 1697 2490 xvn).
1738 2438 1756 2471 ι
1799 2417 1965 2488 Cujus
1998 2419 2096 2474 do-

519 2529 639 2567 nius
677 2521 762 2567 est
789 2522 976 2568 sancta
1007 2514 1264 2579 Ecclesia,
1299 2513 1390 2568 ubi
1431 2513 1487 2567 in
1518 2513 1622 2568 ﬁde
1647 2513 1944 2568 electorum
1984 2528 2097 2566 ma-

518 2620 656 2657 nens
690 2605 930 2672 quotidie
959 2605 1092 2659 facit
1119 2613 1467 2674 augmentum
1494 2603 1738 2673 corporis
1763 2604 1846 2658 sui
1876 2602 1924 2674 (Ι
1958 2602 2090 2656 Tim.

519 2694 619 2764 ιιι),
653 2697 824 2750 donec
855 2703 1098 2764 tempore
1120 2696 1309 2767 judieii
1342 2704 1616 2765 sceptrum
1644 2693 1794 2763 regni
1823 2701 1878 2748 et
1905 2701 2096 2762 poten-

519 2789 649 2841 tiam
681 2789 942 2844 adversus
966 2805 1060 2844 eos
1093 2789 1318 2844 extollat
1348 2788 1442 2858 qui
1465 2801 1587 2842 eum
1621 2785 1924 2856 deprimere
1949 2785 2096 2856 cogi-

517 2880 724 2946 tabant,
763 2889 818 2936 et
853 2881 1276 2936 interfectricem
1311 2889 1620 2935 sanctorum
1654 2877 1872 2933 aeternis
1920 2877 2091 2946 depu-

519 2975 718 3029 taverit
747 2975 924 3045 pomis
951 2974 1134 3047 (Apoc.
1177 2973 1316 3045 nx).

1123 3085 1348 3141 CAPUT
1388 3084 1479 3139 XI.

515 3175 592 3231 De
619 3175 811 3229 Joiada
848 3175 1128 3247 pontiﬁce;
1172 3175 1430 3255 quomodo
1472 3174 1602 3255 Joas
1639 3171 1809 3241 ﬁlium
1849 3169 2092 3226 Ochoziaz

1064 3263 1233 3316 regem
1261 3254 1546 3299 constituit.

585 3339 727 3411 (Ibid
736 3337 774 3408 .)
821 3356 839 3389 ι
862 3337 1018 3392 Anno
1032 3346 1208 3391 autem
1225 3337 1452 3404 septimo
1479 3332 1846 3400 misitJoiada,
1859 3339 1915 3387 et
1936 3346 2092 3387 assu-

522 3450 542 3481 ι
590 3445 742 3484 mens
763 3429 1108 3484 centuriones
1132 3436 1186 3484 et
1209 3427 1430 3495 milites,
1452 3437 1508 3483 et
1534 3425 1832 3483 introduxit
1856 3425 1926 3480 ad
1952 3438 2010 3479 se
2039 3422 2096 3477 in

521 3539 540 3570 ι
589 3520 843 3589 templum
861 3520 1088 3580 Domini,
1107 3521 1413 3590 pepigitque
1425 3535 1546 3574 eum
1564 3519 1642 3574 eis
1661 3517 1857 3582 foedus,
1875 3523 1930 3571 et
1945 3513 2095 3582 adju-

521 3629 539 3660 ι
590 3627 714 3666 rans
744 3626 836 3666 eos
866 3611 920 3665 in
941 3613 1100 3666 domo
1117 3611 1351 3678 Domini,
1375 3612 1610 3667 ostendit
1633 3611 1712 3666 eis
1735 3609 1905 3664 ﬁlium
1926 3608 2094 3678 regis,

523 3720 541 3753 ι
588 3711 643 3755 et
670 3703 926 3771 praecepit
955 3702 1059 3757 illis
1087 3703 1270 3757 dicens
1299 3720 1310 3754 :
1350 3703 1456 3759 lste
1484 3710 1568 3759 est
1593 3717 1794 3768 sermo,
1825 3716 1987 3771 quem
2017 3700 2098 3752 fa-

521 3811 539 3842 ι
586 3805 711 3844 cere
739 3792 964 3847 debetis.
1016 3791 1200 3847 Tertia
1249 3809 1376 3864 pars
1417 3802 1659 3849 vestrum
1695 3793 1930 3846 introeat
1975 3789 2097 3843 sab-

521 3897 539 3930 (
585 3882 735 3944 bato,
759 3891 813 3934 et
838 3882 1089 3937 observet
1109 3884 1365 3937 excubias
1385 3883 1574 3937 domus
1597 3881 1771 3950 regis;
1813 3880 1970 3935 tertia
2003 3893 2098 3931 au-

525 3991 543 4022 ι
593 3981 698 4026 tem
726 3990 852 4042 pars
889 3975 960 4028 sit
987 3975 1054 4029 ad
1081 3985 1292 4044 portam
1325 3974 1450 4039 Sur,
1482 3982 1535 4028 et
1567 3973 1726 4028 tertia
1763 3987 1889 4041 pars
1921 3972 1994 4025 sit
2030 3969 2098 4023 ad

520 4083 539 4114 ι
586 4074 796 4133 portam
829 4082 948 4134 quae
976 4075 1058 4119 est
1087 4075 1208 4134 post
1232 4064 1598 4118 habitaculum
1629 4063 2015 4126 scutariorum,
2045 4070 2100 4115 et

521 4175 539 4206 ι
587 4158 903 4212 custodietis
930 4159 1188 4212 excubias
1214 4157 1406 4211 domus
1433 4155 1623 4210 Messa.
1665 4157 1794 4209 Dum
1818 4171 1947 4209 vero
1974 4171 2101 4224 par-

522 4265 541 4295 ι
592 4257 670 4300 tes
707 4263 736 4300 e
764 4248 920 4302 vobis
945 4262 1136 4301 omnes
1163 4246 1503 4316 egredientes
1534 4245 1759 4300 sabbato
1789 4245 2100 4299 custodiant

521 4356 539 4386 ι
587 4337 843 4391 excubias
867 4338 1059 4391 domus
1088 4337 1300 4391 Domini
1327 4335 1471 4390 circa
1507 4351 1711 4406 regem,
1743 4343 1799 4391 et
1828 4336 2100 4392 vallabitis

519 4445 538 4476 ι
585 4444 709 4480 eum
755 4428 1018 4481 habentes
1057 4441 1206 4479 arma
1254 4427 1310 4480 in
1354 4426 1602 4480 manibus
1631 4426 1847 4480 vestris.
1889 4424 1946 4479 Si
1979 4425 2100 4494 quis

521 4537 539 4567 ι
587 4523 764 4569 autem
800 4517 1077 4586 ingressus
1102 4515 1266 4569 fuerit
1291 4525 1442 4584 septa
1481 4515 1684 4585 templi,
1717 4514 2096 4569 interﬁciatur.

521 4625 539 4654 ι
591 4605 860 4672 Eritisque
905 4620 1028 4658 cum
1075 4619 1198 4673 rege
1229 4605 1534 4659 introeunte
1568 4613 1623 4658 et
1650 4605 1977 4674 egrediente.
2030 4604 2098 4657 Et

525 4715 543 4745 ι
592 4695 836 4749 fecerunt
871 4697 1213 4751 centuriones
1237 4695 1397 4764 juxta
1432 4696 1636 4761 omnia,
1666 4712 1785 4765 qua:
1828 4710 2101 4766 praecepe-

525 4807 544 4840 ι
591 4799 677 4842 rat
705 4788 784 4843 eis
806 4787 994 4843 Joiada
1032 4788 1307 4844 sacerdos.
1337 4788 1406 4842 Et
1431 4797 1767 4843 assumentes
1798 4787 1994 4856 singuli
2021 4787 2098 4841 vi-

521 4899 541 4931 ι
591 4896 679 4934 ros
706 4894 853 4942 suos,
880 4879 972 4948 qui
1001 4879 1441 4950 ingrediebantur
1468 4879 1534 4932 ad
1563 4877 1843 4934 sabbatum
1866 4895 1989 4932 eum
2016 4879 2102 4933 his

525 4992 542 5023 ι
589 4973 680 5041 qui
719 4971 1134 5039 egrediebantur
1186 4988 1218 5026 e
1270 4972 1828 5041 sabbato,_venerunt
1859 4969 1923 5023 ad
1952 4969 2100 5024 Joia-

528 5083 547 5115 ι
596 5038 718 5118 dam
765 5038 1133 5118 sacerdotem.
1189 5062 1291 5129 Qui
1339 5061 1486 5116 dedit
1529 5038 1613 5115 eis
1652 5061 1837 5115 hastas
1867 5070 1922 5115 et
1947 5076 2097 5114 arma

529 5174 546 5206 ι
595 5155 738 5223 regis
764 5155 953 5219 David,
981 5169 1101 5222 quae
1128 5162 1286 5207 erant
1316 5153 1369 5205 in
1397 5153 1556 5206 domo
1581 5151 1811 5205 Domini.
1846 5150 1913 5205 Et
1937 5158 2100 5205 stete-

528 5265 547 5294 ι
597 5254 724 5298 runt
754 5244 947 5313 singuli
978 5244 1240 5297 habentes
1273 5258 1423 5296 arma
1461 5243 1515 5295 in
1544 5258 1704 5294 manu
1732 5257 1852 5306 sua,
1888 5258 1917 5294 a
1945 5249 2098 5311 parte

526 5358 544 5387 ‹
593 5336 776 5406 templi
808 5335 1051 5399 dextera,
1078 5349 1247 5405 usque
1278 5335 1345 5388 ad
1377 5343 1586 5404 partem
1614 5334 1890 5389 sinistram
1917 5333 2102 5387 altaris

528 5449 546 5480 ι
594 5437 648 5483 et
669 5427 798 5481 aedis
825 5426 1033 5481 circum
1063 5441 1267 5496 regem,
1292 5446 1310 5478 ι
1341 5435 1446 5482 etc.
1475 5425 1599 5481 llaec
1619 5435 1802 5480 autem
1830 5425 2098 5494 quomodo

522 5518 664 5572 facta
695 5519 824 5583 sint,
857 5524 912 5572 et
942 5517 996 5570 in
1023 5517 1217 5585 quibus
1256 5517 1409 5583 locis,
1441 5518 1485 5571 si
1518 5518 1638 5586 quis
1673 5533 1757 5583 ea,
1789 5530 1909 5584 quae
1940 5529 2099 5584 supe-

522 5615 636 5668 rius
667 5613 731 5665 de
764 5612 916 5665 atriis
953 5613 1144 5666 domus
1177 5612 1385 5665 Domini
1423 5612 1564 5664 dicta
1604 5619 1748 5674 sunt,
1778 5610 1915 5663 bene
1945 5623 2085 5661 com-

525 5700 925 5764 memoraverit,
955 5702 1028 5754 ita
1057 5701 1356 5768 intelligere
1376 5710 1575 5770 potest.
1605 5699 1711 5753 Sed
1736 5713 1804 5752 ne
1826 5698 2097 5752 fastidium

528 5791 788 5854 faciamus
841 5792 1054 5856 tectori,
1103 5790 1186 5844 his
1237 5789 1478 5851 omissis,
1529 5800 1648 5854 quae
1692 5784 1804 5854 jam
1857 5787 2100 5852 exposita

493 5999 534 6011 δ.

2202 1974 2262 2020 ιιι
2305 1982 2494 2023 omnes
2535 1970 2626 2038 qui
2678 1970 3035 2040 impleverant
3067 1975 3371 2042 sabbatum,
3408 1983 3463 2030 et
3510 1978 3789 2048 egressuri

2201 2068 2358 2112 erant
2387 2057 2442 2112 in
2478 2058 2612 2114 duas
2643 2059 2800 2115 divisi
2839 2069 3048 2131 partes,
3095 2079 3280 2136 regem
3327 2066 3380 2120 in
3429 2066 3789 2125 interioribus

2201 2149 2325 2204 atrii
2355 2150 2489 2206 locis
2515 2153 2709 2207 armati
2749 2153 3195 2222 circumstarent;
3246 2157 3450 2228 reliqua
3479 2175 3612 2215 vero
3649 2161 3789 2215 mul-

2202 2240 2393 2304 titudo,
2425 2240 2479 2295 id
2519 2249 2627 2305 est,
2657 2242 2712 2296 bi
2737 2243 2829 2313 qui
2865 2259 2973 2299 non
3016 2253 3174 2300 erant
3209 2245 3276 2301 de
3301 2247 3469 2318 stirpe
3497 2248 3654 2312 Levi,
3697 2265 3792 2304 ex-

2203 2330 2435 2385 teriores
2493 2331 2756 2386 atriorum
2796 2331 2996 2401 januas
3040 2343 3229 2391 contra
3275 2337 3511 2392 furorem
3560 2339 3790 2410 regina,

2201 2422 2248 2477 si
2278 2422 2408 2492 quid
2444 2420 2582 2478 forte
2617 2423 2833 2478 adversi
2865 2424 3169 2492 moliretur,
3200 2427 3570 2494 custodirent;
3619 2444 3792 2499 porro

2199 2514 2258 2569 hi
2284 2515 2378 2585 qui
2406 2529 2577 2585 nuper
2607 2517 2676 2572 ad
2700 2517 2983 2573 sabbatum
3007 2529 3290 2588 venerant,
3320 2523 3652 2586 sacerdotes,
3693 2521 3791 2576 Le-

2199 2605 2324 2659 vitaa
2355 2615 2410 2660 et
2429 2605 2709 2674 janitores,
2740 2607 2796 2660 in
2824 2616 2936 2662 tres
2957 2609 3114 2664 divisi
3142 2618 3347 2679 partes,
3371 2611 3592 2665 domum
3621 2611 3788 2680 regis,

2201 2696 2255 2750 id
2301 2704 2405 2761 est,
2451 2696 2713 2765 palatium
2750 2697 3128 2764 observarent,
3178 2714 3248 2754 ne
3289 2699 3374 2754 vel
3423 2700 3526 2754 hoc
3573 2700 3789 2769 regina,

2199 2785 2429 2840 collecto
2459 2786 2724 2850 exercitu,
2769 2797 2960 2842 contra
3013 2803 3198 2858 regem
3223 2789 3569 2854 defenderet;
3605 2805 3793 2845 serva-

2199 2886 2322 2931 rent
2367 2886 2423 2932 et
2464 2887 2677 2946 portam
2723 2877 3015 2934 habitaculi
3067 2879 3450 2946 scutariorum,
3489 2895 3589 2950 per
3624 2896 3794 2950 quam

2199 2971 2267 3026 de
2304 2969 2503 3040 templo
2551 2971 2618 3025 ad
2645 2969 2906 3038 palatium
2956 2971 3402 3040 descendebatur,
3453 2973 3597 3028 sicut
3646 2972 3793 3026 infra

2199 3061 2418 3117 dicitur.
2472 3063 2861 3131 Duxeruntque
2905 3077 3088 3134 regem
3134 3063 3202 3118 de
3254 3063 3414 3118 domo
3459 3062 3705 3126 Domini,
3745 3071 3795 3116 et

2198 3161 2467 3206 venerunt
2505 3167 2605 3220 per
2629 3152 2774 3206 viam
2802 3159 2972 3222 porta:
3015 3153 3378 3208 scutariorum
3421 3153 3478 3207 in
3504 3152 3791 3222 palatium,

2198 3254 2254 3300 et
2277 3245 2418 3300 sedit
2444 3258 2606 3314 super
2632 3244 2886 3299 thronum
2917 3244 3146 3315 regium.
3176 3244 3279 3301 Ubi
3303 3251 3358 3299 et
3381 3251 3538 3315 porta
3567 3242 3789 3308 Seireﬂ',

2197 3343 2254 3392 et
2278 3335 2471 3392 domus
2499 3333 2697 3401 Messa,
2721 3351 2841 3405 qua:
2869 3351 2992 3390 cum
3030 3344 3185 3406 porta
3213 3333 3573 3390 scutariorum
3616 3336 3793 3389 nomi-

2197 3435 2419 3494 nantur,
2449 3416 2569 3482 esse
2597 3427 2869 3481 videntur.
2898 3425 3177 3482 Scutarios
3202 3433 3383 3480 autem
3413 3431 3626 3480 tutores
3651 3425 3793 3494 regis

2198 3517 2451 3588 appellat,
2509 3523 2740 3571 testante
2787 3516 2927 3571 libro
2970 3515 3441 3586 Paralipomenon.
3511 3513 3617 3580 Qui
3667 3529 3793 3568 cum

2199 3611 2442 3666 Roboam
2463 3616 2615 3665 scuta
2646 3624 2784 3664 aerea
2812 3625 2910 3680 pro
2936 3608 3117 3662 aureis
3144 3607 3340 3662 fecisse
3367 3621 3795 3662 commemoras-

2198 3710 2301 3768 set,
2331 3699 2530 3770 adjecit
2556 3719 2568 3753 :
2603 3719 2620 3751 ‹
2651 3699 2721 3760 Et
2745 3699 2970 3754 tradidit
3011 3699 3134 3754 illos
3158 3698 3492 3769 principibus
3522 3697 3792 3753 scutario-

2199 3808 2342 3858 rum,
2394 3793 2486 3863 qui
2537 3792 2915 3848 custodiebant
2961 3791 3284 3846 vestibulum
3318 3790 3507 3860 palatii
3535 3788 3626 3860 (11
3651 3786 3788 3842 Par.

2199 3885 2322 3955 xu).
2358 3903 2378 3936 ›
2415 3883 2472 3937 ln
2499 3899 2606 3953 quo
2635 3882 2885 3938 videlicet
2923 3882 3064 3937 libro
3100 3882 3408 3938 distinctius
3441 3882 3560 3936 haec
3588 3888 3790 3934 cuncta

2201 3975 2571 4046 replicantur:
2603 3993 2620 4024 ι
2656 3973 2839 4029 Tertia
2866 3988 2995 4044 pars
3022 3979 3284 4038 vestrum,
3327 3971 3418 4042 qui
3454 3970 3680 4025 veniunt
3720 3967 3789 4023 ad

2201 4068 2519 4132 sabbatum,
2562 4066 2908 4121 sacerdotum
2945 4074 3002 4120 et
3025 4065 3340 4121 Levitarum
3374 4070 3429 4118 et
3460 4061 3787 4132 janitorum,

2201 4160 2306 4214 erit
2341 4159 2395 4212 in
2430 4159 2623 4228 portis.
2653 4158 2837 4213 Tertia
2866 4171 2996 4212 vero
3030 4172 3157 4225 pars
3191 4155 3258 4210 ad
3285 4155 3504 4210 domum
3533 4153 3702 4222 regis,
3738 4161 3790 4205 et

2203 4253 2363 4308 tertia
2413 4253 2467 4305 in
2509 4259 2685 4320 porta,
2719 4265 2840 4319 quae
2885 4249 3184 4319 appellatur
3224 4246 3577 4302 fundamenti.
3613 4243 3791 4299 Omne

2203 4357 2331 4397 vero
2383 4341 2649 4411 reliquum
2696 4340 2886 4408 vulgus
2923 4339 2993 4392 sit
3023 4339 3079 4392 in
3123 4337 3278 4390 atriis
3322 4335 3511 4390 domus
3543 4333 3787 4394 Domini,

2202 4446 2304 4485 nec
2327 4415 2612 4500 quisquam
2638 4429 2777 4482 alius
2809 4427 3145 4496 ingrediatur
3182 4426 3397 4482 domum
3435 4422 3648 4477 Domini
3681 4422 3786 4477 nisi

2203 4519 2534 4583 sacerdotes,
2560 4526 2612 4572 et
2633 4517 2727 4586 qui
2746 4516 3055 4570 ministrant
3075 4515 3141 4569 de
3167 4513 3388 4568 Levitis.
3418 4512 3523 4580 lpsi
3548 4519 3788 4566 tantum-

2203 4607 2364 4662 modo
2400 4606 2789 4676 ingrediantur,
2819 4604 2943 4673 quia
2986 4603 3307 4658 sanctiﬁcati
3344 4609 3521 4678 sunt;
3546 4611 3602 4655 et
3627 4618 3791 4656 omne

2202 4697 2470 4765 reliquum
2505 4694 2697 4764 vulgus
2722 4693 2975 4748 observet
3018 4691 3292 4747 custodias
3319 4689 3553 4745 Domini.
3584 4689 3789 4744 Levita:

2200 4798 2382 4843 autem
2409 4789 2746 4843 circumdent
2769 4804 2972 4858 regem,
3006 4789 3268 4841 habentes
3297 4785 3490 4856 singuli
3513 4800 3672 4840 arma
3694 4802 3787 4842 sua

2201 4881 2288 4952 (ΙΙ
2323 4880 2452 4934 Par.
2492 4880 2670 4951 xxnt).
2706 4900 2725 4931 ι
2780 4879 2932 4946 Quod
2981 4880 3224 4948 sequitur
3247 4879 3314 4933 de
3349 4878 3580 4932 eodem:
3613 4894 3630 4926 ι
3660 4876 3789 4930 Pro-

2202 4972 2464 5040 duxitque
2494 4970 2663 5024 filium
2700 4969 2866 5039 regis,
2888 4977 2944 5022 et
2969 4969 3150 5039 posuit
3189 4982 3352 5036 super
3377 4981 3499 5020 eum
3536 4964 3787 5019 diadema

2202 5071 2258 5118 et
2295 5060 2692 5125 testimonium;
2732 5080 2749 5111 ι
2791 5059 2845 5112 in
2880 5059 3180 5113 diademate
3218 5057 3428 5127 insigne
3467 5055 3667 5124 capitis
3709 5071 3788 5109 re-

2205 5152 2373 5222 gium,
2406 5151 2459 5204 in
2498 5149 2806 5204 testimonio
2831 5149 3075 5217 designat
3104 5148 3320 5202 decreta
3363 5146 3496 5216 legis
3520 5146 3640 5209 Dei,
3673 5147 3787 5215 qui-

2202 5241 2326 5306 bus,
2363 5241 2490 5310 quid
2526 5255 2685 5310 agere
2726 5254 2822 5293 rex
2861 5239 3069 5301 debeat,
3098 5236 3331 5308 qualiter
3359 5237 3562 5300 vivere,
3595 5235 3788 5305 praeci-

2203 5332 2369 5402 pitur.
2401 5329 2642 5398 Denique
2673 5329 2724 5382 in
2758 5329 2897 5383 libro
2925 5327 3225 5382 Verborum
3257 5325 3477 5380 Dierum
3499 5325 3744 5393 apertius
3772 5342 3782 5373 :

2213 5439 2233 5471 ι
2281 5421 2347 5475 Ει
2379 5420 2769 5490 imposuerunt,
2799 5417 2992 5486 inquit,
3024 5416 3074 5470 ei
3107 5417 3372 5480 diadema,
3413 5415 3785 5483 dederuntque

2205 5514 2262 5567 in
2313 5526 2476 5565 manu
2522 5511 2638 5579 ejus
2685 5508 2968 5563 tenendam
3019 5507 3191 5575 legem
3236 5504 3323 5578 (II
3368 5504 3498 5558 Par.
3542 5504 3728 5576 χχιιι).
3766 5523 3782 5555 ι

2205 5603 2273 5659 Ει
2315 5617 2523 5672 magnae
2572 5600 2757 5669 utique
2798 5607 2917 5654 crat
2968 5597 3326 5666 salutarisque
3359 5595 3696 5666 prudentiaz;
3732 5604 3788 5653 et

2205 5704 2325 5768 post
2360 5693 2654 5766 tyrannica:
2676 5693 2958 5757 impiaeque
2990 5704 3176 5742 necem
3207 5689 3425 5759 reginae,
3458 5687 3787 5744 succedente

2207 5781 2262 5836 in
2293 5793 2516 5847 regnum
2542 5777 2649 5834 ﬁlio
2677 5777 2819 5848 regis
2845 5778 3088 5846 legitimi,
3117 5794 3238 5834 cum
3270 5779 3385 5848 ipso
3415 5776 3561 5846 regni
3596 5777 3784 5836 habitu
