3958 6466
177 386 278 443 2M
999 381 1348 443 COMMENT.
1387 383 1455 440 IN
1494 382 1738 441 LIBROS
1776 384 1843 440 IV
1884 382 2141 440 REGUM.
2181 413 2251 424 -—
2286 381 2355 438 IN
2390 380 2517 458 LIB.
2556 379 2645 439 IV.
3338 376 3447 434 262

179 495 348 553 simul
397 495 674 567 disciplina
724 496 856 567 legis
881 497 976 553 Dei
1012 499 1274 553 servanda
1317 498 1759 562 committeretur,
1791 499 1842 560 Α
1868 497 1994 566 quia
2025 497 2141 551 haec
2168 505 2253 552 est
2293 496 2519 552 intentio
2547 497 2868 563 electorum,
2893 494 2988 566 qui
3025 507 3124 566 per
3152 492 3312 549 ﬁdem
3363 495 3445 550 in-

179 597 240 644 ut
263 589 360 658 qui
405 603 462 643 se
493 587 769 657 praelatum
807 588 1004 659 populo
1038 589 1272 660 regendo
1299 587 1527 654 videret,
1559 589 1671 658 ipse
1704 603 1763 644 se
1863 587 2180 658 grediuntur
2203 587 2523 654 Ecclesiam,
2553 596 2614 642 ut
2650 589 2716 642 ad
2741 598 3002 643 aeternam
3027 585 3443 654 beatitudinem,

179 680 478 753 regendum
519 682 715 738 divinis
747 681 954 753 legibus
993 682 1148 738 subdi
1177 683 1373 738 debere
1410 683 1762 738 meminisset.
1865 694 2026 749 quam
2054 680 2243 734 dextra
2274 680 2562 750 signiﬁcat,
2601 681 2939 750 perveniant.
2987 679 3131 736 Istuc
3164 693 3294 750 ergo
3319 680 3446 734 mit-

781 796 1007 853 CAPUT
1047 796 1159 852 xu.
1821 817 1834 843 ,
1864 780 1987 826 tunt
2053 772 2398 838 sacerdotes,
2461 772 2553 842 qui
2603 772 2914 827 custodiunt
2969 771 3166 827 ostium
3236 770 3446 840 templi,

209 865 293 920 De
317 867 496 921 studio
516 866 726 922 Joiadaz
750 869 1012 938 pontiﬁcis
1049 869 1103 922 in
1129 870 1506 925 restauratione
1527 867 1726 940 templi.

249 954 407 1028 (Car.
433 957 560 1032 xu.)
589 977 608 1010 ι
635 957 886 1030 Dixitque
910 959 1040 1016 Joas
1065 961 1134 1016 ad
1161 963 1470 1017 sacerdotes
1494 978 1507 1014 :
1535 961 1765 1018 Omnem

182 1065 202 1100 ι
245 1051 535 1120 pecuniam
557 1061 1022 1125 sanctorum,quae
1045 1054 1206 1109 allata
1239 1055 1396 1110 fuerit
1427 1057 1480 1110 in
1505 1055 1764 1125 templum

181 1160 201 1194 ι
247 1142 466 1198 Domini
493 1161 524 1198 a
543 1146 1018 1215 praetereuntibus,
1049 1163 1170 1218 quae
1205 1147 1431 1203 offertur
1457 1163 1557 1219 pro
1589 1146 1764 1218 pretio

181 1249 201 1283 ι
244 1233 465 1301 animae,
496 1244 552 1290 et
591 1250 753 1306 quam
782 1247 974 1308 sponte
1001 1247 1056 1294 et
1082 1241 1309 1295 arbitrio
1343 1241 1522 1295 cordis
1567 1241 1650 1295 sui
1680 1240 1764 1294 in-

179 1340 199 1375 c
243 1322 430 1380 ferunt
463 1325 517 1380 in
551 1328 811 1398 templum
839 1329 1071 1397 Domini,
1104 1332 1374 1402 accipiant
1402 1331 1545 1386 illam
1576 1346 1762 1388 sacer-

178 1437 196 1469 ‹
242 1417 401 1474 dotes
422 1417 578 1488 juxta
605 1421 849 1477 ordinem
877 1439 1056 1489 suum,
1083 1433 1141 1478 et
1167 1424 1472 1479 instaurent
1499 1432 1647 1479 sarta
1685 1431 1764 1478 te-

177 1527 196 1560 ι
241 1518 330 1564 cta
358 1511 578 1578 domus,
609 1515 656 1568 si
687 1515 816 1583 quid
860 1516 1230 1572 necessarium
1276 1517 1512 1573 viderint
1558 1518 1762 1572 instau-

175 1616 196 1650 ι
239 1600 477 1667 ratione,
515 1624 532 1655 ι
569 1613 676 1660 etc.
727 1605 946 1661 Mandat
990 1623 1086 1663 rex
1129 1617 1314 1664 noster
1355 1611 1420 1664 de
1449 1611 1763 1666 doctoribus

171 1689 300 1756 suis,
330 1701 394 1747 ut
424 1694 696 1764 accipiant
742 1713 957 1753 omnem
999 1700 1303 1768 pecuniam,
1334 1718 1453 1771 quae
1481 1719 1510 1756 a
1536 1713 1762 1772 praeter-

169 1783 426 1839 euntibus
477 1785 705 1841 offertur
758 1789 810 1842 in
866 1791 1124 1859 templum
1174 1791 1382 1846 Domini
1444 1809 1542 1862 pro
1581 1796 1757 1863 pretio

1866 877 2080 919 omnem
2109 865 2395 934 pecuniam
2420 880 2539 934 quae
2563 864 2804 919 defertur
2829 864 2898 919 ad
2927 865 3184 934 templum
3208 862 3445 930 Domini,

1865 968 1989 1009 cum
2009 956 2390 1025 praedicatores
2412 957 2608 1024 sancti,
2633 957 2725 1028 qui
2751 965 2972 1014 servant
2993 956 3271 1012 introitum
3299 956 3447 1023 ﬁdei,

1863 1047 2097 1104 offerunt
2120 1059 2246 1106 vota
2276 1051 2515 1107 ﬁdelium
2545 1053 2600 1107 in
2629 1053 2812 1108 verbis
2839 1063 2894 1107 et
2918 1053 2974 1108 in
3005 1053 3281 1124 operibus,
3311 1061 3366 1109 et
3391 1053 3449 1109 in

1864 1137 2104 1195 Ecclesia
2136 1141 2240 1196 rite
2265 1142 2518 1211 precibus
2551 1144 2936 1199 commendant
2959 1144 3098 1199 Deo."

1941 1247 1962 1282 σ
2002 1229 2347 1288 Ascendebat
2394 1233 2574 1289 scriba
2626 1234 2770 1305 regis
2822 1242 2877 1288 et
2905 1233 3173 1305 pontifex,
3208 1232 3449 1289 effunde-

1871 1342 1889 1376 ι
1934 1325 2171 1396 bantque
2212 1335 2268 1382 et
2294 1329 2658 1383 numerabant
2699 1328 3006 1398 pecuniam,
3051 1343 3173 1398 qua:
3209 1327 3451 1382 invenie-

1869 1438 1889 1470 ‹
1934 1420 2096 1475 batur
2133 1421 2188 1476 in
2216 1423 2378 1478 domo
2406 1422 2645 1488 Domini,
2673 1430 2728 1477 et
2749 1423 2952 1477 dabant
2994 1435 3114 1476 eam
3143 1420 3298 1490 juxta
3349 1435 3451 1474 nu-

1870 1529 1888 1561 ι
1935 1527 2145 1566 merum
2197 1521 2360 1583 atque
2416 1527 2728 1568 mensuram
2788 1512 2842 1567 in
2900 1527 3062 1566 manu
3119 1525 3306 1565 eorum
3356 1509 3450 1578 qui

1871 1622 1889 1655 ι
1931 1612 2208 1674 praeerant
2234 1604 2604 1660 ccementariis
2631 1605 2822 1659 domus
2849 1601 3085 1666 Domini,
3117 1601 3210 1671 qui
3241 1600 3451 1669 impen-

1871 1713 1889 1745 ι
1936 1695 2139 1749 debant
2174 1710 2238 1750 ea
2283 1695 2338 1750 in
2379 1695 2551 1750 fabris
2588 1694 2877 1766 lignorum,
2904 1703 2958 1748 et
2998 1693 3052 1747 in
3089 1690 3452 1748 caementariis

1869 1803 1888 1836 ‹
1934 1785 2021 1840 his
2062 1788 2154 1856 qui
2183 1785 2552 1856 operabantur
2592 1786 2646 1840 in
2673 1787 2833 1841 domo
2857 1784 3091 1840 Domini.
3134 1805 3151 1836 ι
3201 1783 3452 1838 Scribam

168 1872 361 1928 animae
381 1882 446 1929 et
465 1884 590 1932 voto
613 1879 790 1934 cordis
816 1880 922 1946 sui,
941 1897 1065 1935 cum
1091 1883 1351 1952 quidquid
1373 1900 1401 1936 a
1424 1862 1757 1953 praetereun-
1783 1862 1832 1923 Β
1859 1878 2004 1948 regis
2036 1885 2094 1933 et
2137 1877 2450 1947 ponliﬁccm
2497 1877 2729 1949 appellat
2755 1893 2996 1934 summos
3047 1877 3318 1941 ἀοοιοτθεν
3356 1873 3450 1944 (Illi

169 1961 309 2016 tibus
349 1963 540 2032 justis,
588 1968 826 2024 scientiae
856 1971 1116 2039 spiritalis
1147 1973 1229 2026 vel
1257 1973 1520 2029 bonorum
1575 1991 1758 2030 exem-

166 2052 375 2120 plorum
428 2057 487 2111 in
518 2059 831 2114 thesaurum
856 2062 1067 2117 Domini
1114 2063 1366 2118 collatura
1418 2076 1520 2132 est,
1549 2083 1646 2136 per
1673 2083 1760 2123 sa-

167 2143 473 2212 cerdotum,
513 2149 615 2204 hoc
647 2159 750 2217 est,
782 2154 1194 2221 przedicatorum
1243 2156 1415 2211 cilicia
1445 2159 1513 2213 ad
1551 2159 1760 2214 instau-

165 2233 436 2292 rationem
489 2240 670 2310 templi
719 2243 980 2313 spiritalis
1028 2247 1360 2314 conferatur,
1387 2258 1653 2318 quatenus
1682 2252 1756 2307 ibi

163 2329 529 2400 quodcunque
562 2333 789 2389 scissum
818 2350 916 2404 per
941 2350 1181 2393 errorem
1208 2340 1292 2394 vel
1319 2356 1418 2410 per
1441 2342 1568 2396 vitia
1607 2343 1758 2399 inve-

162 2418 341 2474 nerint
386 2431 721 2491 restaurent,
768 2443 835 2481 ne
873 2427 1011 2484 forte
1038 2445 1134 2499 per
1173 2432 1557 2504 negligentiam
1587 2437 1757 2508 magi-

162 2514 398 2566 strorum
431 2513 688 2583 depereat
716 2518 1003 2575 multitudo
1030 2523 1356 2580 auditorum.
1392 2525 1545 2592 Quod
1572 2538 1755 2584 autem

162 2601 406 2670 sequitur
436 2621 449 2657 :
484 2625 502 2655 ι
531 2606 700 2677 Igitur
723 2625 894 2681 usque
924 2613 992 2668 ad
1033 2615 1349 2672 vicesimum
1392 2619 1611 2674 tertium
1660 2637 1756 2676 an-

171 2708 190 2741 ι
234 2708 364 2749 num
412 2698 561 2768 regis
609 2699 735 2756 Joas
792 2719 896 2758 non
951 2705 1390 2763 instauraverunt
1443 2711 1756 2769 sacerdotes

169 2799 187 2833 ι
232 2795 382 2841 sarta
408 2797 554 2845 tecta
586 2793 790 2864 templi,
826 2813 844 2846 ι
887 2796 1174 2866 signiﬁcat,
1219 2800 1363 2868 quod
1400 2809 1526 2857 ante
1554 2801 1756 2858 adven-

163 2880 274 2929 tum
307 2875 612 2936 Salvatoris
642 2882 768 2938 licet
817 2885 1070 2942 doctrina
1102 2888 1234 2959 legis
1265 2890 1318 2944 in
1345 2900 1504 2962 gente
1527 2891 1752 2948 Iudaica

165 2962 347 3034 fuerit,
382 2979 567 3027 tamen
598 2988 694 3044 per
727 2975 1012 3032 doctorum
1062 2980 1444 3051 negligentiam
1482 2983 1536 3037 in
1566 2985 1754 3042 multis

162 3063 634 3130 corrumpebatur,
661 3065 835 3123 donec
863 3071 1074 3125 veniret
1102 3072 1215 3141 ipse
1250 3073 1341 3145 qui
1380 3074 1550 3145 legem
1581 3077 1750 3143 dedit,

161 3154 216 3237 et
254 3163 355 3218 per
399 3164 603 3210 sancta:
630 3156 914 3214 Trinitatis
960 3160 1122 3217 ﬁdem
1149 3164 1473 3235 Decalogum
1516 3167 1651 3237 legis
1696 3169 1752 3223 in

1860 1972 2146 2042 pecuniam
2189 1971 2438 2028 collatam
2485 1972 2640 2042 juxta
2694 1987 2979 2026 numerum
3031 1978 3194 2040 atque
3233 1983 3452 2022 mensu-

1861 2081 1980 2119 ram
2012 2065 2116 2121 illis
2143 2066 2452 2121 tribuebant
2485 2066 2576 2134 qui
2605 2076 2878 2135 przeerant
2924 2065 3094 2119 fabris
3122 2072 3178 2118 et
3209 2075 3450 2118 cmmen-

1860 2158 2035 2221 tariis,
2086 2159 2191 2212 hoc
2237 2167 2353 2221 est,
2403 2157 2871 2226 dispensatoribus
2918 2155 3071 2210 verbi
3115 2153 3304 2217 divini,
3356 2149 3451 2220 qui

1859 2246 2156 2318 evangelici
2205 2248 2370 2302 tritici
2418 2263 2728 2303 mensuram
2777 2247 3056 2302 conservis
3100 2245 3213 2300 suis
3243 2243 3328 2298 his
3357 2242 3452 2312 qui

1858 2346 2154 2408 operantur
2195 2339 2249 2392 in
2298 2339 2456 2394 domo
2483 2338 2716 2404 Domini,
2765 2347 2821 2392 et
2860 2339 3121 2392 virtutum
3175 2349 3341 2405 opera
3394 2332 3451 2385 in

1857 2431 2086 2486 aedilicio
2130 2431 2315 2486 divino
2367 2439 2715 2501 componunt,
2769 2429 3096 2485 tribuebant.
3145 2426 3286 2494 Quid
3319 2438 3452 2496 ergo

1857 2522 2002 2576 aliud
2045 2524 2290 2579 fecerunt
2334 2523 2587 2593 apostoli,
2617 2537 2753 2593 quos
2788 2521 3065 2591 principes
3111 2519 3167 2574 in
3207 2515 3453 2572 Ecclesia

1857 2613 2051 2669 electio
2091 2614 2272 2669 divina
2315 2615 2615 2681 constituit,
2645 2616 2862 2684 quando
2890 2629 2990 2685 per
3025 2611 3300 2682 subjectos
3347 2607 3453 2663 sibi

1857 2707 2148 2775 discipulos
2192 2707 2344 2763 verbi
2401 2707 2568 2762 divini
2616 2707 2822 2762 semina
2884 2722 2982 2778 per
3041 2713 3213 2761 totum
3262 2701 3452 2757 orbem

1856 2806 2176 2868 sparserunt
2209 2807 2476 2869 quatenus
2502 2799 2782 2869 operarios
2810 2797 3076 2854 voluntati
3102 2795 3199 2851 Dei
3226 2794 3452 2850 idoneos

1855 2891 1912 2944 in
1942 2891 2280 2946 auditoribus
2308 2891 2422 2946 suis
2446 2892 2789 2961 perlicerent.
2823 2890 3062 2957 Quorum
3090 2887 3183 2942 alii
3215 2884 3448 2940 fabrica-

1855 2983 1988 3039 bant
2026 2985 2192 3054 ligna,
2233 3001 2357 3040 eum
2398 2985 2718 3056 semetipsos
2759 2992 2814 3040 et
2849 2999 2944 3040 eos
2969 2983 3062 3053 qui
3095 2980 3198 3036 sibi
3230 2977 3450 3034 obedie-

1854 3076 1988 3131 bant
2031 3075 2175 3146 ligna
2201 3074 2477 3130 fructifera
2519 3076 2572 3130 in
2603 3078 2764 3130 domo
2794 3073 3006 3129 Domini
3033 3084 3228 3141 parare
3265 3067 3449 3124 stude-

1857 3168 2006 3224 bant.
2049 3168 2155 3223 Alii
2190 3177 2336 3224 sarta
2362 3176 2502 3224 tecta
2530 3168 2824 3232 faciebant,
2848 3165 3065 3236 quando
3088 3163 3178 3217 illa
3203 3176 3322 3231 qua:
3348 3173 3453 3230 per

162 3234 332 3310 Moysi
363 3251 422 3298 et
448 3249 837 3316 prophetarum
864 3253 1082 3323 scriptis
1111 3234 1426 3324 spiritaliter
1451 3234 1751 3315 observan-
1780 3240 1825 3304 Ε
1858 3261 2112 3316 haeresim
2140 3269 2195 3316 et
2226 3261 2530 3318 incredulos
2567 3259 2780 3314 fortiter
2811 3234 3184 3328 increpabant.
3225 3275 3242 3305 ‹
3280 3254 3357 3308 Ita
3388 3250 3456 3308 ut

160 3329 289 3387 dum
320 3336 562 3393 doceret.

235 3442 256 3475 ι
301 3424 642 3502 Vocavitque
685 3449 781 3490 rex
804 3435 932 3494 Joas
955 3437 1198 3495 Joiadam
1228 3441 1535 3511 pontificem
1573 3451 1628 3499 et
1666 3459 1754 3500 sa-

163 3527 186 3565 ι
231 3518 510 3586 cerdotes,
559 3525 744 3583 dicens
786 3530 867 3585 eis
893 3549 906 3585 :
932 3531 1111 3599 Quare
1156 3545 1301 3590 sarta
1347 3545 1485 3592 tecta
1529 3555 1634 3594 non
1665 3540 1751 3594 in-

165 3623 186 3658 c
228 3616 524 3671 staurastis
560 3621 780 3690 templi?
827 3623 1003 3681 Nolite
1048 3643 1178 3698 ergo
1226 3630 1459 3700 amplius
1506 3633 1752 3703 accipere

166 3716 186 3750 ε
226 3707 516 3772 pecuniam
539 3710 695 3780 juxta
716 3716 961 3773 ordinem
986 3729 1248 3788 vestrum,
1275 3723 1368 3779 sed
1394 3725 1461 3779 ad
1485 3725 1754 3780 instaura-

169 3806 187 3840 ι
228 3792 434 3850 tionem
463 3801 648 3870 templi
677 3806 887 3862 reddite
911 3822 1051 3874 eam,
1087 3819 1191 3867 etc.
1231 3831 1250 3864 ι
1293 3813 1383 3868 Sic
1409 3822 1465 3869 et
1487 3813 1749 3872 Dominus

164 3893 348 3940 noster
371 3893 702 3962 evangelicis
725 3897 1039 3957 doctoribus
1063 3905 1330 3960 mandans
1353 3907 1430 3960 ait
1455 3923 1468 3961 :
1499 3926 1518 3958 ε
1551 3907 1752 3964 Levate

166 3974 358 4074 fmulos
389 3990 627 4050 vestros,
659 3994 714 4040 et
741 3989 920 4046 videte
957 3993 1226 4063 regiones,
1263 3997 1389 4065 quia
1439 3997 1577 4053 albae
1623 4007 1751 4055 sunt

163 4070 270 4132 jam
294 4070 362 4124 ad
383 4086 642 4129 messem.
690 4075 896 4149 Rogate
925 4083 1212 4140 Dominum
1241 4089 1458 4156 messis,
1481 4098 1544 4145 ut
1570 4091 1751 4147 mittat

168 4165 441 4256 operarios
494 4167 548 4222 in
599 4185 833 4228 messem
882 4191 1033 4231 suam
1092 4179 1276 4250 (Joan.
1307 4182 1403 4256 Iv).
1440 4203 1458 4234 ι
1490 4183 1558 4238 Et
1585 4184 1746 4241 item:

172 4265 190 4298 ί
220 4249 441 4324 Euntes,
478 4258 673 4330 inquit,
704 4266 998 4334 pmdicate
1022 4249 1374 4342 Evangelium
1400 4276 1549 4330 omni
1595 4290 1750 4331 crea-

167 4343 312 4396 turae.
361 4347 621 4406 lnﬁrmos
653 4363 861 4423 curate,
893 4369 1136 4416 mortuos
1181 4363 1459 4430 suscitate,
1507 4365 1750 4435 leprosos

166 4437 436 4526 mandate.
477 4435 662 4500 Gratis
691 4449 998 4518 accepistis,
1031 4454 1200 4523 gratis
1229 4454 1354 4510 date
1387 4455 1580 4526 (Marc.
1621 4473 1743 4526 xvr;

168 4518 347 4583 H'atth.
379 4536 462 4604 χ).
511 4553 530 4585 ι

236 4637 255 4712 ς
277 4618 344 4676 Et
371 4625 502 4680 tulit
521 4625 710 4686 Joiada
736 4635 1203 4707 gazophylacium,
1234 4638 1552 4712 aper'uitque
1579 4658 1747 4700 unum

174 4722 191 4756 ι
231 4707 478 4802 foramen
520 4719 770 4793 desuper,
803 4735 858 4782 et
893 4730 1072 4798 posuit
1121 4707 1436 4802 illud—juxta
1463 4707 1646 4791 altare
1677 4737 1745 4794 ad

175 4813 193 4846 ι
233 4801 510 4865 dexteram
565 4813 983 4885 ingredientium
1033 4824 1251 4879 domum
1285 4825 1520 4894 Domini,
1568 4830 1747 4886 mitte-

175 4908 193 4942 ε
231 4894 467 4974 bantque
516 4905 572 4961 in
616 4923 681 4964 eo
722 4915 1031 4972 sacerdotes
1057 4918 1148 4987 qui
1180 4920 1554 4976 custodiebant
1581 4924 1743 4991 ostia,

176 5001 194 5035 ί
232 5003 438 5083 omnem
481 5000 791 5068 pecuniam,
822 5017 942 5073 qua:
988 5007 1333 5064 deferebatur
1375 5013 1440 5067 ad
1486 5013 1746 5083 templum

176 5095 197 5182 ξ
235 5081 459 5146 Domini.
502 5112 520 5145 ι
579 5096 818 5167 Denique
863 5101 1103 5170 pontifex
1154 5113 1358 5170 noster,
1408 5109 1499 5177 qui
1547 5081 1748 5164 semet-

176 5183 338 5274 Ipsum
362 5181 559 5238 obtulit
585 5186 818 5244 hostiam
843 5191 1240 5250 immaculatam
1266 5197 1394 5261 Deo,
1421 5199 1749 5272 gazophyla-

179 5275 307 5321 cmm
333 5287 502 5330 unum
533 5279 736 5347 posuit,
765 5281 868 5336 hoc
897 5292 981 5338 est
1006 5299 1170 5340 unam
1196 5287 1498 5344 Ecclesiam
1519 5291 1749 5347 catholi-

181 5369 290 5456 cam
335 5363 479 5424 fecit.
511 5369 610 5426 Cui
640 5370 883 5430 foramen
917 5375 1148 5447 desuper
1171 5380 1371 5448 posuit,
1400 5383 1528 5451 quia
1562 5391 1744 5440 trans-

184 5455 306 5544 Itum
343 5456 465 5515 inde
507 5463 574 5516 ad
611 5463 780 5519 ctelos
816 5468 1046 5536 paravit.
1088 5468 1380 5541 Posuitque
1413 5472 1541 5528 illud
1586 5473 1745 5544 juxta

183 5536 342 5600 altare
389 5550 455 5602 ad
502 5553 781 5608 dexteram
830 5557 1248 5628 ingredientium
1292 5536 1355 5615 in
1392 5536 1611 5618 domum
1635 5565 1744 5621 Do-

185 5631 324 5687 mini.
352 5637 532 5698 Altare
556 5645 806 5701 videlicet
831 5664 1030 5717 corpus
1056 5651 1269 5722 Domini
1296 5663 1400 5720 est,
1420 5655 1574 5722 juxta
1601 5659 1746 5727 quod

185 5729 608 5800 KaZOphylacium
635 5738 870 5807 positum
899 5747 1002 5804 est,
1046 5755 1168 5794 cum
1196 5743 1433 5796 Ecclesia
1458 5749 1744 5813 conjuncta

187 5821 294 5882 αις
345 5823 411 5879 ad
453 5826 731 5888 dexteram
788 5831 1205 5902 ingredientium
1239 5833 1457 5890 domum
1507 5835 1741 5906 Domini,

1862 3371 1883 3406 ο
1928 3354 2245 3424 impleretur
2289 3355 2610 3410 instauratio
2635 3354 2828 3409 domus
2857 3352 3066 3408 Domini
3098 3351 3151 3406 in
3180 3347 3452 3405 universis

1862 3463 1881 3496 ι
1926 3461 2047 3514 quae
2097 3447 2406 3516 indigebant
2436 3461 2692 3517 expensa,
2743 3446 2810 3500 ad
2849 3443 3198 3500 muniendam
3226 3442 3454 3496 domum

1862 3554 1880 3587 ι
1927 3537 2162 3592 Domini.
2203 3559 2221 3589 ι
2263 3537 2424 3593 Juxta
2474 3538 2601 3592 illud
2656 3537 2844 3607 utique
2890 3533 3158 3606 Apostoli,
3204 3547 3312 3602 quo
3338 3532 3448 3585 ait:

1859 3650 1878 3682 ‹
1925 3629 2228 3703 Unicuique
2285 3640 2534 3686 nostrum
2587 3629 2714 3684 data
2771 3638 2857 3684 est
2903 3627 3077 3698 gratia
3147 3623 3450 3680 secundum

1852 3738 2163 3779 mensuram
2191 3724 2499 3780 donationis
2523 3721 2728 3779 Christi
2755 3719 2971 3793 (Ep/tes.
3005 3719 3104 3791 ιν).
3138 3738 3157 3772 ι
3192 3717 3259 3774 Et
3288 3713 3449 3787 paulo

1853 3824 2011 3887 post:
2045 3835 2064 3866 ι
2096 3816 2165 3871 Et
2193 3817 2330 3887 ipse,
2359 3817 2554 3886 inquit,
2582 3815 2731 3871 dedit
2757 3814 3022 3885 quosdam
3061 3811 3280 3882 quidem
3310 3823 3448 3878 apo-

1852 3909 2042 3975 stolos,
2059 3909 2321 3980 quosdam
2349 3918 2530 3962 autem
2553 3907 2868 3977 prophetas,
2895 3905 3029 3958 alios
3058 3916 3189 3956 vero
3215 3913 3453 3968 evange-

1852 4000 2020 4066 listas,
2069 4001 2200 4056 alios
2227 4011 2406 4057 autem
2441 4008 2688 4072 pastores
2722 4007 2778 4052 et
2807 4002 3056 4054 doctores
3091 3994 3160 4048 ad
3192 4005 3451 4048 consum-

1852 4094 2144 4149 mationem
2189 4103 2522 4156 sanctorum,
2565 4093 2618 4147 in
2662 4106 2797 4162 opus
2830 4088 3148 4152 ministerii,
3182 4086 3237 4140 in
3275 4082 3448 4138 :ediﬁ-

1850 4185 2120 4241 cationem
2151 4185 2398 4256 corporis
2425 4183 2624 4240 Christi
2655 4181 2867 4254 (Ibid.).
2904 4201 2923 4234 ›
2963 4179 3118 4248 Quod
3151 4186 3333 4234 autem
3361 4190 3453 4231 se-

1851 4279 2055 4348 quitur.

1928 4388 1947 4420 ‹
1979 4365 2367 4425 Verumtamen
2396 4383 2504 4423 non
2535 4368 2735 4422 ﬁebant
2763 4380 2830 4418 ex
2861 4363 3049 4418 eadem
3082 4360 3313 4433 pecunia
3346 4359 3449 4429 hy-

1856 4479 1876 4512 ‹
1921 4461 2052 4516 dria:
2100 4460 2285 4529 templi
2328 4458 2562 4524 Domini,
2593 4465 2648 4512 et
2692 4453 2996 4518 fuseinulze,
3029 4461 3085 4508 et
3127 4450 3400 4505 thuribula
3425 4489 3446 4512 ,

1858 4569 1878 4604 ‹
1925 4560 1980 4607 et
2022 4552 2184 4616 tubae,
2215 4559 2270 4604 et
2304 4563 2464 4605 omne
2503 4562 2601 4602 vas
2637 4559 2884 4609 aureum,
2917 4552 2973 4597 et
3007 4548 3343 4610 argenteum,
3375 4538 3448 4594 de

1858 4663 1877 4694 ι
1923 4643 2174 4713 pecunia,
2213 4655 2333 4710 quae
2375 4637 2713 4694 inferebatur
2747 4635 2802 4689 in
2841 4631 3102 4703 templum
3143 4627 3380 4694 Domini,
3416 4646 3441 4681 ι

1850 4735 2123 4808 signiﬁcat
2166 4732 2312 4804 quod
2350 4730 2454 4785 alia
2500 4731 2660 4786 debet
2704 4742 2825 4784 esse
2861 4727 3001 4783 ratio
3030 4724 3444 4781 formandorum

1850 4845 2103 4886 vasorum
2156 4828 2212 4882 in
2252 4825 2614 4882 ministerium
2650 4823 2889 4888 Domini,
2937 4821 3042 4875 alia
3075 4817 3444 4889 parandarum

1848 4922 2119 4994 lignorum
2146 4927 2202 4975 et
2225 4933 2479 4974 saxorum
2514 4918 2570 4971 in
2601 4915 2889 4972 :ediﬁcium
2917 4914 3138 4975 domus;
3177 4909 3303 4978 quia
3335 4905 3442 4959 alia

1852 5017 2010 5072 debet
2037 5027 2158 5070 esse
2181 5011 2448 5076 doctrina,
2477 5025 2583 5081 qua
2622 5009 2784 5063 rudes
2814 5007 3129 5060 imbuuntur
3158 5001 3226 5054 ad
3255 4999 3439 5064 ﬁdem,

1851 5115 1908 5167 et
1940 5105 2044 5160 alia
2071 5120 2175 5175 qua
2197 5103 2308 5174 jam
2335 5101 2561 5172 perfecti
2590 5101 2932 5155 instruuntur
2960 5096 3025 5149 ad
3052 5092 3293 5160 scientia:
3319 5090 3442 5161 ple-

1852 5199 2172 5256 nitudinem.
2205 5197 2350 5251 Bene
2377 5203 2557 5250 autem
2587 5208 2715 5248 vasa
2741 5191 2936 5245 domus
2961 5186 3176 5242 Domini
3207 5184 3282 5239 illi
3309 5198 3442 5253 pos-

1850 5300 1979 5347 sunt
2005 5288 2232 5358 intelligi
2259 5287 2351 5356 qui
2387 5284 2500 5354 jam
2539 5285 2648 5354 apti
2678 5289 2804 5337 sunt
2828 5281 2895 5355 ad
2923 5277 3182 5348 capienda
3210 5289 3442 5330 munera

1849 5383 2050 5449 divina,
2098 5390 2153 5437 et
2196 5379 2405 5435 habiles
2452 5378 2589 5432 ﬁunt
2634 5377 2702 5430 ad
2743 5373 3103 5428 ministerium
3130 5371 3246 5426 Dei.
3301 5369 3439 5424 Nam

1847 5475 2054 5547 hydria:
2081 5488 2175 5529 eos
2204 5471 2511 5543 signiﬁcare
2537 5475 2762 5538 possunt
2786 5466 2877 5536 qui
2920 5479 3116 5534 aquam
3157 5463 3442 5533 sapientiae

1849 5567 2044 5622 divinae
2086 5567 2137 5619 in
2177 5579 2236 5620 se
2271 5563 2579 5624 continent;
2618 5558 2894 5615 fuscinula:
2920 5570 3154 5626 quoque,
3186 5555 3442 5610 doctores

1845 5658 2140 5728 spiritales,
2173 5671 2404 5726 quorum
2434 5652 2666 5708 ofﬁcium
2698 5660 2779 5706 est
2807 5665 3004 5719 corpus
3039 5656 3094 5703 et
3117 5646 3439 5717 sanguinem

1849 5748 2058 5800 Domini
2083 5746 2425 5798 credentibus
2444 5742 2788 5807 distribuere,
2813 5739 3118 5795 inﬁdelibus
3140 5739 3433 5807 abnegare,

1850 5849 1952 5890 nec
1987 5848 2095 5891 non
2119 5841 2173 5889 et
2203 5831 2501 5904 spiritalem
2523 5831 2831 5892 alimoniam
2853 5832 3004 5890 verbi
3025 5831 3242 5900 cuique,
3271 5835 3435 5900 prout
