3958 6466
510 479 614 544 247

1145 477 1208 531 Β.
1248 473 1504 534 RABANI
1539 473 1755 531 MAURI
1793 468 2110 526 ARCHIEP.
2151 463 2458 522 MOGUNT.
2501 461 2783 520 OPERUM
2819 461 2998 517 PARS
3033 460 3074 515 I.

3646 458 3769 513 248

510 608 638 664 rege
666 589 859 648 Israel:
880 608 898 641 ε
923 590 1039 660 Ipse
1056 591 1294 646 restituit
1322 592 1580 646 terminos
1599 589 1765 645 Israel
1779 586 2078 642 abintroitu
2105 586 2157 647 Α
2185 591 2270 638 tur
2291 582 2492 647 divino,
2521 582 2616 636 sed
2660 589 2721 635 ut
2746 580 2908 635 simul
2953 594 3076 634 cum
3113 575 3312 647 templo
3349 575 3771 646 profanaretur,

509 683 701 738 Emath
719 724 734 747 ,
765 695 933 750 usque
959 681 1026 737 ad
1053 695 1204 736 mare
1253 681 1569 738 Solitudinis
1595 679 1701 750 (IV
1730 679 1857 750 Reg.
1884 678 2017 749 xw).
2055 698 2074 731 ι

506 777 870 844 Emath,‘qua3
894 789 1039 830 nunc
1071 774 1368 844 Epiphania
1399 774 1612 839 dicitur,
1648 770 2083 843 septentrionalis

505 876 624 922 erat
674 867 936 922 terminus
962 867 1147 922 Israel.
1180 865 1326 920 Mare
1365 874 1543 922 autem
1581 864 1914 928 Solitudinis,
1943 864 2083 932 quod

506 957 786 1014 Hazbraice
833 959 1032 1013 dicitur
1063 958 1261 1024 Araba,
1313 971 1462 1012 mare
1499 956 1768 1012 Mortuum
1792 954 2079 1024 designat,

506 1048 652 1117 quod
686 1047 743 1102 in
773 1047 1107 1120 longitudine
1133 1062 1232 1118 per
1256 1045 1430 1102 stadia
1455 1045 1559 1101 580
1580 1060 1750 1115 usque
1775 1045 1843 1100 ad
1884 1044 2086 1098 Zoaros

487 1139 721 1196 .Arabia‘:
745 1179 760 1206 ,
817 1140 872 1194 in
920 1139 1203 1194 latitudine
1237 1145 1452 1194 centum
1499 1137 1884 1207 quinquaginta
1917 1145 2087 1202 usque

507 1231 578 1286 ad
603 1230 802 1286 vicinia
841 1229 1198 1286 Sodomorum
1225 1229 1590 1300 progreditur.
1639 1227 1801 1296 Cujus
1856 1227 1960 1283 loci
2003 1224 2089 1281 Jo-

507 1323 707 1392 sephus
733 1323 804 1377 ita
839 1323 1118 1388 meminit,
1151 1324 1338 1378 dicens
1367 1339 1383 1376 :
1422 1340 1440 1372 ‹
1476 1321 1632 1375 Anno
1661 1330 1841 1374 autem
1873 1319 2088 1389 quinto-

508 1412 718 1467 decimo
745 1414 895 1484 regni
920 1414 1172 1476 Amasiaz,
1201 1413 1516 1468 undecimus
1549 1412 1795 1483 regnavit
1824 1411 1877 1464 in
1924 1407 2087 1464 Israel

507 1501 650 1556 ﬁlius
677 1500 802 1558 Joas
831 1501 1115 1559 Jeroboam
1143 1503 1198 1558 in
1230 1504 1474 1558 Samaria
1509 1519 1678 1558 annos
1708 1501 2084 1572 quadraginta.

509 1591 609 1646 Ilic
667 1602 845 1648 autem
887 1609 984 1648 rex
1032 1595 1176 1653 circa
1232 1595 1399 1648 Deum
1437 1594 1654 1663 quidem
1704 1592 1996 1661 iniuriosus
2034 1598 2091 1646 et

507 1682 726 1752 iniquus
753 1685 962 1739 exstitit
987 1685 1336 1740 vehementer
1364 1685 1506 1740 idola
1540 1684 1783 1750 colendo,
1823 1691 1878 1736 et
1920 1682 2088 1738 multa

504 1777 802 1848 incongrua
827 1787 882 1833 et
903 1793 1066 1848 opera
1091 1785 1349 1833 extranea
1379 1777 1644 1834 faciendo.
1680 1776 1882 1846 Populo
1908 1784 2089 1830 autem

507 1867 879 1924 Israelitarum
927 1869 1221 1924 multorum
1259 1870 1524 1924 bonorum
1553 1869 1656 1924 fuit
1681 1868 1916 1924 occasio.
1953 1865 2089 1922 Huic

2181 674 2403 729 studens
2429 682 2488 726 ut
2513 672 2684 743 magis
2705 673 2818 744 regi
2843 671 3083 740 placeret
3128 669 3351 739 Assyrio
3377 709 3393 735 ,
3437 683 3602 738 quam
3647 666 3775 722 Deo

2180 775 2394 837 patrum
2416 782 2640 822 suorum
2665 774 2718 822 et
2746 767 2994 821 Domino.
3038 764 3136 820 Cui
3173 763 3357 820 sensui
3385 763 3604 818 videtur
3623 762 3776 818 liber

2180 859 2626 930 Paralipomenon
2677 858 2958 928 astipulari
2985 900 2999 925 ,
3059 857 3150 913 ubi
3198 858 3273 912 ita
3310 856 3571 925 scriptum
3627 864 3774 910 est:

2189 971 2207 1005 ι
2245 951 2416 1020 Igitur
2453 950 2638 1007 Acha:
2681 951 2908 1021 spoliata
2941 954 3100 1006 domo
3128 949 3363 1014 Domini,
3401 956 3456 1002 et
3485 948 3652 1002 domo
3683 960 3780 1000 re-

2184 1060 2310 1117 gum
2332 1053 2385 1101 et
2403 1044 2725 1116 principum,
2756 1045 2902 1099 dedit
2925 1044 3039 1114 regi
3067 1042 3414 1115 Assyriorum
3438 1054 3695 1102 munera,
3723 1046 3781 1093 et

2184 1143 2362 1191 tamen
2383 1135 2518 1190 nihil
2540 1135 2589 1190 ei
2618 1126 2838 1205 profuit,
2875 1135 3096 1204 insuper
3131 1134 3186 1188 in
3230 1139 3472 1203 tempore
3500 1130 3780 1200 angustia:

2185 1244 2295 1284 suae
2319 1229 2470 1283 auxit
2493 1235 2860 1298 contemptum
2889 1228 2944 1282 in
2975 1227 3283 1282 Dominum.
3303 1224 3422 1294 Ipse
3456 1236 3559 1293 per
3585 1237 3649 1278 se
3677 1235 3780 1278 rex

2184 1320 2369 1375 Achaz
2403 1319 2699 1374 immolavit
2729 1319 2830 1376 diis
2881 1318 3130 1374 Damasci
3159 1317 3408 1373 victimas
3436 1313 3785 1385 percussori-

2185 1410 2288 1466 bus
2327 1410 2460 1476 suis,
2491 1419 2547 1464 et
2570 1410 2707 1464 dixit
2733 1428 2745 1464 :
2778 1409 2861 1464 Dii
2891 1425 3078 1480 regum
3110 1407 3281 1480 Syria:
3316 1407 3651 1462 auxiliantur
3673 1407 3780 1470 eis,

2187 1515 2323 1572 quos
2357 1516 2459 1571 ego
2503 1500 2731 1571 placabo
2773 1500 3000 1566 hostiis,
3051 1508 3109 1555 et
3147 1501 3378 1556 aderunt
3425 1498 3594 1564 mihi,
3653 1512 3786 1552 cum

2188 1609 2220 1650 e
2247 1592 2523 1648 contrario
2552 1592 2654 1662 ipsi
2696 1591 2899 1648 fuerint
2927 1592 3083 1648 ruina
3120 1591 3172 1646 ei
3222 1598 3281 1646 et
3327 1590 3587 1645 universo
3613 1588 3785 1643 Israel

2190 1685 2277 1750 (II
2292 1683 2425 1739 Par.
2441 1683 2690 1755 xxvm)»

2266 1800 2284 1832 ι
2334 1780 2568 1850 Direptis
2597 1779 2780 1850 itaque
2804 1778 2985 1833 Achaz
3009 1777 3262 1834 omnibus
3274 1777 3422 1832 vasis
3443 1775 3642 1832 domus
3661 1773 3786 1839 Dei,

2198 1891 2217 1924 ι
2262 1881 2422 1942 atque
2449 1869 2766 1938 confractis,
2808 1871 3002 1926 clausit
3022 1869 3217 1939 januas
3247 1868 3433 1938 templi
3457 1867 3705 1932 Domini,
3735 1875 3790 1922 et

511 1957 724 2028 quidem
749 1957 912 2012 Jonas
934 1958 1291 2027 prophetavit,
1321 1959 1446 2027 quia
1472 1965 1747 2028 oporteret
1768 1973 1890 2012 eum
1919 1956 2087 2027 Syros
2115 1938 2164 1998 Β
2197 1981 2216 2014 ι
2263 1938 2392 2018 fecit
2420 1963 2523 2018 sibi
2551 1963 2742 2018 altaria
2794 1962 2847 2016 in
2882 1938 3152 2027 universis
3192 1959 3405 2032 angulis
3450 1959 3786 2016 Jerusalem.

511 2056 726 2099 Vincere
753 2047 1078 2112 dimicando,
1127 2055 1183 2100 et
1217 2063 1441 2118 regnum
1470 2049 1749 2118 proprium
1779 2047 2007 2101 dilatare
2033 2046 2087 2100 in

503 2135 750 2204 partibus
797 2139 1013 2208 quidem
1063 2138 1346 2209 Aquilonis
1374 2156 1547 2210 usque
1571 2141 1638 2194 ad
1667 2142 1868 2196 Emach
1899 2141 2092 2194 civita-

502 2236 636 2295 ιθπης
664 2244 696 2285 a
726 2231 954 2286 meridie
982 2247 1114 2288 vero
1143 2248 1315 2304 usque
1350 2234 1418 2288 ad
1441 2233 1737 2303 Ispaltiten.
1776 2231 2090 2301 Antiquitus

503 2321 649 2375 enim
693 2323 910 2377 termini
949 2323 1239 2382 Chananaei
1277 2326 1364 2382 isti
1395 2326 1647 2390 fuerunt,
1678 2328 1816 2380 sicut
1839 2325 2092 2395 princeps

504 2407 664 2466 Jesus
696 2426 760 2466 ea
791 2412 907 2468 loca
950 2415 1348 2472 determinavit.
1396 2418 1563 2488 Igitur
1592 2417 1880 2473 Jeroboam
1910 2426 2092 2472 castra

489 2509 744 2579 _tnctatus
767 2502 954 2558 contra
993 2504 1183 2576 Syrios
1207 2548 1222 2573 ,
1256 2523 1444 2564 eorum
1469 2524 1686 2564 omnem
1711 2509 2045 2580 provinciam
2074 2546 2092 2574 ,

473 2645 478 2650 .
508 2589 654 2646 sicut
686 2589 853 2648 Jonas
875 2595 1330 2665 prophetaverat,
1364 2599 1682 2654 devastavit.
1722 2619 1741 2652 ι

1092 2730 1323 2790 CAPUT
1361 2732 1501 2790 XVI.

509 2853 620 2935 De"
635 2856 812 2935 Achab
842 2875 958 2935 rege
986 2860 1162 2935 Iuda,
1204 2863 1266 2918 ob
1280 2865 1460 2935 _cujus
1505 2874 1719 2935 peccata
1743 2905 1760 2930 ,
1806 2864 1970 2920 Rasin
2003 2880 2096 2920 rex

581 2926 774 3002 ξεινίαν,
801 2939 849 3002 et
873 2926 1078 3002 Phacee
1100 2926 1246 3002 ﬁlius
1273 2926 1542 3000 Rofnelia},
1570 2953 1661 2990 rex
1689 2926 1881 3002 Israel,
1909 2952 2096 2991 ascen-

580 2997 771 3052 derunt
802 3000 860 3053 in
889 2997 1186 3058 Jerusalem
1213 3004 1283 3059 ad
1303 2997 1678 3075 prazliandum.

581 3126 732 3199 (Cu.
765 3130 902 3203 xvi.)
953 3151 972 3183 ι
1014 3133 1172 3190 Anno
1223 3136 1455 3207 septimo
1500 3137 1711 3193 decimo
1753 3137 1966 3194 Phacee
2001 3135 2097 3193 ﬁlii

467 3247 470 3249 λ
512 3239 533 3270 ι
573 3219 830 3277 Romeliaa
849 3225 1304 3295 regnavitAchaz,
1321 3228 1464 3284 ﬁlius
1482 3228 1755 3296 Joatham,
1771 3229 1915 3303 regis
1935 3229 2092 3286 Juda.

2196 2071 2216 2105 ‹
2259 2055 2318 2110 In
2349 2055 2602 2110 omnibus
2644 2069 2859 2124 quoque
2910 2054 3136 2109 urbibus
3165 2053 3302 2109 Juda
3331 2051 3606 2108 exstruxit
3666 2064 3792 2104 aras

2197 2164 2215 2199 ι
2259 2147 2327 2202 ad
2361 2146 2712 2201 cremandum
2745 2147 2872 2200 thus
2897 2153 3060 2216 atque
3090 2145 3157 2200 ad
3198 2144 3537 2198 iracundiam
3589 2155 3792 2211 provo-

2200 2255 2220 2289 ‹
2264 2238 2409 2292 cavit
2441 2237 2730 2292 Dominum
2757 2236 2925 2291 Deum
2954 2242 3173 2306 patrum
3201 2248 3477 2290 suorum.»
3497 2231 3631 2286 Hrec
3651 2231 3798 2286 sicut

2190 2329 2392 2398 scripta
2426 2329 2728 2399 reperimus
2772 2328 2876 2382 hoc
2920 2327 2977 2381 in
3021 2325 3140 2382 loco
3181 2324 3430 2395 ponenda
3479 2337 3605 2378 esse
3663 2336 3794 2377 cen-

2169 2420 2424 2488 suimus,
2452 2419 2647 2489 parati,
2680 2419 2725 2473 si
2761 2419 2852 2487 qui
2895 2417 3099 2488 aliquid
3127 2416 3253 2472 inde
3278 2416 3480 2472 certius
3505 2427 3792 2483 expresse-

2192 2513 2328 2578 rint,
2355 2527 2543 2567 eorum
2569 2511 2900 2567 sententiam
2934 2508 3263 2565 auscultare.

2270 2620 2289 2652 ι
2336 2601 2488 2655 Tunc
2513 2599 2757 2655 ascendit
2775 2600 2942 2654 Rasin
2973 2613 3070 2653 rex
3098 2597 3292 2669 Syria,
3317 2604 3374 2652 et
3400 2594 3620 2650 Phacee
3646 2594 3798 2651 ﬁlius

2199 2709 2220 2743 ‹
2265 2692 2544 2757 Romeliae,
2575 2707 2672 2747 rex
2693 2691 2878 2756 Israel,
2913 2690 2969 2744 in
2997 2688 3298 2746 Jerusalem
3321 2687 3388 2744 ad
3407 2687 3795 2748 praeliandum.

2169 2801 2219 2836 Δι
2260 2783 2505 2854 Cumque
2533 2782 2848 2838 obsiderent
2885 2781 3068 2836 Achaz
3094 2821 3110 2847 ,
3159 2793 3271 2835 non
3299 2778 3592 2833 valuerunt
3631 2791 3798 2848 supe-

2200 2891 2220 2927 r
2261 2888 2386 2930 rare
2409 2889 2553 2929 eum.
2592 2894 2610 2926 ι
2658 2872 2774 2928 Rex
2824 2872 3065 2941 impius,
3121 2870 3214 2940 qui
3264 2870 3552 2924 Dominum
3622 2867 3798 2923 Deum

2192 2974 2410 3037 patrum
2465 2981 2684 3022 suorum
2737 2964 3069 3035 dereliquit,
3123 2971 3180 3018 et
3235 2971 3454 3018 secutus
3501 2968 3588 3016 est
3650 2960 3798 3017 idola

2195 3059 2436 3132 gentium
2465 3098 2480 3124 ,
2528 3057 2675 3128 juste
2723 3055 2935 3110 Domini
2982 3054 3182 3109 auxilio
3234 3053 3526 3108 derelictus
3570 3061 3677 3106 est.
3737 3051 3802 3106 Et

2196 3160 2658 3210 consurrexerunt
2685 3150 2947 3225 adversus
2971 3163 3095 3204 eum
3127 3147 3293 3202 Rasin
3343 3161 3440 3202 rex
3473 3144 3650 3217 Syriae
3682 3185 3703 3211 ,
3749 3144 3799 3199 id

2201 3253 2287 3301 est
2309 3286 2324 3310 ,
2369 3245 2537 3299 Aram
2561 3252 2618 3299 et
2643 3241 2858 3297 Phacee
2896 3241 3037 3296 ﬁlius
3077 3238 3358 3306 Romeliaa,
3391 3254 3491 3294 rex
3526 3237 3701 3294 Israel
3747 3237 3798 3291 in

513 3328 532 3363 ‹
579 3311 782 3384 Viginti
813 3293 1078 3372 annorum
1105 3328 1226 3374 erat
1250 3293 1451 3386 Achaz,
1501 3336 1623 3377 cum
1648 3293 1878 3394 regnare
1903 3323 2092 3394 cuspis

2204 3335 2481 3401 Samaria;
2511 3342 2567 3390 et
2603 3339 2868 3388 venerunt
2917 3332 2973 3386 in
3019 3329 3340 3397 Jerusalem,
3397 3337 3456 3384 ut
3515 3344 3799 3400 expugna-

514 3421 534 3453 ‘
579 3410 690 3507 ξθῖξ
719 3414 774 3459 et
799 3407 1034 3507 θθίξθείῐη
1067 3409 1226 3507 “illis
1252 3413 1499 3482 τεεηενίι
1527 3413 1582 3468 in
1620 3411 1942 3469 εἶθΐυεθιθω·
1980 3413 2099 3470 Non
2199 3436 2322 3484 rent
2353 3443 2498 3484 eam.
2527 3428 2785 3500 Legimus
2815 3427 2870 3482 in
2901 3426 3349 3497 Paralipomenon
3380 3423 3520 3479 libro
3551 3423 3643 3494 (II
3661 3423 3797 3477 Par.

515 3511 533 3543 '
581 3493 712 3597 ἷθςίι
748 3498 894 3598 {luo}!
922 3507 1054 3598 fta!
1074 3499 1422 3598 _PlaCimm_i“
1448 3513 1740 3598 COHSPGCt}!
1768 3505 1980 3598 Ροφίξιί
2003 3505 2099 3598 Πέί
2199 3519 2415 3593 xxvm),
2443 3493 2636 3584 Basin,
2662 3534 2847 3592 regem
2871 3493 3160 3584 Damasci,
3185 3517 3331 3572 victo
3350 3493 3570 3579 Achaz,
3589 3515 3800 3570 multos

512 3603 533 3637 ι
576 3587 679 3649 sub
728 3587 870 3641 εῖουι
922 3587 1092 3643 Πενίά
1126 3599 1283 3658 Imter
1324 3590 1463 3660 eius.
1495 3593 1590 3650 sed
1616 3593 1983 3650 amblﬂaVilin
2011 3595 2100 3650 Via
2200 3610 2266 3665 de
2291 3587 2475 3664 Judaa
2508 3587 2834 3665 Damascum
2860 3607 3228 3673 transtulisse,
3254 3614 3310 3662 et
3336 3605 3587 3671 Phacee,
3621 3604 3797 3660 ﬁlium

516 3694 536 3729 ‹
581 3691 768 3772 regum
807 3678 990 3736 Israel.
1031 3681 1258 3754 Insuper
1278 3693 1334 3740 et
1363 3685 1532 3742 ﬁlium
1559 3703 1716 3744 suum
1741 3689 2096 3756 consecravit,
2200 3698 2478 3766 Βοωειῑεε,
2523 3716 2704 3772 regem
2746 3701 2932 3756 decem
2967 3700 3205 3755 tribuum
3231 3714 3352 3769 qua:
3378 3697 3802 3769 appellabantur

515 3785 536 3820 ι
582 3767 918 3827 transferens
965 3788 1064 3844 per
1109 3775 1285 3845 ignem
1318 3780 1612 3834 secundum
1644 3780 1784 3835 idola
1814 3781 2092 3852 gentium,

2198 3790 2410 3856 Israel,
2457 3801 2514 3846 et
2561 3767 2860 3863 regnabant
2904 3793 2960 3846 in
3000 3767 3273 3858 Samaria,
3305 3767 3536 3846 una'die
3572 3801 3800 3847 centum

517 3874 725 3954 inquas
745 3860 1032 3933 dissipavit
1056 3865 1317 3925 Dominus
1341 3884 1527 3926 coram
1554 3869 1678 3926 ﬁliis
1703 3869 1912 3937 Israel,
1945 3890 1964 3923 ι
1993 3878 2096 3928 etc.
2199 3883 2392 3954 νίείιιιί
2429 3883 2598 3938 mima
2628 3860 2975 3954 ’ρεταιιεείεεθ
3001 3885 3068 3941 de
3092 3883 3279 3943 δυάδα
3303 3885 3586 3942 hominum
3629 3886 3766 3941 heu;

697 3950 966 4052 ξοεεριιυε
995 3957 1178 4052 “life?
1201 3967 1388 4015 narrat
1419 3978 1431 4013 =
1469 3979 1488 4012 ι
1524 3959 1697 4017 Porro
1721 3960 1952 4017 Joathan
1978 3977 2101 4016 mu-
2201 3947 2404 4040 torum,
2432 3981 2489 4028 et
2517 3947 2750 4030 ducenta
2777 3975 2944 4031 millia
2985 3976 3274 4032 mulierum
3299 3992 3708 4048 puerorumque
3751 3985 3802 4034 et

512 4042 649 4094 tavit
666 4042 852 4146 vitam,
870 4061 993 4100 cum
1008 4046 1428 4146 vixissetaunos
1453 4066 1622 4146 unum
1642 4059 1697 4106 ει
1722 4051 2098 4146 αυθάνεείηὲθ,
2200 4065 2500 4136 puellarum
2538 4081 2664 4122 cum
2705 4068 2918 4125 inﬁnita
2939 4072 3120 4140 praeda
3159 4071 3215 4126 in
3246 4042 3547 4126 samariam
3572 4042 3801 4127 duxisse

510 4135 1085 4238 ξξξῐυίδυθξθεξθνξί
1111 4141 1391 4198 δυοάθοίω
1414 4183 1430 4209 ν
1475 4144 1830 4238 εεῗριξίῑυεξεῐ
1855 4145 2102 4238 ίημηῗείἰε
2201 4135 2437 4226 captiva.
2468 4158 2704 4214 Rursum
2734 4135 2962 4216 veniunt
3012 4163 3082 4217 ad
3113 4160 3354 4218 Iudaeam
3395 4170 3452 4218 et
3490 4161 3798 4218 Jerusalem

513 4229 899 4324 monumentis.
925 4229 1193 4300 Venitque
1213 4248 1438 4304 regnum
1462 4236 1529 4290 ad
1557 4233 1675 4304 ejus
1702 4233 1868 4290 ﬁlium
1895 4235 2092 4304 Achaz,

2201 4247 2429 4316 cupiunt
2455 4246 2724 4306 debellare
2747 4291 2764 4316 ,
2787 4259 2843 4306 et
2864 4267 2972 4307 non
2991 4260 3305 4324 potuerunt,
3337 4254 3463 4322 quia
3501 4254 3799 4309 auxiliatos

513 4313 607 4382 qui
640 4315 837 4387 impius
861 4319 1007 4376 circa
1036 4321 1207 4378 Deum
1237 4324 1500 4391 existens,
1545 4335 1600 4381 et
1626 4335 1866 4396 paternae
1889 4342 2101 4398 praava-

513 4402 721 4461 ricabor
747 4407 898 4481 legis,
935 4426 1092 4482 reges
1116 4414 1481 4470 Israelitarum
1508 4416 1775 4483 imitatus,
1806 4419 1861 4473 in
1888 4417 2103 4474 Jeroso-

511 4496 671 4570 lyniis
700 4500 967 4560 idolorum
998 4522 1120 4562 aras
1148 4509 1454 4576 constituit,
1481 4519 1536 4568 et
1559 4527 1721 4582 super
1758 4528 1851 4568 eas
1890 4512 2102 4569 sacriﬁ-

511 4591 675 4657 cavit,
705 4591 761 4646 in
788 4595 984 4662 quibus
1022 4597 1188 4651 etiam
1225 4613 1382 4653 suum
1407 4601 1462 4654 in
1505 4601 1882 4657 holocaustum
1906 4601 2103 4657 obtulit

511 4681 684 4736 ﬁlium
717 4697 868 4738 more
891 4685 1319 4753 Chananaeorum
1346 4732 1361 4755 ,
1396 4699 1450 4745 et
1478 4705 1639 4761 super
1662 4692 1778 4747 hrec
1801 4693 1970 4748 multa
1996 4693 2097 4748 alia

511 4772 719 4828 scelera
747 4779 1105 4846 perpetravit.
1149 4778 1370 4836 Musach
1401 4797 1617 4852 quoque
1661 4783 1903 4849 sabbati,
1956 4786 2099 4854 quod

510 4861 878 4920 :eciﬁcaverat
904 4865 960 4920 in
993 4867 1215 4939 templo,
1262 4878 1319 4924 et
1361 4871 1666 4943 ingressum
1688 4873 1833 4945 regis
1860 4875 2102 4930 exterius

510 4956 780 5010 convertit
808 4956 863 5010 in
889 4957 1150 5028 templum
1189 4959 1403 5016 Domini
1428 5001 1443 5028 ,
1474 4971 1698 5034 propter
1718 4978 1907 5036 regem
1929 4964 2099 5036 Assy-

510 5045 736 5110 riorum,
761 5053 868 5101 etc.
900 5067 918 5099 ι

581 5135 711 5206 Legi
738 5137 793 5192 in
825 5137 1106 5208 cujusdam
1136 5142 1276 5200 libro
1303 5147 1521 5202 musach
1547 5147 1755 5202 sabbati
1791 5147 2098 5218 expositum

508 5225 688 5282 locum
718 5233 1025 5299 quemdam,
1057 5235 1141 5290 vel
1171 5237 1460 5294 aediﬁcium
1503 5241 1776 5310 quoddam
1808 5255 1929 5297 esse
1953 5241 2099 5311 posi-

510 5325 624 5372 tum
654 5319 706 5374 in
735 5321 1001 5380 vestibqu
1029 5327 1216 5396 templi
1241 5326 1456 5384 Domini
1485 5369 1501 5396 ,
1527 5331 1617 5385 ubi
1655 5347 1831 5401 reges,
1878 5333 2097 5403 quando

510 5405 564 5463 in
597 5411 822 5468 sabbato
857 5416 1120 5474 orationis
1153 5433 1315 5477 causa
1365 5422 1432 5477 ad
1464 5423 1724 5493 templum
1772 5424 1945 5491 ibant,
1996 5441 2093 5496 pe-

509 5502 727 5558 cuniam
756 5520 857 5574 pro
885 5507 1228 5581 elcemosyna
1254 5512 1648 5583 immittebant;
1677 5523 1732 5572 et
1767 5516 1838 5571 ita
1873 5516 2091 5570 musaclt

508 5591 715 5646 sabbati
742 5598 1189 5668 gazophylacium
1230 5616 1351 5660 esse
1377 5619 1562 5676 regum
1591 5646 1607 5672 ,
1643 5607 1785 5662 sicut
1808 5607 2092 5661 corbonam

509 5692 595 5785 est
627 5688 993 5785 sacerdotum.
1042 5693 1270 5749 Videtur
1309 5699 1452 5754 enim
1495 5702 1676 5756 Achaz
1716 5703 1890 5772 ipsum
1926 5701 2093 5756 aediﬁ-

510 5777 654 5829 cium
683 5786 739 5832 et
767 5777 1068 5850 ingressum
1112 5785 1256 5856 regis
1297 5788 1536 5842 exterius
1566 5803 1670 5841 non
1701 5789 1821 5842 ideo
1867 5803 2092 5842 conver-

511 5863 643 5922 tisse
672 5869 727 5924 in
757 5871 1012 5942 templum
1039 5875 1272 5950 Domini,
1310 5881 1450 5948 quod
1481 5880 1534 5933 in
1566 5894 1630 5937 eo
1659 5879 1827 5937 cultui
1860 5880 2092 5934 servire-

2201 4349 2288 4396 est
2307 4342 2358 4396 ei
2384 4342 2644 4399 Dominus
2672 4384 2688 4411 ,
2715 4354 2777 4400 ut
2801 4345 2904 4400 sub
2929 4347 3216 4403 occasione
3244 4347 3657 4415 misericordia,
3691 4363 3798 4418 qua

2203 4437 2460 4506 populum
2501 4437 2769 4494 liberabat
2799 4440 3102 4507 obsessum,
3132 4441 3302 4496 ﬁlium
3328 4455 3486 4497 suum
3515 4444 3800 4498 nuntiaret

2205 4526 2271 4581 de
2307 4527 2529 4598 Virgine
2575 4530 2934 4597 nasciturum,
2984 4531 3125 4587 sicut
3165 4531 3319 4587 Isaiae
3349 4533 3631 4603 propheta:
3661 4533 3798 4589 liber

2205 4627 2614 4672 commemorat.
2671 4617 2810 4676 Huic
2853 4635 2962 4676 non
3013 4635 3112 4676 suo
3152 4622 3384 4689 merito,
3436 4623 3532 4678 sed
3579 4622 3796 4679 Domini

2205 4708 2379 4778 gratia
2425 4711 2756 4765 ostendenda
2783 4751 2799 4777 ,
2844 4712 3029 4782 egredi
3082 4712 3135 4766 in
3173 4727 3459 4768 occursum
3499 4713 3674 4768 Isaias
3713 4715 3797 4785 ju-

2203 4797 2363 4854 betur
2398 4799 2465 4852 ad
2509 4808 2814 4856 extremum
2852 4802 3202 4872 aquaeductus
3237 4803 3461 4873 piscinae
3495 4805 3796 4874 superioris

2205 4886 2260 4942 in
2299 4887 2385 4943 via
2419 4889 2533 4961 agri
2559 4889 2801 4959 fullonis,
2836 4899 2894 4947 et
2923 4893 3108 4948 dicere
3141 4892 3211 4948 ad
3231 4907 3356 4949 eum
3382 4909 3398 4948 :
3429 4911 3449 4946 ‹
3478 4894 3620 4950 Vide
3641 4903 3710 4950 ut
3727 4896 3797 4950 si-

2202 4978 2337 5047 leas,
2366 4981 2478 5036 noli
2505 4982 2697 5038 timere
2714 5023 2730 5050 ,
2758 4991 2815 5039 et
2839 4997 2935 5039 cor
2966 4993 3120 5040 tuum
3145 5000 3214 5041 ne
3238 4984 3495 5043 formidet
3521 5001 3553 5040 a
3581 4987 3794 5044 duabus

2204 5070 2391 5126 caudis
2416 5071 2667 5127 titionum
2705 5072 3083 5142 fumigantium
3114 5075 3342 5130 istorum
3381 5075 3436 5130 in
3480 5077 3561 5131 ira
3592 5075 3794 5133 furon's

2201 5161 2370 5216 Rasin
2415 5164 2558 5233 regis
2603 5163 2813 5236 Syriae,
2873 5174 2930 5220 et
2975 5165 3070 5220 ﬁlii
3139 5167 3434 5234 Romelite,
3487 5168 3738 5225 dicentes
3775 5187 3792 5226 :

2197 5252 2573 5336 Ascendamus
2617 5255 2684 5308 ad
2723 5253 2940 5322 Judam,
2975 5265 3030 5311 et
3050 5257 3377 5315 suscitemus
3404 5274 3550 5324 eum,
3577 5269 3634 5316 et
3654 5261 3794 5318 evel-

2199 5340 2375 5397 lamus
2399 5357 2524 5396 eum
2551 5343 2619 5398 ad
2651 5359 2782 5412 nos,
2801 5353 2856 5402 et
2883 5361 3150 5416 ponamus
3182 5364 3363 5421 regem
3393 5350 3448 5406 in
3471 5353 3655 5408 medio
3675 5351 3792 5420 (gius

2199 5429 2369 5486 ﬁlium
2417 5430 2709 5488 Thabehel.
2761 5434 2886 5491 Haec
2924 5437 3058 5493 dicit
3105 5439 3366 5496 Dominus
3421 5443 3565 5498 Deus
3615 5461 3631 5499 :
3671 5443 3792 5499 Non

2196 5523 2460 5589 stabit,ut
2486 5541 2593 5580 non
2619 5526 2723 5580 erit
2749 5527 2931 5596 istud;
2960 5531 3058 5586 sed
3081 5542 3242 5603 caput
3269 5533 3440 5606 Syriae
3461 5535 3787 5604 Damascus,

2197 5621 2253 5667 et
2274 5622 2436 5682 caput
2460 5615 2708 5670 Damasci
2729 5618 2916 5674 Rasin.
2947 5621 3015 5674 Et
3038 5623 3214 5677 adhuc
3234 5625 3514 5696 sexaginta
3539 5636 3596 5682 et
3621 5631 3788 5698 quin-

2199 5719 2302 5774 que
2353 5707 2513 5768 anni,
2552 5717 2606 5761 et
2659 5709 2874 5763 deﬁciet
2913 5711 3170 5780 Ephraim
3211 5728 3331 5770 esse
3368 5717 3596 5787 populus
3622 5718 3784 5790 (Icci.

2198 5791 2319 5862 vn).
2355 5790 2497 5846 Duas
2544 5802 2724 5850 autem
2774 5800 2972 5855 caudas
3019 5802 3288 5868 titionum,
3318 5805 3372 5860 id
3399 5815 3510 5871 est,
3552 5810 3784 5866 torrium

2201 5881 2577 5974 fumigantium
2607 5898 2762 5944 vocat
2809 5889 3006 5960 Rasin,
3061 5909 3241 5964 regem
3272 5893 3463 5966 Syriae,
3489 5907 3545 5955 et
3565 5897 3782 5979 Phacee
