3958 6466
205 406 317 464 249

1384 402 1451 459 ΙΝ
1488 401 1741 495 LIBROS
1768 401 1835 459 IV
1877 401 2138 497 DEGUM.
2176 434 2245 447 —-
2283 405 2351 462 IN
2386 406 2514 463 LIB.
2552 352 2642 464 IV.

3360 415 3465 475 250

207 518 382 580 ﬁlium
422 513 679 575 Romelia:
708 562 723 588 ,
771 488 1271 593 regemS'a‘mari‘ai,
1316 536 1381 577 eo
1407 506 1547 592 quod
1582 502 1643 575 in‘
1672 488 1785 575 illis
1806 488 2174 589 Asuperioris
2246 502 2365 591 quae
2393 529 2513 578 erat
2540 522 2595 577 in
2624 535 2754 594 agro
2780 519 3016 589 fullonis,
3049 521 3139 579 ubi
3175 525 3365 582 sordes
3407 532 3469 584 et

202 612 420 669 ﬁnitqu
442 612 515 667 sit
534 626 759 684 regnum
788 603 979 686 syriae,
1005 613 1186 695 idest,
1205 613 1477 679 Damasci,
1492 620 1545 668 et
1560 628 1784 684 regnum
1814 624 1821 635 '

200 700 471 766 Samariae
496 744 512 771 ,
542 705 596 759 id
623 714 726 772 est,
757 707 940 763 decem
982 706 1242 773 tribuum,
1278 720 1398 777 qua:
1434 705 1540 761 alio
1571 707 1786 762 nomine

194 794 619 867 appellabantur
641 796 919 867 Ephraim.
945 796 1233 870 Sexaginta
1260 807 1436 853 autem
1469 807 1522 853 et
1549 798 1787 869 quinque

148 914 159 922 ο
198 885 332 940 anni
358 898 464 941 non
499 901 531 941 a
570 888 899 958 temporibus
925 888 1128 955 Achaz,
1175 888 1268 944 sed
1304 890 1372 945 ab
1395 889 1540 946 Oziae
1565 902 1788 945 enume-

196 976 413 1031 rantur.
452 976 620 1047 Igitur
651 977 862 1034 Hebrrci
892 979 1035 1035 hunc
1058 980 1331 1035 locum'ita
1375 980 1693 1047 edisserunt,
1729 988 1788 1036 ut

196 1065 367 1122 'Amos
413 1068 507 1138 qui
560 1068 660 1124 sub
692 1068 822 1125 Ozia
861 1071 1025 1142 erepit
1060 1074 1435 1143 "prophetare,
1483 1075 1699 1144 quando
1733 1082 1787 1130 et

190 1156 370 1214 "Isaias
396 1159 690 1231 prophetiae
735 1177 846 1217 suae
872 1162 1061 1217 habuit
1093 1164 1408 1231 exordium,
1434 1165 1639 1235 primus
1661 1180 1786 1236 pro-

193 1250 506 1320 phetaverit
557 1261 743 1307 contra
786 1253 950 1308 Israel
985 1294 1001 1320 ,
1056 1255 1290 1310 dicens:
1327 1274 1346 1306 ι
1395 1255 1558 1312 Israel
1606 1265 1785 1313 autem

198 1343 447 1415 captivus
474 1343 701 1401 ducetur
736 1348 801 1403 de
827 1356 971 1403 terra
1007 1364 1105 1405 sua
1155 1349 1334 1424 (Amos
1368 1352 1464 1425 vn)
1491 1368 1505 1419 ;
1548 1372 1567 1405 ι
1599 1354 1787 1409 titulus

196 1444 415 1508 quoque
444 1440 741 1509 prophetia:
767 1438 883 1509 ejus
909 1450 1097 1498 contra
1129 1442 1431 1499 Samariam
1461 1445 1552 1511 sit,
1582 1453 1639 1501 et
1662 1456 1787 1516 pro-

182 1529 425 1600 iphetare
450 1531 678 1601 coeperit
706 1532 758 1586 in
786 1532 977 1589 diebus
1002 1533 1147 1590 Oziae
1171 1535 1314 1606 regis
1332 1534 1492 1603 Juda,
1510 1544 1634 1591 ante
1654 1536 1788 1594 duos

182 1608 365 1674 'annos
404 1628 765 1678 terraemotus.
815 1624 984 1692 Quem
1033 1625 1219 1681 volunt
1258 1642 1323 1682 eo
1359 1634 1602 1699 tempore
1647 1626 1789 1684 acci-

196 1709 360 1776 disse,
397 1725 511 1780 quo
541 1712 815 1785 ingressus
852 1714 1012 1773 Ozias
1055 1717 1110 1772 in
1147 1719 1405 1790 templum
1442 1720 1537 1774 Dei
1566 1718 1668 1775 sibi
1700 1736 1788 1775 sa-

178 1800 496 1856 -cerdotium
527 1804 872 1874 vindicabat,
917 1816 972 1863 et
1002 1816 1146 1864 terra
1187 1824 1446 1881 percussa
1475 1819 1588 1878 est,
1622 1820 1676 1867 et
1704 1812 1786 1867 ci-

177 1890 349 1947 ‘neres
370 1892 565 1949 altaris
584 1894 738 1951 effusi
767 1905 924 1966 sunt,
953 1906 1009 1954 et
1038 1900 1154 1970 ipse
1180 1915 1275 1956 rex
1300 1917 1590 1972 percussus
1634 1902 1785 1973 lepra

195 1980 278 2051 (ΙΙ
309 1982 445 2038 Par.
476 1986 649 2058 xxvi).
687 1989 886 2045 Volunt
917 1999 1099 2047 autem
1147 2008 1345 2048 annum
1394 1994 1560 2051 fuisse
1588 1996 1786 2067 vigesi-

170 2088 338 2131 'mum
369 2078 623 2148 quintum
652 2080 816 2149 Ozias,
854 2084 1072 2154 quando
1110 2085 1227 2141 haec
1273 2086 1605 2153 acciderunt,
1633 2087 1786 2157 cujus

192 2169 380 2241 reliqui
412 2173 544 2227 anni
573 2183 701 2229 sunt
735 2176 922 2247 viginti
953 2186 1179 2248 septem.
1214 2177 1415 2234 Omnes
1443 2181 1585 2235 enim
1617 2195 1787 2237 annos

170 2258 445 2330 're‘gnavit
471 2263 861 2336 quinquaginta
903 2268 1057 2323 duos.
1088 2269 1218 2324 Post
1241 2285 1363 2326 eum
1392 2272 1637 2343 regnavit
1658 2270 1785 2328 Joa-

189 2348 336 2405 tham
394 2351 547 2409 ﬁlius
603 2354 719 2425 ejus
748 2397 764 2424 ,
810 2358 966 2413 annis
996 2360 1295 2427 sedecim;
1343 2371 1399 2417 et
1445 2360 1607 2432 hujus
1644 2363 1787 2421 ﬁlius

166 2440 367 2498 'Achaz
407 2444 536 2501 aliis
565 2448 819 2503 sedecim.
852 2447 981 2505 Post
1007 2464 1168 2520 quem
1200 2452 1448 2523 regnavit
1474 2453 1736 2509 Ezechias
1768 2495 1785 2522 ,

191 2534 341 2603 cujus
388 2546 551 2593 sexto
588 2539 798 2609 imperii
825 2556 967 2596 anno
1010 2553 1173 2614 capta
1209 2543 1456 2599 Samaria
1487 2554 1591 2612 est,
1624 2546 1788 2617 atque

161 2619 264 2682 ’ita
291 2626 435 2685 eﬁici
476 2630 641 2685 simul
668 2647 839 2689 annos
867 2626 1163 2711 sexaginta
1192 2632 1452 2713 quinque.
1509 2636 1788 2713 Scriptum

164 2726 273 2777 ’est
293 2724 444 2780 enim
469 2726 614 2797 quod
644 2708 1165 2811 Theglathphalasar
1188 2708 1297 2789 rex
1316 2708 1671 2806 Assyriorum
1687 2725 1788 2793 sub

160 2818 315 2903 ‘rege
351 2816 539 2873 Achaz
578 2818 888 2878 ascenderit
929 2825 985 2879 in
1031 2812 1371 2882 Damascum
1390 2836 1446 2883 et
1496 2828 1792 2885 vastaverit

190 2918 331 2972 eam,
386 2916 448 2964 et
494 2912 833 2969 transtulerit
881 2916 1216 2973 habitatores
1261 2917 1381 2988 ejus
1418 2914 1685 2991 Cyrenen,
1735 2916 1791 2976 et

164 2995 359 3055 ‘Rasin
389 3000 730 3061 interfecerit
759 3047 774 3073 ,
805 3015 860 3064 et
889 3011 1034 3080 quod
1074 3012 1364 3068 tetenderit
1398 3010 1621 3070 insidias
1651 3014 1790 3071 Pha-

191 3102 284 3145 cee
306 3131 322 3157 ,
369 3090 486 3148 ﬁlio
530 3095 820 3165 Romelite,
853 3096 989 3155 Osee
1015 3100 1158 3157 ﬁlius
1187 3100 1342 3169 Hela,
1373 3113 1429 3159 et
1460 3106 1791 3175 percusserit

189 3193 336 3249 eum,
382 3191 439 3239 et
482 3184 819 3243 interfecerit
866 3197 921 3245 et
968 3194 1279 3263 regnaverit
1300 3182 1400 3264 pro
1425 3195 1515 3250 illo
1544 3196 1598 3251 in
1624 3195 1788 3253 Israel

190 3274 348 3329 annis
372 3292 599 3344 novem;
621 3286 677 3335 et
703 3281 847 3349 quod
867 3282 1077 3338 venerit
1103 3282 1457 3343 Salmanasar
1476 3268 1573 3344 rex
1597 3290 1787 3365 Assur,

160 3368 244 3419 "et
271 3367 554 3423 obsederit
580 3369 910 3439 Samariam,"
933 3389 1054 3444 quae
1079 3392 1224 3433 nunc
1250 3375 1516 3436 Sebasten
1540 3390 1787 3452 vocatur,

156 3474 163 3541 ί
188 3457 376 3513 tribus
403 3459 579 3527 annis,
609 3468 665 3515 et
693 3477 836 3518 nono
863 3478 1006 3521 anno
1037 3468 1189 3538 regni
1217 3466 1358 3525 Osee
1401 3472 1605 3541 ceperit
1634 3486 1788 3540 eam;
1849 3460 1875 3524 ί

187 3544 508 3618 victumque
533 3548 671 3606 Osee
702 3551 757 3607 in
799 3568 1077 3610 carcerem
1106 3558 1349 3627 miserit,
1373 3567 1428 3614 et
1453 3562 1792 3618 transtulerit

190 3635 355 3693 Israel
386 3639 442 3694 in
473 3638 751 3712 Assyrios,
783 3646 1135 3718 posueritque
1164 3664 1261 3706 eos
1289 3651 1346 3706 in
1384 3651 1582 3718 Ailam,
1638 3663 1694 3708 et
1735 3654 1789 3709 in

195 3726 435 3797 Thabor,
455 3730 614 3800 juxta
637 3731 836 3789 ﬁumen
865 3736 1090 3804 Gozam,
1123 3739 1177 3794 in
1204 3740 1550 3810 civitatibus,
1577 3743 1691 3799 sive
1712 3743 1793 3816 (ut

162 3816 552 3891 :Septuaginta
598 3823 1013 3896 transtulerunt)
1068 3828 1123 3881 in
1161 3830 1437 3886 montibus
1487 3831 1787 3888 Medorum.

194 3905 350 3965 Juxta
364 3926 643 3984 anagogen
657 3913 832 3970 facilis
844 3916 1218 3987 interpretatio
1230 3928 1333 3987 est,
1349 3922 1512 3992 quod,
1528 3933 1792 3992 regnante

195 3998 373 4061 Achaz
408 4018 537 4075 rege
565 4005 753 4076 impio,
782 4021 875 4062 rex
912 4008 1101 4075 Aram,
1143 4011 1236 4082 qui
1274 4004 1666 4084 interpretatur
1694 4031 1790 4070 ex-

200 4090 366 4148 celsus
391 4100 558 4165 atque
583 4096 843 4165 sublimis,
874 4106 937 4153 ut
961 4098 1165 4155 indicet
1183 4105 1548 4174 arrogantiam
1577 4107 1793 4176 sapien-

197 4180 281 4236 tiae
307 4184 519 4252 saeculi,
565 4195 621 4242 et
670 4185 885 4244 Phacce
926 4188 1071 4246 filius
1117 4190 1377 4249 Romeliae
1429 4194 1544 4266 (qui
1585 4203 1640 4251 et
1676 4196 1792 4267 ipse

192 4270 343 4340 juxta
371 4275 518 4333 Osee
544 4281 862 4349 prophetam
904 4288 960 4336 et
998 4280 1200 4337 tribum
1234 4284 1495 4355 Ephraim
1520 4328 1534 4353 ,
1584 4288 1649 4342 de
1686 4303 1792 4357 qua

199 4359 505 4433 Jeroboam,
537 4368 679 4424 ﬁlius
703 4370 917 4425 Nabath
942 4411 958 4438 ,
988 4372 1193 4429 vitulos
1218 4389 1412 4431 aureos
1442 4375 1496 4429 in
1522 4375 1712 4431 Bethel
1737 4387 1793 4433 et

162 4460 165 4467 ‘
202 4450 312 4509 Dan
360 4457 739 4528 constituerat,
799 4470 853 4517 et
904 4477 935 4516 a
967 4463 1130 4521 domo
1163 4463 1334 4521 David
1394 4466 1491 4521 Dei
1539 4467 1793 4538 populum

1888 611 2115 667 maculae
2142 613 2511 682 purgabantur
2532 612 2665 683 (Isa.
2689 611 2808 685 vn).
2832 612 3087 681 Quamvis
3107 615 3249 670 enim
3276 614 3463 672 Achaz

1884 713 2138 776 regnaret
2163 720 2324 776 super
2348 702 2563 771 Judam,
2604 711 2785 761 tamen
2822 706 2949 776 quia
2990 706 3185 778 impius
3222 715 3361 774 erat,
3407 707 3466 763 in

1872 797 2182 868 superioris
2209 796 2429 868 piscina:
2450 796 2713 852 extremis
2738 796 2933 853 finibus
2958 798 3292 854 morabatur.
3322 799 3468 871 Ergo

1874 889 2031 945 EDeus
2061 905 2170 944 non
2202 899 2311 945 tam
2337 889 2484 961 regis
2505 888 2814 954 miseretur,
2839 902 3000 958 quem
3025 888 3302 961 indignum
3323 888 3469 945 aesti-

1874 984 2069 1039 mabat
2093 983 2293 1049 salute,
2338 998 2499 1053 quam
2526 982 2708 1054 populi
2735 983 2839 1037 sui.
2873 982 3017 1037 Duas
3047 990 3227 1038 autem
3267 983 3468 1038 caudas

1870 1072 2118 1129 'torrium
2158 1074 2534 1147 fumigan‘tium
2558 1116 2573 1141 ,
2618 1081 2687 1129 ut
2722 1072 2875 1145 prius
2902 1071 3159 1137 diximus,
3190 1083 3350 1128 vocat
3375 1087 3466 1129 sa-

1884 1165 2145 1236 pientiam
2218 1165 2531 1220 saecularem
2562 1205 2578 1231 ,
2638 1162 3063 1233 luereticumque
3110 1178 3419 1219 sermonem
3447 1203 3467 1230 ,

1887 1247 2113 1327 quorum
2152 1258 2275 1314 finis
2314 1257 2526 1313 exustio
2566 1263 2668 1311 est.
2705 1255 2807 1324 Qui
2852 1254 3053 1310 frustra
3076 1254 3316 1310 inierunt
3336 1269 3471 1310 con-

1887 1348 2065 1403 silium
2094 1390 2108 1416 ,
2133 1350 2207 1403 ut
2226 1348 2581 1405 ascenderent
2609 1356 2796 1403 contra
2824 1346 3017 1402 ludam
3042 1387 3057 1413 ,
3091 1353 3146 1402 et
3173 1346 3329 1425 quasi
3374 1360 3472 1401 ne-

1868 1439 2174 1511 "gligentem
2200 1449 2257 1495 et
2279 1441 2636 1497 dormientem
2659 1447 2949 1510 caperent,
2977 1447 3031 1494 et
3059 1438 3172 1494 suis
3194 1437 3473 1493 erroribus

1888 1532 2242 1602 copularent,
2296 1538 2666 1601 ponerentque
2716 1545 2880 1601 super
2929 1543 3053 1584 eum
3091 1542 3273 1598 regem
3300 1526 3470 1581 ﬁlium

1889 1621 2147 1690 Tabehel,
2176 1624 2280 1678 hoc
2301 1631 2408 1689 est,
2448 1624 2649 1679 bonum
2692 1622 2885 1678 Deum.
2923 1621 3162 1691 Uterque
3191 1620 3337 1676 enim
3378 1616 3475 1675 ad-

1886 1714 2200 1779 versarius,
2250 1713 2391 1785 apud
2426 1728 2485 1770 se
2531 1715 2856 1781 veritatem,
2904 1713 3047 1783 apud
3095 1725 3153 1768 se
3211 1712 3470 1782 optimam

1889 1806 2121 1861 aestimat
2144 1821 2265 1861 esse
2295 1807 2623 1861 doctrinam;
2649 1806 2892 1875 Denique
2915 1804 3157 1859 Marcion
3183 1803 3475 1858 haereticus

1814 1887 1860 1946 Β
1887 1898 2087 1953 bonum
2117 1898 2211 1953 Dei
2234 1898 2448 1965 Filium,
2484 1899 2584 1954 hoc
2614 1905 2717 1964 est,
2746 1898 2970 1953 alterius
2990 1904 3146 1969 putat
3174 1910 3293 1951 esse
3313 1892 3473 1951 Chri-

1876 1998 2048 2058 ‘stum,
2080 1999 2135 2047 et
2162 2007 2268 2047 non
2291 1990 2446 2060 justi,
2471 1990 2623 2060 cujus
2645 1991 2920 2062 prophetae
2955 1997 3123 2056 sunt,
3155 2002 3317 2058 quem
3346 2000 3474 2041 san-

1886 2083 2212 2153 guinarium,
2258 2081 2529 2137 crudelem
2564 2090 2619 2135 et
2642 2081 2879 2152 judicem
2907 2086 3081 2134 vocat.
3115 2077 3241 2132 Haec
3268 2075 3375 2130 illis
3396 2074 3479 2130 di-

1887 2174 2133 2229 centibus
2173 2173 2434 2228 Dominus
2475 2172 2867 2238 comminatur,
2901 2169 3044 2240 quod
3084 2184 3191 2224 non
3220 2175 3328 2223 stet
3350 2179 3479 2221 con-

1868 2263 2068 2318 ‘silium
2113 2278 2341 2328 eorum;
2397 2261 2490 2317 sed
2542 2262 2758 2317 interim
2805 2274 3080 2330 nunquam
3129 2258 3220 2313 diu
3248 2255 3479 2311 mundus

1862 2355 1991 2410 iste
2035 2362 2185 2420 stat,
2229 2363 2285 2409 et
2328 2366 2393 2408 ea
2439 2366 2560 2424 qua:
2594 2353 2781 2407 mundi
2811 2361 2941 2406 sunt
2995 2351 3050 2404 in
3116 2349 3230 2405 suis
3280 2347 3480 2403 finibus

1880 2448 1943 2500 et
1971 2445 2025 2499 in
2055 2444 2167 2499 suis
2192 2443 2414 2498 urbibus
2441 2444 2809 2498 dominentur.
2838 2441 2976 2497 Cum
3000 2447 3181 2495 autem
3224 2450 3480 2493 consum~

1856 2538 2144 2594 rmationis
2173 2544 2397 2608 tempus
2420 2537 2700 2592 advenerit
2730 2574 2744 2599 ,
2790 2535 3004 2603 hocque
3040 2530 3325 2602 sexaginta
3371 2529 3482 2585 duo

1888 2629 2037 2695 anni,
2061 2628 2227 2683 etiam
2258 2627 2561 2683 mundi‘res
2597 2638 2717 2696 quae
2751 2627 2804 2680 in
2840 2636 2943 2680 sex
2961 2623 3121 2678 annis
3148 2616 3305 2676 facta:
3327 2625 3480 2687 sunt,

1889 2736 2052 2792 quam
2081 2720 2261 2776 omnia
2293 2760 2307 2785 ,
2364 2735 2485 2789 qua;
2530 2718 2600 2793 ad
2637 2717 2874 2795 quinque
2925 2728 3117 2769 sensus
3162 2711 3480 2783 pertinent,

1890 2813 2053 2869 ﬁnem
2087 2810 2400 2882 acceperint
2426 2826 2440 2875 ;
2466 2818 2595 2864 tunc
2622 2808 2876 2863 universa
2905 2819 3027 2861 esse
3052 2800 3327 2867 sdlvenda,
3359 2813 3483 2870 qua:

1861 2892 2129 2978 *gentile's‘
2163 2913 2218 2960 et
2259 2902 2499 2959 haeretici
2550 2901 2733 2956 futura
2762 2913 2869 2955 non
2895 2897 3146 2962 credunt,
3178 2904 3234 2952 et
3261 2900 3484 2966 propter

1888 2986 2260 3052 infidelitatem
2289 3010 2396 3050 non
2431 2991 2743 3063 intelligunt
2773 3006 2894 3062 quas
2924 2989 3194 3045 dicuntur.

1816 3231 1975 3299 C.De
1998 3241 2354 3298 translatione
2372 3240 2551 3295 decem
2572 3239 2803 3310 tribuitur
2832 3254 2950 3310 quae
2973 3234 3261 3309 regnabant
3287 3235 3350 3310 in
3381 3228 3484 3290 Sa."-

1965 3313 2158 3379 maria,
2188 3314 2246 3366 in
2284 3311 2533 3380 Assyrios
2572 3327 2664 3380 per
2710 3306 3057 3366 Saluianasar
3098 3322 3267 3380 regent
3316 3306 3481 3380 Assy-

1965 3376 2186 3454 riorum,
2217 3383 2273 3436 in
2299 3376 2486 3454 quibus
2518 3376 2645 3454 locis
2668 3379 2849 3454 itidem
2894 3380 3004 3450 ipse
3035 3376 3306 3454 rexialios
3341 3376 3485 3454 colo-

1965 3469 2059 3509 nos
2087 3445 2342 3506 adductos
2380 3448 2653 3521 substituit
2677 3452 2764 3521 qui
2803 3445 2926 3521 deos
2972 3447 3221 3521 proprios
3244 3462 3384 3521 quos
3422 3445 3484 3499 in

1964 3534 2108 3579 terra
2136 3540 2235 3578 sua
2272 3522 2577 3587 coluerunt,
2616 3516 2699 3574 ibi
2737 3516 3001 3586 colebant,
3040 3516 3089 3573 et
3146 3516 3484 3573 nihilominus

1965 3595 2134 3657 Deum
2160 3592 2352 3649 Israel.

1966 3726 2115 3801 (Car.
2167 3724 2326 3799 xvn.)
2365 3744 2385 3777 ‹
2435 3723 2717 3796 Iratusque
2737 3731 2823 3781 est
2848 3723 3109 3780 Dominus
3135 3717 3486 3779 vehementer

1850 3836 1855 3841 ι
1900 3837 1919 3871 ι
1963 3818 2168 3885 Israeli,
2193 3826 2249 3874 et
2270 3817 2492 3873 abstulit
2520 3832 2615 3872 eos
2643 3833 2671 3870 a
2703 3823 2995 3886 conspectu
3021 3830 3139 3881 suo,
3175 3822 3231 3868 et
3257 3828 3363 3869 non
3392 3828 3483 3869 re-

1899 3929 1920 3964 r
1962 3911 2163 3967 mansit
2187 3908 2292 3967 nisi
2327 3911 2499 3967 tribus
2519 3909 2655 3965 Juda
2694 3909 3084 3964 tantummodo.
3112 3906 3219 3965 Sed
3242 3921 3345 3962 nec
3370 3906 3486 3976 ipse

1900 4017 1919 4051 ι
1960 3998 2128 4055 Judas
2162 4000 2459 4055 custodivit
2488 3999 2743 4054 mandata
2767 3997 2979 4053 Domini
3012 3996 3107 4050 Dei
3136 3996 3239 4050 sui.
3260 3994 3487 4049 Verum-

1901 4108 1921 4143 ‹
1966 4100 2151 4146 tamen
2180 4089 2476 4146 ambulavit
2531 4089 2585 4145 in
2618 4088 2899 4144 erroribus
2947 4085 3135 4151 Israel,
3167 4099 3303 4155 quos
3356 4098 3485 4156 ope-

1901 4201 1921 4234 ‹
1965 4190 2116 4239 ratus
2157 4181 2356 4238 fuerat.
2429 4180 2776 4252 Projecitque
2852 4178 3116 4235 Dominus
3180 4191 3340 4232 omne
3396 4164 3484 4232 se?

1902 4293 1921 4327 ‹
1964 4290 2088 4330 men
2107 4274 2292 4340 Israel,
2311 4282 2366 4329 et
2390 4271 2684 4327 alllixiteos
2703 4279 2759 4327 et
2780 4271 3002 4326 tradidit
3026 4284 3119 4326 eos
3148 4269 3201 4323 in
3224 4283 3389 4323 manu
3407 4266 3488 4322 di-

1902 4383 1923 4418 ‹
1968 4366 2276 4436 ripientium
2306 4365 2478 4420 donec
2499 4363 2788 4434 projiceret
2808 4376 2900 4417 eos
2923 4377 2953 4415 a
2976 4361 3114 4416 facie
3133 4374 3253 4424 sua,
3300 4379 3320 4412 ι
3367 4366 3479 4414 etc.

1899 4456 2192 4512 Subversio
2216 4463 2398 4509 autem
2435 4453 2827 4518 Israelitarum,
2870 4468 2991 4521 qua:
3022 4452 3091 4506 ab
3127 4449 3361 4520 Assyria:
3400 4462 3486 4502 re-

203 4557 565 4616 separaverat,
591 4560 645 4607 et
667 4562 957 4623 propterea
984 4556 1222 4613 refertur
1247 4556 1315 4612 ad
1338 4558 1642 4632 haereticos)
1666 4576 1794 4616 con.
1817 4588 1872 4650 Β
1898 4548 2053 4621 gibus
2074 4554 2383 4619 perpetrata
2404 4555 2506 4613 est,
2533 4545 2663 4615 quid
2676 4543 2965 4614 signiﬁcat,
2980 4542 3085 4597 nisi
3098 4538 3402 4650 mirabilem
3427 4545 3484 4594 et

205 4639 399 4695 sentiat
421 4642 550 4710 sibi,
579 4651 643 4699 ut
667 4655 979 4718 expugnent
1006 4649 1330 4705 Ecclesiam.
1359 4650 1515 4718 Quod
1543 4668 1666 4707 cum
1690 4668 1790 4709 au:-

206 4724 362 4785 dierit
412 4734 607 4791 domus
651 4735 823 4793 David
852 4779 867 4805 ,
901 4754 1063 4808 quem
1117 4741 1171 4796 in
1202 4742 1487 4798 Ezechiele
1515 4752 1791 4814 pastorem

206 4814 400 4877 bonum
430 4822 664 4895 legimus
696 4827 1019 4883 suscitatum
1049 4870 1064 4896 ,
1094 4837 1150 4885 et
1173 4830 1402 4901 populus
1427 4831 1543 4901 ejus
1585 4833 1792 4903 simpli-

209 4906 338 4967 citer
360 4915 592 4971 credens
618 4916 674 4971 in
702 4916 933 4975 Domino
959 4920 1338 4990 pertimescit,
1377 4929 1433 4976 et
1465 4921 1588 4978 ideo
1615 4927 1790 4994 perti-

166 5006 169 5011 ‘
210 5005 416 5073 meseit,
438 5008 566 5078 quia
595 5022 707 5065 non
730 5010 1016 5067 arboribus
1042 5011 1338 5084 frugiferis,
1367 5014 1463 5070 sed
1492 5012 1793 5071 infructuo-

214 5103 272 5147 so
320 5097 480 5154 saltui
537 5110 907 5171 comparatur.
978 5103 1208 5160 Eosdem
1268 5112 1449 5161 autem
1508 5105 1793 5164 haereticos

172 5186 175 5187 ⁷
216 5191 368 5256 atque
395 5192 625 5263 gentiles
664 5203 855 5250 contra
895 5195 1116 5252 domum
1151 5196 1322 5278 David
1347 5209 1792 5270 argumentorum

217 5284 269 5331 et
307 5281 601 5343 dialectica:
653 5287 787 5343 artis
838 5287 1030 5360 gladiis
1087 5289 1348 5346 dimicare
1397 5290 1529 5346 nulli
1569 5292 1793 5347 dubium

218 5380 321 5438 est,
341 5379 511 5447 utqui
542 5379 686 5435 inter
711 5394 770 5435 se
793 5379 1122 5452 discrepant,
1153 5382 1207 5437 in
1230 5382 1488 5438 Ecclesiae
1513 5372 1793 5455 oppugnai

221 5459 362 5522 tione
389 5471 731 5527 consentiant
760 5513 776 5539 ,
818 5471 976 5541 juxta
1031 5474 1160 5531 illud
1185 5516 1200 5543 ,
1262 5477 1405 5547 quod
1460 5474 1705 5532 Herodes
1738 5486 1795 5532 et

222 5547 417 5613 Pilatus
450 5559 591 5614 inter
634 5576 693 5617 se
741 5563 1144 5629 discordantes,
1202 5566 1257 5620 in
1292 5565 1504 5621 Domini
1539 5568 1795 5636 passione

226 5644 452 5703 amicitia
499 5648 835 5706 foederantur
863 5653 1014 5722 (Luc.
1051 5655 1201 5725 xxv).
1252 5648 1422 5724 lmpio
1468 5656 1579 5726 regi
1628 5657 1795 5713 Isaias

180 5752 187 5759 ί
223 5726 433 5799 labetur
461 5752 746 5798 occurrere
769 5743 957 5798 exiens
986 5743 1051 5797 de
1079 5742 1197 5797 loco
1228 5756 1327 5797 suo
1348 5760 1456 5799 non
1493 5747 1548 5799 in
1591 5728 1795 5815 princi-

232 5820 316 5879 υὶο
358 5832 736 5903 αίιιιιεᾶιιοιιιε,
783 5834 880 5891 sed
929 5833 986 5890 in
1024 5833 1284 5891 extremis
1327 5833 1525 5892 ﬁnibus
1569 5836 1793 5906 piscinae

1898 4640 2061 4695 nimis
2086 4639 2387 4695 deflendam
2413 4638 2627 4693 ruinam
2657 4634 2837 4707 populi
2875 4631 3264 4691 ecclesiastici?
3310 4630 3483 4698 Quam

1896 4747 1993 4787 rex
2020 4730 2298 4804 Assyrius,
2348 4732 2453 4786 hoc
2499 4738 2583 4785 est
2610 4728 2878 4794 diabolus,
2924 4743 3049 4783 cum
3097 4741 3195 4781 suo
3239 4725 3484 4781 exercitu

1894 4821 2227 4877 devastando
2254 4830 2416 4891 atque
2445 4818 2742 4877 obsidendo
2770 4817 3008 4891 quotidie
3031 4813 3221 4882 eﬁicit,
3246 4831 3369 4872 cum
3390 4831 3485 4871 eos

1892 4923 2114 4986 prepter
2137 4924 2362 4988 peccata
2385 4914 2674 4971 commissa
2710 4913 2778 4969 de
2811 4911 3028 4968 sedibus
3056 4908 3291 4980 propriis
3333 4906 3491 4965 evels.

1896 5006 2015 5063 lens
2039 5005 2213 5063 defert
2233 5007 2289 5062 in
2328 5014 2533 5062 terram
2562 5004 2817 5070 alienam,
2851 5017 2959 5072 quo
2986 4999 3159 5070 magis
3186 4998 3370 5070 lugere
3389 4995 3486 5052 de-

1894 5101 2133 5163 lectant,
2186 5113 2350 5169 quam
2396 5098 2608 5153 cantica
2661 5094 2861 5150 laetitiae
2914 5084 3179 5162 proferre.
3237 5086 3386 5144 Unde
3429 5096 3484 5143 et

1895 5193 2183 5249 Psalmista
2216 5190 2448 5261 mystico
2478 5187 2693 5258 eloquio
2733 5187 2835 5240 hoc
2883 5183 3027 5238 idem
3070 5186 3480 5255 commemorat,

1897 5287 2083 5344 dicens
2115 5303 2128 5340 :
2165 5304 2184 5337 ι
2226 5283 2401 5354 Super
2421 5280 2643 5336 ﬁumina
2671 5275 2961 5347 Babylonis
2990 5274 3100 5329 illic
3141 5272 3380 5328 sedimus
3428 5276 3484 5325 et

1897 5377 2164 5443 flevimus,
2194 5376 2319 5431 dum
2348 5372 2765 5429 recordaremur
2791 5368 2891 5432 tui,
2925 5365 3074 5423 Sion.
3123 5365 3183 5420 In
3227 5364 3483 5435 salicibus

1902 5470 1955 5525 in
1987 5469 2164 5524 medio
2190 5468 2308 5538 ejus
2339 5462 2717 5534 suspendimus
2741 5475 2945 5532 organa
2968 5468 3174 5515 nostra.
3233 5456 3370 5525 Quia
3418 5454 3483 5510 il-

1902 5562 1972 5618 lic
1998 5562 2472 5631 interrogaverunt
2504 5570 2628 5621 nos,
2658 5555 2751 5625 qui
2778 5553 3018 5625 captivos
3044 5552 3315 5608 (luserunt
3358 5561 3481 5613 nos,

1901 5655 2065 5710 verba
2088 5653 2418 5708 cantionum.
2447 5649 2515 5703 Et
2547 5647 2639 5718 qui
2683 5648 3023 5702 abduxerunt
3042 5658 3142 5697 nos
3171 5659 3184 5695 :
3210 5639 3484 5710 Hymnum

1902 5753 2119 5801 cantate
2141 5744 2298 5797 nobis
2338 5745 2406 5796 de
2442 5741 2672 5796 canticis
2716 5725 2879 5794 Sion.
2915 5735 3197 5803 Quomodo
3242 5728 3486 5787 cantabi—

1902 5849 2024 5892 mus
2039 5832 2308 5891 canticum
2319 5832 2531 5889 Domini
2544 5832 2601 5887 in
2615 5839 2759 5888 terra
2781 5830 2954 5886 aliena
2977 5825 3151 5902 (Psal.
3175 5818 3431 5893 cxxxvt)?
3454 5836 3476 5876 ι
