3958 6474
523 458 624 519 351

1193 458 1253 515 Β.
1294 455 1549 514 RABANI
1589 454 1809 513 MAURI
1845 451 2163 512 ARCHIEP.
2201 452 2508 513 MOGUNT.
2548 452 2834 513 OPERUM
2870 452 3052 511 PARS
3087 452 3135 509 Ι.

3802 72 3805 135 l

525 570 679 642 Quod
702 571 900 629 dicitur
926 568 993 627 de
1014 567 1105 627 his
1128 584 1250 640 qua:
1294 571 1351 625 in
1376 567 1624 626 Samaria
1643 584 1676 624 a
1701 583 1828 640 rege
1855 565 2104 640 Assyrio-
2128 570 2185 631 Α
2213 584 2231 619 ι
2276 565 2464 634 lsrael,
2497 568 2742 639 regnavit
2763 567 3048 634 Ezechias,
3079 565 3230 623 ﬁlius
3259 564 3447 622 Acha:
3471 564 3603 637 regis
3623 565 3738 626 inda.

526 681 645 723 rum
667 662 908 719 adductas
932 669 1059 718 sunt
1087 660 1399 718 nationibus
1430 678 1445 715 :

600 760 620 810 δ
663 754 1087 825 Etunaquaeque
1135 768 1268 826 gens
1311 746 1575 809 fabricata
1598 758 1683 807 est
1707 742 1876 805 Deum
1903 763 2099 805 suum:

529 854 549 899 ι
589 848 993 917 poeueruntque
1048 859 1144 900 eos
1186 842 1241 899 in
1283 838 1425 898 fanis
1476 836 1740 908 excelsis,
1784 854 1904 911 quae
1960 839 2105 897 tece-

528 956 548 991 ι
596 940 718 992 rant
745 934 1030 993 Samaritae
1054 942 1187 1007 gens
1229 943 1286 991 et
1330 949 1481 1007 gens,
1514 935 1567 990 in
1612 934 1837 990 urbibus
1884 932 2020 1001 suis,
2046 933 2103 988 in

526 1034 547 1081 ὁ
589 1024 787 1101 quibus
818 1024 1159 1083 habitabant.
1190 1020 1306 1081 Viri
1354 1025 1498 1083 enim
1543 1023 1823 1098 Babylonii
1863 1022 2107 1080 fecerunt

528 1124 548 1173 ἅ
591 1118 795 1176 Socoth
821 1112 1063 1183 Benotbi
1094 1108 1197 1172 viri
1227 1120 1407 1172 autem
1436 1114 1669 1172 Cutheni
1700 1113 1948 1171 fecerunt
1966 1112 2103 1169 Ner-

528 1231 548 1265 ι
595 1206 699 1282 ‘gel,
729 1220 785 1268 et
833 1209 939 1266 viri
991 1209 1059 1266 de
1102 1202 1334 1265 Hemath
1376 1207 1623 1265 fecerunt
1670 1204 1893 1282 Asyma.
1936 1207 2107 1264 Porro

528 1302 549 1352 i
592 1288 772 1356 llevaai
801 1288 1045 1355 fenei'unt
1066 1290 1279 1354 Nebaaz
1310 1292 1364 1354 et
1384 1290 1709 1365 Tharthac,»
1739 1305 1844 1354 etc.
1884 1296 1943 1352 lu
1970 1296 2107 1352 libro

521 1390 739 1462 qnidem
767 1386 1008 1447 locorum
1030 1386 1226 1462 legitur
1254 1389 1399 1461 quod
1434 1380 1644 1447 Benoth
1672 1398 1727 1445 et
1752 1387 1945 1461 Nergel
1991 1388 2107 1445 fue-

521 1480 634 1536 rint
656 1481 924 1549 civitates,
959 1496 1095 1553 quas
1122 1480 1524 1537 construxerint
1566 1479 1622 1536 in
1651 1480 1868 1552 regione
1910 1476 2109 1536 Iudaea;

523 1560 856 1626 Samaritani
879 1610 896 1639 ,
921 1571 1015 1642 qui
1060 1571 1128 1627 de
1168 1568 1467 1644 Babylonia
1514 1571 1863 1628 transierant.
1908 1570 2108 1644 Asyma

521 1672 736 1734 quoque
762 1656 1055 1735 oppidum,
1086 1664 1230 1734 quod
1276 1660 1704 1732 aediﬁcaverunt,
1727 1664 1820 1736 qui
1872 1663 1941 1720 ad
1989 1679 2110 1721 eam

519 1761 784 1810 venerant
822 1746 888 1811 de
914 1754 1142 1822 Emath:
1173 1752 1391 1812 Nabaaz
1429 1763 1484 1813 et
1526 1751 1801 1813 Tharthac
1840 1755 2107 1823 civitates,

520 1852 657 1917 quas
683 1845 865 1903 Hevaai
898 1846 951 1903 in
974 1847 1164 1903 eadem
1192 1842 1389 1904 Iudaeae
1429 1855 1576 1904 terra
1604 1847 1964 1905 condiderint.
2018 1847 2110 1903 Vi-

2206 674 2226 709 ι
2270 654 2473 727 Viginti
2493 657 2732 729 quinque
2760 673 3028 715 annorum
3052 665 3321 715 eratcum
3349 666 3576 729 regnare
3599 660 3742 731 ccipit-

2207 765 2227 801 ι
2271 754 2373 814 set,
2399 756 2456 803 et
2485 746 2676 821 viginti
2700 764 2899 827 novem
2923 749 3082 805 annis
3106 748 3367 821 regnavit
3390 748 3448 803 in
3468 746 3736 806 Jerusalem.

2206 857 2227 891 ι
2270 838 2477 896 Nomen
2503 841 2695 897 matris
2717 841 2836 914 ejus
2857 841 2992 898 Abia
3022 841 3131 897 ﬁlia
3182 841 3492 897 Zachariae.
3544 840 3743 914 Fecitque

2208 950 2227 984 ι
2270 931 2418 1004 quod
2440 941 2560 986 erat
2586 932 2787 988 bonum
2814 948 3001 989 coram
3026 932 3264 989 Domino
3286 927 3445 1003 juxta
3478 933 3743 1005 omniaque

2208 1041 2229 1076 ι
2273 1014 2477 1081 fecerat
2507 1023 2677 1081 David
2700 1034 2854 1098 pater
2878 1025 3014 1097 ejus.
3042 1024 3163 1097 ipse
3181 1023 3479 1095 dissipavit
3489 1025 3691 1092 excelsa,
3708 1036 3745 1083 et
3826 1014 3827 1037 Τ

2209 1133 2229 1167 ο
2272 1115 2530 1171 contrivit
2558 1123 2786 1182 statuas,
2812 1124 2870 1173 et
2890 1115 3118 1172 succidit
3149 1114 3333 1180 lucos,
3361 1112 3619 1186 confregit
3649 1130 3746 1186 quo-
3830 1170 3831 1181 χ

2211 1228 2229 1260 ι
2274 1222 2380 1279 que
2404 1216 2712 1280 serpentem
2736 1223 2958 1274 areum,
2987 1222 3149 1279 quem
3175 1205 3400 1263 fecerat
3438 1205 3651 1278 Moyses.
3687 1205 3746 1263 ει.
3832 1256 3833 1265 χ

2212 1317 2231 1351 ι
2275 1299 2493 1369 quidem
2520 1314 2692 1369 usque
2716 1298 2786 1355 ad
2824 1308 3037 1371 tempus
3084 1297 3220 1354 illud
3265 1296 3368 1353 ﬁlii
3415 1296 3575 1353 israel
3613 1297 3740 1354 adole
3834 1340 3835 1367 ξ

2212 1413 2231 1448 ι
2270 1395 2404 1451 bant
2428 1395 2479 1449 ei
2508 1394 2809 1460 incensum,
2835 1395 3157 1465 vocavitque
3203 1406 3339 1450 eum
3385 1391 3643 1448 Nohestan
3664 1409 3677 1446 :
3699 1391 3746 1447 Et

2212 1503 2233 1536 ‹
2278 1484 2333 1540 in
2362 1484 2589 1541 Domino
2617 1484 2729 1542 Deo
2770 1485 2935 1541 Israel
2963 1484 3266 1557 speravit,»
3308 1490 3419 1541 etc.
3463 1480 3619 1538 Recte
3655 1496 3746 1554 ergo

2208 1574 2469 1632 Ezechias
2496 1584 2822 1648 serpentem,
2855 1576 2943 1632 cui
2990 1575 3289 1632 adolebant
3344 1573 3444 1629 ﬁlii
3501 1572 3649 1629 [smel
3687 1572 3746 1627 il-

2192 1684 2455 1733 censum,
2480 1677 2535 1724 et
2560 1683 2724 1740 quem
2752 1668 2867 1739 ipse
2903 1666 3212 1740 confregit,
3243 1663 3528 1722 Nohestau
3564 1663 3747 1729 vocavit,

2209 1761 2337 1831 quia
2366 1761 2422 1815 in
2448 1759 2677 1816 Domino
2704 1750 2815 1816 Deo
2839 1758 3044 1829 Israel,
3072 1774 3182 1815 non
3225 1757 3286 1813 in
3334 1770 3491 1812 meo
3532 1763 3748 1825 sum

2213 1851 2330 1922 ipse
2362 1850 2617 1923 speravit.
2653 1849 2932 1922 Siquidem
2955 1848 3237 1905 Nohestau
3272 1848 3648 1917 interpretatur
3676 1842 3749 1897 Δί
3846 1852 3847 1899 1

521 1932 682 1993 detur
706 1946 887 1993 autem
909 1938 1066 2010 juxta
1097 1937 1544 2008 consequentiam
1569 1954 1851 1995 sermones
1899 1947 1956 1993 et
1994 1938 2110 1994 ido-
2136 1929 2184 1991 Β
2212 1959 2414 2009 eorum,
2442 1951 2504 1998 ut
2526 1958 2690 2015 quem
2723 1942 2802 1998 illi
2825 1957 2926 2012 pro
2964 1942 3192 1997 numine
3237 1940 3502 1998 colebant
3543 1938 3595 1993 in
3633 1933 3751 1991 dictis

515 2022 719 2095 lorum,
750 2027 947 2098 quibus
970 2027 1055 2083 ha:
1078 2034 1267 2101 gentes
1287 2029 1437 2100 prius
1457 2029 1511 2085 in
1539 2035 1684 2085 terra
1709 2044 1805 2085 sua
1825 2027 2115 2085 servierint

516 2112 608 2172 hic
631 2130 791 2187 posse
816 2116 1077 2173 vocabula
1100 2115 1347 2190 intelligi.
1380 2118 1518 2185 Quia
1541 2134 1665 2174 eum
1696 2117 1901 2174 dictum
1926 2125 2108 2174 esset:

522 2204 548 2258 ἒ
585 2204 654 2261 Et
693 2220 1029 2278 unaquaeque
1073 2216 1204 2277 gens
1252 2206 1517 2263 fabricata
1547 2214 1633 2263 est
1663 2206 1821 2262 deum
1848 2222 2002 2262 suum
2031 2247 2048 2273 ,
2085 2226 2105 2260 ι

512 2294 675 2366 quasi
724 2294 790 2353 ad
828 2297 1192 2369 expletionem
1256 2298 1539 2353 sententia:
1602 2294 1945 2367 subiunctum
1993 2296 2107 2352 sit:

524 2388 544 2439 't
580 2380 692 2443 Viri
718 2387 866 2443 enim
890 2388 1172 2459 Babylonii
1192 2387 1436 2445 fecerunt
1464 2387 1662 2444 Soc'oth
1676 2390 1730 2442 et
1748 2385 1981 2453 Benoth,
2012 2407 2030 2439 ι
2057 2384 2113 2443 id

518 2475 622 2541 est,
657 2476 1009 2534 tabernacula
1034 2472 1267 2534 Benoth.
1295 2476 1364 2535 Et
1397 2478 1611 2544 melius,
1642 2478 1699 2533 ni
1752 2475 1937 2546 fallor,
1968 2476 2114 2535 face-

522 2566 609 2621 ret
634 2566 926 2638 interpres,
954 2568 1001 2624 si
1032 2564 1234 2625 SoCoth
1263 2568 1456 2624 Latine
1481 2568 1533 2624 in
1566 2566 1915 2625 tabernacula
1933 2577 2113 2625 verte-

522 2656 633 2723 νει,
662 2664 718 2712 et
755 2664 953 2714 nomen
981 2652 1111 2714 idoli
1141 2652 1351 2715 Benoth
1375 2658 1622 2716 absolute
1650 2668 1897 2732 poneret,
1924 2664 1980 2717 et
2006 2660 2111 2717 sic-

522 2744 589 2800 ut
618 2746 671 2803 in
701 2747 1051 2819 sequentibus
1084 2748 1373 2805 manifeSte
1403 2748 1621 2805 dicitur.
1674 2748 1680 2758 '

598 2844 619 2891 t
653 2836 944 2907 titantem,
972 2832 1067 2911 qui
1095 2844 1251 2897 erant
1296 2838 1365 2895 de
1410 2838 1798 2911 Sepharvaim,
1829 2839 2113 2896 combure-

529 2932 550 2982 ο
592 2930 726 2986 bant
752 2928 893 2987 ﬁlios
917 2945 1044 2989 suos
1081 2931 1192 3003 igni
1247 2930 1606 2988 Adramelech
1655 2938 1711 2988 et
1759 2929 2109 2997 Anameleeh‘,

520 3019 626 3076 diis
680 3020 1057 3092 Sepbarvaim.
1102 3044 1122 3077 ι
1155 3010 1259 3080 U‘bi
1307 3023 1617 3079 ostenditur
1655 3020 2015 3078 Adrameleclt
2056 3018 2113 3079 et

519 3110 853 3168 Anamelech
876 3112 1206 3179 idolai'uisee
1230 3114 1381 3170 urbis
1402 3113 1774 3185 Sepharvaim.
1792 3113 1870 3169 Ita
1896 3113 2113 3169 videtur

525 3218 864 3289 consequens
884 3215 947 3262 ut
964 3214 1021 3263 et
1046 3205 1241 3280 Nergel
1300 3207 1690 3275 Cuthenorum,
1729 3208 1932 3280 Asyma
1955 3222 2107 3264 emas

521 3402 663 3443 rum.
690 3388 821 3445 Post
843 3390 959 3446 hac
986 3389 1269 3461 Scriptura
1297 3390 1467 3447 refert
1495 3391 1562 3447 de
1591 3390 1725 3463 ipsis
1751 3390 2113 3447 Samaritanis

520 3474 667 3550 Quod
693 3484 817 3535 cum
847 3478 1136 3537 Dominum
1161 3483 1422 3550 colerent,
1453 3482 1556 3538 diis
1583 3488 1799 3554 quoque
1840 3483 1954 3541 suis
2004 3486 2115 3540 ser-

523 3562 721 3633 virent,
772 3566 930 3637 juxta
970 3560 1415 3628 consuetudinem
1470 3574 1714 3645 gentium
1738 3615 1756 3642 ,
1799 3575 1868 3631 de
1916 3574 2115 3645 quibus

523 3658 779 3714 translati
807 3658 1027 3717 fuerant
1056 3662 1112 3717 in
1144 3662 1473 3719 Samariam.
1522 3664 1592 3720 Et
1632 3680 1740 3721 non
1774 3666 1945 3723 multo
1992 3674 2118 3737 post

522 3748 893 3823 subsequitur,
920 3750 1143 3812 dicens:
1174 3774 1193 3807 ι
1239 3755 1478 3813 Fuerunt
1496 3756 1662 3830 igitur
1681 3756 1865 3831 gentes
1888 3760 2007 3817 istae
2048 3760 2118 3815 ti-

532 3848 787 3905 amentes
829 3849 1049 3922 quidem
1076 3851 1271 3919 Deum,
1306 3851 1400 3909 sed
1448 3842 1799 3907 nihilominus
1842 3850 1899 3907 et
1954 3842 2117 3909 idolis

532 3936 688 3994 istis
725 3938 1044 3999 servientes.
1077 3934 1211 3998 Nam
1238 3942 1294 3999 et
1318 3942 1413 3999 ﬁlii
1438 3959 1627 3999 eorum
1655 3951 1710 4000 et
1746 3948 1991 4016 nepotes,
2017 3944 2117 4001 sic-

529 4035 553 4086 ε
569 4026 631 4089 ut
652 4028 896 4091 fceerttnt
908 4040 1091 4109 patres
1107 4036 1215 4105 sui,
1229 4028 1303 4094 ita
1316 4030 1518 4095 faciunt
1535 4053 1704 4109 usque
1717 4038 1771 4094 in
1794 4044 2115 4109 praesentem

529 4126 551 4179 ὁ
578 4126 740 4183 diem.
768 4149 786 4182 ι
815 4114 884 4185 Et
908 4130 1035 4203 quia
1050 4122 1107 4185 in
1132 4128 1595 4188 Samaritanorum
1621 4147 1854 4202 persona
1873 4130 2116 4187 hzeretici

528 4216 865 4287 accipiuntur
895 4237 912 4278 :
944 4219 1000 4276 in
1032 4220 1289 4291 praadicta
1313 4212 1580 4279 sententia
1612 4222 1826 4278 illorum
1873 4221 2115 4291 nequitia

526 4306 916 4368 eonve‘nienwr
979 4313 1323 4385 exprimitur.
1383 4310 1595 4372 Habent
1656 4314 1802 4371 enim
1868 4310 2115 4369 haeretici

524 4401 771 4470 quaedam
799 4404 1141 4460 saeramenta
1167 4405 1476 4461 communia
1493 4418 1614 4462 cum
1636 4414 1824 4461 sancta
1852 4392 2113 4470 Ecclesia,

524 4488 581 4547 et
610 4492 872 4563 quasdam
902 4496 1201 4553 sententias
1226 4503 1535 4552 sanctarum
1565 4488 1973 4567 Scripturarum
2012 4494 2118 4550 rite

526 4584 867 4657 intelligunt,
898 4576 994 4643 sed
1038 4590 1222 4644 tamen
1265 4584 1616 4645 nihilominus
1663 4588 1819 4645 idolis
1864 4593 2114 4644 errorum

527 4680 748 4729 suorum
774 4676 981 4732 servire
1006 4692 1113 4733 non
1144 4679 1379 4734 ceSsant.
1418 4675 1645 4735 Videtur
1674 4678 1820 4734 enim
1843 4677 1924 4735 eis
1958 4679 2114 4734 timo-

527 4774 643 4823 rem
674 4764 769 4823 Dei
802 4767 905 4824 rite
936 4783 995 4825 se
1034 4766 1308 4825 custodire
1330 4811 1346 4836 ,
1377 4786 1503 4827 cum
1547 4766 1841 4826 secundum
1894 4782 2113 4826 sensum

528 4861 685 4915 suum
724 4858 940 4914 veritati
969 4874 1030 4917 se
1056 4862 1253 4931 putant
1279 4858 1481 4918 favere.
1534 4858 1641 4917 Sed
1688 4859 1782 4930 qui
1830 4844 2114 4917 catholica;

529 4942 655 5007 ﬁdei
682 4950 947 5007 unitatem
992 4954 1255 5023 spernunt
1300 4952 1527 5021 habere,
1556 4953 1917 5024 malignorum
1954 4952 2114 5024 spiri-

528 5052 683 5100 tuum
713 5042 1082 5103 voluntatibus
1106 5046 1167 5103 se
1200 5047 1469 5104 veraciter
1514 5038 1865 5101 manifestam
1902 5045 2115 5100 obtem-

528 5151 746 5209 perare.
769 5128 837 5192 Et
857 5154 964 5195 non
989 5139 1165 5197 solum
1186 5139 1497 5197 inventores
1520 5136 1680 5210 primi
1702 5152 1968 5203 errorum,
1983 5151 2120 5208 quos

529 5234 713 5303 patres
732 5226 1196 5289 Samaritanorum
1215 5231 1542 5305 signiﬁcant,
1569 5230 1673 5285 hoc
1700 5229 1924 5296 faciunt,
1948 5229 2043 5285 sed
2064 5237 2120 5286 et

530 5320 793 5390 sequaces
814 5324 1026 5390 eorum,
1054 5338 1191 5395 quos
1218 5311 1451 5379 ﬁliorum
1492 5320 1709 5377 nomine
1756 5329 1812 5378 et
1861 5328 2117 5391 nepotum

530 5410 821 5482 expressos
881 5421 1031 5472 recte
1099 5429 1388 5487 possumus
1468 5411 1768 5486 intelligere
1796 5453 1812 5483 ,
1868 5411 2116 5470 similiter

532 5506 716 5575 agunt
1102 5568 1333 5630 carus
1364 5570 1544 5629 xvm.

532 5660 613 5725 De
626 5660 853 5746 East-Irin
869 5678 1008 5746 rege,
1022 5663 1175 5746 cujus
1190 5664 1506 5746 temporibus
1519 5680 1613 5746 rex
1632 5659 1967 5737 Assyriorum
1983 5660 2114 5746 Suet};

598 5735 848 5792 mhcrib
863 5734 1005 5788 misit
1018 5734 1229 5788 nuntios
1252 5734 1307 5789 in
1319 5734 1613 5789 Jerusalem
1626 5734 1751 5790 cuni
1764 5752 1927 5791 manu
1938 5736 2116 5791 ualida

600 5816 661 5881 ut
681 5804 1096 5876 blasphemareut
1125 5801 1292 5861 Deum
1319 5805 1589 5860 viventem.

604 5884 741 5971 (Gn
770 5890 953 5968 mn.)
985 5909 1008 5951 ι
1044 5888 1204 5956 Anno
1236 5896 1397 5957 tertio
1422 5894 1599 5966 Oscae,
1660 5894 1759 5953 ﬁlii
1792 5891 1924 5953 Heia
1969 5896 2116 5970 regis

2137 4633 2193 4695 Ι)

2210 2033 2349 2105 ejus,
2377 2033 2654 2113 metallum
2706 2049 2832 2089 eum
2860 2046 3000 2098 esse,
3034 2047 3142 2089 non
3201 2031 3404 2098 Deum,
3430 2033 3747 2103 agnoscam.

2210 2123 2280 2182 Et
2303 2124 2429 2197 quia
2456 2124 2718 2182 Ezechias
2744 2125 2803 2180 in
2837 2126 2962 2191 hoc,
2992 2123 3136 2195 quod
3165 2123 3391 2180 excelsa
3413 2119 3694 2191 dissipavit,
3713 2126 3753 2173 et

2211 2222 2421 2271 statuas
2451 2214 2737 2283 contrivit,
2768 2221 2933 2285 atque
2985 2213 3219 2270 succidit
3272 2213 3448 2279 lucos,
3480 2224 3576 2266 nec
3604 2222 3694 2265 nol
3712 2214 3751 2263 et

2210 2303 2393 2359 omnia
2406 2302 2692 2359 simulacra
2711 2302 3032 2360 comminuit
3050 2341 3066 2368 ,
3088 2300 3403 2358 Salvatoris
3423 2310 3600 2372 typum
3617 2302 3752 2360 una;

2212 2393 2601 2465 interpretatur
2622 2394 2768 2451 enim
2794 2393 3058 2451 Ezechias
3077 2392 3478 2464 apprehendens
3498 2388 3749 2453 Densius,

2209 2480 2288 2540 'vel
2314 2484 2567 2555 fortitudo
2605 2486 2838 2552 Domini,
2870 2486 2925 2541 in
2953 2499 3020 2542 eo
3052 2485 3175 2556 ipso
3208 2485 3436 2556 utique,
3463 2482 3601 2554 quod
3642 2478 3754 2536 illul

2211 2584 2519 2646 serpentem
2545 2592 2773 2641 aeneum,
2804 2592 2964 2647 quem
3012 2576 3228 2650 Moyses
3259 2576 3396 2634 fecit
3419 2614 3436 2643 ,
3466 2569 3753 2635 comminuit,

2212 2656 2592 2738 Redemptoris
2619 2667 2788 2723 nostri
2819 2667 3047 2740 ﬁguram
3073 2667 3470 2755 convenienter
3493 2670 3644 2722 tenet.
3662 2658 3752 2715 Non
3866 2706 3867 2709 η

2213 2754 2387 2811 solum
2418 2756 2562 2812 enim
2586 2755 2846 2814 Dominus
2873 2765 3059 2814 noster
3091 2772 3157 2812 ac
3176 2830 3181 2833 Δ
3202 2752 3556 2827 Redemptor,
3577 2754 3638 2808 d0
3671 2761 3754 2820 ll"
3868 2790 3869 2805 ι

2211 2851 2310 2918 per
2331 2846 2656 2918 Prophetam
2687 2842 2887 2904 dicitur
2915 2867 2928 2903 :
2963 2868 2982 2901 ι
3028 2846 3296 2904 Dominus
3319 2846 3511 2911 fortis,
3538 2838 3753 2898 Dominus
3870 2876 3871 2885 η

2212 2944 2405 3010 potens
2432 2938 2487 2993 in
2516 2937 2703 3009 praelio’
2732 2937 2905 3010 (Psal.
2933 2938 3092 3010 uin)
3110 2980 3127 3005 ,
3173 2958 3193 2992 ι
3236 2937 3382 2995 idola
3406 2934 3635 3009 gentium
3658 2940 3757 2985 eol-

2214 3027 2468 3096 trivit,et
2493 3031 2677 3086 omnia
2706 3029 2997 3087 simulacra
3043 3045 3236 3085 eorum
3264 3026 3548 3100 dissipavit
3565 3064 3582 3091 9
3608 3027 3754 3093 lium“

2212 3132 2317 3177 nus
2346 3121 2506 3176 unius
2534 3120 2633 3176 Dei
2658 3120 3042 3191 omnipotentis
3072 3121 3329 3178 notitiam
3352 3121 3629 3181 haberem,
3650 3112 3757 3183 ei“

525 3218 864 3289 consequens
884 3214 1021 3263 utet
1046 3205 1241 3280 Nergel
1300 3207 1690 3275 Cutbenorum,
1729 3208 1932 3280 Asyma
1955 3222 2107 3264 emas
2156 3266 2179 3273 _
2215 3222 2323 3280 que
2347 3209 2515 3266 cultui
2561 3211 2721 3282 digne
2765 3212 3212 3283 manciparemur
3242 3229 3257 3266 :
3290 3212 3424 3282 quin
3460 3209 3621 3280 ipsam
3649 3202 3757 3257 ιὶιιο-

521 3280 806 3364 tltaaorum,
834 3295 1050 3353 Nebaaz
1079 3307 1139 3354 et
1159 3297 1436 3354 Tharthac
1462 3298 1605 3354 idola
1626 3297 1847 3355 fuertmt
1887 3298 2111 3356 ﬂevaeo-
2138 3280 2183 3344 C
2215 3308 2331 3357 ram
2368 3298 2502 3364 legis
2525 3301 2794 3364 Mosaicae.
2823 3319 2986 3364 quam
3026 3302 3116 3359 ille
3156 3303 3396 3364 populus
3438 3298 3620 3364 legalis
3658 3290 3757 3350 tisi-

2215 3308 2331 3357 ram
2368 3298 2502 3373 legis
2525 3301 2794 3370 Mo'saicae,
2823 3319 2986 3374 quam
3026 3302 3116 3359 ille
3156 3303 3396 3374 populus
3438 3298 3620 3371 legalis
3658 3290 3759 3350 assi-

2215 3391 2322 3447 dua
2344 3390 2577 3447 lectione
2603 3392 2914 3456 resonabat,
2942 3408 3007 3447 ac
3030 3386 3131 3462 pro
3160 3408 3365 3465 magno
3392 3388 3639 3451 habebat,
3662 3394 3759 3438 ωι-

2215 3472 2385 3561 trivit,
2423 3495 2487 3539 ac
2524 3492 2744 3539 sensum
2792 3478 3090 3553 spiritalem
3134 3482 3191 3539 in
3242 3497 3312 3540 ea
3363 3469 3652 3549 intelligere
3688 3479 3759 3526 eo!

2214 3564 2419 3633 decuit.

2290 3688 2310 3721 ι
2354 3666 2512 3724 Anno
2541 3667 2741 3739 q'u‘arto
2798 3664 3009 3723 decimo
3059 3665 3205 3739 regis
3262 3648 3515 3722 Ezechias
3562 3649 3759 3713 θεοωῶ

2220 3764 2240 3815 i
2287 3756 2657 3817 Sennacberib
2678 3774 2772 3816 rex
2798 3757 3147 3831 Assyriorum
3185 3759 3259 3816 ad
3293 3758 3573 3815 universas
3610 3746 3760 3805 civitt-

2216 3856 2300 3909 tes
2329 3850 2467 3908 Iuda
2494 3850 2747 3915 munitas,
2780 3859 2835 3908 et
2869 3851 3014 3922 cepit
3036 3864 3150 3907 eas.
3182 3848 3343 3907 Tunc
3369 3847 3518 3904 misit
3541 3836 3760 3899 Ezechias

2213 3946 2312 4000 rex
2336 3940 2473 4000 Juda
2500 3942 2720 3999 nuntios
2745 3944 2813 3998 ad
2826 3958 3014 4014 regem
3036 3942 3393 4015 Assyriam
3417 3942 3471 3995 in
3490 3932 3684 4013 μιαιίῆ
3703 3924 3763 3982 (ιδ’

2214 4028 2344 4091 ecus
2373 4052 2387 4089 :
2413 4032 2656 4101 Peccavi,
2694 4030 2886 4091 recede
2913 4050 2945 4089 a
2974 4049 3084 4099 me,
3106 4040 3163 4090 et
3183 4048 3348 4090 omne
3368 4030 3510 4104 quod
3540 4026 3761 4094 impoti!-

2213 4120 2293 4208 ἧς
2350 4124 2484 4181 mihi
2512 4166 2528 4192 ,
2563 4123 2755 4180 feram.
2818 4114 3017 4182 Indixit
3069 4126 3254 4195 itaque
3310 4138 3410 4180 rex
3459 4112 3760 4208 Assyrion

2214 4204 2463 4274 Bacehim
2520 4218 2634 4288 regi
2691 4216 2814 4274 inde
2842 4225 3087 4273 trecenta
3126 4216 3332 4271 talenta
3377 4207 3601 4285 argenti,
3622 4204 3760 4259 citri-

2215 4292 2364 4380 ginta
2408 4307 2608 4363 talenta
2660 4307 2798 4363 auri.
2853 4290 3116 4377 Deditque
3178 4296 3448 4363 Ezechias
3500 4307 3666 4380 omne
3692 4300 3755 4342 ar-

2216 4378 2459 4467 gentum,
2488 4397 2631 4468 quod
2666 4392 2943 4468 repertum
2972 4384 3152 4452 fuerat
3180 4396 3233 4450 in
3270 4397 3434 4452 domo
3476 4378 3757 4477 Dominitf‘

2217 4486 2272 4543 iii
2300 4486 2569 4544 thesauris
2599 4484 2765 4559 regis,
2799 4507 2818 4540 ι
2851 4494 2960 4544 etc.
2984 4484 3146 4543 Clara
3172 4495 3254 4542 est
3284 4483 3513 4542 historia
3536 4520 3554 4545 ,
3575 4486 3681 4547 qua!
3716 4478 3758 4519 l9

2216 4570 2371 4634 libris
2407 4576 2635 4649 Regum,
2660 4578 2762 4633 nec
2785 4592 2894 4633 non
2927 4574 2982 4631 in
3011 4572 3459 4655 Paralipomenon
3500 4575 3554 4624 et
3579 4564 3630 4657 in

2216 4664 2397 4743 phetia
2424 4668 2573 4726 lsaia:
2604 4668 2723 4740 pari
2783 4664 2945 4725 modo
2993 4666 3340 4724 describitur.
3371 4684 3391 4717 ι
3425 4655 3668 4719 Ezechias

2218 4750 2350 4833 g’inti
2375 4760 2611 4831 quinque
2636 4760 2901 4815 annorum
2928 4767 3066 4825 erat,
3096 4762 3222 4814 eum
3274 4768 3502 4829 regnare
3525 4742 3756 4833 erupisset

2216 4832 2482 4923 Regnavit
2509 4858 2691 4905 autem
2715 4848 2906 4920 viginti
2932 4864 3125 4906 novem
3166 4848 3327 4904 annis
3377 4848 3430 4902 in
3477 4832 3759 4925 Jerusalem.

2215 4936 2272 4997 et
2301 4926 2581 4997 rebellavit
2601 4939 2792 4995 contra
2820 4953 3001 5010 regem
3028 4928 3399 5017 Assyriorum,
3421 4940 3476 4990 et
3500 4943 3600 4985 non
3614 4931 3760 5017 serit:

2216 5028 2295 5088 vit
2329 5031 2399 5088 ei.
2428 5029 2568 5086 Hinc
2593 5007 2962 5085 Scnnacherib
2991 5007 3273 5109 ingressus
3293 5008 3563 5109 Iudaeam,
3583 5007 3760 5108 obsedit

2222 5120 2386 5179 urbes
2414 5122 2531 5193 ejus
2564 5120 2819 5176 munitas.
2849 5118 2917 5176 Et
2946 5118 3071 5177 cum
3107 5105 3391 5177 obsedere’t
3438 5105 3623 5172 Lachis
3642 5144 3657 5169 ν
3680 5105 3760 5198 ¹¹¹ξ⁹

2223 5199 2296 5271 sit
2319 5212 2387 5270 ad
2410 5218 2535 5270 eum
2564 5212 2833 5271 Ezechias
2862 5206 3107 5270 trecenta
3134 5213 3340 5269 talenta
3370 5203 3595 5280 argenti,
3614 5204 3661 5254 et
3684 5200 3759 5280 tif!“

2222 5306 2372 5379 ginta
2403 5305 2545 5371 auri,
2575 5303 2765 5361 fractis
2786 5303 2966 5376 ianuis
3002 5298 3209 5375 templi,
3239 5298 3294 5358 et
3319 5279 3529 5358 laminis
3554 5288 3659 5359 eius

2222 5394 2437 5463 tiactis,
2467 5406 2605 5467 quas
2629 5396 2747 5468 ipse
2771 5393 2979 5451 adﬁxit.
3012 5393 3156 5451 Misit
3190 5403 3370 5451 autem
3418 5403 3510 5445 rex
3548 5380 3758 5468 A‘Ssym‘

2222 5488 2344 5543 rum
2374 5452 2616 5543 Tha‘rtan
2643 5452 2697 5544 et
2724 5485 3009 5543 Rabsacen
3037 5484 3162 5543 cum
3191 5487 3353 5542 manu
3382 5452 3757 5553 validaljem?‘

2221 5577 2349 5635 lem.
2378 5577 2642 5649 Egressus
2664 5578 2749 5635 est
2770 5587 2951 5634 autem
2978 5566 3047 5634 ad
3071 5592 3166 5634 eos
3208 5564 3428 5633 Eliacim
3444 5610 3463 5638 ,
3490 5548 3620 5624 ﬁlius
3655 5547 3757 5649 Ηθξτ

2221 5673 2340 5744 ciale,
2370 5644 2693 5748 praepositus
2717 5675 2939 5742 Domus,
2965 5684 3022 5731 et
3045 5673 3227 5731 Sobna
3253 5658 3448 5737 scriba,
3474 5672 3528 5723 et
3547 5644 3755 5719 ³0³11⁸⁸⁸

2220 5787 2327 5847 lius
2345 5785 2549 5858 Asaph,
2576 5782 3046 5850 aeommentariis,
3066 5800 3089 5838 ι
3110 5789 3221 5840 etc.
3242 5780 3445 5841 lsteest

2218 5905 2329 5968 quo
2361 5854 2532 5951 Italas
2556 5884 2634 5963 .in
2680 5883 2892 5952 Visions
2937 5882 3095 5946 vallis
3137 5882 3270 5946 Sion
3312 5879 3446 5944 dixit
3472 5894 3489 5911 ·
3514 5890 3537 5928 ι
3566 5854 3749 5922 νοαδο

3667 454 3739 510 259.
3812 404 3815 499 χι
