3958 6492
449 360 552 416 253

1026 492 1252 550 CAPUT
1291 492 1434 548 XIX.

454 609 636 664 Oratio
660 606 898 662 Ezechim
923 604 976 656 in
1018 602 1205 673 templo
1255 603 1464 658 Domini
1490 611 1669 658 contra
1691 601 1845 673 verba
1890 599 2022 670 regis

520 680 869 748 Assyriorum.
934 671 1128 748 Denso
1155 675 1293 744 quod
1355 674 1567 748 angelus
1625 671 1838 748 Domini
1882 683 2024 748 octo-

520 743 664 818 ginta
714 749 936 818 quinque
965 743 1133 818 millia
1169 743 1435 818 percussit
1465 746 1517 798 in
1549 745 1734 818 castris
1779 743 2025 818 Assyrio-

519 813 654 882 rum,
682 813 735 869 ei
760 815 822 868 de
851 813 1060 868 interitu
1096 813 1445 868 Sennacherib
1483 816 1617 886 regis
1663 813 2021 883 Assyriorum.

517 932 665 992 (Car.
705 930 843 1002 xxx.)
879 951 897 982 ‹
935 929 1065 997 Quae
1095 945 1218 985 cum
1245 931 1482 986 audisset
1524 930 1819 994 Ezechias,
1867 927 2027 984 scidit

453 1041 471 1072 ι
500 1022 820 1076 vestimenta
859 1036 984 1086 sua,
1024 1029 1076 1076 et
1117 1031 1338 1092 epertus
1367 1029 1451 1078 est
1497 1037 1674 1078 sacco.
1723 1021 2026 1092 Ingressus-

452 1134 470 1164 ε
499 1128 603 1183 que
629 1115 846 1168 domum
871 1113 1106 1180 Domini,
1139 1123 1193 1169 et
1239 1116 1386 1169 misit
1430 1114 1655 1171 Eliacim
1681 1115 2026 1184 prmpositum

452 1223 470 1254 ι
499 1204 710 1269 domus,
736 1213 791 1259 et
836 1204 1068 1260 Sobnam
1098 1207 1334 1262 scribam
1358 1215 1414 1262 et
1440 1221 1595 1262 senes
1623 1205 1690 1260 de
1740 1204 2029 1260 sacerdoti-

452 1314 470 1345 ι
503 1295 602 1350 bus
622 1306 838 1364 opertos
880 1299 1052 1354 saccis
1106 1299 1173 1353 ad
1219 1298 1414 1354 Isaiam
1453 1300 1813 1369 prophetam,
1861 1298 2026 1353 ﬁlium

455 1403 472 1433 ε
508 1384 689 1440 Amos.
721 1387 822 1452 Qui
857 1388 1110 1442 dixerunt
1131 1389 1179 1443 ei
1208 1408 1220 1442 :
1254 1388 1378 1444 Ilaec
1411 1389 1544 1444 dicit
1573 1389 1835 1444 Ezechias
1863 1408 1874 1442 :
1904 1389 2028 1444 Dies

454 1481 869 1539 «tribulationis
902 1495 955 1540 et
1008 1487 1355 1557 blasphemiae
1405 1487 1523 1545 dies
1579 1489 1700 1544 iste.
1754 1488 2031 1544 Venerunt

454 1588 472 1620 ε
506 1571 597 1626 ﬁlii
629 1590 797 1645 usque
826 1578 891 1632 ad
945 1587 1180 1646 partum,
1207 1587 1261 1634 et
1289 1580 1432 1635 vires
1479 1595 1584 1636 non
1634 1580 1798 1635 habet
1847 1589 2030 1650 partu-

453 1681 472 1714 ‹
509 1665 672 1730 riens,
697 1674 800 1721 etc.
825 1687 842 1718 ›
878 1667 986 1739 (Ex
1010 1669 1252 1741 Hieron.)
1277 1669 1541 1725 Scindunt
1563 1672 1886 1726 vestimenta
1910 1687 2025 1736 sua,

447 1757 573 1825 quia
618 1757 896 1814 Rabsacen
943 1761 1163 1816 audiunt
1215 1761 1706 1832 blasphemantcm;
1759 1764 1919 1818 scidit
1973 1771 2028 1819 et

449 1862 543 1903 rex
572 1857 778 1905 vestem
815 1867 986 1916 suam,
1018 1854 1142 1923 quia
1182 1869 1280 1923 pro
1315 1855 1494 1924 pepuli
1541 1863 1595 1908 et
1625 1855 1738 1909 suis
1784 1855 2026 1924 peccatis
2056 1826 2103 1886 Β

449 1952 568 1993 esse
615 1941 888 2006 credebat,
914 1943 1056 2013 quod
1098 1943 1372 1999 Rabsaccs
1404 1959 1573 2014 usque
1597 1945 1665 1999 ad
1695 1954 1907 2014 portam
1933 1962 2028 2001 ve-

446 2028 526 2081 nit
552 2028 870 2098 Jerusalem,
893 2041 948 2087 et
967 2041 1155 2088 contra
1180 2034 1465 2089 Dominum
1491 2036 1616 2088 talia
1640 2035 2028 2090 locutus-Mira

450 2119 593 2188 regis
631 2120 905 2176 humilitas
948 2131 1003 2177 et
1039 2125 1345 2193 prudentia.
1379 2125 1608 2181 Dimisso
1657 2127 1804 2196 regio
1849 2127 2027 2194 cultu,

447 2207 731 2264 obvolutus
766 2225 924 2266 sacco
951 2213 1017 2268 ad
1047 2215 1301 2283 templum
1331 2217 1505 2286 pergit
1529 2219 1594 2272 de
1613 2218 1833 2286 palatio.
1881 2217 2034 2272 Prin-

446 2298 592 2367 cipes
622 2302 960 2357 sacerdotum
994 2320 1099 2360 non
1151 2307 1322 2371 stolis,
1349 2309 1442 2363 sed
1469 2308 1691 2375 ciliciis,
1742 2311 1908 2364 mittit
1961 2311 2030 2366 ad

446 2387 639 2444 Isaiam
670 2402 952 2462 coopertos
998 2397 1188 2462 saccis,
1218 2406 1273 2452 et
1291 2398 1426 2452 dixit
1457 2417 1469 2452 :
1510 2419 1528 2450 ‹
1562 2399 1688 2454 Dies
1717 2401 1831 2455 haec
1861 2402 2032 2457 tribu-

447 2476 667 2536 lationis
690 2490 906 2549 nostrae,
935 2493 990 2538 et
1037 2489 1394 2557 correptionis
1423 2488 1518 2544 Dei
1567 2491 1916 2560 blasphemia:
1942 2493 2034 2549 ho-

447 2569 629 2624 stium.
663 2591 680 2622 ι
721 2573 1001 2646 Ponitque
1029 2578 1435 2635 similitudinem
1470 2583 1823 2650 parturientis
1867 2584 2028 2639 femi-

446 2674 553 2725 nae,
594 2669 650 2715 et
690 2663 919 2720 dolentis
945 2707 960 2733 ,
1017 2683 1134 2736 quae
1182 2671 1249 2724 ad
1294 2679 1513 2740 partum
1550 2687 1724 2741 usque
1759 2675 2026 2744 pervenit,

446 2758 501 2804 et
530 2767 792 2822 generare
817 2773 923 2813 non
951 2762 1141 2828 possit.

517 2840 577 2896 Si
615 2845 750 2913 forte
772 2849 954 2903 audiat
979 2851 1232 2908 Dominus
1261 2853 1400 2910 Deus
1426 2863 1568 2910 tuus.
1602 2857 1721 2912 Non
1766 2859 1909 2913 enim
1937 2875 2032 2914 au-

447 2935 636 2994 demus
657 2941 943 2998 Dominum
967 2947 1206 3001 omnium
1231 2959 1478 3005 nostrum
1525 2952 1705 3006 dicere
1729 2951 2028 3018 dominum,

446 3042 554 3096 quo
579 3029 848 3088 irascente
881 3043 1026 3090 tanta
1056 3039 1389 3107 perpetimur
1411 3081 1426 3103 ,
1483 3041 1575 3096 sed
1613 3050 1764 3096 tuum
1801 3042 2030 3097 dicimus

446 3117 740 3176 dominum.
782 3123 850 3177 Et
875 3125 1015 3182 hanc
1045 3127 1306 3185 habemus
1334 3130 1555 3186 ultionis
1588 3131 1858 3199 ﬁduciam,
1892 3150 2028 3204 quo-

445 3209 590 3265 niam
617 3213 804 3270 vivens
833 3216 975 3272 Deus
1012 3219 1418 3289 blasphematur
1443 3237 1472 3275 a
1508 3223 1716 3278 cultore
1762 3224 2027 3280 idolorum

445 3311 804 3360 mortuorum.
835 3305 980 3363 Leva
1005 3325 1133 3381 erga
1166 3313 1466 3368 orationem
1489 3323 1732 3370 nostram
1753 3314 2027 3383 jacentem

443 3404 542 3460 pro
564 3394 806 3464 reliquiis
835 3399 1046 3468 populi,
1090 3415 1209 3470 quae
1259 3402 1590 3457 obsidentur.
1624 3402 1895 3460 Praevenit
1936 3421 2032 3462 eos

443 3479 627 3548 lsaias,
652 3486 778 3554 quia
808 3502 872 3543 eo
908 3489 1124 3559 Spiritu,
1148 3507 1256 3560 quo
1290 3490 1472 3547 futura
1515 3494 1815 3561 noscebat,
1866 3495 2029 3550 etiam

445 3571 721 3630 absentem
747 3592 927 3647 regem
961 3581 1206 3635 audierat
1236 3597 1250 3634 :

522 3683 540 3714 ‹
576 3664 721 3733 Haec,
751 3667 945 3738 inquit,
970 3671 1132 3727 dicite
1155 3674 1372 3730 domino
1397 3684 1603 3744 vestro,
1628 3691 1749 3747 qum
1771 3677 1901 3734 dicit
1927 3679 2034 3734 Do-

452 3771 471 3804 ‹
509 3756 688 3813 minus
714 3777 725 3811 :
752 3759 874 3815 Noli
894 3762 1085 3818 timere
1105 3765 1288 3830 verba,
1325 3767 1520 3837 quibus
1547 3784 1656 3825 non
1693 3777 1775 3837 tu,
1798 3769 1892 3826 sed
1932 3785 2034 3842 ego

451 3861 470 3893 ‹
504 3860 621 3899 sum
648 3847 1069 3918 blasphematus.
1102 3873 1121 3906 ι
1147 3853 1258 3910 Nec
1289 3856 1408 3913 dico
1433 3860 1615 3914 omnia
1650 3877 1771 3930 qua:
1799 3862 1910 3934 regi
1937 3865 2039 3918 As-

446 3938 594 4026 syrio
622 3938 815 3996 faciam
844 3983 858 4009 ,
905 3960 975 4000 ne
1009 3960 1186 4001 meam
1222 3948 1410 4005 videar
1445 3949 1655 4018 jactare
1709 3956 2030 4026 potentiam.

448 4025 553 4082 Sed
575 4031 702 4098 quia
727 4031 934 4088 dandus
963 4035 1036 4089 sit
1061 4036 1110 4091 ei
1141 4038 1361 4108 spiritus
1391 4057 1499 4097 non
1538 4042 1672 4110 Dei,
1713 4025 1811 4101 sed
1841 4046 2033 4100 adver-

448 4118 612 4182 sarii,
647 4128 704 4175 et
740 4122 923 4178 audito
971 4126 1163 4182 nuntio
1204 4139 1482 4188 revertens
1527 4133 1594 4188 ad
1642 4141 1844 4188 terram
1879 4149 2032 4189 suam

449 4216 667 4262 corruat
697 4210 894 4281 gladio,
922 4222 982 4268 ut
1019 4216 1124 4271 duo
1166 4221 1405 4288 pariter,
1457 4237 1577 4291 quas
1630 4225 1851 4293 optabat
1900 4225 2034 4280 Eze-

449 4295 620 4362 chias,
643 4300 855 4355 audiret
882 4318 940 4358 se
972 4305 1040 4358 ab
1061 4307 1339 4363 obsidione
1373 4308 1733 4377 liberandum,
1761 4321 1815 4368 et
1860 4313 2034 4368 inimi-

450 4403 575 4442 cum
611 4389 666 4444 in
697 4408 793 4447 sua
817 4401 962 4450 terra
993 4413 1114 4454 esse
1146 4401 1490 4456 moriturum.

1101 354 1173 409 'B.
1217 351 1468 409 RABANI
1507 349 1724 407 MAURI
1761 345 2077 404 ARCHIEP.
2119 343 2429 404 MOGUNT.
2469 343 2753 402 OPERUM
2791 344 2970 401 PARS
3008 344 3052 401 I.

2047 468 2100 530 A
2127 468 2494 524 Sennacherib
2529 475 2715 523 contra
2750 465 3063 539 Egyptios,
3112 474 3168 524 et
3214 467 3492 525 obsedisse
3521 469 3717 530 Pellu-

3596 347 3714 402 256

2124 561 2283 625 sium,
2307 557 2526 628 jamque
2551 559 2840 614 exstructis
2880 558 3185 629 aggeribus,
3213 561 3348 616 urbe
3396 563 3668 634 capienda
3690 605 3709 631 ,

2122 651 2336 706 venisse
2357 650 2658 706 Tharacam
2689 665 2870 722 regem
2899 649 3302 719 Ethiopiorum
3333 653 3388 708 in
3419 653 3716 721 auxilium,

2125 749 2312 794 narrat
2338 739 2659 796 Herodotus.

2201 854 2219 887 ι
2245 835 2429 905 Itaque
2459 850 2582 891 cum
2611 834 3185 904 accepissethechias
3205 834 3417 890 litteras
3445 834 3510 890 de
3543 850 3718 902 manu

2132 947 2152 980 ‹
2185 930 2517 993 nuntiorum,
2541 936 2596 984 et
2620 929 2838 999 legisset
2860 944 2972 996 eas,
3013 929 3259 985 ascendit
3286 929 3338 984 in
3363 929 3584 984 domum
3609 928 3721 983 Do-

2132 1039 2150 1072 ι
2183 1021 2344 1086 mini,
2383 1029 2437 1076 et
2455 1020 2705 1089 expandit
2728 1034 2822 1075 eas
2870 1034 3052 1076 coram
3077 1020 3329 1083 Domino,
3354 1028 3410 1074 et
3446 1019 3628 1074 oravit
3657 1019 3718 1072 in

2135 1131 2153 1164 ‹
2185 1119 2474 1182 conspectu
2499 1112 2632 1182 ejus,
2667 1112 2850 1167 dicens
2881 1129 2894 1166 :
2928 1112 3152 1167 Domine
3183 1113 3326 1168 Deus
3346 1110 3533 1176 Israel,
3552 1111 3720 1167 sedes

2135 1224 2153 1257 ‹
2181 1207 2476 1268 cherubim,
2512 1215 2568 1259 tu
2591 1220 2651 1260 es
2675 1204 2816 1260 Deus
2860 1204 3005 1260 solus
3042 1219 3228 1275 regum
3254 1204 3496 1258 omnium
3526 1211 3718 1270 terrae,

2135 1315 2153 1348 ι
2186 1305 2241 1350 tu
2265 1296 2439 1351 fecisti
2465 1295 2662 1352 coelum
2706 1305 2760 1352 et
2783 1304 3006 1362 terram,
3037 1296 3236 1352 inclina
3266 1311 3456 1352 aurem
3487 1304 3637 1351 tuam
3657 1303 3720 1351 et

2135 1407 2153 1438 ‹
2187 1388 2343 1453 audi;
2375 1388 2544 1457 aperi,
2572 1387 2818 1454 Domine,
2841 1388 3026 1443 oculos
3056 1396 3176 1442 tuos
3203 1395 3257 1442 et
3287 1388 3412 1443 vide
3431 1427 3446 1454 ,
3489 1397 3545 1443 et
3585 1385 3718 1443 audi

2135 1497 2153 1530 ‹
2189 1478 2368 1532 omnia
2405 1479 2568 1533 verba
2599 1476 2988 1544 Sennacherib,
3018 1479 3110 1548 qui
3142 1479 3291 1533 misit
3332 1487 3391 1534 ut
3417 1478 3717 1550 exprobra-

2134 1590 2153 1621 ι
2186 1580 2268 1625 ret
2318 1571 2473 1626 nobis
2520 1571 2688 1626 Deum
2741 1572 3045 1635 viventem,
3106 1591 3124 1622 ›
3164 1581 3270 1626 etc.
3307 1569 3415 1641 (Ea;
3459 1570 3718 1642 Hieron.)

2129 1662 2286 1718 Prius
2308 1663 2582 1728 Ezechias,
2621 1664 2831 1718 Domini
2875 1663 3072 1719 timore
3104 1665 3450 1734 perterritus,
3481 1678 3582 1719 ora
3628 1678 3717 1718 re-

2131 1774 2314 1814 serare
2355 1759 2408 1813 in
2461 1758 2660 1828 templo
2700 1773 2806 1814 non
2839 1756 3094 1825 audebat,
3125 1758 3211 1812 vel
3249 1757 3446 1813 liberas
3487 1755 3721 1811 fundere

2131 1865 2350 1920 preces;
2379 1865 2522 1905 nunc
2551 1858 2729 1904 autem
2762 1849 2889 1919 quia
2917 1849 3067 1904 audit
3098 1849 3290 1904 Isaiam
3332 1850 3606 1904 dicentem
3634 1863 3649 1901 :

2171 1963 2186 1984 ο
2208 1962 2224 1994 ι
2250 1941 2326 1995 Ne
2351 1942 2540 1996 timeas
2563 1957 2591 1993 a
2619 1939 2757 1995 facie
2785 1939 3094 2006 verborum,
3125 1954 3245 2009 quae
3283 1939 3508 2005 audisti,
3535 1957 3553 1989 ι
3581 1946 3717 2003 etc.,

2131 2033 2384 2088 audacter
2415 2032 2696 2086 Dominum
2720 2032 3041 2102 deprecatur
3066 2049 3078 2085 :

2207 2143 2225 2174 ε
2273 2123 2416 2178 Misit
2462 2131 2640 2178 autem
2681 2120 2856 2176 Josias
2903 2120 3071 2175 ﬁlium
3099 2119 3266 2174 Amos
3302 2119 3370 2176 ad
3398 2118 3718 2184 Ezechiam,

2137 2236 2154 2268 ι
2201 2217 2419 2272 dicens:
2448 2214 2574 2270 Haec
2602 2214 2732 2269 dicit
2763 2213 3021 2268 Dominus
3062 2211 3206 2266 Deus
3233 2210 3396 2266 Israel
3425 2229 3439 2265 :
3467 2210 3602 2278 Quae
3629 2210 3724 2265 de-

2137 2326 2155 2360 ι
2200 2313 2452 2378 precatus
2481 2321 2541 2361 es
2569 2319 2655 2361 me
2710 2318 2870 2374 super
2904 2301 3274 2358 Sennacherib
3309 2315 3437 2372 rege
3463 2299 3726 2371 Assyrio-

2137 2417 2155 2449 ι
2204 2414 2344 2463 rum,
2387 2396 2587 2451 audivi.
2620 2395 2726 2450 Iste
2767 2400 2852 2449 est
2877 2407 3056 2448 sermo
3077 2407 3238 2462 quem
3266 2390 3477 2445 locutus
3504 2397 3592 2445 est
3614 2390 3726 2444 Do-

2136 2507 2154 2540 ‹
2198 2490 2376 2543 minus
2417 2487 2483 2542 de
2528 2501 2633 2542 eo:
2669 2485 2883 2556 Sprevit
2908 2491 2961 2538 te
3003 2489 3059 2539 et
3088 2482 3439 2538 subsannavit
3479 2488 3537 2536 te
3566 2481 3728 2551 virgo

2136 2599 2154 2630 ι
2203 2579 2311 2633 ﬁlia
2344 2577 2497 2643 Sion,
2521 2584 2643 2647 post
2682 2585 2887 2646 tergum
2919 2585 3069 2630 tuum
3102 2581 3263 2644 caput
3290 2572 3459 2628 movit
3487 2571 3597 2627 ﬁlia
3623 2569 3727 2626 Je-

2135 2687 2155 2722 ¢
2200 2670 2454 2730 rusalem.
2483 2668 2580 2723 Cui
2618 2666 2978 2737 exprobrasti,
3010 2673 3065 2721 et
3105 2679 3264 2734 quem
3295 2662 3730 2733 blasphemasti?

2135 2778 2156 2810 ‹
2199 2759 2402 2816 Contra
2427 2774 2588 2830 quem
2623 2757 2870 2812 exaltasti
2915 2771 3124 2822 vocem,
3169 2764 3225 2811 et
3269 2755 3490 2832 elevasti
3522 2755 3579 2809 in
3619 2769 3728 2810 ex-

2135 2870 2154 2901 (
2197 2850 2398 2906 celsum
2427 2849 2612 2904 oculos
2637 2848 2795 2902 tuos?
2821 2847 3019 2903 Contra
3045 2853 3292 2902 sanctum
3319 2844 3505 2911 Israel,
3543 2863 3563 2898 ›
3605 2853 3726 2900 etc.

2129 2942 2370 3011 Denique
2413 2940 2675 2996 Ezechias
2714 2937 2972 2994 audacter
3024 2939 3307 2994 Dominum
3359 2937 3726 3008 deprecatur;

2129 3048 2230 3088 nec
2272 3032 2418 3086 misit
2459 3032 2528 3087 ad
2578 3031 2793 3096 Isaiam,
2836 3037 2899 3086 ut
2926 3031 3076 3101 prius
3112 3029 3258 3094 fecit,
3303 3045 3410 3086 non
3445 3029 3564 3099 ipse
3591 3042 3732 3098 pro-

2130 3125 2289 3192 pheta
2311 3123 2486 3195 pergit
2515 3123 2583 3177 ad
2611 3137 2756 3189 eum,
2789 3123 2882 3178 sed
2914 3122 3130 3177 nuntios
3154 3121 3341 3187 mittit,
3376 3121 3466 3190 qui
3499 3119 3598 3174 Dei
3632 3135 3731 3175 re-

2134 3231 2386 3286 sponsum
2416 3214 2662 3270 deferant
2695 3215 2762 3269 ad
2802 3229 2947 3268 eum.
2987 3233 3006 3266 ι
3043 3214 3207 3283 Virgo
3245 3213 3374 3269 Sion
3402 3221 3458 3266 et
3493 3212 3605 3267 ﬁlia
3631 3210 3730 3266 Je-

2132 3309 2386 3375 rusalem,
2440 3327 2459 3362 ›
2512 3323 2633 3380 qua:
2675 3308 2797 3363 ideo
2841 3308 2984 3378 virgo
3031 3307 3230 3363 dicitur
3275 3313 3329 3361 et
3379 3305 3516 3375 ﬁlia,
3569 3305 3728 3375 quia,

2132 3401 2341 3456 cunctis
2365 3399 2616 3471 gentibus
2658 3397 2948 3455 simulacra
2984 3405 3320 3453 mortuorum
3343 3397 3724 3462 adorantibus,

2132 3492 2247 3546 haec
2303 3490 2415 3546 sola
2463 3496 2750 3544 conservat
2797 3487 3102 3543 castitatem
3156 3486 3431 3556 religionis
3478 3485 3618 3552 Dei,
3665 3495 3729 3542 et

2132 3581 2292 3635 unius
2337 3578 2630 3634 divinitatis
2675 3578 2901 3644 cultum,
2956 3588 3011 3632 et
3059 3594 3197 3650 qua),
3239 3592 3308 3634 ne
3345 3578 3416 3632 ad
3453 3576 3723 3647 majorem

2132 3670 2522 3742 blasphemiam
2562 3671 2863 3726 concitaret
2887 3710 2901 3736 ,
2956 3670 3207 3740 praesenti
3252 3683 3364 3725 non
3413 3669 3720 3740 respondit,

2132 3771 2255 3834 post
2277 3764 2563 3818 abeuntem
2593 3763 2762 3819 movit
2801 3770 2962 3833 caput
2988 3778 3168 3830 suum,
3197 3771 3348 3819 certa
3381 3764 3448 3818 de
3490 3763 3720 3830 ultione,

2136 3871 2325 3911 secura
2353 3856 2418 3910 de
2445 3869 2624 3926 pruna.
2665 3874 2684 3908 ‹
2715 3855 2776 3910 In
2797 3871 2961 3910 manu
2991 3868 3270 3911 servorum
3299 3863 3534 3922 tuorum,
3563 3875 3584 3908 ι
3617 3856 3723 3910 hoc

2134 3957 2236 4014 est,
2277 3963 2379 4004 nec
2416 3948 2532 4018 ipse
2558 3963 2657 4018 per
2684 3957 2760 4014 te,
2792 3949 2884 4003 sed
2913 3963 3013 4019 per
3038 3960 3224 4003 servos
3263 3956 3406 4014 tuos,
3447 3957 3510 4004 ut
3547 3947 3724 4018 major

2133 4047 2280 4095 esset
2303 4039 2632 4108 arrogantia,
2663 4038 2948 4092 Dominum
2969 4038 3378 4108 blasphemasti.

2210 4149 2229 4180 ι
2273 4129 2514 4185 Altitudo
2548 4130 2834 4196 montium,
2857 4137 2911 4185 et
2928 4129 3055 4200 juga
3076 4127 3285 4195 Libani,
3314 4127 3545 4184 excelsae
3571 4129 3722 4186 cedri

2140 4240 2160 4274 α
2200 4229 2255 4277 et
2278 4221 2462 4277 electa:
2487 4221 2710 4276 abietes.
2757 4239 2776 4272 ι
2819 4218 2918 4274 Vel
2955 4234 3054 4289 per
3093 4219 3461 4288 metaphoram
3494 4219 3562 4274 de
3589 4234 3724 4276 cun-

2133 4311 2238 4367 ctis
2263 4311 2511 4383 gentibus
2537 4309 2906 4380 accipiendum
2933 4317 3036 4372 est,
3063 4317 3117 4362 et
3144 4309 3476 4379 principibus
3504 4323 3720 4375 earum,

2141 4399 2220 4455 vel
2249 4401 2316 4456 de
2338 4399 2657 4465 Jerusalem,
2691 4413 2812 4469 quae
2837 4406 2921 4454 est
2945 4399 3202 4466 Libanus,
3233 4399 3379 4455 cedri
3411 4409 3469 4456 et
3492 4400 3718 4468 abietes.

527 4499 548 4588 Ξ
581 4473 851 4584 Reversus
879 4496 962 4541 est
988 4489 1153 4560 igitur
1204 4492 1500 4558 Rabsaces,
1525 4502 1580 4548 et
1607 4494 1813 4549 invenit
1849 4508 2030 4565 regem
2056 4525 2111 4588 Β
2134 4501 2381 4562 potentes
2401 4493 2600 4563 quique
2627 4500 2683 4547 et
2715 4491 3022 4563 optimates,
3049 4489 3276 4546 altitudo
3298 4491 3630 4548 summitatis
3669 4502 3726 4549 et

455 4587 474 4620 ‹
510 4568 852 4642 Assyriorum
877 4589 1272 4648 expugnantem
1290 4581 1556 4636 Lobnam.
1599 4583 1858 4638 Audierat
1887 4585 2032 4638 enim
2056 4568 2107 4588 ν
2135 4585 2304 4640 saltus
2332 4583 2564 4639 Carmeli
2590 4582 2849 4654 templum
2877 4591 2979 4640 est.
3011 4583 3165 4652 Quod
3186 4582 3348 4639 infert
3383 4601 3396 4636 :
3426 4601 3446 4634 ε
3474 4582 3588 4653 Ego
3610 4583 3721 4638 fodi

455 4678 474 4712 α
507 4663 652 4731 quod
679 4677 980 4722 recesserat
1028 4671 1095 4726 de
1140 4670 1356 4727 Lachis.
1411 4672 1654 4743 Cumque
1688 4675 1928 4730 audisset
1967 4675 2034 4730 de

455 4769 475 4803 α
507 4752 750 4812 Tharaca
795 4774 921 4830 rege
969 4761 1281 4832 Ethiopiae,
1312 4764 1590 4821 dicentes:
1621 4765 1761 4822 Ecce
1787 4781 2037 4838 egressus

458 4859 477 4893 ι
514 4855 616 4911 est,
641 4857 700 4902 ut
724 4859 927 4920 pugnet
947 4853 1234 4907 adversum
1278 4863 1357 4918 te,
1412 4864 1468 4910 et
1501 4856 1606 4910 iret
1653 4866 1843 4913 contra
1870 4873 1991 4913 eum
2015 4899 2030 4923 ,

455 4955 474 4987 ‹
505 4940 652 4994 misit
692 4944 912 4997 nuntios
963 4944 1032 4997 ad
1069 4945 1392 5016 Ezechiam,
1441 4949 1658 5006 dicens:
1691 4950 1819 5008 Haec
1867 4952 2034 5010 dicite

455 5047 473 5080 ι
510 5028 755 5088 Εῑεριιίτε
807 5034 922 5104 regi
951 5033 1130 5091 Juda:
1184 5038 1299 5094 Non
1340 5047 1393 5096 te
1447 5043 1670 5099 seducat
1699 5045 1842 5101 Deus
1883 5054 2030 5116 tuus,

457 5138 476 5170 ‹
508 5121 560 5174 in
585 5138 691 5190 quo
717 5125 885 5179 babes
906 5125 1182 5195 ﬁduciam,
1206 5145 1381 5200 neque
1413 5133 1562 5190 dicas
1592 5155 1605 5189 :
1635 5136 1749 5193 Non
1789 5139 2035 5196 tradetur

457 5230 477 5262 ‹
516 5209 815 5270 Jerusalem
845 5218 898 5272 in
922 5235 1116 5276 manus
1144 5223 1660 5295 regisAssyriorum,
1688 5249 1703 5280 ι
1743 5239 1848 5286 etc.
1871 5231 2032 5287 Juxta

451 5302 782 5360 voluntatem
809 5307 904 5362 Dei
927 5309 1204 5367 Rabsaces
1234 5314 1471 5370 deseruit
1503 5318 1838 5374 obsidionem
1875 5320 2032 5375 Jeru-

457 5393 644 5460 salem,
674 5405 731 5452 et
765 5402 1004 5469 perrexit
1028 5404 1093 5458 ad
1115 5405 1394 5461 dominum
1426 5424 1601 5476 suum,
1634 5427 1795 5481 quem
1823 5412 1906 5467 vel
1943 5429 2034 5468 ea-

454 5491 569 5553 pta,
591 5487 674 5541 vel
723 5489 934 5546 deserta
963 5491 1177 5560 Lachis.
1211 5497 1412 5552 invenit
1457 5511 1850 5572 oppugnantem
1893 5504 2034 5559 Lob-

460 5588 606 5628 nam.
635 5574 1005 5638 Sennacherib
1033 5593 1212 5641 autem
1240 5604 1528 5646 occurrens
1577 5595 1689 5663 regi
1720 5595 2032 5664 Aithiopum

460 5667 609 5723 misit
635 5671 703 5725 ad
731 5673 1015 5732 Ezechiam
1046 5681 1261 5736 nuntios
1284 5690 1338 5736 et
1375 5685 1650 5753 epistolas,
1675 5695 1734 5740 ut
1774 5702 1868 5741 eos
1895 5703 2030 5756 quos

460 5758 666 5819 Viribus
698 5780 803 5823 non
825 5768 968 5838 cepit
993 5785 1242 5827 sermone
1272 5781 1518 5830 terreret.
1545 5776 1822 5848 Pugnasse
1848 5787 2027 5831 autem

2142 4695 2161 4728 ‹
2205 4684 2262 4731 et
2287 4676 2400 4732 bibi
2428 4691 2645 4745 aquam,
2677 4683 2731 4730 et
2752 4667 2948 4730 siccavi
2969 4675 3197 4747 vestigio
3223 4675 3376 4745 pedis
3396 4674 3505 4728 mei
3529 4689 3722 4729 omnes

2142 4787 2160 4820 ι
2207 4769 2352 4823 rivos
2377 4782 2651 4838 aggerum,
2690 4787 2708 4820 ›
2733 4768 2818 4822 vel
2847 4769 2916 4823 ob
2949 4767 3053 4822 hoc
3078 4767 3232 4834 dixit,
3264 4766 3390 4836 quia
3416 4780 3517 4835 pro
3539 4765 3723 4819 multi-

2138 4861 2320 4916 tudine
2362 4861 2631 4915 exercitus
2669 4861 2848 4915 omnia
2877 4859 3075 4914 fluenta
3104 4859 3406 4924 siccaverit,
3435 4867 3495 4914 ut
3528 4867 3722 4928 puteos

2139 4955 2238 5010 sibi
2283 4955 2466 5010 fodere
2494 4955 2802 5025 compulsus
2846 4955 2938 5022 sit,
2977 4955 3062 5011 vel
3091 4957 3217 5025 quia
3247 4971 3436 5010 omnes
3470 4955 3719 5026 populos,

2138 5062 2274 5118 quos
2295 5063 2448 5117 aqua:
2470 5047 2795 5118 signiﬁcant,
2820 5063 2917 5102 suo
2942 5048 3175 5103 vastavit
3197 5047 3457 5104 exercitu.

2215 5159 2234 5190 ‹
2279 5137 2530 5210 Nunquid
2556 5154 2660 5192 non
2686 5139 2882 5193 audisti
2912 5153 3032 5208 quae
3058 5138 3188 5194 olim
3222 5138 3480 5195 fecerim?
3504 5135 3585 5192 Ex
3610 5137 3721 5193 die-

2144 5248 2164 5281 ι
2207 5228 2307 5284 bus
2332 5230 2568 5298 antiquis
2591 5242 2691 5299 ego
2714 5228 2976 5298 plasmavi
3004 5228 3154 5293 illud,
3200 5237 3256 5283 et
3299 5245 3440 5284 nunc
3477 5227 3674 5283 adduxi
3702 5245 3716 5294 ;

2145 5338 2164 5371 ‹
2208 5329 2262 5374 et
2306 5319 2500 5375 factum
2546 5327 2630 5374 est
2675 5319 2730 5374 in
2775 5320 3196 5375 eradicationem
3237 5320 3451 5375 collium
3499 5335 3721 5389 compu-

2145 5428 2164 5460 ι
2211 5410 2508 5480 gnantium,
2555 5418 2608 5464 et
2650 5410 2927 5464 civitatum
2977 5412 3326 5465 munitarmn.
3373 5410 3720 5464 Habitatores

2145 5521 2164 5552 ‹
2207 5516 2395 5556 eorum
2429 5502 2670 5556 breviata
2717 5517 2878 5556 manu
2927 5509 3371 5558 contremuerunt
3409 5510 3466 5555 et
3509 5498 3720 5557 confusi

2147 5610 2165 5642 ι
2211 5600 2353 5646 sunt.
2383 5592 2529 5646 Facti
2565 5602 2688 5647 sunt
2734 5593 2874 5648 sicut
2903 5593 3082 5646 fenum
3114 5593 3249 5663 agri,
3292 5600 3347 5646 et
3370 5607 3588 5662 gramen
3625 5606 3719 5660 pa-

2145 5704 2164 5736 ς
2210 5700 2374 5750 scum,
2404 5693 2459 5739 et
2487 5686 2667 5740 virens
2699 5686 2864 5739 herba
2895 5693 3180 5751 tectorum,
3212 5699 3332 5753 quae
3356 5684 3589 5750 exaruit,
3623 5699 3719 5736 an-

2144 5795 2162 5826 ι
2211 5785 2425 5846 tequam
2441 5774 3257 5850 maturesceret.Habitationem
3279 5784 3446 5844 tuam,
3463 5784 3518 5831 et
3531 5788 3718 5846 egres-
