3958 6474
266 409 372 466 257

1069 411 1419 468 COMMENT.
1458 413 1526 468 IN
1565 412 1810 471 LIBROS
1847 412 1914 469 IV
1954 412 2219 470 REGUM.
2261 445 2330 456 —
2366 415 2434 470 IN
2472 417 2596 472 LIB.
2640 419 2724 474 IV.

3390 424 3493 485 258

271 534 292 566 ι
333 531 452 570 sum
478 526 649 581 tuum,
667 528 721 572 et
749 520 1022 574 introitum
1049 529 1198 576 tuum
1224 524 1469 594 cognovi,
1493 533 1547 578 et
1569 524 1830 580 insaniam
1857 529 1911 590 Α
1933 532 1994 578 ιιι
2013 523 2182 578 instar
2209 524 2414 579 arboris
2439 525 2547 579 alta
2583 527 2760 580 radice
2787 526 3016 581 fundata:
3042 527 3215 596 pontis
3244 527 3498 585 densissi-

261 625 290 658 ἰ
339 616 482 662 tuam
528 619 713 663 contra
748 625 832 665 me
872 627 997 666 cum
1026 612 1233 670 furercs
1266 617 1549 670 adversum
1587 633 1690 672 me.
1737 616 1832 672 Su-

269 717 289 751 ι
332 701 518 770 perbia
562 711 654 755 tua
696 704 937 758 ascendit
977 706 1031 758 in
1062 721 1220 761 aures
1259 723 1427 763 meas.
1471 707 1674 763 Ponam
1704 723 1832 779 ergo

267 809 288 842 ι
332 790 593 846 circulum
623 792 675 846 in
710 793 930 848 naribus
968 794 1096 860 tuis,
1119 804 1175 850 et
1201 795 1412 851 frenum
1438 797 1492 852 in
1517 797 1672 854 labiis
1703 797 1826 862 tuis,

267 900 288 932 ι
331 891 390 937 et
412 881 667 937 reducam
706 890 760 938 te
805 883 860 937 in
891 883 1029 938 viam
1076 900 1171 954 per
1205 900 1367 955 quam
1410 886 1627 952 venisti,
1671 905 1691 938 ›
1721 895 1826 941 etc.

258 970 387 1027 Hrec
407 987 474 1028 ex
503 988 731 1044 persona
763 973 860 1029 Dei
889 982 1076 1028 contra
1118 976 1282 1030 verba
1311 975 1518 1047 Assyrii
1552 976 1830 1032 sentienda

256 1072 407 1130 sunt,
439 1064 582 1134 quod
607 1065 675 1119 ad
703 1064 1088 1135 blasphemiam
1116 1066 1232 1137 ejus
1255 1067 1333 1123 sic
1362 1068 1700 1137 responderit
1719 1068 1828 1124 Do-

254 1157 458 1213 minus.
494 1155 632 1211 Num
658 1156 872 1228 ignoras
897 1157 1039 1228 quod
1083 1158 1198 1214 haec
1235 1173 1355 1228 qua:
1378 1157 1574 1224 fecisti,
1601 1173 1721 1214 mea
1751 1159 1828 1214 fe-

252 1245 400 1301 ceris
438 1245 730 1311 voluntate,
774 1255 827 1302 et
870 1247 984 1302 haec
1023 1261 1122 1318 ego
1156 1247 1336 1302 futura
1373 1249 1733 1318 praedixerim,
1763 1263 1828 1304 ac

251 1349 354 1406 per
389 1343 440 1390 te
478 1334 720 1392 facienda
762 1336 1164 1392 mandaverim?
1187 1337 1372 1408 Itaque
1400 1337 1540 1406 quod
1568 1337 1695 1392 olim
1730 1337 1825 1393 de-

251 1424 422 1490 crevi,
467 1424 573 1480 hoc
616 1424 886 1496 expletum
934 1435 1016 1482 est
1041 1435 1302 1499 tempore,
1333 1438 1392 1482 ut
1432 1427 1612 1494 colles,
1644 1427 1698 1482 id
1722 1436 1823 1495 est,

249 1517 546 1588 principes,
583 1518 675 1588 qui
715 1517 856 1572 inter
893 1532 951 1574 se
978 1527 1101 1574 ante
1140 1519 1467 1590 pugnabant,
1498 1527 1552 1573 et
1580 1519 1826 1576 civitates

249 1606 648 1672 munitissimae,
676 1621 762 1663 me
789 1609 1136 1663 contrahente
1154 1623 1372 1663 manum
1395 1622 1590 1675 meam,
1615 1623 1715 1664 nec
1740 1624 1828 1664 so-

246 1699 409 1754 litum
455 1700 728 1769 praabente
768 1700 1046 1767 auxilium,
1076 1701 1496 1767 eradicarentur,
1528 1708 1585 1756 et
1615 1707 1826 1756 contre-

242 1792 562 1854 miscerent,
598 1804 661 1844 ac
684 1791 944 1860 perirent,
966 1800 1020 1846 et
1043 1800 1484 1861 compararentur
1511 1805 1619 1846 non
1647 1791 1823 1858 olivae,

247 1887 308 1935 et
336 1879 526 1946 vineae,
553 1879 950 1951 fructuosisque
977 1881 1275 1946 arboribus,
1309 1880 1401 1937 sed
1432 1881 1583 1938 freno
1616 1890 1669 1936 et
1704 1897 1827 1954 gra-

246 1971 384 2027 mini
409 1971 696 2041 herbisque
725 1971 1018 2038 domatum,
1040 1988 1158 2041 quae
1178 1971 1420 2044 frugibus
1447 1973 1825 2044 impedimenta

245 2069 395 2128 sunt,
419 2069 476 2118 et
499 2071 839 2118 marcescunt
861 2062 1174 2133 priusquam
1215 2063 1284 2118 ad
1313 2064 1676 2118 maturitatem
1703 2078 1826 2132 per-

243 2149 483 2205 veniant.
515 2150 700 2220 Itaque
725 2159 780 2204 et
806 2151 1121 2216 sessionem,
1161 2165 1437 2223 egressum
1463 2159 1518 2206 et
1545 2151 1824 2206 introitum

246 2247 400 2294 tuum
438 2248 563 2296 ante
588 2239 834 2313 cognovi,
862 2250 928 2312 ,ει
965 2241 1230 2296 insaniam
1254 2257 1358 2310 qua
1401 2249 1588 2296 contra
1613 2256 1698 2295 me
1727 2240 1822 2297 de-

242 2325 609 2385 bacchaturus
643 2345 765 2386 eras
789 2331 1066 2400 prophetis
1090 2331 1506 2387 vaticinantibus
1534 2346 1652 2387 sum
1675 2331 1824 2388 locu-

243 2424 354 2470 tus.
393 2415 498 2472 Per
531 2433 666 2488 quos
703 2418 832 2474 olim
873 2419 1140 2474 dicturum
1167 2435 1286 2476 esse
1311 2430 1363 2477 te
1390 2436 1644 2477 noveram
1673 2438 1684 2473 :
1712 2439 1730 2472 ι
1762 2419 1822 2476 In

241 2508 444 2563 caelum
469 2510 776 2576 ascendam,
799 2525 962 2580 super
990 2511 1168 2565 sidera
1197 2512 1319 2566 coeli
1351 2526 1546 2582 ponam
1568 2513 1820 2567 thronum

242 2611 448 2662 meum,
481 2611 572 2651 ero
604 2598 795 2653 similis
815 2598 1095 2654 Altissimo
1121 2599 1274 2670 (Isai.
1303 2600 1438 2672 xiv).
1479 2620 1498 2653 ι
1526 2600 1710 2670 Itaque
1737 2600 1820 2655 fu-

242 2699 339 2741 ror
368 2694 490 2741 tuus
510 2695 564 2740 et
588 2689 838 2758 superbia
867 2691 1109 2759 pervenit
1130 2689 1195 2760 _in
1231 2705 1390 2744 aures
1420 2705 1586 2755 meas,
1628 2698 1682 2744 et
1724 2705 1822 2745 ne-

241 2791 515 2846 quaquam
541 2789 592 2832 te
619 2777 759 2834 ultra
782 2779 1027 2849 portabo,
1068 2790 1126 2833 ut
1169 2781 1435 2852 intelligas
1461 2782 1603 2852 quod
1644 2781 1813 2852 potui-

239 2868 333 2932 sti,
364 2883 470 2923 non
517 2871 620 2924 tuis
657 2871 895 2938 potuisse
943 2880 994 2926 te
1030 2872 1256 2939 viribus,
1291 2873 1384 2928 sed
1419 2887 1540 2928 meo
1569 2873 1812 2928 arbitrio.

240 2954 585 3012 Herebantur
611 2959 755 3014 enim
782 2959 960 3030 impia:
983 2971 1168 3031 gentes
1196 2970 1251 3016 et
1274 2962 1564 3017 fructuosae
1594 2963 1817 3018 arbores

238 3054 305 3101 ut
331 3062 429 3115 per
457 3056 530 3114 te,
563 3050 717 3118 quasi
746 3052 977 3105 securim
1005 3060 1061 3106 et
1090 3067 1296 3107 serram
1338 3067 1536 3118 meam,
1571 3052 1814 3107 succide-

238 3149 435 3196 rentur
469 3151 524 3197 et
571 3143 844 3198 caderent.
881 3163 899 3195 ι
933 3145 1117 3214 Itaque
1159 3161 1356 3215 ponam
1400 3145 1659 3200 circulum
1702 3144 1816 3200 sive

239 3233 494 3288 ehamum
542 3235 599 3289 in
648 3234 870 3289 naribus
922 3236 1047 3300 tuis,
1090 3255 1108 3287 ι
1148 3245 1208 3290 ut
1253 3236 1678 3306 blasphemantia
1722 3249 1818 3290 ora

237 3327 628 3396 constringam,
667 3340 1008 3396 nequaquam
1047 3327 1187 3381 ultra
1233 3328 1359 3382 talia
1405 3328 1550 3398 loqui
1595 3326 1812 3381 audeas.

243 3431 265 3466 ι
303 3412 541 3467 Frenum
582 3429 794 3483 quoque
831 3415 1066 3486 injiciam
1096 3415 1250 3470 labiis
1284 3417 1410 3482 tuis,
1439 3435 1458 3467 ι
1487 3415 1631 3486 quod
1671 3423 1818 3472 tuam

235 3500 498 3557 ferociam
522 3503 723 3571 domet,
751 3513 807 3559 et
835 3515 886 3560 te
907 3507 1159 3562 reducam
1184 3506 1240 3560 in
1262 3505 1516 3578 Assyriis.

320 3613 339 3645 ι
386 3593 506 3649 Tibi
537 3604 737 3663 autem,
768 3597 1022 3663 Ezechia,
1054 3599 1157 3653 hoc
1181 3598 1284 3652 erit
1307 3598 1518 3668 signum
1544 3611 1558 3650 :
1587 3596 1818 3653 Comede

245 3701 266 3742 ς
312 3683 417 3737 hoc
439 3698 581 3738 anno
617 3699 737 3753 qua:
769 3685 1068 3755 repereris;
1100 3687 1156 3740 in
1184 3687 1418 3741 secundo
1446 3695 1624 3740 autem
1652 3702 1813 3754 anno,

246 3789 266 3824 t
315 3787 431 3841 quae
455 3783 644 3851 sponte
665 3785 978 3830 nascuntur.
1012 3773 1181 3829 Porro
1213 3776 1267 3828 in
1296 3790 1439 3830 anno
1476 3775 1633 3830 tertio
1659 3775 1817 3830 semi-

247 3884 269 3918 ι
315 3873 463 3931 nate,
489 3875 546 3921 et
587 3868 794 3934 metite,
826 3887 846 3920 ι
887 3875 992 3922 etc.
1030 3866 1333 3922 Notandum
1373 3875 1554 3922 autem
1594 3869 1736 3936 quod
1761 3869 1818 3924 in

240 3954 382 4012 libro
401 3956 576 4024 Isaiae,
601 3958 693 4013 ubi
719 3958 882 4015 verba
903 3957 1071 4028 ipsius
1094 3957 1369 4028 propheta:
1393 3958 1460 4012 ad
1483 3973 1664 4028 regem
1685 3959 1819 4014 Eze-

241 4046 423 4101 chiam
462 4047 728 4117 descripta
763 4055 905 4112 sunt,
937 4046 1015 4102 ita
1040 4056 1369 4101 narrantur:
1405 4065 1424 4098 ‹
1460 4047 1691 4103 Comede
1716 4048 1818 4102 hoc

241 4151 385 4194 anno
411 4152 529 4206 quae
569 4145 759 4207 sponte
786 4145 1102 4203 nascuntur,
1128 4145 1190 4191 et
1218 4137 1270 4190 in
1303 4151 1441 4191 anno
1467 4137 1700 4191 secundo
1723 4153 1820 4207 po-

243 4228 349 4282 mis
372 4243 611 4284 vescere.
639 4227 698 4282 In
734 4243 877 4283 anno
899 4237 1080 4283 autem
1103 4229 1262 4283 tertio
1303 4229 1585 4294 seminate,
1615 4237 1668 4284 et
1707 4244 1819 4284 me-

242 4317 363 4381 tite,
392 4326 447 4371 et
468 4316 708 4388 plantate
731 4318 940 4381 vineas,
965 4329 1021 4372 et
1053 4320 1316 4375 eomedite
1352 4319 1586 4375 fructum
1611 4337 1814 4377 earum.

243 4407 313 4462 Et.
337 4407 516 4461 mittet
557 4407 611 4460 id
645 4407 788 4476 quod
817 4407 1080 4462 salvatum
1113 4407 1275 4463 fuerit
1302 4409 1367 4464 de
1395 4410 1552 4464 domo
1577 4410 1733 4475 Juda,
1765 4420 1819 4465 et

241 4497 388 4566 quod
404 4496 668 4566 reliquum
690 4509 773 4552 est
787 4497 1023 4553 radicem
1043 4499 1318 4566 deorsum,
1337 4508 1391 4554 et
1404 4500 1565 4556 faciet
1585 4500 1817 4556 fructum

242 4603 486 4654 sursum,
511 4589 637 4659 quia
665 4588 733 4645 de
758 4587 1054 4645 Jerusalem
1083 4590 1309 4646 exibunt
1349 4591 1606 4662 reliquiae,
1634 4603 1690 4649 et
1713 4593 1819 4650 sal-

240 4678 394 4732 vatio
422 4677 490 4733 de
515 4688 698 4734 monte
729 4679 897 4734 Sion:
925 4680 1073 4737 zelus
1114 4681 1326 4738 Domini
1361 4683 1696 4740 exercituum
1738 4685 1819 4740 fa-

241 4767 354 4824 ciet
388 4767 489 4822 hoc
517 4767 650 4838 (Isa.
684 4768 913 4839 xxxvii).
949 4788 968 4821 ι
1001 4769 1154 4826 Nunc
1196 4775 1266 4828 ad
1312 4773 1488 4843 ipsum
1530 4774 1818 4830 Ezechiam

241 4857 504 4927 loquitur.
535 4856 650 4913 Hoc
677 4859 799 4924 erit,
829 4859 1025 4929 inquit,
1053 4861 1264 4930 signum
1283 4877 1469 4918 eorum
1495 4879 1613 4932 qua:
1638 4864 1818 4920 futura

241 4951 571 5022 praenuntio,
596 4952 738 5021 quod
774 4951 879 5007 hoc
920 4966 1062 5006 anno
1097 4967 1160 5008 ea
1201 4953 1450 5009 comedes
1484 4969 1601 5022 quae
1629 4965 1820 5024 sponte

243 5051 576 5107 nascuntur;
605 5043 719 5097 sive
748 5042 920 5114 (juxta
944 5042 1314 5116 Septuaginta)
1348 5064 1366 5098 (
1410 5061 1529 5115 qua:
1555 5047 1706 5116 prius
1741 5062 1820 5102 se-

242 5149 425 5191 veras.
459 5153 479 5187 ι
510 5135 664 5190 Anno
705 5146 885 5190 autem
922 5136 1155 5193 secundo
1195 5137 1367 5208 (juxta
1412 5136 1816 5208 Symmachum)

243 5226 422 5298 pomis
454 5241 692 5292 vescere,
736 5228 851 5283 sive
892 5227 1067 5298 (juxta
1100 5229 1339 5299 eosdem)
1367 5244 1485 5298 quae
1510 5230 1576 5285 de
1604 5241 1819 5300 praeter-

244 5319 340 5375 itis
366 5319 638 5389 segetibus
665 5327 722 5374 et
745 5320 970 5376 cadente
994 5321 1048 5374 in
1078 5331 1277 5377 terram
1298 5322 1502 5378 semine
1528 5323 1821 5392 pullulave-

246 5409 377 5466 rint.
407 5408 466 5464 ln
495 5423 636 5465 anno
663 5417 840 5464 autem
885 5410 1064 5478 tertio,
1109 5411 1289 5482 fugato
1319 5411 1432 5481 jam
1473 5413 1717 5484 Assyrio,
1762 5424 1818 5472 et

247 5501 527 5560 obsidione
538 5502 737 5568 laxata,
756 5503 1038 5570 seminate,
1056 5505 1322 5561 etmetite.
1341 5504 1615 5575 Siquidem
1637 5524 1818 5579 parvae

249 5593 403 5649 urbis
451 5591 609 5662 hujus
645 5593 905 5664 reliquiae,
949 5611 1068 5665 quae
1127 5612 1270 5652 nunc
1323 5597 1501 5652 hostili
1548 5601 1818 5656 vallantur

251 5683 518 5749 exercitu,
566 5690 620 5738 et
658 5697 913 5738 evasuras
939 5700 998 5738 se
1030 5698 1151 5739 esse
1174 5700 1281 5738 non
1325 5687 1567 5752 credunt,
1614 5697 1814 5746 tantam

255 5775 516 5842 recipient
534 5790 716 5834 rerum
736 5775 975 5835 omnium
997 5774 1378 5834 abundantiam
1401 5792 1465 5834 ac
1484 5777 1813 5846 felicitatem,

1835 4557 1896 4618 ‘D

1929 613 2032 668 mis
2079 612 2416 684 impleantur.
2470 615 2548 672 De
2601 615 2892 672 Jerusalem
2932 619 3072 672 enim
3120 627 3174 672 et
3212 620 3276 673 de
3315 629 3497 676 monte

1931 700 2060 757 Sion
2079 704 2420 773 egredientur
2439 704 2695 774 reliquiae,
2725 715 2778 760 et
2802 707 3095 777 implebunt
3114 718 3313 763 terram
3337 709 3494 777 Juda,

1929 809 2037 849 non
2064 809 2162 850 suo
2186 796 2399 862 merito,
2426 797 2520 850 sed
2545 795 2640 851 Dei
2678 797 3067 864 misericordia,
3100 800 3205 854 imo
3231 799 3348 856 zelo
3387 816 3493 872 quo

1929 884 2186 941 adversus
2213 886 2406 955 impios
2427 886 2631 942 relatus
2654 895 2737 941 est
2760 887 3012 956 populum
3039 903 3214 943 suum.

1929 979 1932 982 ’
2004 996 2022 1028 ι
2065 975 2357 1048 Propterea
2397 978 2510 1032 haec
2547 978 2675 1033 dicit
2721 979 2975 1032 Dominus
3003 979 3068 1033 de
3098 995 3222 1050 rege
3249 980 3496 1051 Assyrio-

1933 1085 1952 1118 ι
1998 1081 2157 1122 rum:
2187 1066 2303 1123 Non
2341 1067 2563 1123 intrabit
2601 1067 2872 1122 civitatem
2920 1069 3080 1134 hanc,
3110 1078 3165 1123 et
3205 1086 3308 1124 non
3333 1069 3497 1138 jaciet

1933 1172 1953 1206 ι
1997 1155 2070 1211 ibi
2094 1157 2363 1228 sagittam.
2403 1156 2514 1213 Nec
2549 1157 2831 1227 occupabit
2873 1173 2992 1212 eam
3037 1157 3276 1229 clypeus,
3308 1167 3364 1213 et
3390 1174 3497 1214 non

1932 1261 1952 1295 ι
1994 1245 2174 1301 mittet
2212 1247 2265 1301 in
2295 1247 2522 1302 circuitu
2545 1246 2660 1316 ejus
2693 1261 2958 1317 aggerem.
2987 1247 3045 1301 In
3077 1247 3162 1301 via
3190 1263 3296 1317 qua
3327 1241 3492 1313 venit,

1932 1352 1952 1385 ‹
1993 1348 2092 1403 per
2117 1350 2236 1390 eam
2263 1344 2584 1402 revertetur,
2610 1345 2664 1392 et
2691 1336 2874 1393 urbem
2917 1337 3056 1391 hanc
3085 1352 3191 1392 non
3233 1337 3500 1408 ingredie-

1933 1439 1953 1473 ς
1997 1431 2104 1489 tur,
2135 1423 2264 1478 dicit
2288 1425 2563 1480 Dominus.
2595 1423 2986 1495 Protegamque
3012 1424 3284 1479 civitatem
3315 1425 3494 1492 istam,

1932 1530 1952 1564 ι
1997 1520 2052 1568 et
2073 1512 2288 1569 salvabo
2330 1530 2449 1570 eam
2489 1523 2708 1585 propter
2731 1529 2817 1569 me
2843 1523 2896 1570 et
2934 1524 3154 1585 propter
3189 1515 3357 1570 David
3387 1531 3501 1571 ser-

1932 1619 1952 1655 ‹
1997 1617 2121 1658 vum
2146 1617 2343 1658 meum.
2379 1623 2398 1656 ι
2427 1603 2654 1673 Propter
2678 1602 2980 1659 futurorum
3007 1619 3152 1674 spem
3178 1613 3498 1674 praesentem

1926 1691 2130 1747 excutit
2148 1699 2368 1746 metum.
2394 1691 2535 1747 Dicit
2559 1701 2737 1766 autem
2758 1693 2885 1762 quia
2909 1706 3017 1747 non
3042 1708 3140 1748 suo
3165 1693 3376 1757 merito,
3406 1689 3500 1747 sed

1927 1781 2024 1837 Dei
2065 1783 2348 1838 clementia
2376 1792 2792 1849 conserventur;
2826 1785 2936 1839 imo
2971 1784 3144 1855 patris
3170 1797 3356 1838 eorum
3395 1771 3499 1837 Da-

1851 1875 1902 1935 B
1927 1873 2019 1928 vid
2044 1874 2322 1940 memoria,
2351 1874 2404 1929 in
2439 1889 2547 1944 quo
2575 1883 2862 1930 monentur
2888 1883 2944 1929 et
2984 1889 3095 1929 sua:
3137 1872 3497 1945 negligentiae,

1925 1972 1982 2018 et
2008 1964 2152 2019 illius
2181 1964 2304 2020 fidei
2326 1973 2382 2020 et
2400 1964 2643 2034 justitiaa,
2671 1966 2796 2035 quia
2827 1966 2881 2020 in
2910 1973 3118 2020 tantum
3144 1963 3329 2034 diligat
3357 1963 3501 2019 Deus

1917 2052 2203 2124 justitiam,
2234 2064 2294 2110 ut
2319 2064 2566 2126 posteros
2592 2057 2855 2126 majorum
2882 2056 3080 2110 virtute
3102 2062 3335 2110 tueatur.

1999 2165 2018 2197 ‹
2062 2145 2286 2200 Factum
2316 2155 2402 2202 est
2438 2146 2601 2218 igitur
2641 2147 2696 2200 in
2748 2157 2906 2201 nocte
2953 2146 3043 2200 illa
3088 2147 3231 2200 venit
3277 2144 3499 2216 angelus

1929 2252 1949 2286 ι
1993 2232 2227 2300 Domini,
2273 2243 2330 2288 et
2365 2236 2633 2306 percussit
2672 2234 2728 2289 in
2774 2234 2968 2290 castris
3003 2233 3348 2305 Assyriorum
3374 2247 3500 2288 cen-

1929 2343 1948 2377 t
1992 2332 2106 2380 tum
2150 2326 2420 2398 octoginta
2473 2327 2710 2397 quinque
2746 2327 2931 2381 millia.
2977 2325 3218 2396 Cumque
3264 2325 3500 2382 diluculo

1927 2432 1947 2467 ι
1991 2415 2345 2481 surrexisset,
2400 2416 2546 2471 dedit
2601 2417 2780 2470 omnia
2835 2429 3062 2485 corpora
3113 2423 3448 2470 mortuorum
3479 2455 3493 2480 ,

1927 2521 1946 2554 ι
1989 2511 2044 2558 et
2091 2504 2349 2559 recedens
2398 2505 2549 2559 abiit.
2597 2524 2616 2556 ι
2668 2503 2897 2560 Centum
2945 2505 3215 2575 octoginta
3261 2504 3501 2573 quinque

1919 2594 2088 2650 millia
2136 2594 2557 2651 fortissimorum
2605 2597 2842 2653 virorum
2894 2597 2962 2651 ab
3008 2612 3116 2651 uno
3159 2596 3351 2668 angelo
3391 2611 3499 2650 una

1917 2693 2078 2741 nocte
2125 2687 2436 2753 caeduntur,
2481 2695 2536 2742 et
2587 2689 2789 2758 absque
2840 2687 3150 2743 vulneribus
3196 2687 3499 2742 occisorum

1919 2789 2066 2830 mors
2103 2790 2244 2830 saeva
2279 2763 2552 2842 discurrit,
2593 2777 2884 2833 excludens
2921 2775 3236 2848 corporibus
3269 2777 3497 2842 animas,

1917 2865 2132 2922 Domini
2158 2869 2451 2924 voluntate.
2497 2869 2671 2941 Super
2704 2885 2830 2940 quo,
2859 2871 2914 2925 in
2944 2869 3389 2940 Paralipomenon
3423 2867 3498 2920 le-

1917 2959 2062 3030 gitur
2092 2977 2106 3013 :
2147 2979 2165 3010 ‹
2201 2959 2270 3013 Et
2298 2961 2444 3015 misit
2483 2962 2740 3016 Dominus
2769 2960 3016 3031 angelum
3051 2974 3229 3024 suum,
3261 2959 3350 3028 qui
3377 2973 3500 3028 per-

1917 3051 2086 3106 cussit
2107 3066 2322 3108 omnem
2340 3053 2520 3107 virum
2541 3054 2841 3118 robustum,
2866 3062 2919 3106 et
2938 3052 3251 3107 bellatorem
3274 3057 3328 3104 et
3349 3049 3498 3118 prin-

1917 3143 2091 3211 cipem
2129 3143 2400 3198 exercitus
2448 3144 2590 3214 regis
2631 3144 2996 3214 Assyriorum,
3027 3155 3384 3209 reversusque
3416 3147 3500 3194 est

1844 3213 1888 3276 Ο
1919 3247 2044 3286 cum
2082 3233 2373 3302 ignominia
2422 3233 2476 3286 in
2519 3213 2916 3287 terramsuam
2954 3231 3038 3302 (II
3074 3228 3204 3284 Par.
3240 3228 3432 3300 xxxn).
3473 3248 3492 3281 ι

1918 3321 2021 3387 Qui
2054 3321 2258 3378 idcirco
2288 3331 2532 3378 servatus
2563 3330 2663 3389 est,
2691 3331 2752 3377 ut
2783 3324 2948 3378 sciret
2975 3322 3268 3392 potentiam
3298 3321 3414 3386 Dei,
3445 3329 3501 3375 et

1916 3410 2343 3481 blasphemantia
2406 3428 2504 3468 ora
2561 3415 2976 3483 comprimeret,
3032 3413 3290 3483 fieretque
3349 3413 3500 3468 testis

1917 3501 2060 3558 illius
2099 3505 2412 3575 majestatis,
2446 3521 2608 3576 quem
2635 3507 2794 3576 paulo
2820 3516 2944 3561 ante
2973 3515 3389 3577 contempserat.

1993 3612 2013 3646 ι
2059 3596 2126 3650 Et
2175 3613 2425 3653 reversus
2468 3609 2550 3654 est
2588 3599 2953 3655 Sennacherib
2990 3616 3080 3654 rex
3130 3599 3498 3670 Assyriorum,

1922 3700 1941 3734 ι
1982 3691 2038 3739 et
2067 3686 2268 3741 mansit
2305 3688 2359 3742 in
2386 3687 2596 3743 Ninive.
2643 3689 2885 3759 Cumque
2931 3691 3181 3746 adoraret
3215 3693 3270 3746 in
3301 3692 3499 3762 templo

1921 3791 1941 3826 ε
1986 3775 2226 3832 Nesroch
2257 3779 2414 3833 deum
2439 3794 2617 3846 suum,
2657 3781 3010 3837 Adramelech
3053 3791 3108 3837 et
3136 3781 3365 3837 Sarasar
3400 3782 3499 3837 filii

1923 3883 1942 3917 ε
1985 3865 2104 3937 ejus
2141 3879 2524 3939 percusserunt
2568 3888 2694 3928 eum
2721 3873 2897 3944 gladio
2924 3873 3280 3944 fugeruntque
3309 3875 3363 3928 in
3391 3883 3499 3928 ter-

1923 3978 1942 4012 (
1987 3976 2104 4016 ram
2149 3962 2560 4032 Armeniorum,
2607 3975 2663 4020 et
2706 3967 2949 4036 regnavit
2997 3966 3309 4022 Asarhadon
3356 3965 3497 4020 ﬁlius

1921 4071 1940 4102 ι
1985 4052 2101 4122 ejus
2130 4068 2230 4121 pro
2258 4070 2342 4109 eo.
2391 4075 2410 4106 ι
2444 4055 2656 4111 Pharao
2696 4071 2909 4126 quoque
2944 4056 2998 4110 in
3041 4057 3229 4112 decem
3277 4054 3498 4126 Egypti

1916 4154 2164 4199 servatur
2197 4146 2388 4216 plagis,
2434 4157 2494 4202 ut
2536 4148 2859 4203 novissimus
2885 4157 3092 4217 pereat,
3132 4148 3274 4217 quod
3304 4156 3358 4203 et
3397 4147 3500 4202 iste

1914 4249 2173 4303 passurus
2198 4245 2300 4291 est.
2342 4236 2476 4292 Cum
2504 4238 2651 4292 enim
2688 4254 2938 4294 reversus
2976 4248 3116 4294 esset
3144 4240 3197 4294 in
3225 4239 3495 4306 Ninivem,

1917 4323 2104 4377 urbem
2135 4326 2363 4394 primam
2397 4328 2544 4398 regni
2567 4328 2672 4393 sui,
2701 4338 2756 4382 et
2780 4330 3031 4383 adoraret
3063 4329 3116 4383 in
3143 4330 3337 4398 templo
3364 4328 3500 4384 Nes-

1917 4412 2047 4464 roch
2070 4413 2229 4468 deum
2265 4430 2440 4479 suum,
2470 4417 2625 4485 quasi
2649 4418 2930 4471 victoriam
2959 4418 3026 4472 de
3047 4418 3291 4473 hostibus
3314 4434 3499 4488 repor-

1921 4511 2078 4572 taret,
2110 4515 2166 4561 et
2195 4508 2477 4564 delubrum
2523 4511 2651 4566 idoli
2696 4512 2780 4566 sui
2811 4511 3149 4582 triumphans
3177 4522 3232 4568 et
3265 4513 3498 4584 gratula-

1917 4593 2132 4650 bundus
2156 4595 2446 4662 incederet,
2479 4607 2816 4670 contemptor
2842 4601 2958 4655 veri
2983 4599 3099 4667 Dei,
3134 4601 3190 4656 in
3223 4601 3349 4658 fano
3378 4601 3496 4658 falsi

1919 4687 2157 4743 numinis
2185 4688 2506 4755 trucidatur,
2537 4707 2638 4746 nec
2679 4693 2921 4764 angelico
2948 4695 3088 4766 perit
3130 4695 3323 4767 gladio,
3355 4696 3498 4766 quod

1919 4787 2039 4834 erat
2063 4794 2344 4835 commune
2369 4798 2490 4836 cum
2521 4783 2786 4852 pluribus,
2809 4785 2902 4840 sed
2932 4787 3219 4855 parricidio
3242 4785 3493 4840 ﬁliorum.

1921 4869 2024 4937 Qui
2049 4887 2172 4926 cum
2202 4872 2464 4943 fugissent
2491 4877 2545 4929 in
2575 4885 2770 4932 terram
2799 4877 3047 4943 Ararath,
3081 4879 3222 4947 quod
3251 4877 3498 4946 intelligi-

1921 4967 2011 5014 tur
2032 4959 2324 5028 Armenia,
2353 4966 2615 5020 successit
2648 4967 2699 5019 in
2722 4969 2891 5036 patris
2918 4967 3091 5021 locum
3121 4966 3495 5032 Asarhaddon,

1920 5065 2080 5120 quem
2106 5051 2384 5121 Scriptura
2425 5062 2652 5110 testatur
2689 5057 2902 5112 misisse
2943 5057 3273 5110 habitatores
3310 5055 3498 5110 Sama-

1921 5142 2034 5206 riac,
2061 5158 2130 5197 ne
2162 5154 2304 5198 terra
2328 5156 2583 5212 ,maneret
2628 5147 2846 5201 inculta.
2873 5146 3108 5200 Ararath
3143 5152 3320 5200 autem
3350 5145 3497 5214 regio

1921 5233 1978 5288 in
2027 5235 2282 5290 Armenia
2330 5238 2647 5306 campestris
2707 5245 2826 5302 est,
2875 5252 2974 5306 per
3013 5252 3173 5306 quam
3227 5236 3497 5292 Araxases

1920 5323 2054 5387 ﬂuit,
2086 5325 2413 5380 incredibilis
2441 5327 2704 5380 ubertatis
2735 5327 2800 5379 ad
2840 5325 3046 5381 radices
3081 5325 3243 5381 Tauri
3273 5325 3494 5392 montis,

1922 5415 2016 5483 qui
2041 5429 2210 5483 usque
2242 5413 2369 5468 illuc
2397 5413 2722 5471 extenditur.
2758 5413 2902 5485 Ergo
2923 5423 2979 5470 et
3005 5430 3132 5470 arca
3155 5416 3210 5470 in
3232 5431 3338 5486 qua
3363 5414 3498 5470 Iibe-

1922 5516 2074 5562 ratus
2096 5515 2181 5562 est
2203 5505 2316 5562 Noe
2348 5521 2468 5560 cum
2505 5507 2688 5561 liberis
2714 5508 2844 5573 suis,
2874 5519 3118 5564 cessante
3145 5509 3362 5574 diluvio,
3388 5523 3494 5562 non

1923 5600 1992 5653 ad
2017 5610 2226 5654 montes
2254 5598 2573 5669 generaliter
2597 5599 2862 5655 Armenia:
2903 5601 3076 5656 delata
3119 5608 3221 5665 est,
3267 5599 3357 5668 qui
3402 5613 3494 5667 ap-

1923 5691 2190 5761 pellantur
2211 5690 2461 5753 Ararath,
2500 5690 2591 5744 sed
2636 5698 2701 5745 ad
2735 5701 2943 5746 montes
2981 5692 3144 5745 Tauri
3183 5689 3488 5753 altissimos,

1925 5782 2018 5848 qui
2040 5780 2274 5838 Ararath
2297 5779 2575 5837 imminent
2609 5783 2811 5853 eampis
2840 5781 2991 5854 (Gen.
3018 5783 3154 5851 Vill).
