3958 6470
483 322 594 382 259

1072 428 1300 486 CAPUT
1337 427 1455 483 XX.

477 526 558 584 De
580 526 916 597 aegrotatione
942 521 1184 597 Exeo/tia:
1207 529 1255 575 et
1279 520 1343 597 de
1370 534 1604 574 sermone
1625 516 1836 597 Domini
1851 513 1920 568 ad
1941 529 2062 597 eunt

546 581 752 669 prolato
795 610 902 669 pe:
942 593 1153 669 Isaiam
1185 591 1508 669 prophetam.
1540 619 1608 644 —.-—
1634 587 1712 646 De
1747 581 2061 669 εἱθμθῃωά

544 656 834 742 postulavit
854 656 1194 742 Eieehiuslin'
1219 656 1525 742 reductique
1549 675 1732 741 cursus
1753 656 1974 742 solaris;
1991 682 2062 742 5.-

545 724 624 792 'De
666 735 860 790 nuntiis
898 724 1144 802 Berodali
1185 733 1320 804 regis
1353 726 1879 804 _Babglqniorum_ad_
1926 724 2061 779 Eze—

545 808 716 862 elu'am
753 804 947 868 missis,
985 797 1034 858 et
1074 797 1310 858 se'rmo'ne
1341 797 1556 855 Domini
1583 816 1734 871 quem
1765 797 1940 851 Isaias
1967 809 2061 866 pro

543 879 669 949 ipsis
696 877 894 930 nuntiis
923 874 1166 929 Ezechiae
1190 871 1387 930 retulit.

543 989 694 1063 (Car.
712 989 829 1069 xx.)
857 1007 877 1039 ι
917 988 974 1042 In
995 986 1184 1042 diebus
1206 985 1311 1042 illis
1324 983 1604 1056 aegrotavit
1616 981 1876 1038 Ezechias
1891 990 2064 1050 usque

475 1099 496 1135 ι
541 1083 610 1137 ad
643 1090 896 1150 mortem,
938 1088 993 1135 et
1020 1080 1169 1135 venit
1214 1080 1282 1134 ad
1313 1093 1437 1134 eum
1469 1076 1658 1142 Isaias,
1701 1074 1844 1142 ﬁlius
1873 1073 2060 1138 Amos,

473 1191 493 1224 ι
538 1173 824 1254 pmpheta,
848 1171 1088 1240 dixitque
1113 1171 1162 1224 ei
1195 1189 1207 1224 :
1244 1170 1369 1224 llaec
1408 1168 1540 1229 dicit
1577 1166 1838 1224 Dominus
1866 1165 2008 1220 Deus
2041 1179 2056 1217 :

475 1279 494 1313 ι
539 1261 781 1331 Prsecipe
813 1261 997 1317 domui
1027 1269 1158 1328 tum;
1183 1259 1436 1322 morieris
1465 1259 1630 1325 enim,
1657 1265 1713 1312 et
1733 1272 1841 1312 non
1864 1269 2055 1320 unus,»

467 1360 574 1409 etc.
614 1352 694 1408 Ne
738 1352 1044 1408 elevaretur
1106 1367 1200 1409 cor
1263 1353 1509 1408 Ezechias
1557 1358 1681 1424 post
1719 1347 2062 1414 incredibiles

469 1443 775 1514 triumphos
822 1453 878 1499 et
913 1444 1088 1500 media
1133 1444 1446 1515 captivitate
1485 1441 1789 1507 victoriam,
1835 1437 2062 1496 infirmi-

468 1540 578 1588 tate
619 1533 867 1606 corporis
899 1535 1170 1602 visitatur,
1208 1543 1264 1589 et
1304 1534 1454 1589 audit
1481 1547 1543 1590 se
1565 1547 1684 1588 esse
1712 1530 2056 1598 moriturum,

465 1631 527 1684 ut
568 1639 866 1680 conversus
905 1625 974 1680 ad
999 1623 1309 1692 Dominum,
1341 1622 1523 1688 ﬂectat
1558 1621 1886 1686 sententiam
1917 1619 2055 1692 ejus.

463 1714 618 1782 Quod
649 1715 868 1787 quidem
898 1724 956 1770 et
985 1716 1038 1769 in
1060 1713 1195 1772 Jona
1222 1715 1486 1796 prOpheta
1512 1712 1740 1786 legimus
1771 1710 1918 1782 (Ion.
1947 1708 2058 1781 ιιι),

1130 319 1192 374 Β.
1233 314 1488 372 RABANI
1526 311 1744 371 MAURI
1781 307 2100 367 ARCHIEP.
2141 303 2452 364 MOGUNT.
2492 303 2782 362 OPEBUM
2819 304 2998 362 PARS
3037 305 3074 359 l.

2089 425 2140 488 Α
2165 434 2260 474 vas
2300 419 2592 490 aperuerit,
2639 427 2946 491 serpentem
2993 432 3201 474 aeneum
3248 418 3652 485 comminuet-it,
3712 428 3778 476 et

3649 303 3774 360 260

2164 519 2364 567 castera
2390 510 2725 580 feceritque:
2747 509 3030 581 Scriptura
3054 516 3462 566 commemorat.
3489 508 3602 580 (Ex
3629 507 3780 565 Gre—

2164 606 2360 675 gorio.)
2392 603 2715 674 Plerumque
2745 603 3011 674 aliquibus
3059 603 3193 674 justi
3223 602 3646 658 necessitatibus
3677 601 3775 657 af-

2161 695 2318 762 ﬂicti,
2365 709 2463 752 sua
2507 711 2673 767 opera
2723 705 2990 768 c0guntur
3018 695 3194 751 fateri.
3245 693 3354 752 Sed
3397 710 3522 751 cum
3569 709 3777 752 eorum

2164 786 2308 842 dicta
2333 785 2519 856 iniusti
2538 786 2787 854 audiunt,
2815 787 2931 843 haec
2952 802 3052 858 per
3075 785 3367 842 elationem
3387 787 3573 857 potius
3595 801 3776 858 quam

2163 891 2262 948 per
2288 877 2574 932 veritatem
2599 876 2916 933 existimant
2941 875 3173 947 prolata.
3206 875 3288 931 Ex
3319 875 3434 931 suis
3464 875 3618 930 enim
3645 890 3776 931 cor-

2164 966 2322 1022 dibus
2371 967 2539 1023 verba
2577 965 2852 1038 iustorum
2908 975 3160 1038 pensant,
3218 975 3274 1022 et
3317 966 3424 1022 diei
3481 965 3777 1022 humiliter

2163 1070 2323 1127 posse
2361 1071 2493 1113 vera
2539 1059 2681 1115 bona
2719 1073 2830 1114 non
2871 1058 3162 1115 aestimant.
3201 1055 3353 1113 Sicut
3389 1057 3577 1130 gravis
3604 1056 3776 1129 culpa

2163 1157 2249 1205 est
2295 1148 2397 1205 sibi
2437 1148 2542 1205 hoc
2585 1149 2860 1206 hominem
2899 1163 3158 1222 arrogare
3207 1149 3352 1219 quod
3394 1147 3506 1204 non
3538 1157 3654 1215 est,
3685 1148 3774 1205 sic

2163 1240 2481 1312 plerumque
2511 1241 2669 1313 culpa
2699 1241 2845 1297 nulla
2881 1249 2986 1309 est,
3025 1241 3074 1296 si
3119 1241 3398 1316 humiliter
3431 1243 3643 1297 bonum
3684 1239 3775 1295 di-

2162 1341 2251 1387 cat
2277 1333 2420 1404 quod
2447 1340 2550 1388 est.
2575 1333 2732 1390 Unde
2770 1348 2912 1406 saepe
2949 1333 3218 1404 contingit
3245 1341 3306 1388 ut
3327 1331 3461 1402 justi
3491 1340 3547 1387 et
3574 1330 3772 1402 iniusti

2162 1423 2399 1480 habeant
2446 1425 2782 1493 verisimilia,
2831 1426 2927 1482 sed
2970 1435 3155 1480 tamen
3195 1439 3294 1480 cor
3335 1438 3552 1495 semper
3603 1420 3772 1494 longe

2160 1514 2442 1573 dissimile.
2498 1517 2566 1572 Et
2618 1517 2676 1574 in
2718 1517 2914 1588 quibus
2967 1517 3128 1574 dictis
3181 1516 3440 1572 Dominus
3496 1515 3566 1572 ab
3623 1513 3772 1584 inju-

2161 1612 2262 1666 stis
2311 1596 2624 1678 offenditur,
2661 1611 2719 1666 in
2770 1611 2975 1667 eisdem
3025 1625 3240 1684 quoque
3283 1625 3312 1663 a
3357 1608 3521 1680 iustis
3575 1609 3768 1681 placa-

2160 1712 2268 1758 tur.
2326 1702 2462 1758 Nam
2493 1702 2801 1760 Pharisaaus
2850 1703 3124 1777 ingressus
3174 1701 3433 1774 templum
3486 1702 3711 1758 dicebat
3749 1720 3767 1758 :

461 1814 520 1874 et
551 1807 606 1862 in
638 1806 1154 1868 comminationibus
1195 1793 1386 1861 contra
1421 1804 1614 1872 David,
1645 1817 1766 1874 quae
1802 1802 2058 1858 dicuntur
2079 1795 2134 1870 ¹Β
2166 1815 2186 1848 ε
2219 1795 2408 1866 Jejuno
2456 1797 2542 1854 bis
2592 1799 2647 1854 in
2693 1799 2940 1868 sabbato,
2972 1797 3210 1854 decimas
3248 1797 3315 1853 do
3352 1795 3602 1858 omnium
3643 1812 3771 1867 qua

460 1896 664 1966 futura,
713 1911 813 1953 nec
854 1897 997 1951 facta
1044 1906 1169 1952 sunt
1214 1896 1299 1968 (ΙΙ
1330 1895 1460 1972 Reg.
1492 1894 1613 1968 xu).
1654 1893 1772 1954 Non
1797 1893 1908 1950 Deo
1935 1908 2056 1950 mu-

460 1995 614 2044 tante
663 1987 1014 2058 sententiam,
1050 1989 1145 2042 sed
1181 1994 1514 2058 provocante
1551 1986 1850 2040 humanum
1884 1997 2055 2055 genus

458 2080 530 2135 ad
556 2079 806 2142 notitiam
841 2079 950 2147 sui,
987 2077 1248 2134 Dominus
1274 2076 1548 2147 pcenitens
1575 2083 1660 2130 est
1698 2089 1860 2148 super
1905 2072 2055 2129 mali-

458 2170 570 2239 tiis.
599 2169 757 2235 Nulla
785 2184 905 2239 qua:
934 2168 991 2230 in
1026 2169 1130 2225 hoc
1161 2167 1363 2230 mundo
1395 2166 1707 2222 hominibus
1751 2166 1888 2224 ﬁunt
1938 2167 2057 2226 abs-

457 2275 564 2344 que
589 2260 977 2334 omnipotentis
1015 2258 1108 2314 Dei
1131 2259 1345 2316 Occulto
1381 2259 1608 2316 consilio
1634 2258 1878 2323 veniunt.
1915 2257 2054 2320 Nam

457 2345 656 2417 Cuncta
685 2351 828 2404 Deus
855 2356 1109 2413 secutura
1135 2349 1450 2418 praesciens,
1481 2355 1607 2404 ante
1646 2347 1841 2404 saecula
1866 2346 2055 2402 decre-

420 2492 424 2496 .
456 2443 537 2509 vit
559 2439 792 2516 qualiter
812 2456 910 2518 per
930 2439 1125 2504 saecula
1153 2441 1527 2512 disponantur.
1556 2440 1831 2496 Statutum
1857 2441 2055 2512 quippe

451 2534 569 2604 jam
606 2533 942 2602 hominibus,
970 2532 1055 2589 vel
1086 2543 1346 2604 quantum
1382 2534 1544 2604 hujus
1570 2533 1755 2588 mundi
1780 2533 2054 2612 prosperi-

457 2628 543 2676 tas
569 2628 849 2700 sequatur,
895 2627 1228 2689 quantumve
1271 2618 1616 2674 adversitatis
1653 2617 1841 2674 feritas
1869 2617 2051 2692 feriat,

455 2725 527 2780 ne
556 2711 759 2768 electos
785 2710 904 2786 ejus
941 2717 1035 2765 aut
1077 2709 1432 2774 immoderata
1477 2708 1814 2786 prosperitas
1857 2707 2054 2786 elevet,

454 2810 552 2872 aut
592 2801 762 2870 nimia
805 2784 1108 2866 adversitas
1139 2808 1346 2874 gravet.
1394 2784 1668 2860 Statutum
1706 2814 1920 2878 quoque
1947 2784 2053 2876 est,

453 2905 719 2977 quantum
765 2895 823 2950 in
859 2895 979 2977 ipsa
1004 2895 1115 2950 vita
1154 2893 1375 2949 mortali
1405 2879 1775 2964 temporaliter
1816 2891 2051 2948 vivatur.

454 2975 593 3052 Nam
642 2987 746 3043 etsi
793 2975 966 3051 annos
1005 2985 1314 3056 quindecim
1344 2984 1593 3050 Ezechiae
1628 2985 1741 3064 regi
1774 2982 1844 3039 ad
1887 2984 2053 3050 vitam

454 3079 660 3142 addidit
687 3078 1031 3150 omnipotens
1069 3077 1232 3144 Deus,
1264 3091 1389 3132 cum
1427 3090 1551 3131 eum
1592 3075 1732 3132 mori
1777 3075 2088 3148 permisit,‘

2156 1888 2426 1960 possideo.
2473 1887 2580 1944 Sed
2623 1887 2953 1960 justiﬁcatus
3002 1891 3175 1963 magis
3215 1891 3558 1966 publicanus,
3596 1907 3769 1964 quam

2156 1978 2247 2034 ille
2277 1979 2412 2034 exiit
2439 1978 2590 2053 (Luc.
2637 1981 2817 2053 xvm).
2856 2000 2875 2035 ι
2921 1981 3186 2039 Ezechias
3231 1997 3444 2054 quoque
3493 1998 3587 2039 rex
3639 1999 3771 2040 cum

2156 2072 2408 2128 molestia
2447 2073 2693 2144 corporis
2736 2071 2966 2130 alnictus
3009 2075 3078 2130 ad
3116 2075 3522 2138 extremitatem
3566 2089 3770 2154 perve-

2155 2162 2349 2230 nisset,
2392 2163 2448 2218 in
2491 2164 2747 2221 oratione
2781 2173 3133 2238 compunctus
3181 2165 3317 2222 dixit
3370 2183 3385 2221 :
3436 2184 3456 2218 ι
3490 2165 3767 2235 Obsecro,

2155 2253 2404 2323 Domine,
2430 2264 2704 2313 memento
2729 2256 2999 2329 quomodo
3040 2257 3431 2313 ambulaverim
3473 2273 3670 2315 coram
3714 2267 3769 2320 te

2155 2344 2212 2411 in
2236 2346 2467 2403 veritate
2495 2354 2550 2402 et
2574 2347 2632 2402 in
2661 2348 2823 2404 corde
2855 2346 3132 2420 perfecto;
3173 2367 3192 2399 ι
3222 2362 3327 2408 nec
3355 2358 3544 2404 tamen
3569 2349 3768 2411 Domi-

2155 2452 2262 2494 nus
2284 2439 2426 2494 hanc
2448 2437 2844 2495 confessionem
2869 2437 3223 2512 perfectionis
3243 2438 3361 2516 ejus
3389 2440 3645 2514 despexit
3670 2448 3769 2496 aut

2155 2527 2357 2594 renuit,
2391 2543 2554 2600 quem
2599 2543 2725 2585 mox
2764 2530 2821 2584 in
2858 2529 2972 2584 suis
3004 2528 3257 2598 precibus
3281 2530 3581 2586 exaudivit.
3611 2529 3767 2587 Ecce

2153 2617 2461 2676 Pharisaeus
2489 2619 2881 2690 sejustiﬁcavit
2908 2621 2965 2677 in
3007 2636 3191 2693 opere.
3239 2621 3501 2678 Ezechias
3544 2621 3767 2694 justum

2155 2723 2215 2771 se
2244 2711 2478 2766 asseruit
2505 2711 2669 2768 etiam
2697 2711 2753 2766 in
2782 2711 3130 2783 cogitatione,
3175 2720 3342 2784 atque
3369 2713 3511 2768 unde
3539 2713 3633 2769 ille
3677 2713 3765 2770 of-

2155 2798 2349 2868 fendit,
2390 2801 2514 2858 inde
2545 2802 2648 2857 istc
2673 2802 2964 2858 Dominum
2989 2803 3243 2875 placavit.
3275 2802 3386 2859 Cur
3411 2803 3596 2878 itaque
3625 2805 3765 2874 hoc,

2153 2894 2258 2948 nisi
2286 2894 2412 2966 quia
2434 2894 2774 2978 omnipotens
2797 2894 2942 2951 Deus
2967 2895 3304 2968 singulorum
3328 2897 3494 2952 verba
3517 2911 3585 2953 ac
3612 2896 3767 2974 cogi-

2155 2984 2388 3040 tationes
2413 2991 2636 3055 pensat;
2665 2993 2720 3040 et
2745 2985 2800 3040 in
2825 2985 2942 3065 ejus
2965 2987 3189 3048 auribus
3214 2987 3448 3064 superba
3472 3004 3584 3051 non
3603 2997 3764 3056 sunt,

2155 3090 2276 3148 quae
2301 3077 2494 3133 humili
2518 3077 2681 3133 corde
2705 3076 3092 3150 proferuntur?

454 3178 584 3226 tunc
603 3168 880 3254 praascivit
904 3181 1027 3226 esse
1072 3167 1417 3222 moriturum.
1441 3164 1560 3234 Qua
1607 3165 1664 3221 in
1714 3180 1774 3221 re
1820 3165 2049 3241 quaestio
2076 3151 2123 3228 (ἶ
2173 3151 2180 3157 ’
2231 3185 2250 3218 ι
2281 3166 2456 3222 Flevit
2482 3168 2665 3240 itaque
2690 3167 2952 3225 Ezechias
2972 3167 3100 3226 ﬂetu
3123 3185 3340 3244 magno,
3370 3181 3427 3228 et
3457 3178 3763 3246 antequam

453 3262 668 3330 oritur:
700 3261 974 3336 quomodo
1005 3261 1057 3323 ei
1101 3273 1134 3314 a
1174 3259 1439 3334 propheta
1480 3257 1720 3314 dicitur:
1754 3276 1775 3311 ι
1813 3257 2051 3328 Dispone

451 3354 631 3420 domui
658 3361 787 3424 tuae,
810 3354 936 3426 quia
961 3352 1210 3410 morieris
1228 3359 1311 3422 ιιι,
1337 3360 1394 3408 et
1412 3367 1522 3408 non
1545 3352 1720 3412 vives.
1751 3369 1770 3408 ι
1801 3351 1901 3418 Cui
1925 3366 2050 3414 cum

450 3447 645 3508 mortis
692 3446 962 3504 sententia
1000 3446 1144 3506 dicta
1182 3453 1287 3514 est,
1335 3446 1585 3516 protinus
1617 3445 1686 3502 ad
1719 3445 1837 3523 ejus
1873 3445 2050 3522 lacry-

451 3550 570 3591 tuas
597 3543 683 3590 est
723 3536 836 3592 vita
879 3536 1084 3591 addita.
1132 3535 1241 3598 Sed
1282 3551 1383 3607 per
1420 3536 1741 3610 prophetam
1787 3536 2050 3593 Dominus

450 3623 590 3680 dixit
619 3639 728 3700 quo
766 3633 1009 3696 tempore
1039 3625 1178 3681 mori
1200 3625 1317 3695 ipse
1343 3626 1693 3682 merebatur:
1724 3640 1829 3686 nec
1868 3625 2049 3682 Domi-

450 3716 574 3778 nica
622 3717 872 3777 instituta
913 3717 1172 3777 convulsa
1217 3725 1364 3784 sunt,
1401 3717 1527 3790 quia
1573 3727 1634 3773 ut
1679 3730 1749 3774 ex
1799 3716 2050 3790 largitate

451 3809 549 3872 Dei
587 3809 716 3874 anni
759 3809 888 3868 vitae
932 3819 1263 3877 crescerent,
1306 3809 1411 3866 hoc
1445 3825 1662 3882 quoque
1697 3818 1824 3870 ante
1851 3810 2049 3878 saecula

448 3900 734 3973 praefixum
761 3900 881 3972 fuit,
929 3910 1093 3974 atque
1135 3901 1373 3975 spatium
1400 3901 1548 3972 vitae,
1583 3902 1729 3976 quod
1773 3902 2050 3976 inopinate

451 3990 584 4057 foris
618 4001 705 4058 est
747 3993 1014 4062 additum,
1061 3993 1180 4052 sine
1219 4003 1512 4067 augmento
1545 3993 1904 4072 praescientiaa
1945 3993 2054 4053 fuit

451 4084 598 4142 intus
633 4093 919 4152 statutum.

533 4196 553 4230 ι
586 4177 690 4248 Qui
715 4178 986 4242 convertit
1010 4177 1207 4238 faciem
1243 4192 1400 4238 suam
1427 4179 1496 4236 ad
1531 4179 1819 4254 parietem,
1843 4186 1901 4245 et
1927 4192 2050 4240 ora-

457 4286 478 4321 σ
523 4266 603 4328 vit
647 4269 955 4338 Dominum,
1004 4270 1192 4328 dicens
1231 4288 1244 4326 :
1291 4289 1313 4324 ι
1358 4269 1748 4344 Convertitque
1785 4271 2050 4328 Ezechias

452 4357 651 4427 faciem
673 4375 829 4422 Sttam
867 4361 936 4420 ad
971 4362 1262 4434 parietem,
1289 4364 1418 4434 quia
1451 4365 1522 4424 ad
1552 4364 1808 4436 templum
1835 4365 1916 4420 ire
1939 4379 2050 4424 non

2159 3276 2178 3310 ι
2220 3261 2570 3330 egrederetur
2596 3259 2766 3319 lsaias
2793 3260 3030 3316 mediam
3051 3269 3263 3338 partem
3287 3262 3434 3330 atrii,
3468 3261 3646 3321 factus
3670 3275 3763 3330 est

2158 3367 2178 3400 ι
2222 3363 2406 3408 sermo
2443 3350 2659 3407 Domini
2695 3352 2765 3408 ad
2810 3367 2935 3408 eum
2976 3353 3202 3410 dicens:
3228 3354 3526 3414 Revertere
3569 3365 3628 3414 et
3667 3357 3765 3416 dic

2158 3458 2176 3491 ι
2222 3439 2472 3496 Ezechiae
2507 3442 2633 3498 duci
2679 3442 2865 3521 populi
2922 3443 3030 3499 mei
3073 3462 3085 3498 :
3128 3443 3255 3502 Haec
3307 3446 3439 3502 dicit
3488 3446 3762 3506 Dominus

2156 3551 2176 3584 ι
2220 3531 2366 3590 Deus
2394 3534 2565 3604 patris
2612 3535 2689 3589 tui
2729 3535 2899 3592 David
2934 3535 3177 3594 :Audivi
3223 3538 3526 3598 orationem
3578 3548 3756 3608 tuam,

2156 3640 2176 3675 ι
2223 3631 2279 3677 et
2307 3621 2418 3676 vidi
2465 3621 2762 3695 lacrymam
2803 3631 2984 3694 tuam;
3016 3635 3074 3680 et
3118 3640 3248 3682 ecce
3293 3628 3484 3686 sanavi
3536 3635 3611 3688 te.
3654 3629 3762 3688 Die

2157 3729 2175 3762 ι
2227 3711 2386 3767 tertio
2413 3714 2675 3770 ascendes
2702 3713 2962 3790 templum
2991 3715 3230 3786 Domini,
3259 3725 3309 3774 et
3339 3717 3535 3774 addam
3561 3716 3761 3780 diebus

2156 3821 2177 3854 ι
2224 3802 2331 3858 tuis
2356 3803 2668 3874 quindecim
2709 3806 2900 3862 annos.
2946 3805 3052 3864 Sed
3079 3807 3229 3864 etde
3263 3823 3426 3864 manu
3462 3809 3610 3882 regis
3648 3808 3759 3866 As-

2158 3913 2176 3945 ι
2221 3893 2495 3967 syriorum
2517 3894 2764 3965 liberabo
2793 3904 2846 3952 te
2875 3905 2931 3952 et
2969 3898 3244 3961 civitatem
3292 3900 3451 3968 hanc,
3483 3909 3541 3958 et
3565 3909 3758 3972 proto-

2157 4000 2177 4036 ι
2223 3998 2347 4055 gam
2377 3985 2569 4042 urbem
2616 3985 2775 4042 istam
2818 3995 3040 4060 propter
3082 4004 3171 4048 me
3215 4000 3271 4044 et
3303 3997 3530 4063 propter
3575 3991 3757 4050 David

2156 4094 2178 4127 ι
2219 4090 2436 4142 servum
2471 4090 2672 4132 meum.
2714 4097 2733 4130 ι
2770 4077 2879 4150 (Ea:
2915 4077 3166 4154 Hieron.)
3202 4081 3376 4145 Flevit
3407 4091 3592 4140 autem
3621 4082 3757 4140 ﬂetu

2149 4182 2345 4241 magno
2365 4176 2588 4240 propter
2606 4169 3024 4242 promissionem
3044 4172 3259 4232 Domini
3281 4173 3349 4228 ad
3374 4173 3564 4243 David,
3583 4189 3756 4244 quam

2149 4259 2367 4316 videbat
2407 4259 2465 4314 in
2506 4275 2608 4324 sua
2652 4269 2829 4325 morte
2871 4262 3190 4338 perituram.
3225 4263 3303 4322 Eo
3333 4264 3478 4320 enim
3502 4272 3757 4337 tempore

2149 4349 2411 4408 Ezechias
2446 4350 2586 4407 filios
2622 4366 2731 4407 non
2767 4353 3024 4418 habebat.
3054 4353 3190 4415 Nam
3212 4362 3337 4426 post
3364 4363 3602 4416 mortem
3633 4355 3754 4427 ejus

449 4457 682 4520 poterat,
711 4458 818 4506 etc.
849 4451 934 4507 Ad
971 4453 1236 4524 parietem
1263 4462 1444 4518 autem
1490 4454 1699 4530 templi.
1718 4455 1876 4534 juxja
1901 4456 2048 4532 quod
2070 4508 2126 4534 ἢ
2150 4441 2452 4534 Manasses,
2491 4458 2618 4500 cum
2661 4444 2947 4510 duodecim
2994 4459 3260 4504 annorum
3300 4455 3466 4514 esset,
3517 4459 3754 4518 regnare

451 4508 710 4610 satam};
750 4508 1014 4614 palatium
1051 4508 2048 4620 exstruxeratIvel"absolute'ad‘pa:
2070 4508 2126 4588 υ
2152 4535 2318 4610 coepit
2338 4535 2395 4590 in
2418 4508 2624 4592 indm.
2650 4535 2732 4600 Ex
2755 4508 2864 4606 quo
2882 4535 3228 4616 perspicuum
3253 4545 3359 4606 est.
3375 4508 3502 4618 post
3523 4508 3750 4606 tertium

451 4633 664 4698 rietem,
696 4647 766 4698 ne
791 4633 1064 4706 lacrymas
1106 4649 1232 4692 suas
1262 4635 1628 4694 assidentibus
1658 4643 1935 4699 ostentare
1961 4636 2046 4695 vi-

452 4721 692 4778 deretur.
721 4722 829 4787 Aut
853 4731 1025 4791 recte,
1052 4723 1208 4796 juxta
1251 4723 1569 4792 Jeremiam,
1617 4726 1687 4784 ad
1710 4740 1821 4796 .cor
1860 4742 2045 4806 suum,

450 4811 546 4892 qui
575 4812 803 4882 circum,
835 4811 889 4879 id
921 4821 1025 4882 est,
1067 4814 1351 4888 parietem,
1395 4830 1493 4878 cor
1533 4815 1786 4888 appellat,
1832 4824 1893 4876 ut
1930 4824 2044 4884 tota

452 4912 635 4962 mente
663 4903 950 4966 Dominum
976 4914 1316 4978 precaretur.

529 5012 550 5057 ς
594 4992 852 5061 Obsecro,
881 4993 1133 5064 Domine,
1174 5005 1475 5064 memento,
1507 4995 1777 5072 quomodo
1806 4996 2051 5055 ambula-

459 5108 480 5144 ι
522 5085 696 5152 verim
729 5100 916 5148 coram
944 5095 998 5150 te
1039 5087 1096 5153 in
1127 5087 1356 5144 veritate
1394 5095 1451 5143 et
1489 5087 1548 5153 in
1590 5088 1755 5144 corde
1783 5088 2049 5160 perfecto,

460 5197 481 5232 ι
519 5184 576 5243 et
598 5175 745 5248 quod
768 5176 1028 5247 placitum
1053 5187 1137 5244 est
1165 5192 1351 5240 coram
1387 5187 1440 5236 te
1478 5177 1725 5247 fecerim,
1759 5199 1778 5234 ι
1810 5189 1915 5240 etc.
1948 5179 2052 5238 Fe-

456 5269 530 5334 lix
569 5266 921 5335 conscientia,
972 5283 1095 5352 quae
1137 5266 1443 5335 amictionis
1496 5275 1738 5342 tempore
1779 5270 2049 5338 bonorum

455 5375 685 5436 operum
711 5362 1047 5426 recordatur.
1077 5379 1096 5416 ι
1123 5360 1278 5421 Beati
1302 5361 1448 5427 enim
1473 5361 1676 5425 mundo
1701 5363 1888 5432 corde,
1914 5377 2050 5434 quo-

457 5453 603 5518 niam
617 5455 720 5531 ipsi
735 5455 908 5514 Deum
920 5454 1178 5512 videbunt
1191 5453 1405 5526 (Matth.
1427 5456 1536 5529 v).i
1554 5455 1622 5514 Et
1634 5457 1904 5527 quomodo
1918 5456 2048 5518 alibi

456 5547 714 5604 scribitur
741 5567 754 5602 ε
792 5565 812 5600 ι
847 5547 980 5615 Quis
1014 5545 1332 5618 gloriabitur
1363 5563 1591 5618 parvum
1625 5549 1827 5607 habere
1867 5564 1928 5608 se
1954 5564 2049 5607 cor

459 5637 642 5711 (Prov.
675 5639 804 5711 xx)?
824 5659 843 5692 ι
876 5637 1028 5704 Quod
1054 5639 1131 5693 ita
1158 5637 1423 5695 solvitur:
1451 5641 1843 5712 perfectionem
1867 5641 2047 5700 cordis

461 5730 518 5794 in
544 5746 610 5789 eo
637 5745 783 5787 nunc
826 5728 952 5797 dici,
993 5741 1100 5802 quo
1144 5729 1287 5788 idola
1335 5732 1682 5802 destruxerit,
1712 5732 1898 5812 templi
1933 5732 2047 5792 val-

2154 4639 2355 4682 annum
2384 4640 2659 4691 concessae
2701 4626 2828 4690 vitae
2877 4625 3185 4692 Massem
3228 4642 3353 4691 esse
3403 4639 3747 4708 generatum.

2153 4715 2295 4788 Ergo
2315 4717 2417 4772 iste
2440 4717 2619 4776 omnis
2645 4715 2804 4778 ﬂetus
2825 4724 2925 4786 est,
2951 4716 3101 4788 quod
3123 4716 3447 4790 desperabat
3467 4716 3749 4780 Christum
3836 4766 3840 4769 -

2153 4807 2221 4866 de
2250 4823 2348 4866 suo
2389 4809 2598 4866 semine
2641 4809 3000 4875 nasciturum.
3051 4808 3160 4874 Alii
3209 4819 3486 4880 asserunt,
3525 4815 3751 4885 quosvis

2153 4910 2372 4967 sanctos
2401 4902 2549 4959 viros
2591 4909 2769 4959 morte
2801 4901 3020 4978 terreri,
3055 4910 3274 4976 prapter
3309 4904 3584 4963 incertum
3603 4905 3748 4978 judi-

2152 4991 2299 5050 cium
2345 5000 2402 5050 et
2439 4991 2835 5066 ignorationem
2876 4993 3157 5055 sententia:
3199 4994 3316 5062 Dei,
3351 5009 3517 5065 quam
3560 4997 3746 5056 sedem

2152 5084 2394 5144 habituri
2434 5085 2566 5144 sint.
2615 5085 2900 5158 Simulque
2941 5085 3070 5144 facti
3119 5087 3344 5158 quaestio
3391 5088 3648 5158 solvitur,
3685 5105 3748 5146 ac

2152 5177 2500 5236 necessitatis
2539 5177 2753 5235 vincula
2802 5184 2965 5246 atque
3017 5191 3327 5245 causarum,
3361 5179 3508 5248 quod
3542 5194 3749 5252 nequa-

2152 5284 2316 5344 quam
2352 5269 2470 5326 dies
2494 5269 2685 5326 mortis
2719 5267 2947 5348 singulis
2987 5268 3288 5340 praestituta
3314 5269 3408 5336 sit,
3430 5270 3530 5330 sed
3556 5271 3748 5330 volun.

2153 5367 2266 5426 tate
2290 5359 2411 5428 Dei,
2436 5367 2493 5417 et
2537 5358 2737 5428 ignotis
2763 5357 3083 5420 mortalibus
3127 5359 3309 5418 causis
3341 5359 3429 5418 vel
3459 5361 3608 5420 vivat
3642 5363 3746 5422 ali-

2151 5456 2294 5529 quis,
2323 5455 2408 5514 vel
2436 5456 2719 5512 moriatur.
2762 5453 3074 5511 Praesertim
3108 5469 3232 5510 cum
3274 5464 3331 5513 et
3373 5463 3577 5514 statuta
3603 5473 3750 5514 nunc

2151 5548 2345 5606 mortis
2383 5548 2682 5605 necessitas
2712 5546 3011 5614 dill‘eratur,
3056 5557 3110 5602 et
3133 5558 3258 5617 post
3293 5556 3526 5604 mortem
3565 5565 3748 5604 resus-

2151 5640 2348 5698 citatos
2392 5639 2654 5712 plurimos
2708 5640 3017 5711 legerimus.
3077 5638 3389 5696 llevertitur
3437 5650 3619 5695 autem
3677 5641 3747 5695 ad

2151 5746 2336 5806 regem
2374 5733 2659 5808 pmphcta,
2692 5730 2905 5798 Domini
2945 5728 3207 5804 iussione,
3252 5740 3309 5786 ut
3348 5732 3465 5804 ipse
3522 5739 3744 5788 sanaret
