3958 6470
509 368 612 425 265

1152 362 1213 418 Β.
1255 361 1508 417 RABANI
1547 360 1766 418 MAURI
1800 356 2116 438 ᾼΒΟΗΙΕΡ.
2160 353 2466 412 MOGUNT.
2505 355 2790 414 OPERUM
2827 353 3006 412 PARS
3037 353 3077 409 l.

3651 348 3777 407 264

519 503 538 535 ε
564 484 746 546 chias,
772 490 827 536 et
847 480 1081 534 ostendit
1108 481 1186 534 eis
1214 480 1429 534 domum
1459 489 1780 545 aromatum,
1808 488 1862 534 et
1892 496 2082 534 aurum
2108 487 2161 545 Α
2187 478 2463 547 Scriptura
2491 489 2672 533 sancta
2705 480 2987 535 elationem
3031 479 3208 534 cordis
3252 479 3369 547 ejus
3411 479 3542 536 dicit
3581 479 3781 549 peni—

520 595 538 627 ι
568 584 622 629 et
667 580 965 642 argentum,
1015 584 1070 626 ct
1111 573 1380 642 pigmenta
1424 573 1592 626 varia.
1637 573 1916 643 Unguenta
1952 587 2082 641 quo-

521 686 539 719 ι
571 683 674 736 quc
707 676 761 719 et
793 665 1010 718 domum
1036 678 1286 717 vasorum
1333 679 1572 728 suorum,
1618 673 1671 717 et
1717 665 1916 730 omnia,
1967 679 2084 733 qua:

521 777 539 809 ι
569 757 765 811 habere
808 762 1019 824 poterat
1055 754 1109 807 in
1146 756 1410 809 thesauris
1443 755 1572 810 suis.
1619 754 1737 810 Non
1780 756 1902 821 fuit,
1945 755 2086 824 quod

521 865 537 896 ι
568 861 671 898 non
718 851 1044 898 monstraret
1069 843 1148 897 eis
1179 843 1438 898 Ezechias
1472 844 1526 897 in
1576 845 1734 899 domo
1771 860 1888 909 sua,
1931 853 1986 899 et
2030 844 2086 899 in

519 953 539 984 ι
567 933 713 987 omni
744 939 1008 1002 potestate
1035 947 1133 986 sua
1175 931 1306 1002 (lsa.
1345 932 1553 1005 xxxix).
1586 953 1604 986 ι
1649 932 1821 1002 Supra
1861 933 2087 1005 legimus

516 1023 623 1096 (IV
655 1023 782 1094 Reg.
815 1022 992 1093 xvnt),
1026 1023 1235 1077 decimo
1259 1030 1452 1092 quarto
1483 1038 1624 1078 anno
1669 1024 1809 1094 regis
1848 1023 2089 1078 Ezechia:

515 1114 821 1172 ascendisse
857 1112 1244 1180 Sennacherib,
1291 1128 1471 1184 regem
1517 1112 1883 1184 Assyriorum,
1931 1127 2090 1184 super

515 1218 704 1260 omnes
729 1203 971 1258 civitates
998 1201 1133 1258 Juda
1167 1204 1418 1268 munitas,
1444 1211 1498 1258 et
1541 1204 1746 1273 cepisse
1771 1218 1884 1267 eas,
1914 1213 1967 1257 et
1997 1218 2091 1272 po-

517 1305 632 1351 stea
663 1297 938 1352 obsedisse
965 1296 1178 1362 Lachis,
1207 1298 1464 1353 transisse
1485 1297 1743 1362 Lobnam,
1771 1297 1978 1352 misisse
2004 1295 2093 1352 Je-

520 1388 752 1443 rusalem
795 1400 1004 1459 partem
1036 1390 1304 1445 exercitus
1329 1391 1433 1455 sui,
1462 1405 1706 1460 caesaque
1728 1404 1824 1460 per
1846 1388 2092 1460 angelum

516 1485 730 1533 centum
777 1479 1047 1551 octoginta
1093 1480 1328 1550 quinque
1370 1480 1538 1534 millia
1574 1479 1842 1534 exercitus
1877 1480 2010 1547 ejus,
2039 1486 2097 1534 et

517 1569 693 1639 ipsum
737 1568 938 1638 fugisse
982 1567 1231 1635 Niniven,
1287 1568 1736 1638 interfectumque
1786 1584 1818 1622 a
1866 1567 1990 1623 filiis
2039 1567 2096 1622 in

517 1658 643 1713 fano
669 1659 764 1713 Dei
796 1659 900 1724 sui,
935 1667 990 1715 et
1021 1675 1275 1731 regnasse
1311 1675 1411 1730 pro
1457 1675 1522 1716 eo
1568 1660 1886 1716 Asarhadon
1926 1659 2095 1714 tilium

516 1746 665 1816 ejus;
705 1756 994 1820 aegrotasse
1033 1749 1342 1816 Ezechiam,
1388 1759 1442 1806 et
1498 1751 1784 1822 recepisse,
1836 1751 2096 1821 propheta

2185 571 2352 625 tentia
2385 572 2704 641 mitigatam,
2739 572 2972 626 inferens
3003 586 3017 624 :
3051 589 3068 622 ‹
3100 571 3168 625 Et
3197 571 3508 627 humiliatus
3552 582 3643 627 est
3677 590 3782 642 po-

2184 669 2319 724 stea,
2361 676 2424 716 eo
2448 663 2589 731 quod
2617 661 2907 716 exaltatum
2948 661 3133 717 fuisset
3168 677 3263 717 cor
3296 661 3432 730 ejus,
3477 673 3590 718 tam
3623 664 3778 733 ipse,

2185 769 2344 824 quam
2381 755 2711 809 habitatores
2751 753 3072 818 Jerusalem;
3116 764 3170 809 et
3213 754 3414 808 idcirco
3456 771 3565 809 non
3614 755 3780 808 venit

2186 847 2264 901 ira
2300 847 2512 901 Domini
2561 860 2718 916 super
2755 860 2849 900 eos
2885 846 2939 899 in
2981 845 3168 901 diebus
3203 844 3448 900 Ezechiae
3493 843 3716 915 (Ibid.).
3754 863 3776 895 ι

2187 935 2422 991 Lex-tatus
2456 943 2538 990 est
2562 950 2690 1005 ergo
2728 935 2780 988 in
2823 935 3054 988 adventu
3103 933 3401 1003 legatorum
3451 931 3779 996 Merodach,

2187 1043 2347 1097 quem
2386 1035 2592 1098 patrem
2622 1025 2788 1081 fuisse
2814 1024 3306 1082 Nabuchodonosor
3345 1024 3559 1080 Hebraei
3612 1035 3782 1079 autu—

2189 1126 2372 1180 mant,
2419 1125 2474 1170 et
2517 1117 2570 1170 in
2603 1115 2870 1171 oblatione
2903 1131 3183 1170 munerum
3215 1125 3270 1170 et
3299 1115 3783 1186 congratulatione

2191 1206 2432 1261 sanitatis
2457 1221 2588 1260 sure.
2645 1224 2663 1257 ς
2691 1205 3040 1275 Ostenditque
3069 1206 3146 1261 eis
3185 1207 3358 1277 (juxta
3387 1205 3781 1278 Septuaginta)

2190 1296 2406 1350 domum
2435 1296 2709 1352 Nechotha
2738 1317 2756 1348 ›
2797 1312 2896 1366 pro
2933 1312 3039 1367 qua
3066 1296 3420 1368 Symmachus
3468 1297 3779 1362 transtulit,

2198 1404 2218 1438 ι
2248 1395 2548 1442 aromatum
2583 1403 2822 1453 suorum,
2845 1397 2901 1443 et
2929 1389 3209 1442 thesauros
3236 1387 3446 1458 argenti
3473 1396 3529 1442 et
3562 1387 3686 1441 auri
3726 1397 3784 1440 et

2193 1476 2664 1532 odoramentorum
2715 1484 2768 1532 et
2809 1477 3066 1548 unguenti
3111 1477 3299 1546 optimi
3349 1476 3516 1547 (quod
3567 1476 3628 1532 in
3671 1475 3786 1530 He-

2194 1566 2380 1622 braico
2401 1566 2675 1632 scribitur,
2701 1565 2802 1621 olei
2827 1567 2988 1638 boni),
3018 1574 3074 1622 et
3095 1581 3282 1623 omnes
3306 1567 3594 1623 thesauros
3621 1581 3787 1621 vaso-

2194 1673 2316 1712 rum
2353 1656 2528 1722 Gazaa,
2559 1677 2578 1710 ι
2629 1658 2742 1713 sive
2796 1660 2878 1729 (ut
2917 1658 2990 1712 ibi
3035 1657 3250 1729 legitur)
3307 1677 3325 1709 ι
3354 1673 3614 1713 vasorum
3654 1673 3788 1713 suo-

2199 1765 2337 1802 rum.
2371 1768 2390 1802 ι
2444 1748 2588 1803 Gaza
2616 1758 2817 1815 autem,
2854 1749 3035 1821 lingua
3063 1749 3367 1816 Persarum,
3403 1752 3607 1805 divitiae
3649 1766 3787 1804 nun-

517 1838 729 1903 nuntio,
774 1839 1118 1909 sospitatem;
1167 1840 1368 1895 factum
1406 1841 1617 1912 signum
1656 1841 1989 1907 incredibile,
2039 1848 2098 1896 ut
2124 1837 2172 1899 B
2199 1845 2492 1908 cupantur;
2535 1853 2636 1894 nec
2670 1847 2754 1894 est
2795 1837 3051 1894 Hebraeus
3099 1853 3296 1906 sermo,
3343 1840 3440 1896 sed
3488 1839 3783 1896 barbarus.

519 1930 602 1985 sol
646 1930 833 1986 decem
876 1932 1130 1987 horarum
1187 1933 1376 2004 spatiis
1429 1941 1794 1989 reverteretur
1825 1935 1893 1990 ad
1917 1943 2097 1990 ortum

518 2036 696 2088 suum,
735 2029 790 2077 et
828 2037 965 2092 pene
1009 2023 1202 2093 duplex
1250 2025 1366 2079 dies
1410 2024 1562 2079 fieret
1608 2023 1716 2096 (IV
1771 2023 1899 2096 Reg.
1945 2024 2093 2097 xix);

518 2127 663 2167 nunc
687 2113 911 2182 legimus
939 2115 1082 2184 quod
1110 2115 1163 2168 in
1195 2123 1436 2185 tempore
1477 2115 1587 2181 illo,
1628 2117 1730 2172 hoc
1767 2125 1870 2182 est,
1909 2118 1964 2171 in
2007 2132 2098 2174 eo-

518 2202 640 2257 dem
670 2217 830 2268 anno,
862 2218 969 2272 quo
1002 2204 1116 2259 hac
1143 2214 1294 2276 gesta
1325 2213 1452 2261 sunt
1494 2206 1694 2273 omnia,
1739 2207 1888 2262 misit
1926 2207 2099 2264 Mero-

517 2291 654 2347 dach
685 2292 956 2358 Baladam,
987 2293 1126 2348 filius
1159 2294 1433 2360 Baladam,
1479 2312 1570 2351 rex
1608 2297 1914 2370 Babylonis,
1956 2299 2100 2354 litte-

519 2395 610 2435 ras
628 2388 683 2435 et
709 2397 932 2437 numera
952 2383 1020 2437 ad
1045 2383 1352 2450 Ezechiam,
1379 2385 1758 2453 Asarhaddon,
1776 2389 1868 2457 qui
1895 2388 2100 2443 Senna—

520 2471 708 2526 cherib
747 2473 889 2540 patri
925 2473 1065 2543 apud
1100 2474 1347 2545 Assyrios
1387 2477 1441 2529 in
1480 2491 1701 2546 regnum
1744 2488 2096 2546 successerat,

523 2558 592 2613 de
626 2559 779 2630 cujus
806 2576 899 2616 seu
925 2570 1099 2618 morte
1126 2578 1223 2618 seu
1250 2563 1361 2618 vita
1399 2564 1674 2635 Scriptura
1703 2568 1977 2622 conticuit.
2020 2569 2102 2624 Ex

523 2665 633 2719 quo
660 2653 1001 2722 perspicuum
1030 2663 1114 2710 est
1137 2655 1281 2711 aliud
1319 2655 1488 2712 fuisse
1519 2666 1646 2712 tunc
1675 2673 1900 2729 regnum
1927 2658 2097 2730 Assy-

523 2741 754 2809 riorum,
781 2753 836 2798 et
861 2744 1005 2800 aliud
1029 2745 1456 2817 Babyloniorum.
1505 2749 1743 2818 Denique
1779 2749 2098 2818 Samariam,

524 2829 579 2885 id
603 2839 708 2897 est,
743 2833 932 2888 decem
983 2836 1155 2891 tribus
1193 2853 1385 2907 cepere
1424 2839 1651 2909 Assyrii.
1691 2839 1884 2895 Judam
1922 2850 2102 2898 autem

522 2929 580 2974 et
607 2921 904 2980 Jerusalem
930 2937 1118 2997 postea
1143 2928 1368 3000 legimus
1395 2932 1602 3001 cepisse
1636 2930 1936 3000 Chaldaeos,
1974 2951 2104 3005 quo-

524 3028 644 3068 rum
682 3030 772 3070 rex
821 3017 1318 3078 Nabuchodonosor
1357 3023 1474 3078 fuit.
1526 3024 1594 3078 Et
1631 3025 1779 3094 quia,
1825 3027 1968 3096 apud
2008 3045 2102 3085 eos

523 3111 790 3160 astrorum
824 3107 1165 3164 observantia
1196 3119 1299 3177 est,
1324 3112 1705 3182 stellarumque
1733 3130 1924 3170 cursus
1945 3107 2131 3186 longo.

2204 1946 2223 1978 ι
2249 1927 2366 1982 Non
2392 1926 2512 1994 fuit,
2540 1928 2734 1999 inquit,
2758 1928 2980 1984 verbum
3027 1929 3208 2000 (quod,
3252 1929 3408 2001 juxta
3453 1929 3786 1986 Hebraicam

2199 2022 2662 2089 consuetudinem,
2697 2038 2795 2092 pro
2835 2039 2897 2078 re
2935 2021 3246 2093 frequenter
3279 2023 3545 2094 accipitur
3568 2023 3614 2095 :)
3644 2024 3788 2094 quod

2197 2128 2307 2169 non
2347 2114 2656 2169 ostenderet
2693 2113 2773 2168 eis
2809 2114 2865 2168 in
2899 2114 3056 2169 domo
3094 2130 3192 2169 sua
3229 2123 3284 2170 et
3327 2116 3474 2171 omni
3512 2125 3789 2187 potestate

2198 2221 2315 2262 sua.
2345 2225 2365 2259 ι
2432 2206 2583 2262 Unde
2623 2206 2718 2261 Dei
2763 2205 2846 2261 ira
2883 2205 3207 2276 justissima,
3252 2209 3396 2278 quod
3444 2224 3557 2265 non
3608 2208 3786 2264 solum

2199 2297 2482 2352 thesauros
2508 2311 2636 2353 suos
2661 2305 2821 2367 atque
2838 2298 3045 2368 palatii,
3072 2299 3167 2355 sed
3209 2306 3265 2354 et
3303 2299 3486 2370 templi
3529 2300 3788 2355 ostende-

2198 2388 2271 2442 rit
2300 2388 2486 2457 ;'quod
2513 2396 2659 2444 certe
2682 2387 2783 2443 fuit
2806 2389 3088 2458 potestatis
3121 2387 3262 2460 ejus,
3307 2391 3374 2448 de
3418 2389 3574 2460 cujus
3613 2390 3789 2445 valvis

2199 2477 2316 2531 auri
2344 2476 2573 2531 laminas
2587 2475 2700 2544 jam
2734 2477 2948 2532 tulerat.

2277 2567 2568 2623 «Introivit
2606 2577 2786 2623 autem
2821 2569 2988 2624 Isaias
3024 2570 3284 2640 propheta
3322 2569 3390 2624 ad
3427 2583 3614 2639 regem
3653 2568 3790 2624 Eze-

2206 2675 2224 2708 ι
2257 2655 2457 2721 chiam,
2485 2665 2541 2710 et
2563 2655 2700 2711 dixit
2722 2658 2772 2712 ei
2803 2675 2819 2712 :
2847 2657 2984 2725 Quid
3007 2642 3261 2714 dixerunt
3287 2657 3388 2713 viri
3411 2658 3522 2723 isti,
3555 2665 3610 2713 et
3644 2658 3792 2713 unde

2207 2765 2226 2797 ι
2255 2754 2522 2802 venerunt
2547 2747 2615 2800 ad
2644 2748 2739 2802 te?
2777 2747 2846 2802 Et
2891 2747 3027 2803 dixit
3049 2747 3310 2803 Ezechias
3343 2766 3356 2802 :
3390 2749 3466 2804 Dc
3494 2757 3642 2803 terra
3674 2747 3793 2803 lon-

2208 2856 2226 2889 ‹
2253 2839 2450 2908 ginqua
2478 2848 2758 2906 venerunt,
2800 2840 2870 2894 ad
2904 2855 3012 2906 me,
3049 2839 3117 2894 de
3153 2839 3444 2910 Babylone.
3494 2839 3564 2894 Et
3597 2840 3788 2894 dixit:

2209 2947 2227 2980 ‹
2254 2928 2392 2996 Quid
2417 2930 2668 2984 viderunt
2703 2931 2758 2986 in
2792 2930 2951 2986 domo
3001 2931 3138 2986 tua?
3185 2931 3253 2986 Et
3291 2931 3426 2986 dixit
3472 2930 3746 2988 Ezechias
3774 2949 3788 2983 :

2208 3036 2227 3072 ‹
2257 3019 2449 3075 Omnia
2482 3037 2602 3092 qua:
2639 3022 2693 3076 in
2731 3022 2891 3078 domo
2920 3038 3041 3078 mea
3077 3032 3202 3079 sunt
3235 3023 3500 3089 viderunt,
3544 3037 3656 3078 non
3689 3022 3793 3077 fuit

2211 3133 2230 3166 ‹
2261 3117 2485 3171 verbum
2515 3116 2628 3170 sive
2654 3131 2741 3171 res
2765 3131 2926 3185 quam
2950 3132 3058 3171 non
3083 3116 3411 3172 ostenderim
3451 3115 3531 3170 eis
3565 3117 3620 3169 in
3670 3116 3791 3169 the-

523 3208 626 3248 usu
681 3203 738 3250 et
789 3198 1171 3255 exercitatione
1215 3202 1475 3272 cognitus,
1525 3204 1671 3272 quod
1706 3211 1762 3258 et
1798 3205 1854 3259 in
1889 3206 2102 3262 Domini
2129 3191 2175 3254 C
2213 3223 2230 3257 (
2260 3205 2434 3261 sauris
2479 3205 2634 3260 meis.
2686 3206 2754 3261 Et
2787 3207 2924 3262 dixit
2971 3206 3137 3262 Isaias
3178 3206 3247 3261 ad
3286 3206 3571 3262 Ezechiam
3604 3224 3616 3260 :
3646 3206 3788 3261 Audi

522 3285 801 3341 nativitate
827 3298 1180 3358 monstratur,
1208 3293 1585 3349 intellexerunt
1609 3296 1777 3353 solem
1803 3313 2099 3366 reversum,

521 3374 628 3430 diei
672 3378 844 3444 spatia
887 3380 1178 3452 duplicata,
1208 3385 1410 3440 servire
1439 3387 1490 3440 ei
1521 3401 1680 3455 quem
1709 3387 1881 3444 solum
1907 3391 2098 3456 Deum,

523 3464 577 3518 id
600 3475 704 3532 est,
733 3468 901 3523 solem
938 3473 1217 3540 putabant.
1267 3473 1507 3543 Cumque
1533 3493 1724 3532 causas
1755 3478 1913 3547 hujus
1938 3481 2105 3534 mira-

525 3556 632 3610 culi
658 3560 1028 3631 rationemque
1050 3564 1442 3633 perquirerent,
1475 3567 1616 3622 fama
1649 3584 1746 3638 per
1768 3585 1955 3625 omnes
1974 3586 2103 3641 gen-

526 3654 606 3699 tes
635 3647 906 3712 volitante,
938 3650 1240 3707 didicerunt
1273 3664 1490 3724 propter
1522 3661 2104 3732 aegrotationem-regis

523 3733 721 3791 Judzeze
748 3737 909 3792 etiam
941 3755 1158 3795 cursum
1196 3743 1336 3813 signi
1375 3743 1658 3801 clarissimi
1692 3757 2098 3804 commutatum.

529 3824 700 3891 Quam
727 3843 832 3882 non
875 3844 994 3884 esse
1035 3832 1400 3900 opinationem
1439 3850 1636 3902 meam,
1679 3837 1776 3892 sed
1811 3837 2104 3906 Scriptum

527 3927 747 3984 sancte,
801 3920 1016 3976 Dierum
1063 3923 1240 3979 Verba
1286 3935 1574 3992 testantur,
1617 3943 1736 3998 qua:
1763 3931 1944 3984 dixere
1984 3939 2108 4001 post

527 4007 631 4060 alia
665 4025 677 4060 :
716 4026 734 4058 ι
762 4009 878 4078 Ipse
901 4020 983 4065 est
1016 4012 1300 4080 Ezechias,
1329 4016 1417 4084 qui
1457 4016 1728 4072 obturavit
1771 4019 2104 4088 superiorem

527 4095 730 4151 fontem
759 4112 1021 4168 aquarum
1051 4101 1211 4168 Gion,
1240 4113 1296 4157 et
1324 4105 1518 4160 avertit
1539 4122 1632 4162 eas
1666 4107 1856 4163 subtus
1901 4109 1969 4164 ad
2012 4125 2104 4166 oc-

529 4185 798 4242 cidentem
828 4191 976 4246 urbis
1000 4191 1190 4247 David.
1242 4193 1302 4248 In
1327 4197 1574 4252 omnibus
1611 4199 1860 4268 operibus
1888 4200 2000 4255 suis
2026 4199 2105 4256 fe—

527 4273 603 4328 cit
635 4291 890 4346 prospere
923 4295 1042 4349 qua:
1073 4281 1270 4347 voluit;
1302 4291 1538 4340 attamen
1568 4285 1623 4340 in
1650 4285 1916 4356 legatione
1956 4287 2103 4357 prin-

525 4362 703 4432 cipum
724 4364 1030 4437 Babylonis,
1059 4370 1152 4438 qui
1173 4371 1325 4426 missi
1350 4372 1565 4427 fuerant
1590 4375 1658 4428 ad
1682 4390 1824 4440 eum,
1851 4383 1906 4430 et
1935 4376 2105 4431 inter-

2209 3313 2228 3348 ι
2254 3297 2419 3351 verba
2459 3298 2668 3352 Domini
2708 3299 3062 3354 exercituum.
3108 3299 3248 3354 Ecce
3287 3299 3403 3354 dies
3452 3299 3697 3363 venient,
3737 3307 3790 3352 et

2209 3407 2228 3440 ι
2254 3387 2566 3444 auferentur
2603 3391 2782 3446 omnia
2821 3405 2939 3460 quae
2966 3392 3020 3446 in
3055 3391 3216 3446 domo
3265 3401 3356 3445 tua
3386 3400 3536 3457 sunt,
3579 3399 3634 3447 et
3671 3407 3790 3461 quae

2209 3500 2227 3532 ι
2260 3482 2763 3539 thesaurizaverunt
2789 3494 2969 3554 patres
2997 3487 3096 3552 tui,
3125 3475 3310 3556 'usque
3345 3487 3414 3542 ad
3451 3487 3597 3542 diem
3644 3487 3789 3540 hanc

2209 3589 2228 3623 ι
2257 3572 2314 3626 in
2359 3573 2703 3643 Babylonem.
2755 3575 2874 3631 Non
2926 3577 3260 3647 relinquetur
3295 3578 3610 3648 quidquam,
3653 3579 3791 3634 dicit

2209 3681 2227 3714 ι
2259 3663 2538 3720 Dominus.
2591 3667 2660 3720 Et
2701 3668 2767 3723 de
2801 3667 2927 3724 flliis
2953 3669 3080 3736 tuis,
3111 3672 3203 3740 qui
3231 3673 3576 3742 egredientur
3606 3687 3672 3726 ex
3712 3681 3786 3734 te,

2209 3769 2229 3802 ι
2258 3763 2394 3820 quos
2425 3755 2696 3823 genueris,
2728 3756 3012 3825 tollentur;
3044 3767 3098 3813 et
3121 3769 3280 3814 erunt
3312 3762 3547 3816 eunuchi
3588 3761 3644 3816 in
3689 3776 3791 3830 pa-

2209 3862 2228 3896 ι
2257 3843 2388 3901 latio
2419 3847 2560 3917 regis
2585 3847 2893 3920 Babylonis.
2930 3851 2997 3906 Et
3021 3852 3159 3906 dixit
3184 3853 3443 3909 Ezechias
3463 3854 3530 3908 ad
3548 3853 3784 3907 Isaiam:

2209 3949 2229 3983 ι
2255 3931 2464 3989 Bonum
2497 3936 2724 3992 verbum
2749 3939 2979 4005 Domini,
3009 3940 3150 4009 quod
3171 3940 3384 3996 locutus
3411 3950 3514 3998 est.
3569 3942 3639 3997 Et
3663 3943 3747 3997 ait
3771 3960 3784 3995 :

2209 4040 2228 4074 ι
2257 4022 2379 4079 Fiat
2413 4031 2621 4080 tantum
2649 4042 2755 4096 pax
2786 4038 2841 4084 et
2882 4029 3078 4086 veritas
3102 4031 3159 4085 in
3189 4031 3376 4088 diebus
3409 4032 3567 4098 meis,
3622 4051 3640 4085 ›
3669 4041 3783 4088 etc.

2204 4115 2446 4175 Tradunt
2469 4119 2678 4175 Hebraei
2707 4122 2827 4177 ideo
2853 4133 3143 4194 aegrotasse
3165 4125 3452 4182 Ezechiam
3498 4126 3785 4196 quoniam,

2201 4219 2324 4281 post
2351 4213 2645 4269 inauditam
2671 4215 2954 4271 victoriam
2973 4215 3302 4283 Judaeorum,
3328 4226 3383 4273 et
3400 4218 3614 4289 Assyrii
3640 4219 3786 4288 regis

2203 4301 2500 4368 interitum,
2543 4319 2651 4360 non
2691 4305 2946 4362 cecinerit
2979 4307 3165 4364 laudes
3188 4308 3434 4374 Domino,
3465 4322 3604 4376 quas
3635 4309 3782 4363 ceci-

2204 4394 2286 4448 nit
2310 4393 2538 4464 Moyses,
2565 4393 2850 4452 Pharaone
2873 4398 3154 4454 submerso
3183 4397 3380 4469 (Exod.
3408 4396 3522 4469 xv),
3571 4407 3628 4452 et
3677 4399 3782 4451 De-

527 4464 779 4522 rogarent
807 4456 872 4510 de
906 4464 1175 4527 portento,
1203 4462 1346 4528 quod
1381 4463 1654 4517 acciderat
1685 4480 1848 4534 super
1878 4473 2098 4533 terram,

2203 4481 2354 4548 bora,
2387 4456 2670 4538 interfecto
2694 4482 2874 4540 Sisara
2902 4487 3051 4555 (Jud.
3075 4486 3155 4557 v),
3188 4456 3247 4542 et
3271 4485 3448 4552 Anna,
3471 4456 3655 4557 genito
3680 4486 3780 4540 Sa-

524 4543 741 4646 reli‘lui‘
787 4561 910 4600 eum
957 4548 1120 4615 Deus.
1163 4560 1224 4605 ιη
1265 4561 1576 4620 tentaretur.
1623 4563 1678 4610 ει
1727 4566 1854 4611 110ιᾶ
1911 4558 2103 4615 ﬁerent
2127 4534 2179 4593 D
3469 4534 3783 4646 Fragilitatis

525 4635 708 4690 omnia
729 4652 847 4706 qua:
873 4647 1028 4694 erant
1047 4641 1103 4695 in
1127 4641 1289 4698 wrde
1317 4643 1434 4712 ejus
1462 4645 1511 4716 (1
1519 4645 1548 4700 I
1582 4645 1712 4701 Par.
1735 4650 1930 4720 xxxn).
1953 4669 1972 4702 ι
2017 4650 2101 4705 ld-

525 4724 672 4779 circo
700 4735 878 4781 autem
901 4731 1184 4785 tentationi
1210 4732 1426 4788 relictus
1451 4744 1555 4801 est,
1580 4737 1707 4806 quia
1734 4748 1855 4807 post
1893 4749 2098 4795 tantam

525 4815 828 4882 victoriam,
868 4826 924 4872 et
951 4819 1079 4873 solis
1123 4836 1447 4892 regressum,
1487 4832 1542 4879 et
1583 4827 2096 4896 congratulationem

525 4906 675 4975 regni
701 4907 1063 4974 potentissimi
1088 4927 1101 4962 :
1125 4924 1220 4966 cor
1244 4913 1385 4968 illius
1411 4915 1674 4972 elevatum
1707 4927 1810 4975 est.
1855 4921 2095 4991 Denique

525 4993 583 5048 in
632 4995 821 5050 eodem
865 4998 1133 5055 volumine
1187 5003 1441 5058 scribitur
1477 5023 1491 5058 :
1530 5024 1548 5057 ί
1579 5006 1728 5063 Multi
1784 5009 2100 5066 deferebant

527 5085 732 5141 hostias
767 5094 824 5142 et
857 5090 1124 5148 sacrificia
1162 5092 1388 5150 Domino
1423 5096 1479 5151 in
1515 5095 1814 5157 Jerusalem
1834 5141 1850 5167 ,
1885 5112 1940 5158 et
1974 5119 2096 5159 tnu-

527 5187 660 5227 ncra
708 5173 952 5233 Ezechize
999 5183 1112 5250 regi
1159 5182 1336 5250 Judac;
1383 5195 1438 5242 et
1485 5190 1749 5247 exaltatus
1792 5201 1874 5247 est
1913 5209 2098 5249 coram

527 5264 734 5318 cunctis
774 5269 1041 5336 gentibus.
1089 5272 1148 5326 In
1177 5273 1364 5332 diebus
1391 5278 1498 5335 illis
1524 5284 1804 5350 mgrotavit
1830 5299 2001 5353 usque
2029 5286 2098 5340 ad

527 5361 778 5420 mortem,
805 5365 858 5411 et
890 5360 1062 5414 oravit
1090 5363 1396 5432 Dominum,
1438 5376 1493 5422 et
1537 5371 1809 5426 exaudivit
1851 5388 1995 5441 eum,
2042 5386 2097 5431 et

439 5509 448 5520 ν
525 5441 671 5533 dedit
693 5447 743 5500 ei
775 5449 984 5520 signum
1024 5453 1128 5523 (IV
1166 5455 1293 5527 Reg.
1328 5459 1441 5530 xx).
1495 5460 1599 5516 Sed
1626 5479 1731 5518 non
1753 5465 1907 5533 juxta
1933 5468 2096 5524 bene-

527 5532 644 5588 ficia
685 5552 804 5607 quae
851 5556 1129 5614 acceperat
1181 5551 1467 5605 retribuit:
1500 5555 1623 5622 quia
1669 5532 1962 5614 exaltatum
2016 5571 2099 5617 est

528 5640 620 5678 cur
655 5629 788 5698 ejus,
825 5642 878 5686 et
907 5635 1047 5690 facta
1072 5647 1155 5692 est
1192 5650 1375 5694 contra
1408 5658 1530 5696 eum
1562 5647 1663 5711 ira,
1705 5659 1758 5702 et
1793 5663 1978 5706 contra
2004 5654 2098 5710 Ju-

529 5714 651 5774 dam
699 5730 752 5776 et
800 5721 1096 5783 Jerusalem
1155 5728 1239 5798 (ΙΙ
1289 5730 1420 5787 Par.
1462 5735 1651 5800 xxxn).
1683 5759 1702 5790 ι
1757 5739 2095 5814 Rursumque

2199 4675 2328 4714 suae.
2379 4659 2720 4732 Rursumque
2758 4673 2881 4733 post
2919 4666 3160 4735 corporis
3195 4665 3506 4731 sanitatem,
3550 4674 3604 4719 et
3643 4666 3780 4732 signi

2199 4749 2638 4818 magnitudinem,
2670 4752 2854 4808 offerri
2906 4755 3067 4809 aliam
3114 4755 3450 4810 occasionem
3491 4756 3778 4824 superbiae,

2195 4853 2374 4907 quam,
2429 4848 2489 4892 ut
2533 4840 2769 4910 prudens
2811 4851 2866 4899 et
2917 4844 3010 4900 Dei
3048 4845 3243 4913 cultor,
3283 4845 3454 4900 vitare
3496 4847 3778 4910 debuerat,

2194 4945 2294 4985 nec
2313 4940 2620 4988 monstrare
2641 4933 2954 5007 alienigenis
2967 4935 3182 4993 divitias
3205 4953 3350 5004 suas,
3377 4952 3535 5007 quas,
3555 4937 3668 4992 Deo
3692 4938 3783 4991 tri-

2198 5022 2412 5089 buente,
2437 5024 2770 5092 possederat.
2822 5027 2902 5081 Ex
2926 5042 3032 5096 quo
3053 5028 3209 5099 juxta
3236 5029 3381 5100 leges
3411 5041 3628 5098 quoque
3673 5037 3780 5082 tro-

2197 5114 2419 5184 pologiae
2453 5115 2729 5182 discimus,
2775 5134 2793 5168 σ
2825 5132 2932 5174 non
2971 5120 3260 5176 mittendas
3296 5121 3620 5191 margaritas
3653 5129 3780 5176 ante

2196 5218 2410 5272 porcos,
2435 5221 2534 5261 nec
2563 5207 2795 5262 dandum
2817 5219 3063 5266 sanctum
3101 5213 3322 5268 canibus
3353 5212 3571 5284 (Matth.
3604 5213 3725 5282 vn).
3752 5231 3772 5263 ι

2197 5292 2296 5360 Qui
2338 5295 2481 5350 enim
2521 5294 2694 5352 fidelis
2722 5307 2822 5365 est,
2869 5302 3061 5369 spiritu
3105 5303 3385 5359 abscondit
3429 5303 3665 5373 negotia.
3714 5302 3782 5357 Et

2197 5385 2500 5455 quicunque
2553 5386 2783 5453 fecerit,
2823 5393 2998 5447 omnis
3044 5393 3216 5448 virtus
3263 5393 3404 5450 illius
3449 5402 3776 5459 enervatur,

2196 5477 2439 5547 peritque
2473 5480 2780 5546 posteritas,
2809 5489 2864 5535 et
2897 5483 3096 5538 amisso
3122 5483 3264 5538 virili
3313 5485 3525 5550 robore,
3568 5485 3626 5539 in
3659 5499 3777 5539 mu-

2196 5567 2420 5624 liebrem
2433 5568 2692 5639 redigitur
2707 5570 3111 5628 mollitudinem.
3149 5574 3448 5645 Ingreditur
3461 5590 3591 5646 ergo
3610 5574 3777 5633 Isaias

2201 5658 2264 5712 ad
2289 5675 2487 5728 regem,
2516 5669 2590 5723 ct,
2619 5661 2772 5728 quasi
2803 5663 3017 5719 nescius
3046 5665 3348 5720 sciscitatur
3377 5683 3389 5718 :

2276 5770 2291 5802 ι
2325 5754 2464 5818 Quid
2485 5754 2734 5810 dixerunt
2763 5755 2863 5812 viri
2889 5756 2999 5822 isti,
3032 5768 3085 5814 et
3115 5762 3253 5818 unde
3283 5761 3577 5818 venerunt?
3604 5779 3623 5815 i
3656 5759 3775 5816 Duo
