3958 6524
249 446 348 521 26⁵

1032 440 1386 499 COMMENT.
1420 441 1490 499 IN
1525 440 1772 499 LIBROS
1806 438 1878 496 IV
1915 439 2176 497 REGUM.
2205 472 2275 482 -—
2300 443 2369 498 IN
2404 445 2530 500 LIB.
2570 446 2657 502 IV.

3378 449 3482 507 266

249 563 547 627 interrogat,
613 553 788 624 rquid
837 553 999 609 locuti
1041 565 1195 622 sunt,
1226 576 1245 610 ι
1300 563 1354 611 et
1404 573 1423 607 ι
1451 555 1594 611 unde
1644 568 1807 610 vene-
1832 551 1886 614 Α
1909 552 2099 609 reddet
2121 553 2217 610 tibi
2241 543 2456 626 (Matth.
2486 556 2583 626 vi).
2613 576 2631 607 ι
2666 547 2803 613 Hinc
2825 566 2907 612 est
2931 558 3075 628 quod
3100 557 3166 614 de
3190 557 3484 616 electorum

247 652 405 709 runt?
428 671 447 704 ι
498 649 589 705 Ille
617 649 683 704 ad
722 664 885 703 unum
914 651 1208 719 respondit,
1231 648 1401 704 altero
1422 646 1805 719 praetermisso,

246 745 381 818 quod
405 758 527 799 cum
549 742 789 814 emphasi
825 749 881 796 et
905 742 1194 812 supercilio
1220 741 1503 812 legendum
1530 747 1613 795 est
1642 758 1655 794 :
1693 757 1712 791 ‹
1732 738 1809 793 De

245 845 380 890 terra
424 832 713 904 longinqua
760 840 1022 887 venerunt
1074 831 1143 887 ad
1199 845 1287 885 me
1334 831 1403 886 de
1448 828 1750 900 Babylone;
1783 847 1802 880 ι

241 928 376 997 quod
418 931 621 995 quanto
661 931 802 979 terra
839 922 1048 995 longior
1072 923 1145 977 sit
1168 922 1311 977 unde
1343 928 1626 986 venerunt,
1656 926 1809 974 tanto

240 1023 337 1079 iste
365 1020 668 1091 gloriosior,
708 1026 928 1090 propter
972 1033 1131 1088 quem
1162 1017 1427 1072 venerint.
1484 1015 1552 1071 Et
1594 1034 1613 1067 ι
1639 1015 1811 1071 Vene-

239 1123 376 1178 runt,
418 1112 625 1183 inquit,
662 1109 727 1164 ad
759 1125 867 1176 me,
896 1128 915 1161 ι
961 1109 1054 1179 qui
1090 1108 1349 1164 debuerat
1383 1108 1563 1163 dicere
1593 1123 1608 1160 :
1633 1103 1810 1160 Vene-

237 1213 359 1261 runt
383 1202 447 1259 ad
478 1200 889 1275 gloriﬁcandum
914 1200 1081 1258 Deum
1109 1214 1208 1269 pro
1232 1199 1372 1270 signi
1405 1196 1802 1269 magnitudine,

229 1308 260 1349 'c
289 1298 350 1353 de
380 1295 673 1367 Babylone,
703 1295 736 1347 ι’
758 1309 878 1364 qua:
903 1293 1034 1348 urbs
1055 1292 1111 1346 in
1138 1299 1252 1348 toto
1272 1292 1403 1346 orbe
1431 1289 1805 1360 potentissima

234 1399 329 1447 est.
374 1390 717 1459 Rursumque
756 1386 964 1442 Isaias:
1002 1404 1020 1436 ί
1048 1383 1209 1452 Quid,
1246 1384 1440 1453 inquit,
1470 1382 1720 1437 viderunt
1748 1380 1805 1434 in

233 1483 382 1537 domo
431 1479 574 1534 tua?
601 1498 620 1531 ι
687 1468 755 1533 Et
802 1476 891 1531 ille
938 1474 1212 1546 respondit
1252 1489 1321 1529 ex
1360 1480 1515 1544 parte
1564 1485 1754 1527 verum
1784 1510 1802 1537 ,

231 1572 362 1644 quod
390 1573 571 1627 omnia
594 1569 828 1626 viderint
854 1568 910 1623 in
937 1567 1097 1623 domo
1136 1564 1294 1629 illius,
1346 1580 1446 1621 nec
1488 1563 1653 1619 fuerit
1692 1578 1802 1628 res,

228 1677 379 1734 quam
406 1677 519 1717 non
546 1660 843 1745 ostenderit
866 1659 945 1714 eis
975 1659 1028 1713 in
1064 1658 1335 1714 thesauris
1365 1656 1498 1712 suis.
1539 1655 1647 1711 Sed
1674 1654 1805 1710 alte-

228 1774 337 1813 rum
359 1765 525 1823 tacet,
557 1757 624 1812 de
652 1768 759 1826 quo
782 1755 1071 1812 verebatur
1088 1753 1370 1820 offensam,
1393 1752 1537 1824 quod
1555 1753 1806 1809 ostende-

222 1850 288 1904 rit
320 1849 396 1904 eis
445 1854 640 1903 cuncta
680 1862 800 1918 qua:
840 1846 1062 1901 haberet
1095 1845 1151 1901 in
1187 1854 1452 1916 potestate
1486 1861 1584 1901 sua
1614 1862 1628 1900 :
1660 1844 1803 1901 haud

218 1940 442 1996 dubium
475 1940 604 2009 quin
642 1946 697 1993 et
740 1937 925 2009 templi
970 1937 1372 2009 supellectilem,
1417 1946 1639 2009 propter
1683 1954 1803 2009 quae
1829 1925 1879 1986 Β
1906 1952 1985 2008 De
2031 1954 2279 2012 Μαηαδεε

215 2030 370 2086 Isaias
393 2030 501 2085 Dei
528 2044 777 2085 sermone
808 2027 1013 2099 profert
1056 2031 1380 2085 sententiam
1412 2048 1424 2083 :
1465 2048 1485 2080 ί
1512 2029 1652 2084 Audi
1684 2044 1804 2084 ver-

215 2121 334 2176 bum
381 2119 612 2176 Domini
667 2121 1039 2176 exercituum:
1065 2120 1256 2177 Veniet
1308 2128 1540 2190 tempus,
1589 2121 1803 2191 quando

213 2212 383 2267 omnia
410 2212 565 2279 hare,
598 2226 717 2281 qua:
744 2211 799 2266 in
824 2212 982 2266 domo
1012 2216 1106 2266 tua
1139 2219 1280 2275 sunt,
1322 2218 1377 2266 et
1415 2226 1523 2266 non
1568 2220 1682 2279 tuo,
1710 2214 1805 2269 sed

211 2314 413 2376 patrum
458 2314 673 2361 tuorum
702 2291 885 2360 labore
910 2306 1129 2374 quaesita
1146 2345 1162 2371 ,
1193 2304 1249 2359 in
1276 2303 1600 2378 Babylonem
1631 2314 1805 2362 trans-

210 2397 496 2465 ferantur,
538 2405 592 2453 et
638 2398 705 2453 de
748 2397 952 2453 semine
996 2405 1089 2453 tuo
1135 2396 1268 2452 ﬁant
1310 2399 1542 2453 eunuchi
1590 2400 1646 2453 in
1682 2400 1803 2455 aula

212 2489 372 2560 regia.
403 2509 422 2541 ι
475 2487 553 2543 Ex
603 2503 711 2559 quo
736 2487 945 2545 Hebraei
983 2487 1169 2543 volunt
1192 2487 1487 2555 Danielem,
1510 2489 1800 2557 Ananiam,

212 2580 514 2648 Misaelem,
552 2582 823 2650 Azariam,
852 2582 945 2654 qui
983 2580 1135 2638 fuere
1169 2582 1235 2638 de
1270 2584 1418 2653 regio
1457 2585 1683 2650 semine,
1719 2584 1802 2639 fa-

214 2680 325 2729 ctos
355 2690 491 2730 esse
519 2675 814 2741 eunuchos,
845 2690 981 2745 quos
1016 2675 1072 2730 in
1104 2676 1404 2731 ministerio
1447 2676 1803 2734 Nabuchodo-

211 2781 370 2823 nosor
391 2767 589 2832 fuisse,
619 2784 727 2824 non
762 2768 983 2824 dubium
1017 2776 1101 2824 est
1123 2766 1287 2841 (Dan.
1315 2769 1379 2841 ι).

214 2853 218 2857 ’
289 2877 307 2910 ι
333 2859 593 2929 Dixitque
616 2858 875 2915 Ezechias
901 2878 914 2913 :
938 2858 1144 2915 Bonum
1162 2860 1383 2915 verbum
1402 2859 1637 2926 Domini,
1660 2861 1803 2932 quod

224 2967 241 3000 ι
268 2947 481 3005 locutus
529 2959 631 3005 est.
656 2968 676 3003 ι
725 2949 784 3004 In
829 2965 935 3019 quo
977 2951 1046 3005 ab
1094 2948 1335 3011 Hebraeis
1369 2950 1798 3020 reprehenditur,

218 3052 314 3091 cur
340 3052 453 3093 non
484 3038 555 3094 sit
574 3038 816 3094 imitatus
847 3038 1144 3094 bonitatem
1169 3037 1337 3110 Moysi
1372 3039 1465 3109 qui
1494 3039 1705 3095 locutus
1734 3040 1803 3095 ad

217 3128 506 3185 Dominum
542 3137 627 3184 est
656 3147 669 3183 :
709 3147 727 3181 ι
755 3128 865 3183 Aut
899 3130 1109 3186 dimitte
1134 3129 1212 3184 eis
1245 3130 1384 3185 hanc
1426 3146 1644 3197 noxam,
1688 3139 1799 3197 aut,

215 3220 261 3276 si
289 3236 401 3276 non
428 3220 584 3287 facis,
623 3220 739 3276 dele
768 3236 858 3276 me
893 3221 959 3277 de
994 3221 1132 3277 libro
1172 3231 1289 3288 tuo,
1330 3237 1491 3292 quem
1538 3223 1801 3292 scripsisti

214 3307 418 3381 (Exod.
452 3282 648 3381 XXXII).
672 3293 697 3363 ἶ
751 3310 904 3366 Unde
924 3318 979 3365 et
999 3282 1488 3380 apostolus'Paulus
1514 3282 1803 3370 anathema
1829 3282 1874 3345 Ο

213 3399 331 3455 vult
357 3414 483 3455 esse
507 3415 538 3453 a
562 3398 779 3455 Christo
802 3414 902 3469 pro
928 3398 1186 3459 fratribus
1211 3404 1341 3467 suis,
1367 3404 1461 3473 qui
1486 3412 1613 3459 sunt
1636 3405 1807 3461 Israe‘

210 3488 329 3545 lita:
355 3489 537 3562 (Rom.
564 3490 661 3563 ix).
702 3489 811 3563 (Ea:
847 3489 1140 3566 Gregorio.)
1170 3493 1297 3551 Haec
1326 3496 1507 3566 itaque
1540 3499 1807 3553 sententia

209 3580 497 3652 prophetae
536 3581 605 3637 ad
656 3580 945 3641 Ezechiam
988 3584 1214 3655 mystice
1265 3593 1452 3641 contra
1499 3586 1808 3657 hypocritas

212 3670 431 3743 prolata
458 3669 631 3740 accipi
662 3677 859 3741 potest.
903 3670 1005 3739 Qui
1036 3680 1320 3743 postquam
1348 3674 1560 3746 magnis
1580 3676 1810 3731 virtuti-

211 3760 317 3816 bus
362 3767 707 3827 excrescunt,
732 3761 859 3832 quia
889 3777 1082 3818 cavere
1115 3764 1475 3836 malignorum
1520 3766 1807 3836 spirituum

216 3853 447 3910 insidias
490 3853 804 3926 negligunt,
853 3863 909 3910 et
943 3854 1119 3912 celare
1170 3848 1233 3912 in
1270 3858 1477 3913 eisdem
1516 3858 1808 3915 virtutibus

215 3945 408 4000 nolunt
455 3944 595 4000 bona
639 3960 760 4013 sua,
796 3946 1149 4013 ostendendo,
1207 3948 1443 4002 hostium
1487 3946 1713 4016 faciunt,
1755 3959 1810 4003 et

217 4034 513 4105 prodentes
529 4035 725 4093 ‘subito
751 4036 1023 4102 amittunt,
1048 4037 1307 4107 quidquid
1343 4038 1546 4093 diutius
1583 4039 1807 4095 studen-

219 4131 301 4180 tes
332 4133 652 4196 operantur.
690 4124 829 4180 Hinc
863 4140 959 4196 per
992 4125 1334 4183 Psalmistam
1356 4128 1555 4185 dicitur
1583 4147 1596 4184 :
1634 4148 1655 4182 ‹
1682 4131 1812 4186 Tra-

220 4215 355 4272 didit
381 4217 442 4272 in
467 4218 836 4288 captivitatem
862 4218 1116 4273 virtutem
1137 4235 1345 4289 eorum,
1373 4229 1428 4276 et
1454 4219 1811 4293 pulchritudi-

220 4322 343 4363 nem
371 4324 568 4364 eorum
590 4308 646 4364 in
665 4323 856 4364 manus
878 4309 1081 4365 inimici
1107 4308 1277 4383 (Paul.
1310 4314 1537 4384 Lxxvn).
1567 4332 1586 4365 ι
1628 4314 1811 4371 Virtus

216 4400 415 4470 quippe
442 4408 510 4457 et
537 4400 879 4470 pulchritudo
909 4402 1277 4472 arrogantium
1329 4404 1533 4460 inimici
1562 4405 1812 4461 manibus

214 4491 486 4559 traditur,
522 4491 650 4562 quia
681 4506 841 4548 omne
867 4491 1089 4560 bonum,
1122 4495 1265 4564 quod
1290 4510 1390 4566 per
1424 4497 1811 4568 concupiscen-

215 4584 346 4640 tiam
375 4584 566 4641 laudis
594 4585 913 4650 ostenditur,
949 4585 1160 4641 occulte
1198 4572 1490 4643 adversarii
1516 4588 1628 4658 juri
1663 4605 1811 4645 man-

216 4676 449 4747 cipatur.
484 4675 707 4748 _Hostes
731 4693 963 4749 namque
997 4679 1063 4733 ad
1102 4679 1342 4750 rapinam
1369 4691 1688 4751 provocant,
1718 4684 1811 4753 qui

222 4785 347 4828 suas
390 4786 589 4829 eorum
636 4771 840 4826 notitiae
885 4771 1100 4826 divitias
1145 4773 1439 4828 denudant.
1485 4774 1602 4842 Quo
1639 4791 1812 4847 usque

225 4864 371 4921 enim
401 4866 474 4921 ab
501 4871 744 4920 externa
760 4862 951 4934 patria:
974 4864 1264 4919 securitate
1288 4866 1629 4937 disiungitur,
1659 4868 1714 4939 in
1737 4869 1814 4923 la-

227 4962 448 5010 tronum
487 4953 863 5009 insidiantium
888 4954 992 5008 iter
1024 4952 1385 5010 ambulamus.
1441 4957 1544 5025 Qui
1591 4974 1722 5031 ergo
1756 4960 1813 5015 in

229 5044 424 5102 itinere
462 5044 765 5114 depraedari
818 5044 1091 5112 formidat,
1139 5045 1434 5102 abscondat
1477 5065 1699 5105 necesse
1732 5060 1817 5107 est

228 5135 369 5192 bona
388 5153 515 5209 quae
548 5144 743 5207 portat.
782 5134 827 5191 Ο
860 5135 1040 5191 miseri
1067 5137 1079 5190 !
1123 5138 1249 5206 quia
1282 5136 1594 5196 aﬂ‘ectantes
1629 5141 1814 5198 laudes

232 5227 539 5295 hominum,
567 5229 623 5283 in
653 5228 954 5297 semetipsis
988 5229 1250 5298 dissipant
1295 5229 1505 5288 fructus
1546 5233 1810 5290 laborum.

233 5318 481 5392 Cumque
525 5336 587 5376 se
617 5321 906 5376 ostendere
947 5320 1137 5377 alienis
1162 5322 1332 5378 oculis
1353 5333 1629 5394 appetunt,
1660 5327 1816 5383 dam-

233 5423 368 5488 nant
406 5412 557 5484 quod
594 5420 777 5482 agunt.
837 5411 982 5478 Quos
1026 5413 1281 5469 nimirum
1319 5416 1540 5488 maligni
1596 5417 1818 5488 Spiritus

237 5485 366 5557 dum
393 5504 465 5559 ad
485 5501 800 5571 iactantiam
829 5512 1145 5574 provocant,
1168 5520 1355 5561 eorum
1378 5485 1540 5579 (sicut
1560 5485 1818 5585 dirimus)

237 5607 405 5665 opera
454 5592 788 5663 captivantes
828 5594 1117 5651 denudant.
1174 5596 1312 5654 Hinc
1356 5607 1440 5655 est
1480 5600 1624 5656 enim
1674 5606 1820 5673 quod

237 5697 336 5757 per
354 5686 708 5757 Evangelium
735 5685 943 5744 Veritas
964 5689 1138 5743 dixit:
1168 5708 1186 5741 ι
1217 5688 1431 5746 Nesciat
1466 5693 1687 5750 sinistra
1728 5705 1818 5752 tua

238 5778 371 5848 quid
392 5777 560 5833 faciat
577 5778 797 5835 dextera
824 5789 936 5846 tua,
952 5788 1011 5833 ut
1032 5779 1103 5834 sit
1127 5778 1469 5850 eleemosyna
1500 5790 1591 5837 tua
1617 5785 1673 5838 in
1699 5786 1821 5841 abs-

240 5872 461 5929 condito
484 5908 502 5938 ,
540 5880 593 5928 et
632 5870 793 5928 Pater
848 5879 1003 5939 tuus,
1048 5873 1141 5944 qui
1188 5873 1336 5930 videt
1382 5872 1437 5928 in
1485 5874 1819 5947 abscondito,

494 5963 768 6027 Parma.
814 5964 977 6028 CIX.

1908 644 2146 700 Ecclesia
2198 661 2295 716 per
2338 645 2681 703 Psalmistam
2729 650 2927 706 dicitur
2972 669 2984 705 :
3034 650 3262 709 «Omnis
3314 654 3487 725 gloria

1908 733 2025 803 ejus
2064 735 2187 792 ﬁliae
2216 751 2399 809 regum
2435 740 2504 795 ab
2538 740 2682 796 intus
2723 741 2895 812 (Psal.
2927 743 3095 817 xuv).
3127 762 3147 797 ι
3184 743 3323 800 Hinc
3348 744 3489 801 Pau-

1908 824 1992 881 lus
2019 825 2095 880 ait
2134 846 2147 881 :
2179 846 2197 878 ‹
2225 827 2405 883 Gloria
2436 838 2623 886 nostra
2647 831 2764 886 haec
2798 841 2904 898 est,
2952 834 3321 891 testimonium
3358 850 3488 892 con-

1908 917 2146 972 scientiae
2182 926 2380 974 nostrae
2420 918 2505 992 (11
2552 917 2674 976 Cor.
2716 924 2779 993 ι).
2810 944 2829 977 ι
2882 924 3019 980 Filia
3059 928 3255 999 quippe
3295 943 3488 999 regum

1907 1006 2173 1075 Ecclesia,
2206 1027 2326 1081 qua:
2353 1012 2409 1066 in
2451 1012 2594 1069 bono
2624 1023 2709 1070 est
2738 1032 2900 1087 opere
2936 1019 3260 1089 spiritalium
3292 1021 3492 1091 princi-

1906 1115 2035 1170 pum
2084 1103 2468 1170 praedicatione
2509 1117 2800 1176 generata,
2849 1108 3077 1180 gloriam
3118 1111 3264 1168 intus
3302 1112 3488 1177 habet,

1905 1191 2032 1259 quia
2057 1192 2159 1248 hoc
2188 1195 2330 1263 quod
2369 1196 2480 1266 agit
2519 1197 2574 1251 in
2622 1201 2987 1257 ostentatione
3027 1202 3343 1273 iactantiam
3380 1220 3489 1260 non

1905 1281 2087 1337 habet.
2132 1282 2369 1341 Gloriam
2408 1302 2562 1343 suam
2590 1288 2789 1347 Paulus
2819 1294 3186 1349 testimonium
3211 1295 3490 1350 conscien—

1904 1378 1994 1433 tiae
2028 1389 2310 1448 memorat,
2356 1384 2483 1454 quia
2517 1383 2755 1441 favorem
2787 1386 2899 1441 oris
2931 1386 3093 1442 alieni
3127 1402 3232 1442 non
3267 1388 3485 1457 appetit,

1902 1470 2027 1526 vita:
2065 1488 2175 1527 suae
2209 1474 2403 1544 gaudia
2432 1487 2590 1531 extra
2626 1478 2975 1549 semetipsum
3009 1494 3211 1549 ponere
3251 1479 3486 1550 ignorat.

1904 1561 2232 1620 Occultanda
2254 1576 2378 1622 sunt
2403 1583 2533 1640 ergo
2553 1585 2671 1641 quae
2693 1571 2922 1639 agimus,
2960 1585 3029 1627 ne
3064 1571 3181 1627 haec
3224 1572 3280 1626 in
3328 1571 3489 1641 hujus

1901 1655 2027 1710 vitae
2052 1656 2246 1712 itinere
2279 1658 2494 1714 incaute
2527 1671 2829 1731 portantes,
2863 1662 3301 1719 latrocinantium
3330 1661 3490 1732 spiri-

1904 1754 2056 1804 tuum
2077 1748 2719 1824 incursioneperdamus.

2469 1866 2698 1924 CAPUT
2759 1866 2902 1923 XXI.

2327 1956 2439 2027 filio
2486 1958 2754 2030 Ezechiae,
2800 1958 3014 2030 quando
3057 1965 3171 2029 post
3216 1965 3487 2030 peccatum

2013 2026 2335 2109 wnitentiam’
2359 2029 2537 2100 gessit,
2566 2040 2615 2084 et
2641 2029 2703 2084 ob
2733 2026 2830 2085 hoc
2858 2029 2923 2083 de
2953 2026 3161 2084 carcere
3197 2026 3386 2084 meruit
3428 2026 3487 2080 li-

2008 2112 2167 2150 eram.

1973 2204 2124 2278 (Car.
2179 2209 2317 2281 ut.)
2358 2229 2377 2262 ι
2400 2209 2767 2281 Dormivitque
2794 2210 3056 2267 Ezechias
3092 2225 3215 2266 cum
3238 2208 3483 2281 patribus

1908 2319 1928 2351 ι
1960 2302 2095 2367 suis,
2142 2310 2198 2357 et
2259 2304 2506 2373 regnavit
2567 2304 2841 2360 Manasses
2892 2303 3034 2359 ﬁlius
3084 2302 3202 2373 ejus
3251 2316 3351 2373 pro
3393 2315 3479 2356 eo.

1908 2394 2248 2470 «Duodecim
2286 2413 2549 2454 annorum
2590 2407 2707 2454 erat
2752 2398 3047 2463 Manasses,
3092 2410 3218 2452 cum
3258 2407 3486 2466 regnare

1908 2504 1928 2537 ί
1955 2488 2231 2557 coepisset,
2271 2496 2326 2544 et
2359 2491 2746 2561 quinquaginta
2773 2490 3012 2560 quinque
3048 2487 3205 2542 annis
3237 2484 3486 2556 regnavit

1908 2596 1929 2629 ‹
1956 2578 2013 2632 in
2039 2577 2360 2649 Jerusalem,
2392 2601 2409 2633 ι
2440 2591 2546 2638 etc.
2585 2581 2713 2637 Post
2735 2589 2965 2636 mortem
2995 2592 3209 2649 quoque
3240 2575 3487 2632 Ezechia:

1901 2679 2091 2725 narrat
2132 2671 2411 2743 Scriptura
2463 2674 2747 2730 Manassen
2780 2675 2945 2729 tilium
2982 2672 3102 2743 ejus
3150 2685 3407 2743 regnasse
3430 2668 3487 2723 in

1900 2759 2220 2818 Jerusalem.
2266 2764 2368 2832 Qui
2395 2781 2517 2820 cum
2543 2767 2609 2821 ad
2635 2766 2774 2821 idola
2799 2764 3022 2820 colenda
3044 2772 3101 2818 et
3129 2758 3487 2817 abominatio-

1900 2868 2000 2909 nes
2028 2852 2304 2911 faciendas
2339 2871 2398 2910 se
2438 2844 2799 2921 converteret,
2836 2855 3148 2925 relinquens
3182 2852 3351 2907 Deum
3390 2864 3487 2920 pa-

1903 2951 2046 2998 trum
2078 2960 2317 3011 suorum,
2348 2957 2404 3002 et
2427 2947 2567 3003 bona
2589 2948 2857 3018 exempla,
2891 2961 3010 3017 quae
3034 2945 3090 3000 in
3119 2944 3359 3015 genitore
3389 2955 3489 2995 suo

1901 3036 2133 3092 Ezechia
2164 3048 2542 3110 conspexerat,
2581 3040 2792 3095 locutus
2833 3046 2915 3094 est
2953 3036 3214 3093 Dominus
3257 3033 3330 3088 ad
3362 3045 3489 3087 eum

1902 3135 1959 3183 et
1990 3129 2056 3183 ad
2097 3131 2351 3199 populum
2400 3130 2538 3201 ejus,
2587 3140 2642 3186 et
2685 3131 2965 3187 attendere
3000 3128 3307 3184 noluerunt.
3360 3142 3379 3176 ι
3406 3121 3491 3177 Id—

1906 3220 2052 3275 circo
2078 3222 2455 3293 supcrinduxit
2481 3223 2559 3278 eis
2582 3223 2855 3293 principes
2884 3221 3155 3277 exercitus
3204 3214 3348 3286 regis
3390 3211 3493 3267 As-

1910 3315 2200 3385 syriorum.
2223 3321 2589 3384 oeperuntque
2609 3314 2917 3380 Manassen,
2946 3319 3002 3367 et
3022 3310 3263 3365 vinctum
3287 3303 3495 3362 catenis

1909 3412 2073 3473 atque
2097 3404 2446 3475 compedibus
2468 3403 2737 3458 duxerunt
2760 3404 2815 3458 in
2843 3401 3189 3473 Babylonem.
3224 3397 3324 3465 Qui
3347 3400 3497 3468 post-

1909 3513 2073 3568 quam
2128 3505 2513 3567 coangustatus
2565 3504 2649 3551 est
2674 3536 2690 3562 ,
2748 3495 2924 3550 oravit
2969 3491 3254 3548 Dominum
3324 3487 3494 3542 Deum

1910 3606 2087 3656 suum,
2110 3597 2167 3645 et
2191 3588 2562 3659 paenitentiam
2592 3587 2702 3658 egit
2729 3585 2887 3641 valde
2921 3598 3104 3640 coram
3138 3583 3249 3636 Deo
3278 3585 3496 3651 patrum

1910 3698 2152 3739 suorum.
2203 3683 2640 3752 Deprecatusque
2661 3688 2745 3735 est
2774 3694 2922 3745 eum,
2947 3686 3003 3733 et
3027 3673 3332 3732 obsecravit
3365 3685 3494 3726 ora-

1910 3775 2116 3831 tionem
2145 3772 2284 3844 ejus,
2314 3774 2637 3844 reduxitque
2669 3788 2791 3829 eum
2828 3770 3131 3827 Jerusalem
3168 3769 3225 3823 in
3266 3780 3494 3837 regnum

1910 3882 2089 3933 suum,
2122 3874 2178 3921 et
2209 3866 2461 3938 cognovit
2497 3865 2772 3921 Manasses
2800 3864 2943 3935 quod
2970 3862 3229 3919 Dominus
3265 3859 3379 3929 ipse
3413 3863 3500 3912 est

1910 3958 2054 4014 Deus
2095 3956 2183 4025 (ΙΙ
2222 3956 2355 4012 Par.
2399 3957 2617 4029 χχχιιι).
2649 3979 2666 4011 ι
2728 3955 3017 4025 Exemplar
3054 3962 3235 4008 autem
3268 3956 3351 4004 est
3380 3949 3496 4002 haec

1909 4052 2230 4122 paenitentia
2276 4050 2569 4117 Manassae,
2616 4050 2760 4121 quod
2800 4058 2923 4121 post
2959 4046 3248 4104 commissa
3292 4040 3494 4098 scelera

1909 4141 2089 4196 nullus
2113 4141 2273 4196 debet
2296 4139 2363 4195 de
2390 4142 2486 4195 Dei
2517 4140 2889 4197 misericordia
2913 4140 3201 4210 deSperare
3216 4176 3232 4201 ,
3262 4133 3356 4190 sed
3381 4148 3500 4186 ma-

1911 4232 1995 4303 gis
2031 4248 2128 4302 per
2152 4232 2529 4303 paenitentiam
2565 4247 2860 4303 congruam
2888 4246 3039 4302 spem
3072 4230 3275 4285 habere
3302 4224 3497 4288 veniae,

1912 4323 1959 4380 si
1994 4339 2115 4380 eam
2151 4323 2256 4379 rite
2283 4324 2591 4393 perfecerit.

2492 4436 2720 4492 CAPUT
2755 4435 2921 4491 XXII.

1913 4527 1993 4583 De
2016 4526 2167 4583 Josia
2197 4543 2337 4598 rege,
2366 4528 2454 4599 qui
2490 4537 2685 4581 terram
2723 4541 2925 4599 omnem
2959 4521 3103 4599 Juda
3135 4518 3198 4573 ab
3237 4514 3500 4570 idolorum

2406 4599 2659 4669 spurcitia
2696 4595 3011 4652 emundavit.

1984 4689 2116 4747 Post
2142 4691 2287 4746 hunc
2314 4690 2563 4762 regnavit
2598 4689 2738 4744 filius
2775 4689 2890 4760 eius
2930 4687 3156 4742 Ammon
3190 4682 3495 4740 idololatra.

1914 4778 2045 4835 Post
2069 4794 2229 4850 quem
2253 4778 2449 4847 Josias,
2478 4779 2620 4834 filius
2643 4779 2781 4849 ejus,
2808 4793 2902 4832 rex
2932 4777 3263 4849 iustissimus
3309 4788 3503 4842 regna-

1915 4870 2017 4935 vit,
2046 4870 2138 4941 qui
2173 4884 2391 4926 omnem
2428 4870 2738 4940 spurcitiam
2790 4868 3074 4932 idolorum,
3117 4881 3276 4935 quam
3316 4871 3502 4934 patres

1917 4962 2000 5016 sui
2039 4960 2459 5026 fabricaverunt,
2510 4959 2851 5023 emundavit;
2912 4967 2966 5012 et
3009 4973 3069 5012 se
3116 4956 3169 5009 in
3216 4953 3311 5009 Dei
3352 4952 3501 5006 cultu

1918 5062 2138 5109 strenue
2174 5053 2436 5109 exercuit.
2485 5052 2551 5105 Et
2587 5051 2797 5105 merito.
2842 5047 2975 5115 Quia
3024 5046 3184 5116 longe
3226 5052 3351 5098 ante
3398 5042 3504 5096 hoc

1921 5148 1987 5202 de
2010 5146 2101 5201 illo
2130 5146 2445 5215 praedictum
2481 5152 2566 5199 est
2605 5159 2704 5214 per
2734 5141 3067 5213 prophetam.
3113 5138 3501 5205 Interpretatur

1922 5250 2104 5296 autem
2142 5239 2337 5305 Josias,
2379 5240 2529 5309 cujus
2558 5249 2632 5293 est
2656 5235 2975 5304 sacriﬁcium
3010 5230 3255 5293 Domino,
3295 5226 3380 5282 vel
3416 5243 3503 5280 sa-

1922 5333 2005 5388 lus
2030 5334 2263 5399 Domini,
2298 5332 2378 5386 vel
2409 5332 2661 5401 fortitudo
2690 5327 2914 5383 Domini.
2967 5322 3075 5391 (Ex
3112 5320 3302 5390 Beda.)
3348 5319 3502 5387 Quod

1923 5434 2101 5481 autem
2133 5426 2376 5494 sequitur
2401 5425 2467 5479 de
2494 5424 2682 5478 eodem
2716 5434 2863 5490 rege,
2896 5418 3038 5489 quod
3059 5416 3240 5472 audito
3265 5406 3402 5469 libro
3427 5412 3504 5468 le-
3536 5424 3541 5433 ‘

1924 5516 2007 5587 gis
2040 5516 2269 5578 Domini,
2299 5530 2458 5585 quem
2487 5513 2697 5569 ﬂelcias
2722 5512 2974 5567 sacerdos
3006 5509 3212 5565 invenit
3248 5507 3302 5561 in
3342 5505 3503 5560 domo

1921 5606 2154 5671 Domini,
2205 5605 2457 5661 scidissct
2500 5603 2815 5658 vestimenta
2859 5616 2975 5667 sua,
3016 5611 3070 5657 et
3103 5599 3340 5654 misisset
3370 5592 3501 5649 Hel-

1920 5697 2063 5754 ciam
2085 5696 2423 5752 sacerdotem
2449 5702 2506 5749 et
2530 5700 2753 5750 caeteros
2788 5693 2880 5764 qui
2918 5692 3307 5761 subsequenter
3334 5685 3503 5740 adnu-

1922 5795 2225 5853 merantur,
2268 5789 2335 5841 ad
2373 5787 2597 5844 lIoldam
2639 5788 2975 5859 prophetam,
3011 5798 3241 5841 uxorem
3269 5776 3495 5841 Selium,

1930 5898 1948 5931 ι
1981 5893 2101 5950 quae
2122 5877 2402 5934 habitabat
2428 5877 2482 5934 in
2503 5877 2804 5935 Jerusalem
2832 5878 2889 5934 in
2914 5876 3169 5942 secunda,
3200 5894 3219 5928 ι
3249 5880 3356 5928 etc.

3080 5965 3122 6026 9
