3958 6472
436 450 546 518 26'!

493 566 634 639 Quid
659 562 927 638 siguiﬁcet
944 556 1097 624 illud,
1128 555 1273 628 quod
1297 552 1514 618 dicitur,
1564 568 1582 602 ι
1610 548 1667 604 in
1701 542 1960 609 secunda,
1985 557 2004 593 ι
2038 544 2092 607 Α

421 665 479 722 in
504 661 646 718 libro
668 655 1120 728 Paralipomenon
1147 646 1477 710 declaratur,
1518 640 1610 697 ubi
1644 639 1906 709 scriptum
1931 640 2015 689 est

423 760 488 815 de
514 753 738 828 praefato
765 758 891 822 rege
908 744 1139 802 Ezechia
1167 761 1179 797 :
1213 760 1231 793 ‹
1259 734 1569 795 jEdiﬁcavit
1592 746 1825 805 quoque,
1849 741 2015 799 agens

422 827 708 912 industrie,
738 856 956 900 omnem
986 854 1224 903 murum,
1261 834 1353 906 qui
1382 832 1561 890 fuerat
1607 828 1919 899 dissipatus,
1960 827 2018 880 et

420 940 692 998 exstruxit
728 944 930 1003 turres,
970 930 1205 1002 desuper
1231 936 1289 984 et
1320 926 1621 982 forinsecus
1649 921 1878 976 alterum
1902 933 2017 973 mu-

421 1050 542 1091 rum
572 1031 657 1108 (11
692 1029 824 1087 Par.
860 1030 1058 1098 x-xxn).
1090 1024 1115 1077 ι’
1148 1019 1391 1078 Meminit
1414 1014 1699 1108 hujusloci
1726 1021 1782 1069 et
1806 1010 2017 1108 Sopbo-

419 1129 559 1195 nias,
582 1100 806 1184 dicens:
841 1141 861 1176 ι
887 1120 1007 1177 Vox
1035 1115 1290 1175 clamoris
1310 1128 1342 1166 a
1365 1115 1520 1182 porta
1545 1106 1796 1179 piscium,
1820 1110 1875 1158 et
1898 1100 2019 1156 ulu-

420 1221 564 1277 latus
596 1236 628 1275 a
670 1216 906 1275 secunda
943 1210 1133 1288 (Soph.
1180 1207 1242 1281 ι).
1276 1226 1294 1259 ι
1355 1204 1463 1260 Pro
1498 1217 1605 1273 quo
1654 1205 1810 1255 vetus
1851 1194 2018 1252 editio

418 1313 576 1385 quasi
614 1310 897 1384 proprium
941 1320 1140 1362 nomen
1185 1300 1305 1358 loco
1352 1294 1633 1357 transtulit
1673 1292 1730 1348 in
1781 1290 2014 1345 Maseva.

420 1383 639 1462 Iiaseva
687 1404 884 1476 quippe
930 1401 1317 1469 interpretatur
1369 1390 1618 1448 secunda.
1685 1383 1855 1476 Quod,
1887 1394 2019 1453 ergo

418 1497 618 1552 dicitur
655 1475 994 1566 prOphetissa
1036 1487 1310 1544 habitasse
1345 1503 1362 1536 ι
1388 1482 1443 1538 in
1493 1477 1750 1543 secunda,
1780 1495 1798 1527 ι
1844 1475 1898 1529 in
1935 1487 2021 1566 se-

420 1589 586 1647 cundi
614 1564 769 1643 muri
792 1593 951 1658 parte
997 1582 1256 1654 intellige.
1311 1575 1466 1647 Quod
1516 1573 1717 1630 dicitur
1763 1570 1829 1626 de
1870 1564 2019 1658 Josia

420 1693 547 1752 rege
580 1696 594 1733 :
626 1699 646 1731 ι
674 1657 1077 1735 Contaminavit
1107 1685 1322 1745 quoque
1360 1665 1590 1738 Tophet,
1638 1661 1785 1734 quod
1831 1665 1917 1752 est
1960 1657 2018 1711 in

419 1748 665 1825 convalle
722 1766 818 1821 ﬁlii
864 1765 1075 1829 Ennon,
1133 1770 1192 1817 ut
1239 1774 1399 1815 nemo
1445 1759 1793 1812 consecraret
1845 1748 2019 1804 ﬁlium

420 1874 576 1915 suum
605 1865 701 1911 aut
726 1855 893 1911 ﬁliam
914 1870 1013 1925 per
1042 1853 1223 1924 ignem
1256 1848 1468 1905 Moloch
1490 1844 1596 1920 (IV
1629 1844 1759 1915 Reg.
1784 1839 1967 1912 χχιιι),
1991 1857 2010 1890 ι

418 1950 677 2020 frequens
713 1955 800 2004 est
830 1948 885 2001 in
917 1945 1217 2017 Scripturis
1255 1936 1453 1999 horum
1501 1938 1709 1995 mentio
1752 1935 2016 1998 locorum,

417 2042 654 2097 maxime
686 2040 741 2095 in
789 2040 928 2095 libro
966 2037 1181 2110 Regum
1228 2043 1282 2091 et
1319 2032 1556 2090 Jeremia
1592 2028 1876 2101 propheta.
1923 2024 2021 2080 Est

416 2140 599 2186 autem
624 2130 780 2185 vallis
803 2130 1014 2195 Ennon,
1044 2128 1160 2183 sive
1184 2126 1280 2181 ﬁlii
1303 2126 1495 2183 Ennon
1510 2124 1667 2196 juxta
1694 2134 1911 2177 murum
1930 2117 2021 2172 Je-

420 2222 654 2279 rusalem
678 2230 870 2277 contra
896 2219 1195 2282 Orientem,
1224 2219 1280 2274 in
1329 2234 1437 2289 qua
1484 2229 1678 2271 nemus
1716 2209 2021 2285 pulcherri-

417 2331 565 2369 mum
594 2312 742 2369 Siloe
771 2312 1012 2368 fontibus
1047 2311 1328 2383 irrigatur.
1384 2306 1632 2379 Tapheth
1667 2312 1872 2370 autem,
1904 2301 2020 2357 sive

418 2404 667 2481 T0pheth
695 2402 1009 2478 (utrumque
1039 2401 1181 2457 enim
1213 2396 1496 2469 scribitur)
1523 2403 1642 2451 erat
1665 2395 1814 2449 locus
1842 2392 1896 2447 in
1923 2404 2017 2446 ea-

417 2495 541 2550 dem
565 2493 807 2549 convalle
823 2491 978 2565 juxta
1002 2492 1268 2563 piscinam
1294 2488 1571 2555 Fullonis;
1598 2486 1753 2557 cujus
1772 2481 2021 2539 meminit

418 2583 737 2654 Scriptura;
761 2592 814 2639 et
830 2584 983 2653 juxta
1007 2597 1198 2654 agrum
1228 2579 1577 2645 Haeeldama,
1604 2577 1699 2649 qui
1723 2589 1893 2646 usque
1922 2574 2022 2628 ho-

418 2676 506 2731 die
532 2681 874 2730 monstratur
903 2673 971 2729 ad
1001 2671 1311 2727 Australem
1356 2670 1572 2742 plagam
1613 2665 1817 2722 montis
1860 2662 2015 2718 Sion.

420 2764 682 2822 Solebant
706 2773 889 2822 autem
924 2765 977 2819 in
1009 2764 1259 2834 Tapheth
1305 2761 1453 2834 (quia
1496 2760 1648 2816 locus
1688 2764 1808 2813 erat
1851 2768 2021 2809 amm-

416 2858 696 2925 nissimus,
728 2857 874 2914 unde
902 2855 1063 2912 hodie
1087 2870 1304 2927 quoque
1326 2854 1611 2910 hortorum
1639 2848 1845 2920 praebet
1887 2844 2020 2900 deli-

417 2954 551 3026 cias)
582 2954 761 3025 posita
800 2966 898 3008 ara
937 2951 1249 3007 sacriﬁcare
1289 2946 1643 3010 dmmonibus,
1674 2939 2020 3009 nefandoque

418 3050 542 3121 igne
589 3064 718 3105 suos
777 3060 1102 3105 consecrare
1165 3042 1370 3101 liberos
1398 3085 1412 3109 ,
1475 3042 1589 3098 sive
1643 3039 2020 3095 holocaustum

417 3141 637 3208 offerre,
686 3142 828 3198 sicut
860 3139 916 3196 in
955 3136 1096 3195 libro
1123 3138 1428 3195 Verborum
1480 3134 1690 3190 dierum
1730 3129 1798 3186 de
1836 3128 2018 3185 Achaz

417 3248 545 3306 rege
586 3232 849 3305 scriptum
876 3239 960 3288 est
991 3248 1006 3287 :
1045 3249 1063 3283 ι
1093 3228 1212 3302 Ipse
1237 3236 1321 3284 est
1345 3227 1437 3298 qui
1469 3222 1702 3281 adolevit
1735 3222 2019 3277 incensum

416 3326 471 3381 in
502 3322 641 3381 valle
672 3323 989 3389 Benennon,
1018 3331 1075 3380 et
1102 3320 1359 3379 lustravit
1381 3320 1521 3375 ﬁlios
1542 3318 1598 3374 in
1620 3318 1745 3390 igne
1770 3313 1857 3389 (II
1884 3311 2018 3368 Par.
2047 3311 2093 3375 C

416 3416 634 3494 xxvm).
668 3438 685 3470 ι
736 3419 1030 3474 Benennon
1065 3415 1333 3488 siquidem
1374 3412 1543 3467 lilium
1575 3411 1766 3466 Ennon
1812 3406 2021 3481 signiﬁ-

417 3517 529 3564 cat.
574 3508 745 3565 Vallis
774 3516 959 3565 autem
985 3507 1180 3562 Ennon
1205 3506 1405 3561 dicitur
1426 3503 1692 3559 Hebraice
1716 3501 2020 3557 Gehennon.

419 3603 589 3675 Cujus
635 3601 856 3659 nomine
890 3601 947 3657 in
978 3600 1132 3655 Novo
1152 3598 1508 3655 Testamento
1536 3612 1695 3668 poena
1726 3592 2025 3651 inferorum

420 3695 671 3765 gelienna
701 3691 1141 3764 cognominatur,
1168 3689 1298 3760 quia
1325 3688 1587 3743 nimirum
1628 3687 1769 3742 sicut
1804 3686 1859 3740 in
1891 3700 2025 3740 con-

418 3783 562 3839 valle
584 3783 778 3839 Ennon
810 3784 903 3856 qui
934 3781 1094 3839 idolis
1141 3782 1470 3846 servierunt,
1519 3779 1573 3833 in
1617 3793 1680 3833 ea
1720 3767 2057 3850 (prephetis‘

421 3877 831 3951 attestantibus)
863 3876 1169 3949 perierunt,
1196 3874 1273 3930 ita
1310 3881 1646 3945 peccatores,
1695 3871 1788 3941 qui
1837 3882 2029 3939 pecca-

421 3979 640 4040 verunt,
667 3978 873 4026 mterna
906 3969 1259 4025 damnatione
1292 3966 1610 4037 puniuntur.
1667 3960 1910 4032 Denique
1940 3956 2028 4014 Je-

422 4065 627 4121 remias
654 4081 778 4121 cum
818 4062 1054 4119 referret
1095 4061 1420 4134 pmecepisse
1466 4059 1570 4115 sibi
1608 4054 1919 4119 Dominum,
1965 4066 2030 4106 ac

423 4160 631 4215 dixisse
660 4178 673 4213 :
713 4178 731 4210 ‹
761 4158 1037 4230 Egredere
1066 4157 1133 4212 ad
1167 4156 1362 4211 vallem
1409 4154 1502 4209 ﬁlii
1532 4154 1744 4217 Ennon,
1785 4164 1905 4221 quae
1946 4155 2029 4203 est

421 4249 578 4322 juxta
609 4249 893 4304 introitum
921 4256 1089 4320 portio
1120 4248 1301 4303 ﬁctilis
1333 4245 1469 4319 (Jer.
1498 4243 1645 4317 xu);
1680 4264 1698 4295 ι
1726 4242 1885 4315 paulo
1907 4249 2029 4312 post

424 4332 603 4401 dicit:
636 4343 746 4398 «Et
786 4360 893 4399 non
944 4342 1228 4398 vocabitur
1279 4342 1432 4396 locus
1486 4341 1589 4395 iste
1645 4336 1875 4407 amplius
1926 4335 2031 4389 To—

424 4438 611 4509 pheth,
644 4447 701 4493 ct
727 4438 883 4492 vallis
920 4436 1015 4491 ﬁlii
1049 4437 1260 4501 Ennon,
1291 4434 1386 4490 sed
1412 4434 1571 4488 vallis
1598 4431 1912 4487 occisionis.
1963 4428 2031 4482 Et

425 4529 706 4600 dissipabo
741 4529 1028 4585 consilium
1064 4527 1203 4584 Juda
1230 4536 1285 4583 et
1314 4520 1617 4581 Jerus’alcm
1648 4525 1707 4579 in
1744 4522 1862 4577 loco
1902 4522 2028 4587 isto,

425 4632 483 4679 et
512 4624 823 4678 subvertam
849 4640 942 4679 eos
963 4622 1162 4695 gladio.
1194 4642 1211 4673 ι
1267 4618 1435 4674 Isaias
1463 4630 1680 4690 quoque
1704 4614 2031 4670 manifestis-

427 4719 566 4775 sime
606 4718 852 4789 T0pheth
900 4716 1169 4774 infernum
1215 4713 1470 4786 appellat.
1528 4711 1632 4779 Qui
1675 4726 1796 4765 cum
1840 4723 2030 4779 perpe-

431 4818 582 4864 tuum
608 4809 807 4865 diaboli
836 4809 1115 4864 interitum
1152 4805 1253 4860 sub
1290 4804 1507 4859 nomine
1557 4802 1729 4856 Assur
1760 4800 2032 4855 describe-

428 4904 754 4969 ret,‘dicens
787 4921 800 4956 :
834 4922 851 4954 ι
879 4900 926 4955 Α
966 4915 1098 4955 voce
1137 4899 1284 4954 enim
1332 4895 1549 4951 Domini
1596 4894 1816 4966 pavebit
1860 4893 2033 4948 Assur

429 4996 586 5065 virga
617 5007 932 5063 percussus,
986 4999 1041 5045 et
1087 4990 1192 5045 erit
1242 4987 1505 5043 transitus
1546 4988 1711 5058 virga:
1752 4985 2031 5050 fundatus,

433 5092 597 5156 Quam
639 5084 985 5153 requiescere
1022 5081 1185 5137 faciet
1229 5080 1492 5139 Dominus
1530 5095 1693 5150 super
1728 5092 1849 5134 cum
1894 5077 2029 5151 (Isa.

433 5175 601 5247 xxx);
630 5193 649 5225 ›
688 5175 895 5240 statim,
928 5175 1199 5246 quomodo
1226 5183 1283 5230 et
1306 5172 1380 5228 ibi
1408 5181 1552 5229 esset
1577 5173 1875 5244 periturus,
1908 5171 2035 5226 sub—

437 5269 596 5334 didit,
627 5268 814 5324 dicens
842 5282 856 5322 :
887 5287 905 5320 ‹
925 5268 1233 5341 Prazparata
1259 5276 1347 5324 est
1364 5270 1510 5324 enim
1531 5268 1599 5322 ab
1624 5267 1739 5322 beri
1764 5262 2034 5335 T0pheth,

438 5378 473 5418 a
519 5376 647 5435 rege
686 5370 1010 5434 praeparata,
1051 5362 1320 5434 profunda
1360 5369 1415 5417 et
1465 5361 1708 5417 dilatata.
1741 5378 1759 5410 ι
1805 5356 2039 5411 Pulchre

440 5450 521 5508 ait
576 5460 675 5508 (ct
717 5452 961 5521 dilatata,
994 5473 1010 5504 ι
1063 5453 1191 5524 quia
1241 5453 1488 5525 T0pheth
1545 5451 1742 5507 dicitur
1790 5448 2035 5504 latitudo.

446 5561 468 5595 ι
496 5541 863 5615 Nutrimenta,
895 5546 1092 5616 inquit,
1118 5547 1235 5618 ejus
1263 5548 1405 5620 ignis
1434 5558 1490 5601 et
1523 5545 1666 5615 ligna
1700 5541 1898 5607 multa;
1928 5549 2038 5595 sta-

436 5646 534 5724 tus
551 5639 928 5703 Dominisicut
951 5652 1167 5702 torrens
1189 5642 1464 5714 sulphuris
1488 5639 1823 5699 succendens
1845 5653 1986 5695 eam.
2014 5657 2032 5688 ι

964 475 969 479 ο
1075 449 1137 503 Β.
1179 439 1437 501 ΒΑΒΑΝΙ
1471 435 1693 496 MAURI
1728 426 2025 490 ARCHIEP

2141 420 2402 485 OGUN'I‘.
2442 404 2730 480 OPERUM
2762 414 2943 474 PARS
2977 408 3024 471 Ῑ.

3590 409 3717 469 268

2686 526 2916 587 CAPUT
2952 521 3139 581 XXIII.

2117 647 2268 721 Quod
2318 641 2931 721 Josiashcolttaminavit
2968 636 3218 721 νἸξᾳρΙιειΙι
3241 677 3258 704 ,

2184 721 2417 777 convalle
2465 716 2567 789 ﬁlii
2598 717 2812 789 Ennon,
2858 706 3073 789 abstulit
3104 724 3264 789 equos
3286 706 3729 789 quos_dederqnt

2184 810 2327 863 reges
2354 777 2498 846 Iud}:
2537 787 2650 863 Soli
2675 789 2731 841 in
2756 777 2973 841 introitu
3011 777 3188 863 templ}:
3221 777 3454 863 nomint,
3501 777 3729 863 ερεειςςι

2183 849 2483 936 pellunt“
2503 859 2753 936 sepulcro
2767 866 3091 936 mortuorum
3114 849 3365 936 Medicis:
3400 849 3726 931 combussit.

2186 921 2257 976 ἷ-
2286 921 2570 989 ΒεῬΙιαδέ
2611 929 2941 985 celeberrimo
2985 921 3283 997 quod'fecit
3308 921 3488 997 Josigs
3530 921 3587 973 in
3626 936 3731 972 oc-

2187 988 2302 1062 tavo
2328 1005 2528 1060 decimo
2557 1017 2695 1055 anno
2741 999 2885 1070 regni
2906 988 3277 1070 sufﬂamine.
3322 1022 3394 1070 :—
3427 988 3502 1070 D_e
3544 999 3730 1043 morte

2188 1078 2350 1132 Josia:
2420 1083 2469 1130 et
2514 1063 2898 1146 substitutione
2923 1068 3102 1146 ficitas
3143 1065 3244 1146 ﬁlii
3284 1063 3402 1146 ejus
3441 1063 3499 1115 in
3530 1075 3730 1146 (regno

2186 1148 2367 1214 Iudae,
2414 1155 2527 1218 post
2557 1159 2710 1218 quem
2735 1141 2989 1218 [cachim
3030 1132 3261 1209 regnavit
3283 1132 3356 1217 .in
3378 1132 3493 1218 loc'o
3523 1132 3727 1218 fratri:

2154 1228 2163 1239 ’
2190 1202 2479 1303 ὲᾳριίυἶιιῖ..
2512 1202 2583 1257 -ί
2608 1213 2688 1303 De
2719 1213 2962 1303 Joac'lfint
2986 1202 3152 1303 Δνιερε,
3204 1207 3296 1280 qui
3339 1213 3390 1261 et
3425 1202 3731 1259 Jeckonias

2191 1281 2297 1346 alio
2340 1288 2549 1345 nomine
2607 1295 2681 1341 est
2714 1281 3026 1356 appellatus.

2192 1407 2346 1481 (CAP.
2410 1402 2595 1476 mu.)
2660 1398 3065 1459 Contaminavit
3126 1403 3310 1454 autem
3372 1391 3552 1451 Josias
3607 1392 3730 1449 To—

2118 1500 2306 1573 pnetb,
2339 1497 2426 1555 vel
2453 1512 2578 1554 ossa
2600 1502 2940 1552 mortuorum
2962 1492 3058 1560 ibi,
3087 1490 3227 1548 sicut
3281 1489 3338 1546 in
3362 1485 3731 1559 sequentibus

2122 1594 2187 1651 de
2215 1593 2337 1650 aliis
2364 1591 2633 1648 idolorum
2663 1588 2797 1647 locis
2831 1586 3030 1644 fecisse
3056 1585 3275 1656 legitur,
3323 1581 3411 1639 vel
3431 1579 3540 1637 alia
3569 1594 3731 1651 quae-

2120 1688 2252 1744 libet
2293 1685 2570 1743 immunda
2602 1684 2940 1755 dispergens,
2989 1687 3257 1751 quatenus
3319 1670 3731 1733 abominationi

2120 1781 2303 1852 potius
2348 1794 2511 1851 quam
2537 1777 2886 1835 delectationi
2930 1783 3091 1846 aptus
3126 1771 3379 1830 omnibus
3423 1770 3519 1841 qui
3568 1766 3730 1837 aspi-

2124 1879 2312 1928 cerent
2353 1871 2504 1929 locus
2567 1877 2873 1941 appareret.
2923 1867 3077 1935 Quod
3134 1864 3380 1937 sequitur
3423 1863 3493 1920 de
3523 1860 3729 1917 eodem

2124 1981 2251 2039 rege
2273 1963 2420 2022 Josia
2449 1984 2462 2020 :
2500 1983 2517 2016 ι
2556 1962 2793 2019 Abstulit
2817 1975 3034 2032 quoque
3056 1975 3249 2031 equos,
3288 1972 3427 2028 quos
3453 1953 3733 2011 dederant

2129 2077 2148 2113 ι
2194 2073 2350 2129 reges
2394 2056 2532 2113 Juda
2572 2055 2683 2111 Soli
2729 2055 2783 2110 in
2820 2053 3047 2110 introitu
3096 2050 3281 2122 templi
3313 2048 3553 2105 Domini.
3594 2073 3617 2105 ι
3660 2053 3731 2109 Et

2121 2151 2433 2223 paulopost
2464 2168 2477 2203 :
2517 2167 2535 2200 ι
2576 2146 2781 2204 Curras
2806 2155 2987 2202 autem
3015 2144 3158 2200 Solis
3178 2144 3477 2200 combussit
3504 2144 3646 2216 igni,
3702 2166 3724 2199 ι

2123 2242 2382 2307 ostendit,
2431 2240 2677 2297 omnium
2719 2239 2964 2311 gentium
2992 2237 3404 2293 idololatrarum
3449 2238 3731 2309 supersti-

2122 2338 2257 2394 tioni
2284 2335 2497 2393 Judmos
2531 2351 2596 2393 eo
2635 2344 2880 2405 tempore
2922 2334 3092 2390 fuisse
3131 2334 3489 2403 mancipatos,
3539 2334 3621 2389 ita
3670 2340 3734 2390 ut

2123 2430 2180 2487 in
2203 2429 2610 2485 venerationem
2655 2427 2787 2484 solis
2829 2443 2992 2498 quem
3022 2440 3178 2483 more
3220 2427 3501 2497 gentilium
3559 2427 3732 2483 deum

2123 2537 2243 2579 esse
2266 2521 2581 2586 credebant,
2614 2519 2906 2576 simulacro
2934 2520 3076 2590 ejus,
3106 2534 3269 2590 quem
3297 2517 3561 2585 fecerant,
3600 2535 3736 2574 curh

2124 2629 2219 2670 rus
2264 2627 2542 2684 equosque
2597 2611 2960 2677 subdideriut,
2987 2621 3044 2666 et
3092 2612 3196 2667 hoc
3228 2611 3285 2665 in
3326 2610 3479 2665 atriis
3534 2610 3733 2682 templi

2122 2704 2359 2761 Domini.
2410 2703 2502 2759 Sic
2524 2704 2672 2761 enim
2705 2704 2883 2762 solent
2910 2704 3138 2775 gentiles
3176 2704 3399 2775 pingere
3435 2703 3518 2758 vel
3540 2703 3736 2759 facem

2122 2795 2472 2852 simulacrum
2524 2796 2672 2862 solis,
2714 2805 2775 2851 ut
2827 2812 3053 2867 puerum
3108 2796 3405 2852 imberbem
3460 2796 3518 2850 in
3557 2812 3735 2852 curru

2121 2898 2406 2962 ponentes,
2428 2906 2596 2961 equos
2619 2890 2817 2957 eidem,
2839 2892 2996 2961 quasi
3024 2908 3189 2947 cursu
3230 2891 3425 2947 malum
3448 2900 3731 2962 petentes,

2123 2983 2466 3054 subjungant.
2536 2982 2675 3039 Cum
2707 2993 2994 3055 propterea
3047 2998 3275 3055 puerum
3320 2992 3528 3055 aptant,
3593 2986 3733 3055 quia

2124 3076 2229 3141 sol,
2283 3074 2431 3131 velut
2454 3075 2696 3145 quotidie
2731 3091 2873 3133 novo
2901 3084 3024 3131 ortu
3056 3083 3236 3141 natus,
3287 3076 3341 3130 in
3382 3075 3590 3131 nullum
3626 3091 3737 3146 per

3326 634 3485 708 quod
3506 644 3586 708 est
3653 636 3729 690 in

2124 3168 2321 3226 saecula
2364 3168 2576 3224 senium
2627 3168 2835 3224 incidit.
2896 3167 2967 3225 Ut
2993 3178 3173 3224 autem
3214 3168 3390 3224 eidem
3436 3183 3632 3224 curms
3675 3176 3735 3224 et

2123 3276 2293 3333 equos
2304 3261 2565 3329 tribuant,
2590 3260 2659 3317 de
2679 3261 2945 3318 miraculo
2969 3270 3243 3333 sumptum
3269 3261 3399 3317 Elite
3422 3261 3731 3332 prophetae,

2124 3356 2253 3425 quia
2293 3369 2457 3410 curru
2487 3354 2646 3425 igneo
2691 3362 2748 3409 et
2771 3353 2927 3425 equis
2973 3353 3150 3426 igneis
3176 3361 3363 3424 raptus
3406 3357 3475 3409 ad
3502 3356 3731 3422 malum,

2124 3444 2361 3502 Joannes
2403 3443 2903 3515 Constantinopolis
2946 3446 3237 3516 episcopus
3270 3446 3523 3500 mstimat.
3588 3444 3731 3512 Quia

2126 3536 2273 3591 enim
2314 3534 2504 3592 Graece
2548 3535 2712 3591 haliae
2760 3537 2961 3594 dicitur
3012 3537 3124 3605 sol,
3176 3538 3319 3594 sicut
3374 3545 3429 3595 et
3470 3537 3735 3594 Sedulius

2126 3644 2251 3685 cum
2282 3630 2350 3687 de
2374 3630 2507 3687 Elite
2535 3644 2770 3687 ascensu
2812 3638 3041 3687 caneret
3077 3630 3339 3698 ostendit,
3391 3630 3620 3687 dicens:

2250 3761 2408 3821 Quam
2442 3762 2576 3811 bene
2601 3758 2827 3811 fulminei
2854 3758 3091 3823 praelucet
3115 3762 3291 3811 semita
3317 3759 3429 3812 ραδΙὶ
3450 3800 3467 3823 ,

2248 3823 2489 3876 Convenit
2511 3823 2652 3883 Elite,
2677 3822 2958 3886 meritoque
2982 3831 3036 3873 et
3060 3825 3258 3873 nomine
3290 3822 3507 3886 fulgens.

2249 3886 2355 3950 liae
2378 3899 2476 3949 0pc
2496 3887 2676 3947 dignus
2696 3894 2807 3936 erat
2832 3899 2939 3934 nam
2964 3888 3005 3935 si
3025 3887 3274 3950 sermonis
3294 3887 3491 3950 Achivi,

2254 3947 2360 4000 Uua
2385 3947 2475 4012 per
2498 3953 2756 4001 accentum
2777 3957 2998 3999 mutetur
3022 3949 3205 4015 littera,
3236 3950 3309 4000 sol
3344 3956 3419 4001 est
3444 3961 3462 4010 ;

2129 4075 2412 4131 audientes
2450 4072 2624 4130 Graeci
2658 4074 2729 4129 ab
2754 4073 3014 4129 Israelitis
3057 4075 3219 4144 (quos
3262 4074 3475 4129 divinus
3524 4073 3734 4130 habere

2129 4166 2342 4222 litteras
2387 4167 2531 4225 fama
2564 4166 2854 4240 prodebat)
2898 4167 3182 4237 prasdicari
3223 4167 3366 4237 quod
3390 4167 3538 4222 Elias
3564 4182 3733 4220 curru

2131 4259 2311 4330 igneo,
2357 4268 2411 4314 et
2441 4260 2595 4328 equis
2617 4260 2688 4314 sit
2715 4258 2887 4329 igneis
2918 4259 2986 4313 ad
3011 4258 3253 4314 emlestia
3278 4259 3600 4323 translatus,
3645 4257 3736 4313 vel

2131 4361 2280 4407 certe
2319 4352 2421 4407 hoc
2448 4352 2622 4422 ipsum
2670 4352 2815 4406 inter
2838 4351 2947 4406 alia
2996 4352 3271 4422 depictum
3314 4352 3369 4405 in
3404 4352 3614 4422 pariete
3650 4352 3738 4406 vi-

2134 4445 2344 4509 dentes,
2394 4444 2758 4508 crediclerunt,
2802 4443 3000 4498 vicinia
3028 4444 3240 4514 decepti
3282 4444 3520 4498 nominis
3564 4444 3731 4511 solis,

2133 4538 2223 4608 qui
2260 4536 2448 4593 Grzece
2490 4536 2658 4591 helios
2686 4538 2773 4610 (ut
2818 4538 3004 4611 supra)
3036 4539 3257 4604 dicitur,
3304 4539 3394 4593 hic
3438 4540 3733 4593 transitum

2054 4677 2109 4740 Β
2132 4644 2232 4740 per
2256 4628 2425 4684 cmlos
2467 4642 2590 4683 esse
2614 4630 2975 4700 designatum,
3024 4640 3078 4685 et
3108 4631 3431 4686 miraculum
3472 4631 3735 4685 divinitus

2138 4721 2342 4776 factum
2367 4729 2769 4776 commutarunt
2794 4723 2846 4777 in
2864 4732 3242 4793 argumentum
3264 4725 3471 4779 erroris
3492 4723 3735 4777 humana

2139 4812 2367 4867 stultitia
2406 4820 2829 4868 commentatum
2858 4831 2871 4867 :
2899 4829 3037 4883 quos
3070 4815 3267 4869 imitati
3302 4814 3402 4885 ipsi
3430 4812 3604 4868 ιιυὰκὶ
3650 4827 3738 4867 sa-

2139 4912 2394 4975 tagerunt
2442 4920 2512 4961 ne
2537 4905 2592 4960 in
2621 4906 2803 4977 aliquo
2842 4907 3124 4978 gentilium
3174 4906 3509 4963 stultissimis
3555 4906 3736 4961 minus
3778 4960 3798 4978 Ἥ

2141 4998 2291 5053 stulti
2339 5008 2683 5069 apparerent.
2729 5000 2883 5067 Quod
2936 5000 3099 5071 paulo
3129 5007 3253 5071 post
3288 4997 3358 5054 de
3386 5000 3581 5055 eodem
3610 5011 3737 5070 rege

2144 5089 2343 5145 dicitur
2373 5109 2386 5144 :
3418 5142 3425 5149 ί

2216 5200 2241 5235 ι
2278 5182 2506 5238 Excelsa
2531 5198 2767 5253 quoque,
2793 5198 2913 5254 qua:
2934 5192 3093 5239 erant
3114 5184 3168 5239 in
3197 5182 3500 5238 .erusalem
3528 5183 3741 5242 aduex-

2149 5294 2169 5328 t
2216 5284 2356 5331 tram
2387 5286 2599 5348 partem
2622 5277 2825 5333 montis
2852 5277 3188 5344 oﬁ‘ensionis,
3222 5293 3346 5347 quae
3373 5275 3741 5332 :ediﬁcaverat

2152 5389 2170 5425 ι
2214 5370 2467 5427 Salomon
2491 5388 2588 5428 rex
2616 5373 2801 5439 lsrael,
2848 5381 2904 5427 et
2921 5372 3177 5427 Astnroth
3206 5371 3349 5427 idolo
3368 5369 3739 5434 Sidoniorum,

2153 5481 2171 5513 ι
2216 5470 2273 5517 et
2293 5462 2529 5518 Chamos
2553 5463 2837 5518 offensioni
2870 5463 3046 5529 Moab,
3079 5472 3136 5518 et
3164 5462 3429 5519 Melcbom
3461 5461 3745 5517 abomina-

2153 5574 2172 5606 ε
2219 5554 2353 5610 tioni
2379 5555 2614 5610 ﬁliorum
2639 5556 2895 5622 Ammon,
2922 5555 3116 5627 polluit
3130 5571 3249 5623 rex,
3274 5564 3331 5610 et
3358 5553 3618 5612 contrivit
3632 5562 3747 5609 sta-

2154 5665 2172 5697 ¢
2221 5655 2361 5713 tuas,
2398 5666 2418 5700 ι
2466 5646 2591 5702 luce
2616 5646 2820 5703 clarius
2865 5654 2972 5714 est,
3018 5648 3163 5717 quod
3195 5647 3411 5703 excelsa
3454 5646 3747 5702 nominare

2145 5737 2285 5793 solet
2305 5737 2589 5809 Scriptura
2616 5739 2734 5795 loca
2771 5739 2827 5795 in
2856 5739 3086 5795 collibus
3118 5741 3293 5812 posita
3340 5738 3741 5803 frondentibus,

2146 5830 2203 5885 iu
2225 5831 2424 5900 quibus
2464 5831 2549 5886 vel
2586 5830 2925 5888 (immunibus
2962 5832 3340 5897 immolabant,
3372 5830 3456 5886 vel
3485 5830 3741 5895 Domino,

2148 5924 2387 5978 locorum
2420 5924 2738 5982 amwnitate
2774 5923 2977 5996 allecti,
3019 5933 3213 5982 contra
3249 5922 3601 5985 immixtum
3651 5937 3742 5981 re-
