3958 6498
272 458 383 525 269

1092 462 1447 529 COMMENT.
1487 470 1558 528 1N
1594 468 1844 530 LIBROS
1880 468 1949 529 iV
1988 466 2249 530 REGUM.
2276 504 2349 518 -—
2382 473 2453 531 ΙΝ
2491 472 2618 533 LIB.
2654 470 2740 535 IV.

3340 454 3629 551 '270,

270 577 404 635 licto
430 576 588 634 altari
633 579 779 650 quod
798 586 918 636 erat
960 579 1018 636 in
1038 581 1258 653 templo,
1305 582 1514 639 hostias
1538 580 1860 650 oﬁ‘erebant,
1888 584 1942 647 Α
1967 582 2077 639 sias
2120 585 2226 641 iste
2254 592 2442 659 typum
2470 594 2621 644 tenet
2661 586 2878 644 Domini
2906 589 3205 646 Salvatoris
3263 590 3356 661 qui
3399 592 3545 650 salus
3606 571 3616 602 ι

269 671 417 727 unde
468 670 665 741 saepius
690 671 746 725 in
769 671 1027 728 hoclibro
1062 672 1131 729 de
1157 674 1374 745 regibus
1396 675 1487 745 qui
1516 675 1695 731 minus
1734 690 1861 747 per-
1961 681 2019 727 et
2056 672 2317 730 fortitudo
2380 676 2593 731 Domini
2635 680 2830 733 merito
2876 679 3094 745 dicitur,
3148 680 3284 752 quia]
3306 681 3426 752 ipse
3459 690 3543 740 est
3618 690 3619 693 ‘

266 756 410 816 fecte
427 759 562 830 justi
586 760 737 818 fuere
759 762 959 819 dicitur
987 781 1001 819 :
1051 783 1070 817 ι
1109 764 1488 822 Verumtamen
1515 764 1729 821 excelsa
1747 778 1859 820 non
1960 762 2028 819 de
2052 779 2161 834 quo
2198 764 2481 837 Scriptura
2510 766 2643 822 dicit
2673 785 2686 821 :
2729 784 2749 818 ι
2786 767 3045 825 Dominus
3071 769 3249 837 fortis,
3285 771 3543 829 Dominus

266 853 516 910 abstulit.
564 876 584 909 ι

334 942 573 1002 Montem
640 956 823 1004 autem
872 947 1186 1006 offensionis
1231 958 1473 1007 montem
1522 949 1653 1006 idoli
1699 949 1853 1017 dicit,

262 1037 390 1109 quia
409 1039 665 1095 nimirum
681 1039 1088 1098 consuetudinis
1107 1050 1191 1098 est
1211 1040 1641 1112 Scripturarum,
1687 1041 1856 1098 oden-

260 1135 470 1192 sionem
521 1137 663 1193 idola
695 1155 1032 1218 nuncupare,
1085 1141 1213 1213 quia
1237 1141 1324 1196 vel
1353 1141 1409 1196 in
1439 1139 1543 1197 illis
1565 1140 1857 1198 offenditur

257 1227 423 1298 Deus,
446 1230 532 1287 vel
560 1230 915 1291 offensionem
960 1241 1016 1290 et
1041 1235 1251 1290 ruinam
1279 1234 1392 1290 suis
1411 1233 1646 1290 oﬁ‘erunt
1683 1234 1855 1291 culto-

254 1320 430 1388 ribus,
483 1322 623 1379 sicut
652 1323 829 1382 inbae
853 1324 975 1396 ipsa
1004 1327 1271 1383 sententia
1303 1326 1698 1398 subsequenter
1726 1326 1856 1381 inti-

250 1420 459 1481 matur,
509 1415 636 1471 dum
673 1416 874 1473 dicitur
905 1436 919 1472 :
954 1437 973 1470 ι
1018 1417 1151 1486 Qum
1189 1418 1552 1476 aediﬁcaverat
1597 1418 1852 1475 Salomon

250 1519 349 1561 rex
389 1504 580 1574 lsracl,
612 1506 872 1564 Astaroth
918 1508 1061 1567 idolo
1105 1508 1475 1577 Sidoniorum,
1530 1518 1587 1569 et
1614 1511 1852 1568 Chamos

246 1594 535 1653 oﬁ'ensioni
564 1597 745 1668 Moab,
786 1606 840 1657 et
864 1600 1133 1657 Melchom
1171 1603 1564 1659 abominationi
1612 1603 1850 1660 ﬁliorum

245 1687 504 1747 Ammon.
549 1711 568 1744 ι
621 1691 724 1748 Ubi
744 1693 853 1749 hoc
878 1709 1094 1767 quoque
1124 1695 1205 1766 (ni
1231 1693 1409 1771 fallor)
1446 1695 1624 1767 palam
1664 1704 1849 1751 osten-

251 1782 414 1851 ditur,
449 1785 593 1856 quod
627 1786 837 1845 utinam
858 1803 967 1843 non
996 1788 1395 1854 ostenderetur,
1445 1788 1572 1863 quia
1599 1788 1852 1844 videlicet

245 1872 504 1930 Salomon
528 1878 595 1932 de
622 1877 823 1934 amisso
846 1878 1165 1935 idololatria:
1194 1879 1397 1935 scelere
1425 1895 1698 1951 nunquam
1721 1896 1848 1953 per-

1954 865 2148 928 potens
2169 858 2222 913 in
2246 856 2618 932 praelio(Psal.
2646 860 2824 931 χχιιι).
2861 880 2882 914 ι
2915 861 2985 917 Et
3008 862 3134 918 alibi
3160 881 3172 917 :
3211 882 3230 915 ι
3260 864 3379 935 lpse
3398 867 3546 921 enim

1955 949 2166 1005 salvum
2235 949 2397 1008 faciet
2464 953 2719 1024 populum
2763 970 2924 1011 suum
2978 971 3011 1010 a
3062 958 3304 1027 peccatis
3354 973 3545 1015 eorum

1956 1040 2171 1113 (Matth.
2202 1043 2265 1115 ι).
2305 1064 2324 1099 ι
2381 1043 2500 1115 ipse
2529 1046 2746 1115 quidem
2794 1046 2914 1102 zelo
2936 1047 3030 1102 Dei
3056 1051 3284 1105 mundat
3330 1059 3541 1107 terram

1954 1131 2093 1190 Juda
2134 1145 2190 1191 et
2216 1134 2515 1193 Jerusalem
2545 1138 2614 1193 ab
2646 1138 2897 1195 omnibus
2924 1138 3286 1196 immunditiis
3330 1147 3389 1198 et
3415 1142 3547 1197 abo-

1954 1228 2366 1297 minationibus,
2423 1232 2517 1303 qui
2570 1248 2668 1303 per
2704 1232 3024 1303 prophetam
3077 1233 3217 1289 dixit
3249 1251 3267 1288 ς
3315 1250 3336 1286 ι
3386 1232 3549 1291 Zelus

1953 1321 2148 1378 domus
2161 1322 2795 1398 tumcomeditme(Psal.
2818 1324 3032 1399 vam).
3067 1346 3088 1381 ι
3107 1327 3372 1399 Dequoet
3387 1326 3549 1384 Joan-
3608 1377 3613 1382 .

1953 1432 2052 1473 nes
2080 1417 2156 1472 ait
2186 1435 2200 1471 :
2238 1436 2260 1469 ι
2299 1416 2464 1487 Cujus
2496 1418 2859 1475 ventilabrum
2885 1420 2944 1475 in
2970 1435 3135 1476 manu
3170 1435 3288 1488 sua,
3334 1426 3390 1475 et
3417 1435 3548 1491 pur-

1952 1507 2099 1580 gabit
2126 1523 2311 1564 aream
2325 1525 2476 1565 suam
2504 1508 2719 1582 (Matth.
2735 1510 2843 1583 ιιι).
2877 1530 2897 1565 ι
2948 1510 3026 1568 De
3045 1527 3154 1584 quo
3175 1520 3230 1567 et
3257 1511 3549 1567 Malacbias

1953 1596 2087 1655 dicit
2113 1617 2127 1653 :
2164 1616 2184 1651 ι
2219 1599 2361 1654 Ecce
2387 1598 2558 1666 venit,
2583 1599 2715 1656 dicit
2744 1601 3006 1658 Dominus
3026 1603 3387 1669 exercituum,
3419 1601 3545 1673 quis

1951 1688 2156 1759 poterit
2185 1690 2427 1760 cogitare
2465 1690 2606 1745 diem
2649 1692 2914 1749 adventus
2936 1692 3077 1764 ejus,
3131 1700 3188 1748 et
3210 1693 3335 1763 quis
3379 1691 3547 1748 stabit

1954 1784 2025 1839 ad
2055 1784 2345 1839 videndum
2395 1784 2557 1839 eum?
2584 1783 2705 1856 Ipse
2728 1784 2876 1841 enim
2927 1785 3083 1857 quasi
3111 1785 3253 1858 ignis
3285 1783 3547 1850 conﬁans,

1954 1883 2010 1931 et
2021 1875 2175 1946 quasi
2199 1876 2364 1931 herba
2388 1875 2671 1932 fullonum.
2698 1875 2764 1931 Et
2779 1877 2988 1934 sedebit
3011 1878 3252 1933 conﬁans
3276 1885 3331 1933 et
3348 1893 3551 1935 emun-

242 1965 388 2022 fecte
432 1970 705 2040 pmnituit.
762 1968 901 2025 Nam
931 1970 976 2026 si
1007 1970 1220 2027 fructus
1262 1972 1603 2043 pmnitentire
1650 1973 1842 2045 dignos
1869 1977 1920 2039 B
1946 1971 2083 2029 dans
2118 1977 2420 2041 argentum,
2481 1977 2536 2024 et
2563 1970 2816 2042 purgabit
2848 1969 2990 2026 ﬁlios
3031 1968 3181 2027 Levi.
3230 1970 3299 2025 Et
3350 1968 3551 2026 colabit

241 2055 471 2125 faceret,
518 2067 790 2133 satagerct
815 2070 943 2118 ante
962 2063 1147 2118 omnia
1179 2072 1240 2119 ut
1267 2063 1411 2119 idola
1452 2079 1574 2136 qua:
1602 2063 1842 2120 aediﬁca-

240 2158 419 2217 verat,
449 2151 515 2207 de
540 2152 760 2210 civitate
784 2163 973 2211 sancta
999 2155 1339 2223 tollerentur,
1376 2164 1432 2211 et
1466 2172 1577 2212 non
1603 2156 1659 2212 in
1688 2148 1849 2213 scan-

242 2240 428 2298 dalum
456 2244 766 2309 stultorum,
806 2262 927 2317 quae
957 2246 1095 2316 ipse,
1143 2262 1268 2302 cum
1291 2246 1486 2304 fuisset
1507 2248 1849 2321 sapientissi-

238 2346 389 2399 mus,
413 2348 645 2390 erronea
675 2335 899 2402 fecerat,
927 2337 1083 2407 quasi
1111 2338 1386 2408 sapienter
1408 2354 1473 2393 ac
1498 2348 1645 2395 recte
1677 2338 1844 2409 facta,

239 2422 592 2494 relinqueret.
646 2424 892 2482 Meminit
923 2442 1086 2497 supra
1124 2435 1180 2484 et
1207 2428 1371 2499 hujus
1396 2424 1502 2485 l'oci
1536 2428 1844 2500 Scriptura,

238 2511 429 2570 dicens
456 2534 470 2570 :
496 2535 517 2569 ι
562 2515 720 2574 Tunc
764 2519 1054 2575 aadiﬁcavit
1093 2516 1353 2575 Salomon
1376 2520 1567 2575 fanum
1610 2522 1847 2579 Chamos

238 2605 388 2662 idolo
437 2608 617 2677 Moab,
658 2613 713 2665 in
737 2620 921 2667 monte
953 2611 1047 2683 qui
1088 2620 1174 2668 est
1208 2621 1398 2668 contra
1441 2610 1764 2679 Jerusalem,
1792 2623 1847 2670 et

238 2698 451 2757 Moloch
495 2702 639 2758 idolo
666 2702 902 2760 ﬁliorum
930 2704 1165 2760 Ammon
1197 2702 1318 2778 (111
1359 2702 1487 2777 Reg.
1515 2703 1618 2777 xi).
1662 2725 1682 2759 ι
1734 2703 1845 2762 Nec

235 2793 411 2849 videri
439 2798 772 2853 contrarium
795 2799 975 2864 debet,
1000 2801 1147 2870 quod
1172 2799 1247 2855 ibi
1271 2814 1452 2867 mons,
1482 2800 1539 2855 in
1568 2814 1676 2871 quo
1699 2797 1842 2855 facta

238 2895 366 2943 sunt
398 2890 516 2947 haec
539 2890 711 2957 idola,
746 2900 937 2947 contra
964 2890 1291 2959 Jerusalem,
1346 2893 1436 2949 hic
1462 2893 1518 2948 in
1543 2891 1845 2949 Jerusalem

236 2996 359 3038 esse
399 2981 609 3054 positus
638 2983 923 3050 asseritur,
964 2984 1093 3054 quia
1134 2983 1396 3038 nimirum
1441 2983 1497 3038 in
1535 2993 1686 3038 tanta
1727 2991 1847 3039 erat

236 3075 391 3132 urbis
420 3076 617 3132 vicinia
646 3077 877 3146 positus,
906 3083 966 3130 ut
994 3076 1063 3131 ad
1078 3077 1252 3148 ipsam
1278 3076 1579 3146 pertinere,
1601 3075 1845 3147 etipsam

236 3183 456 3241 quoque
477 3169 748 3237 sordibus,
775 3184 896 3247 quae
926 3169 982 3224 in
1005 3182 1071 3225 eo
1095 3169 1551 3243 congerebantur,
1580 3166 1848 3225 contami-

237 3276 374 3319 nare
401 3262 701 3318 videretur.

1950 2076 2067 2129 eos,
2115 2061 2270 2132 quasi
2296 2076 2514 2129 aurum,
2548 2071 2603 2116 et
2631 2062 2788 2133 quasi
2815 2073 3120 2134 argentum,
3164 2071 3217 2119 et
3244 2071 3406 2119 erunt
3435 2064 3547 2119 Do-

1948 2154 2102 2210 mino
2155 2152 2445 2208 offerentes
2496 2153 2767 2209 sacriﬁcia
2822 2154 2877 2209 in
2912 2152 3148 2222 justitia.
3203 2152 3272 2210 Et
3308 2153 3547 2225 placebit

1949 2246 2063 2304 Deo
2085 2246 2413 2304 sacriﬁcium
2432 2243 2570 2301 Juda
2598 2253 2654 2301 et
2676 2243 2999 2310 Jerusalem,
3027 2247 3169 2302 sicut
3198 2245 3314 2301 dies
3339 2245 3546 2314 saeculi,

1948 2350 2007 2400 et
2030 2342 2175 2399 sicut
2202 2343 2330 2398 anni
2360 2342 2591 2413 antiqui.
2638 2341 2705 2397 Et
2730 2342 2984 2397 accedam
3012 2340 3081 2396 ad
3107 2355 3206 2395 vos
3238 2341 3294 2394 in
3320 2338 3547 2410 judicio,

1948 2442 2005 2491 et
2041 2450 2137 2493 ero
2171 2435 2327 2491 testis
2362 2434 2521 2489 velox
2571 2433 2851 2499 maleﬁcis,
2885 2441 2942 2489 et
2968 2432 3250 2499 adulteris,
3280 2440 3336 2486 et
3365 2430 3549 2503 perju-

1948 2525 2050 2592 ris,
2079 2534 2134 2585 et
2181 2526 2274 2601 qui
2327 2525 2732 2581 calumniantur
2760 2522 3063 2579 mercedem
3112 2523 3460 2588 mercenarii,
3496 2528 3554 2578 et

1946 2616 2241 2674 humiliant
2267 2616 2462 2672 viduas
2491 2624 2547 2670 et
2574 2614 2828 2689 pupillos,
2885 2623 2941 2670 et
2964 2613 3278 2684 opprimunt
3309 2612 3552 2683 peregri-

1948 2727 2103 2777 num,
2131 2724 2233 2765 nec
2258 2708 2559 2764 timuerunt
2592 2722 2700 2773 me,
2753 2705 2882 2760 dicit
2917 2705 3179 2761 Dominus
3208 2704 3549 2759 exercituum

1949 2799 2172 2875 (Malae.
2191 2795 2297 2874 ill).
2322 2818 2343 2852 ι
2363 2798 2615 2853 Celebrat
2634 2810 2763 2866 ergo
2777 2793 2957 2851 Josias
2970 2804 3155 2851 noster
3169 2808 3356 2849 verum
3379 2793 3551 2863 phase

1948 2892 2006 2949 in
2054 2900 2249 2949 octavo
2277 2889 2488 2947 decimo
2515 2904 2659 2944 anno
2689 2888 2842 2960 regni
2862 2888 2968 2955 sui,
3026 2886 3245 2957 quando
3275 2885 3327 2940 in
3353 2892 3547 2940 octava

1948 2992 2130 3053 aetate,
2193 2983 2434 3058 generali
2492 2982 2894 3039 resurrectione
2942 2987 3271 3051 perpetrata,
3333 2984 3552 3033 sanctos

1948 3093 2079 3137 suos
2107 3092 2229 3133 cum
2259 3074 2595 3150 perfectione
2630 3076 2897 3132 bonorum
2927 3088 3153 3145 operum
3176 3071 3435 3143 perducet
3483 3068 3552 3122 ad

1950 3180 2169 3227 aeternae
2197 3169 2550 3225 beatitudinis
2594 3167 2876 3224 denarium
2912 3165 3308 3237 accipiendum,
3362 3159 3552 3232 ejectis

1949 3262 2106 3341 prius
2131 3258 2387 3319 omnibus
2413 3258 2685 3317 scandalis
2736 3259 2804 3316 de
2837 3272 3007 3329 regno
3035 3256 3152 3329 ejus
3185 3251 3403 3328 (Matth.
3435 3267 3543 3318 xx;

316 3373 336 3405 ς
365 3353 437 3408 Et
468 3366 763 3407 conversus
786 3349 962 3408 Josias
989 3352 1126 3408 vidit
1152 3353 1229 3408 ibi
1255 3352 1523 3424 sepulcra,
1545 3366 1665 3424 quae
1685 3360 1844 3409 erant
1872 3343 1920 3410 C
1952 3354 2144 3410 Matth.
2202 3351 2348 3427 xm).
2398 3374 2418 3407 ι
2478 3353 2557 3410 De
2608 3366 2718 3424 quo
2764 3350 3062 3427 praedictus
3119 3347 3383 3419 propheta
3422 3344 3501 3403 ait
3534 3361 3548 3398 :

242 3461 267 3498 ι
315 3442 373 3498 ἰιι
400 3449 608 3509 monte,
662 3442 920 3514 misitque
970 3453 1025 3499 et
1064 3444 1187 3499 tulit
1212 3459 1337 3501 ossa
1370 3445 1436 3500 de
1462 3444 1746 3521 sepulcris,
1791 3454 1846 3501 et

242 3553 267 3590 ι
315 3536 700 3594 combussitea
748 3555 911 3613 super
934 3540 1121 3607 altare,
1170 3551 1225 3597 et
1249 3541 1441 3615 polluit
1468 3542 1617 3598 illud.
1669 3562 1688 3596 ι
1735 3541 1846 3598 Cur

237 3638 421 3687 autem
457 3630 636 3689 Josias
655 3648 780 3693 ossa
808 3643 1146 3691 mortuorum
1178 3634 1713 3711 concremarejussit
1759 3651 1844 3690 su-

236 3736 337 3795 per
362 3723 561 3791 altare,
600 3725 703 3780 nisi
728 3734 788 3780 ut
823 3727 1137 3782 ostenderet
1169 3727 1314 3801 quod
1347 3724 1577 3802 profana
1621 3725 1844 3781 fuerunt

238 3829 431 3872 eorum
475 3816 788 3875 sacriﬁcia?
820 3817 891 3872 Et
931 3833 1040 3873 non
1084 3818 1260 3873 solum
1309 3817 1576 3888 pecudum
1630 3817 1843 3873 hostias

242 3907 525 3964 daemoniis
554 3908 873 3979 offerebant,
910 3910 1006 3966 sed
1034 3910 1201 3967 etiam
1226 3911 1549 3981 semetipsos
1570 3925 1671 3985 per
1698 3923 1845 3965 erro-

240 4015 358 4057 rem
396 4000 715 4057 idololatrite
764 4001 821 4056 in
856 4010 1184 4074 potestatem
1240 4003 1547 4057 daemonum
1604 4001 1843 4056 tradide-

240 4099 396 4159 runt,
454 4092 546 4162 qui
570 4093 719 4161 justo
770 4092 864 4148 Dei
888 4093 1095 4165 judicio
1136 4090 1295 4148 simul
1320 4110 1445 4148 cum
1470 4094 1665 4160 altare,
1696 4094 1842 4165 quod

241 4181 401 4238 idolis
427 4182 851 4251 fabricaveram,
875 4184 1173 4255 dissipandi
1193 4193 1371 4240 erant.
1410 4185 1634 4258 Mystice
1658 4192 1840 4240 autem

239 4274 513 4346 signiﬁcat
541 4290 753 4341 omnes,
800 4275 893 4346 qui
927 4276 1125 4331 diaboli
1156 4277 1377 4332 servitio
1418 4278 1712 4349 mancipati
1764 4277 1844 4331 vi-

244 4374 358 4425 tam
399 4367 717 4438 sacrilegam
747 4367 1118 4438 temporaliter
1149 4367 1426 4436 ﬁnierant,
1467 4369 1687 4424 aateruis
1719 4384 1843 4423 cru—

242 4458 475 4516 ciatibus
506 4461 925 4527 consumendos,
976 4459 1087 4515 Deo
1123 4461 1229 4516 illis
1258 4461 1595 4517 retribuente
1646 4478 1843 4517 secun-

244 4549 372 4605 dum
424 4550 642 4620 propria
679 4550 873 4607 merita
899 4566 1124 4621 operum
1155 4551 1391 4607 illorum.

1955 3462 1976 3496 ι
2030 3443 2170 3499 Ecce
2196 3444 2345 3499 enim
2388 3443 2504 3498 dies
2535 3442 2717 3498 veniet
2741 3456 3022 3508 succensa,
3079 3438 3237 3513 quasi
3281 3438 3548 3502 caminus,

1947 3542 2005 3590 et
2046 3542 2208 3590 erunt
2236 3549 2427 3592 omnes
2456 3534 2693 3609 superbi,
2751 3541 2809 3590 et
2836 3548 3028 3590 omnes
3056 3530 3319 3591 facientes
3356 3528 3549 3600 impie-

1946 3635 2115 3682 tatem
2142 3625 2359 3699 stipula,
2394 3634 2449 3681 et
2472 3624 2831 3681 inﬁammabit
2855 3640 2952 3681 eos
2981 3622 3099 3681 dies
3126 3622 3369 3688 veniens,
3414 3618 3547 3675 dicit

1945 3720 2209 3777 Dominus
2232 3720 2591 3775 exercituum.
2624 3718 2755 3787 Quae
2774 3733 2882 3772 non
2913 3715 3183 3787 relinquet
3210 3716 3288 3770 eis
3310 3713 3552 3769 radicem

1945 3822 2001 3869 et
2034 3827 2274 3884 germen.
2306 3810 2374 3865 Et
2400 3811 2610 3868 orietur
2634 3810 2790 3866 vobis
2804 3809 3121 3867 timentibus
3152 3820 3550 3865 nomenmeum

1945 3901 2041 3960 Sol
2089 3901 2343 3963 JUSliliiB.
2378 3902 2446 3958 Et
2480 3903 2686 3959 sanitas
2715 3902 2770 3956 in
2795 3901 2987 3972 pennis
3014 3899 3148 3969 ejus.
3202 3898 3271 3953 Et
3300 3896 3550 3970 egredie-

1944 3998 2104 4067 mini,
2160 4007 2217 4055 et
2249 3996 2476 4065 salictis,
2508 3997 2649 4052 sicut
2672 3995 2829 4051 vituli
2869 3995 2935 4049 de
2959 3998 3230 4056 armento,
3283 3999 3339 4047 et
3368 3988 3550 4045 calca-

1943 4088 2075 4146 bitis
2131 4089 2345 4160 impios,
2410 4105 2533 4145 cum
2560 4088 2763 4143 fuerint
2797 4086 2939 4144 cinis
2986 4086 3088 4141 sub
3121 4082 3304 4155 planta
3350 4082 3549 4154 pedum

1944 4192 2251 4236 vestrorum
2282 4179 2442 4254 (Mal.
2468 4179 2565 4255 ιν).
2605 4199 2624 4232 ι
2656 4179 2723 4234 Et
2750 4187 2899 4235 recte
2929 4178 3129 4233 dictum
3158 4172 3407 4247 estquod
3437 4187 3547 4227 non

1945 4269 2149 4326 factum
2182 4271 2344 4325 fuerit
2369 4272 2539 4343 phase
2565 4270 2674 4326 tale
2701 4287 2731 4325 a
2766 4271 2956 4325 diebus
2985 4267 3256 4333 Judicum,
3288 4265 3380 4337 qui
3402 4263 3549 4334 judi-

1946 4375 2209 4423 caverunt
2234 4364 2419 4433 Israel,
2450 4376 2505 4421 et
2524 4366 2767 4421 omnium
2801 4365 3011 4419 dierum
3041 4377 3229 4435 regum
3262 4358 3448 4425 lsracl,
3494 4367 3551 4413 et

1947 4475 2135 4532 regum
2149 4457 2309 4526 Juda,
2338 4458 2479 4515 sicut
2504 4459 2559 4515 in
2576 4468 2769 4514 octavo
2798 4458 3009 4513 decimo
3036 4470 3180 4510 anno
3211 4455 3355 4525 regis
3379 4451 3544 4508 JOSltB

1948 4551 2004 4606 in
2033 4548 2358 4619 Jerusalem,
2391 4552 2541 4622 quia,
2581 4550 2776 4607 ablatis
2804 4550 3010 4623 ﬁguris,
3056 4549 3328 4605 veraciter
3379 4547 3434 4602 in
3461 4546 3550 4601 die

322 4659 341 4692 ι
390 4640 767 4712 Reversusque
792 4654 877 4700 est
916 4642 1096 4700 Josias
1119 4642 1440 4712 Jerusalem,
1501 4654 1557 4703 et
1581 4648 1842 4721 praecepit
1868 4711 1915 4721 _
1943 4644 2133 4715 judicii
2167 4647 2472 4701 transibunt
2494 4646 2670 4700 sancti
2699 4645 2767 4700 de
2795 4652 2970 4699 morte
3000 4643 3070 4698 ad
3095 4643 3286 4709 vitam,
3315 4642 3381 4696 de
3420 4654 3547 4697 cor-

249 4753 270 4787 ι
318 4736 464 4791 omni
510 4711 729 4806 populo,
785 4737 969 4795 dicens
999 4756 1012 4793 :
1044 4737 1229 4795 Facite
1270 4741 1440 4809 phase
1471 4711 1700 4798 Domino
1731 4711 1842 4799 [leo
1867 4711 1923 4771 Β
1945 4711 2201 4808 ruptione
2230 4738 2297 4792 ad
2321 4737 2581 4809 gloriam:
2612 4737 2799 4808 sicque
2844 4738 2898 4792 in
2926 4742 3223 4806 conspectu
3252 4732 3550 4790 conditoris

251 4846 270 4880 ι
315 4837 521 4894 vestro,
573 4829 873 4884 secundum
902 4830 1043 4899 quod
1068 4830 1332 4901 scriptum
1368 4841 1451 4888 est
1482 4834 1537 4888 in
1564 4833 1704 4891 libro
1742 4834 1843 4888 fce-

252 4936 273 4969 ι
321 4917 466 4975 deris
525 4917 702 4991 hujus,
750 4939 770 4973 ι
810 4927 917 4975 etc.
976 4919 1133 4988 Quod
1180 4930 1363 4977 autem
1403 4923 1694 4993 praedictus
1748 4940 1844 4979 rex

246 5011 439 5082 ejectis
462 5010 622 5071 idolis
649 5012 715 5069 de
745 5021 914 5079 terra,
961 5029 1174 5073 necnon
1199 5016 1531 5086 pythonibus
1575 5025 1631 5072 et
1659 5017 1845 5073 ariolis

247 5112 307 5162 et
330 5106 583 5163 omnibus
606 5105 964 5165 immunditiis
988 5117 1149 5181 atque
1174 5110 1670 5169 abominationibus
1697 5114 1845 5171 abla-

249 5196 344 5263 tis,
393 5196 663 5253 iuoctavo
695 5198 905 5255 decimo
929 5215 1072 5256 anno
1104 5202 1258 5271 regni
1286 5202 1370 5259 sui
1418 5203 1648 5261 Domino
1673 5207 1843 5276 phase

249 5289 666 5351 celeberrimum
696 5290 892 5349 fecisse
918 5293 1138 5366 legitur,
1186 5295 1467 5353 moraliter
1529 5298 1686 5356 docet
1718 5314 1842 5366 nos,

246 5392 315 5438 ut
348 5399 642 5456 purgemus
671 5386 908 5457 primum
936 5395 1142 5447 terram
1166 5388 1345 5447 cordis
1372 5390 1545 5449 nostri
1581 5393 1650 5448 ab
1668 5392 1843 5451 omni-

248 5475 359 5535 bus
380 5476 529 5532 vitiis
571 5485 629 5533 et
655 5479 979 5536 mandemus
1019 5487 1174 5537 actus
1202 5492 1418 5539 nostros
1473 5484 1540 5539 ab
1574 5486 1723 5543 omni
1754 5485 1844 5545 iu-

252 5569 607 5643 quinamento
634 5580 1002 5643 peccatorum,
1031 5583 1089 5630 et
1115 5576 1185 5635 ab
1210 5577 1467 5646 operibus
1495 5578 1746 5646 mortuis,
1788 5587 1851 5635 ut

253 5665 464 5723 servire
488 5665 758 5736 possimus
778 5666 891 5724 Deo
916 5667 1139 5723 viventi.
1168 5667 1367 5741 Sicque
1386 5678 1600 5742 gratum
1616 5672 1848 5728 Domino

252 5755 597 5815 celebramus
634 5760 839 5830 pascha
887 5779 908 5813 ι
959 5776 1070 5817 non
1105 5760 1293 5833 utique
1339 5762 1395 5819 in
1418 5763 1687 5822 fermento
1732 5782 1847 5823 ma-

254 5847 385 5907 litiae
432 5859 493 5919 et
522 5852 792 5923 nequitiae,
820 5852 917 5910 sed
944 5853 998 5911 in
1026 5854 1234 5924 azymis
1260 5854 1591 5914 sinceritatis
1632 5866 1689 5914 et
1711 5860 1847 5916 veri-

255 5942 388 6000 tatis
418 5942 467 6016 (I
508 5944 614 6000 Cor
658 5945 735 6017 v).
776 5967 794 5999 ι
840 5946 1149 6003 Secundum
1181 5948 1491 6019 allegoriam
1531 5962 1703 6007 :llllt‘lll
1756 5952 1840 6008 Jo-

1948 4831 2031 4887 sui
2092 4831 2149 4887 iu
2192 4830 2406 4887 caelesti
2452 4830 2755 4889 Jerusalem
2808 4832 2864 4886 in
2912 4840 3177 4887 aaternum
3217 4827 3545 4900 gaudebunt,

1947 4922 2077 4994 quia
2106 4941 2128 4974 ‹
2161 4924 2433 4979 videbitur
2450 4925 2596 4980 Deus
2613 4926 2835 4981 deorum
2853 4925 2906 4980 in
2932 4924 3061 4980 Sion
3082 4921 3255 4997 (Paul.
3286 4919 3544 4991 Lxxxm).

1947 5013 2020 5069 Et
2042 5014 2233 5069 civitas
2262 5014 2349 5069 illa
2381 5030 2488 5073 non
2517 5025 2638 5088 eget
2666 5017 2797 5079 sole,
2842 5032 3017 5088 neque
3047 5015 3196 5082 luna,
3247 5020 3308 5067 ut
3332 5011 3551 5067 luceant

1950 5104 2005 5158 in
2034 5120 2118 5160 ea.
2157 5103 2294 5159 Nam
2323 5105 2544 5164 claritas
2574 5108 2671 5163 Dei
2706 5107 3031 5162 illuminabit
3066 5121 3210 5171 eant,
3241 5113 3295 5160 et
3323 5104 3547 5161 lucerna

1947 5196 2064 5269 ejus
2087 5199 2274 5269 Agnus
2290 5208 2395 5268 est,
2419 5210 2471 5255 et
2500 5201 2852 5256 ambulabunt
2877 5207 3064 5269 gentes
3090 5198 3147 5257 in
3175 5196 3379 5255 lumine
3404 5196 3544 5267 ejus,

1948 5301 2003 5349 et
2037 5308 2190 5365 rcges
2228 5302 2387 5348 terra:
2416 5294 2647 5349 ail‘erent
2677 5293 2906 5364 gloriam
2936 5307 3092 5351 suam
3115 5299 3171 5348 et
3197 5292 3461 5348 honorem
3488 5290 3546 5346 in

1948 5384 2120 5455 illam,
2176 5393 2231 5443 et
2256 5394 2427 5457 portae
2452 5385 2567 5461 ejus
2596 5401 2705 5443 non
2733 5384 3057 5441 claudentur
3083 5401 3182 5456 per
3204 5385 3371 5444 diem.
3423 5382 3546 5439 Nox

1948 5478 2094 5535 enim
2122 5492 2230 5534 non
2256 5479 2363 5533 erit
2390 5478 2521 5534 illic.
2586 5476 2656 5533 Et
2691 5473 2918 5532 aderant
2945 5476 3172 5548 gloriam
3201 5484 3257 5531 et
3282 5476 3546 5531 honorem

1949 5574 2193 5648 gentium
2225 5572 2279 5628 in
2304 5571 2475 5638 illam,
2522 5586 2624 5627 nec
2654 5570 2879 5626 intrabit
2905 5571 2961 5627 in
2990 5585 3113 5625 eam
3166 5569 3369 5639 aliquid
3391 5567 3543 5623 coin-

1952 5665 2258 5735 quinatum,
2292 5672 2346 5718 et
2375 5662 2581 5721 faciens
2608 5664 3064 5720 abominationem
3091 5670 3149 5718 et
3177 5660 3542 5724 mendacium,

1950 5761 2057 5817 nisi
2087 5761 2181 5833 qui
2208 5760 2399 5833 scripti
2428 5769 2555 5819 sunt
2590 5760 2647 5823 in
2676 5761 2815 5821 libro
2840 5762 2966 5823 vita:
3000 5761 3140 5833 Agni
3170 5758 3354 5832 (Apoc.
3399 5753 3539 5825 xm).

1954 5858 2022 5914 Et
2043 5874 2237 5915 nomen
2250 5858 2487 5914 civitatis
2500 5873 2568 5915 ex
2587 5857 2677 5914 illa
2692 5858 2802 5925 die,
2817 5856 3079 5914 Dominus
3098 5854 3295 5911 ibidem
3319 5848 3538 5923 (Ezech.

1954 5952 2143 6026 xxxv).
2164 5952 2486 6008 Benedictus
2510 5952 2775 6008 Dominus
2802 5949 3059 6020 quoniam
3099 5943 3405 6000 miriﬁcavit
3432 5942 3555 6025 mi-q
