3958 6470
533 420 642 477 271
1180 419 1242 473 Β.
1285 416 1539 474 RABANI
1570 415 1794 475 MAURI
1828 416 2102 474 ARCHIEI

2208 416 2496 475 lIOGUNT.
2532 416 2818 476 OPERUM
2854 417 3035 475 PARS
3069 417 3112 473 1.
3678 420 3770 477 ΞΗ

534 532 885 591 sericordiam
908 546 1064 591 suam
1112 531 1167 588 in
1193 531 1413 589 civitate
1452 531 1873 589 circumstantia
1928 529 2098 603 (Psal.
2128 532 2177 594 Α
2204 547 2370 588 nosor
2414 532 2580 588 alium
2606 532 2972 604 intelligimus,
3022 530 3129 588 nisi
3170 528 3432 586 eumdem
3461 545 3626 602 quem
3652 531 3774 589 Pha-

533 623 688 696 xxx).
736 643 756 677 ι
2204 637 2426 679 raonem
2454 638 2574 680 esse
2598 623 2852 690 diximus,
2907 623 3202 695 principem
3231 623 3497 680 videlicet
3523 624 3773 681 confusio-

608 734 629 767 ι
672 714 863 772 Occiso
888 722 1071 786 .taque
1115 728 1414 786 «108131⁸086
1463 714 1517 770 in
1547 714 1787 785 Magedo,
1840 712 1960 768 tulit
2013 728 2105 784 po-
2203 715 2326 780 nis,
2381 723 2438 772 et
2486 726 2751 771 rectorem
2796 716 3142 771 tenebrarum
3184 714 3387 770 barum
3420 714 3637 787 (Ephes.
3673 718 3772 787 vi)?

535 826 557 860 ι
597 808 755 879 pulus
807 816 967 864 terrae
1012 805 1248 863 Joachaz
1306 807 1475 863 ﬁlium
1522 806 1701 873 Josiat,
1750 813 1806 862 et
1832 812 2105 861 unxerunt
2203 805 2347 879 Ergo
2398 822 2521 864 cum
2546 807 2799 877 antiquus
2828 806 2996 861 hostis
3023 806 3255 876 aliquem
3286 806 3398 861 sibi
3425 820 3771 878 censumpec-

534 918 554 952 α
599 915 755 968 eum;
782 907 839 956 et
864 901 1260 957 constituerunt
1283 916 1408 957 eum
1438 915 1623 974 regem
1671 916 1771 972 pro
1791 908 1945 971 patre
1983 915 2098 965 suo,
2203 899 2312 954 cati
2341 898 2548 954 solvere
2567 898 2877 968 persuadet,
2904 913 3028 953 mox
3054 906 3223 954 totum
3236 897 3295 953 in
3308 897 3616 953 dominium
3638 915 3770 954 suum

532 1012 552 1044 ε
597 1008 760 1063 quem
784 992 998 1049 Pharao
1034 992 1219 1050 Necbo
1244 994 1422 1049 vinxit
1449 995 1504 1049 in
1534 994 1723 1060 Rebla,
1757 1002 1814 1048 et
1843 993 1996 1049 duxit
2041 992 2098 1046 in
2206 991 2451 1064 redigere
2496 1000 2552 1048 et
2576 991 2792 1062 plenum
2824 991 3104 1047 servitium
3159 991 3478 1062 expendere
3522 991 3767 1048 admonet.

529 1102 551 1136 ‹
596 1084 914 1156 ιλΕεγρῑιιω,
975 1092 1033 1140 et
1084 1084 1342 1155 imposuit
1391 1084 1616 1140 multam
1666 1091 1828 1141 terrae
1883 1093 2103 1139 centum
2203 1080 2343 1148 Quid
2366 1090 2451 1136 est
2478 1096 2605 1153 ergo
2629 1080 2772 1135 aliud
2803 1081 2974 1136 tribus
3016 1081 3174 1136 anuis
3206 1081 3323 1153 regi
3355 1079 3646 1151 Babylonis
3677 1098 3773 1143 ser:

529 1196 551 1231 ι
593 1179 806 1235 talentis
832 1180 1061 1252 argenti,
1090 1187 1145 1235 et
1172 1178 1373 1235 talento
1398 1180 1552 1245 auri;
1584 1194 1873 1251 regemque
1902 1177 2102 1233 consti-

2208 1186 2330 1226 vum
2358 1185 2495 1235 esse,
2521 1185 2681 1240 quam
2701 1170 3071 1239 persuasione,
3097 1169 3463 1226 delectatione
3487 1179 3644 1241 atque
3664 1185 3769 1226 con-

530 1286 550 1320 ι
595 1269 699 1323 tuit
753 1269 997 1336 Eliacim,
1049 1268 1218 1325 ﬁlium
1245 1269 1406 1327 Josia:
1447 1284 1547 1341 pro
1570 1268 1716 1327 Josia
1766 1277 1923 1341 patre
1951 1267 2098 1338 ejus;
2203 1285 2366 1327 sensu
2415 1270 2637 1340 antiquo
2681 1269 2825 1325 hosti
2870 1269 3142 1324 subditum
3167 1268 3308 1336 fore,
3360 1278 3419 1325 et
3440 1279 3612 1325 totum
3648 1272 3766 1325 vitiis

529 1377 551 1411 ι
594 1361 865 1431 vertitque
889 1375 1084 1417 nomen
1104 1362 1220 1433 ejus
1246 1359 1515 1428 Joachim,
1548 1382 1569 1416 ι
1606 1372 1709 1417 etc.
1754 1362 1892 1429 Quid
1919 1369 2101 1417 autem
2201 1361 2443 1417 deditum
2471 1362 2624 1433 quasi
2653 1361 2823 1417 libere
2845 1360 2914 1416 ab
2944 1376 3008 1417 eo
3032 1362 3339 1432 possideri?
3369 1360 3480 1417 Sed
3507 1378 3641 1433 saepe
3664 1378 3765 1418 con-

522 1451 831 1508 interfectio
862 1451 1025 1509 Josia:
1063 1454 1352 1525 signiﬁcat,
1412 1456 1560 1525 quia
1590 1454 1873 1511 Pharaone
1916 1455 2100 1510 Necho
2204 1454 2365 1524 tingit
2398 1453 2541 1522 quod
2572 1452 2722 1518 tales,
2773 1468 2874 1523 per
2899 1452 2996 1507 Dei
3029 1451 3469 1507 misericordiam
3518 1453 3764 1514 admoniti,

523 1543 880 1614 interemptus
908 1553 993 1600 est
1017 1545 1072 1600 in
1112 1545 1353 1618 Magedo,
1407 1545 1513 1601 nisi
1539 1547 1970 1616 persecutionem
2011 1562 2085 1600 an
2202 1544 2468 1601 rebellare
2496 1538 2686 1600 contra
2708 1559 2940 1614 nequam
2981 1544 3245 1615 Spiritum
3274 1544 3627 1600 meditentur.
3655 1543 3764 1599 Hinc

521 1635 657 1704 tiqui
689 1636 859 1692 hostis
888 1638 1146 1693 adversus
1168 1646 1385 1694 sanctos
1404 1639 1802 1709 praedicatores,
1839 1654 1976 1710 quos
2004 1652 2102 1709 per
2198 1646 2286 1695 est
2311 1639 2454 1710 quod
2476 1638 2758 1695 subditur:
2790 1658 2807 1690 ι
2845 1653 3036 1694 rursus
3059 1637 3350 1693 rebellavit
3373 1646 3563 1693 contra
3593 1654 3717 1693 eum.
3745 1658 3759 1689 ι

522 1724 779 1780 invidiam
821 1728 943 1783 neci
972 1729 1456 1800 traderezmolitur,
1503 1737 1559 1785 et
1585 1729 1800 1785 auferre
1856 1730 1924 1785 de
1955 1739 2101 1785 terra
2203 1730 2313 1788 Nec
2345 1738 2525 1785 tamen
2570 1728 2767 1786 suﬁicit
2802 1729 3085 1795 rebellare,
3132 1731 3178 1785 si
3204 1745 3316 1784 non
3345 1731 3695 1801 perseverarit
3721 1731 3763 1784 in

519 1815 775 1872 Ecclesia:
803 1827 1049 1885 conatur,
1096 1828 1362 1890 quatenus
1407 1820 1621 1878 facilius
1670 1830 1843 1880 totam
1887 1822 2101 1894 plebem
2128 1884 2173 1894 _
2204 1823 2523 1879 certamine.
2577 1821 2681 1889 Qui
2728 1821 2873 1876 enim
2924 1821 3132 1891 antiqui
3186 1821 3369 1877 hostis
3420 1830 3675 1891 potestate
3718 1834 3763 1875 se

519 1905 784 1977 dissipare
827 1916 883 1963 et
926 1884 1182 1965 invade-re
1227 1913 1445 1981 possit?
1478 1913 1869 1984 Interpretatur
1888 1884 2097 1970 -autem
2128 1884 2177 1944 Β
2204 1931 2406 1973 exuere
2426 1884 2720 1981 desiderat,
2768 1930 2990 1971 necesse
3022 1922 3105 1969 est
3133 1922 3191 1969 ut
3218 1913 3446 1970 fortiter
3470 1926 3647 1971 contra
3666 1930 3761 1970 eum

517 1996 729 2054 Pharao
774 1999 1056 2071 dissipans,
1096 2000 1280 2058 Necbo
1307 2006 1594 2074 percussio,
1652 2005 1873 2077 Magedo
1900 2006 1964 2061 de
1993 2016 2103 2061 ten-
2202 2007 2440 2075 dimicet,
2499 2014 2555 2063 et
2581 2005 2910 2074 adjutorium
2956 2021 2989 2060 a
3024 2021 3234 2060 summa
3262 2007 3513 2077 potentia
3560 2006 3757 2061 assiduis

515 2088 732 2143 tatione.
784 2089 1087 2147 Permissus
1119 2094 1318 2164 quippe
1346 2095 1590 2151 diabolus
1623 2112 1952 2168 consurgere
2003 2098 2099 2153 ad—
2201 2099 2453 2171 precibus
2492 2096 2763 2167 imploret,
2800 2103 3066 2167 quatenus
3109 2096 3294 2152 divina
3338 2097 3519 2168 gratia
3562 2097 3757 2167 adjutus,

514 2191 705 2233 versus
733 2187 973 2248 sanctos,
999 2182 1103 2237 hoc
1138 2184 1475 2241 solummodo
1495 2186 1626 2257 agit,
1674 2188 1778 2243 hoc
1804 2188 1933 2243 totis
1971 2188 2103 2243 viri—
2205 2191 2413 2245 hostem
2446 2187 2804 2263 fortissimum
2831 2202 3091 2258 superare
3140 2196 3195 2243 et
3224 2188 3422 2260 jugum
3453 2188 3757 2244 durissimum

513 2265 617 2321 bus
640 2276 835 2335 certat,
882 2280 1152 2341 quatenus
1178 2275 1435 2331 tentando
1463 2290 1681 2348 gregem
1711 2277 1925 2332 Domini
1979 2292 2104 2346 per-

513 2358 728 2414 cutiens
766 2361 1005 2431 dissipet,
1060 2378 1261 2434 eosque
1307 2366 1542 2435 primum
1588 2365 1817 2433 auferat,
1870 2382 2103 2436 quorum

513 2449 712 2505 solatio
750 2450 943 2522 adjuti,
998 2463 1189 2510 contra
1218 2457 1430 2512 hostem
1474 2457 1737 2514 dimicare
1780 2458 2101 2514 debuerant.

590 2558 611 2592 α
649 2540 798 2596 Tulit
833 2544 1062 2614 populus
1118 2553 1278 2601 terra:
1304 2546 1560 2615 Joachaz,
1604 2548 1776 2603 ﬁlium
1814 2547 1994 2617 Josiae,
2048 2556 2106 2606 et

511 2632 913 2689 constituerunt
946 2650 1071 2690 eum
1100 2651 1281 2708 regem
1310 2653 1409 2708 pro
1431 2646 1586 2707 patre
1614 2654 1730 2695 suo.
1762 2659 1781 2693 ι
1842 2638 2101 2707 Joachaz,

512 2722 606 2792 qui
638 2722 1027 2794 interpretatur
1048 2736 1291 2794 retentus,
1340 2729 1615 2799 signiﬁcat
1639 2730 1813 2786 malos
1829 2730 2101 2799 doctores,

510 2826 650 2881 quos
669 2813 901 2884 populus
924 2822 1085 2871 terrae
1111 2817 1383 2884 carnales,
1412 2818 1665 2874 videlicet
1693 2827 1923 2876 terrena:
1952 2822 2105 2892 cupi-

512 2901 670 2957 ditati
715 2904 906 2971 dediti,
953 2908 1246 2962 secundum
1289 2924 1473 2965 mores
1526 2925 1652 2965 suos
1699 2911 2105 2968 consentientes

510 2992 660 3049 vitiis
685 2995 821 3064 suis,
850 3011 1113 3067 personas
1145 2998 1348 3071 eligunt
1379 3020 1392 3054 :
1425 3016 1561 3072 quos
1596 3000 1808 3057 Pharao
1852 3002 1909 3056 in
1934 3002 2106 3058 Rebla

404 3124 407 3131 .
509 3082 688 3138 vinxit
710 3094 766 3141 et
797 3086 853 3142 in
879 3086 1177 3161 Egyptum
1207 3092 1383 3158 duxit,
1416 3110 1537 3149 cum
1566 3092 1812 3148 diabolus
1839 3109 1939 3164 per
1965 3096 2105 3151 mul-

508 3172 793 3229 titudinem
820 3176 1161 3235 adulatorum
1195 3195 1460 3238 enervans
1498 3182 1699 3253 decipit
1724 3184 1889 3239 corda
1912 3185 2106 3256 praela-

506 3270 707 3319 torum.
740 3266 910 3323 Rebla
935 3269 1083 3324 enim
1122 3270 1408 3328 multitudo
1434 3273 1843 3345 interpretatur.
1903 3275 2106 3348 Sicque

508 3355 809 3424 spiritualis
841 3357 1067 3431 Egypti
1108 3362 1319 3419 vinctos
1368 3365 1577 3420 catenis
1619 3374 1974 3436 peccatorum
2022 3376 2106 3426 te-

510 3446 808 3503 nebrosum
834 3451 1031 3520 mergit
1056 3450 1114 3506 in
1144 3454 1424 3524 abyssum.

584 3555 605 3589 ι
651 3536 760 3594 Pro
786 3538 1023 3597 Joachaz
1052 3557 1267 3614 quoque
1288 3545 1474 3601 Necho
1494 3547 1741 3604 Joacnim
1756 3565 1939 3621 regem
1974 3567 2103 3609 con-

507 3628 742 3686 stituens
783 3631 1041 3703 imposuit
1069 3635 1296 3691 multam
1317 3645 1481 3693 terrae
1523 3648 1743 3695 centum
1773 3642 1989 3699 talentis
2013 3660 2103 3698 ar-

506 3721 675 3791 genti,
701 3729 758 3778 et
782 3722 987 3780 talento
1011 3727 1151 3781 auri.
1186 3746 1206 3779 ι
1259 3727 1397 3785 Cum
1425 3729 1693 3802 malignus
1719 3733 1942 3803 spiritus
1969 3750 2102 3806 pen-

505 3829 627 3870 sum
670 3817 879 3872 servitii
924 3818 1009 3874 sui
1037 3820 1091 3874 in
1126 3821 1321 3893 populo
1369 3823 1707 3893 perditorum
1749 3828 1979 3897 expetit,
2041 3836 2101 3882 ut

504 3914 617 3962 tam
640 3923 805 3966 sensu
837 3926 1002 3982 quam
1028 3913 1242 3985 eloquio
1276 3916 1392 3986 ejus
1433 3932 1531 3989 per
1553 3921 1735 3976 omnia
1784 3923 1962 3992 parati
1989 3923 2100 3979 sint

504 3998 784 4070 obsequio.
818 4002 972 4059 Unde
995 4002 1241 4061 Joachim
1263 4006 1419 4076 juxta
1446 4022 1776 4083 praeceptum
1802 4014 2100 4071 Pharaonis

506 4103 947 4163 unumquemque
974 4097 1268 4152 secundum
1291 4099 1434 4156 vires
1458 4118 1585 4158 suas
1619 4106 1819 4176 exegit,
1862 4113 1923 4159 ut
1947 4107 2101 4162 daret

508 4186 621 4233 tam
650 4191 935 4252 argentum
977 4201 1140 4256 quam
1166 4204 1378 4257 aurum,
1427 4202 1695 4263 quatenus
1722 4196 1825 4251 hoc
1851 4196 2101 4252 redderet

504 4266 800 4339 Pharaoni,
830 4275 957 4344 quia
983 4277 1223 4336 diabolus
1242 4297 1339 4352 per
1350 4282 1453 4338 sibi
1476 4285 1687 4342 deditos
1707 4285 1853 4342 viros
1875 4288 1943 4342 ab
1963 4305 2099 4345 uno-

504 4376 721 4432 quoque
740 4366 910 4435 exigit
960 4372 1258 4427 secundum
1282 4375 1427 4430 vires
1462 4392 1590 4433 suas
1633 4379 1845 4447 peccati
1873 4393 2096 4435 censum

2202 2282 2434 2338 evadere
2458 2288 2640 2350 queat.

2278 2398 2298 2432 ς
2345 2378 2475 2434 Post
2522 2375 2767 2434 Joachim
2813 2384 2994 2433 autem
3037 2379 3289 2449 regnavit
3339 2377 3605 2441 Joachim,
3646 2362 3756 2430 ﬁlius

2211 2490 2231 2524 ‹
2276 2469 2417 2541 ejus,
2450 2486 2550 2542 pro
2576 2486 2671 2537 eo;
2698 2478 2754 2526 et
2774 2469 2903 2526 fecit
2927 2470 3126 2525 malum
3152 2486 3348 2527 coram
3379 2471 3603 2526 Domino
3636 2468 3756 2538 juxta

2210 2582 2230 2616 ι
2275 2564 2456 2618 omnia
2486 2577 2607 2634 qua:
2632 2562 2837 2617 fecerat
2853 2570 3012 2632 pater
3039 2561 3176 2632 ejus.
3204 2563 3269 2617 In
3302 2570 3550 2633 tempore
3575 2558 3656 2614 illo
3686 2573 3754 2611 as.

2210 2671 2231 2706 ι
2275 2657 2574 2711 cenderunt
2598 2655 2740 2710 servi
2758 2653 3280 2721 Nabuchodonosor,
3311 2654 3462 2725 regis
3488 2648 3752 2722 Babylonis,

2211 2765 2230 2800 ι
2276 2748 2333 2803 in
2358 2746 2677 2814 Jerusalem,
2700 2755 2754 2802 et
2768 2747 3099 2802 circumdata
3119 2755 3202 2802 est
3220 2747 3362 2802 urbs
3385 2742 3750 2803 munitionibus,

2212 2858 2232 2892 ε
2274 2838 2529 2909 venitque
2557 2837 3068 2905 Nabuchodonosor,
3110 2854 3206 2894 rex
3231 2838 3546 2910 Babylonis,
3572 2836 3630 2890 ad
3654 2831 3753 2887 civi-

2211 2949 2231 2983 ι
2272 2938 2441 2985 tatem
2467 2946 2590 2985 cum
2608 2930 2780 2985 servis
2802 2931 2936 2996 suis,
2964 2938 3025 2986 ut
3048 2940 3578 3003 oppugnarenteam.
3602 2927 3751 2997 Egres-

2212 3041 2232 3076 ι
2277 3037 2477 3094 susque
2511 3029 2597 3077 est
2624 3020 2895 3088 Joachim,
2945 3038 3043 3077 rex
3064 3021 3223 3089 Juda,
3253 3024 3324 3079 ad
3355 3039 3533 3093 regem
3561 3017 3749 3088 Babylo-

2212 3130 2232 3165 ‹
2277 3113 2381 3176 nis,
2414 3112 2530 3183 ipse
2550 3119 2605 3166 et
2630 3120 2808 3167 mater
2828 3109 2968 3180 ejus,
2997 3119 3053 3166 et
3079 3113 3219 3166 servi
3250 3111 3392 3182 ejus,
3442 3120 3497 3168 et
3522 3109 3748 3181 principes

2213 3224 2233 3259 ‹
2274 3204 2411 3274 ejus,
2471 3213 2527 3260 et
2548 3204 2781 3260 eunuchi
2811 3201 2960 3272 ejus;
2989 3213 3045 3260 et
3064 3206 3301 3275 suscepit
3328 3220 3454 3260 eum
3487 3216 3577 3257 rex
3609 3198 3746 3265 Baby-

2214 3314 2235 3348 ι
2279 3295 2420 3351 Iouis
2447 3309 2589 3351 anno
2618 3301 2813 3350 octavo
2839 3294 2992 3365 regni
3012 3295 3131 3360 sui;
3163 3302 3221 3349 et
3243 3293 3472 3366 protulit
3504 3290 3617 3346 inde
3657 3300 3745 3340 om-

2209 3406 2229 3439 ‹
2276 3402 2374 3443 nes
2399 3388 2684 3443 thesauros
2709 3386 2902 3441 domus
2932 3384 3169 3450 Domini,
3214 3394 3270 3441 et
3293 3386 3575 3440 thesauros
3595 3378 3746 3433 domus

2208 3498 2229 3531 ε
2274 3480 2457 3549 regiae,
2474 3486 2529 3535 et
2555 3478 2793 3535 concidit
2812 3479 3061 3533 universa
3084 3491 3216 3533 vasa
3239 3492 3429 3541 aurea,
3452 3488 3565 3546 qua:
3584 3470 3745 3524 fecerat

2206 3589 2225 3621 ι
2273 3567 2532 3624 Salomon
2574 3582 2673 3623 rex
2709 3566 2873 3622 Israel
2899 3567 2956 3622 in
2986 3565 3185 3636 templo
3209 3565 3447 3631 Domini,
3486 3562 3627 3632 juxta
3653 3568 3743 3609 ver—

2208 3678 2228 3711 ί
2273 3659 2403 3715 bum
2439 3659 2677 3725 Domini,
2734 3666 2789 3713 et
2817 3657 3095 3712 transtulit
3127 3672 3349 3713 omnem
3371 3651 3668 3712 Jerusalem.
3703 3652 3742 3696 ει

2206 3774 2225 3806 ι
2269 3754 2552 3809 universos
2579 3752 2853 3823 principes
2894 3760 2950 3807 et
2972 3767 3160 3807 omnes
3182 3751 3356 3809 fortes
3384 3748 3635 3807 exercitus
3674 3740 3740 3795 de-

2206 3867 2223 3900 ι
2268 3862 2386 3902 cem
2416 3845 2605 3910 millia,
2658 3844 2714 3899 in
2738 3844 3128 3914 captivitatem,
3182 3853 3242 3900 et
3269 3856 3488 3899 omnem
3525 3835 3738 3907 artiﬁcem

2205 3957 2225 3990 ι
2270 3946 2326 3993 ει
2350 3936 2709 4001 inclusorem;
2732 3934 2973 4005 nihilque
2998 3934 3250 3988 relictum
3265 3940 3366 3996 est,
3394 3926 3618 3998 exceptis
3639 3932 3738 3991 pau-

2204 4046 2223 4080 ‹
2268 4028 2491 4099 peribus
2517 4026 2699 4096 populi
2729 4032 2908 4079 terrae.
2958 4023 3260 4079 Transtulit
3302 4035 3515 4092 quoque
3539 4010 3736 4108 Joachim

2204 4138 2223 4172 ι
2266 4118 2323 4173 in
2350 4117 2679 4188 Babylonem
2732 4125 2787 4171 et
2814 4122 3042 4171 matrem
3076 4114 3241 4186 regis,
3296 4120 3353 4167 et
3387 4121 3574 4166 uxores
3608 4111 3732 4198 regis.

2203 4230 2221 4263 ‹
2264 4218 2321 4265 et
2361 4208 2639 4263 eunuchos
2661 4206 2803 4277 ejus,
2842 4215 2898 4261 et
2918 4207 3129 4277 judices
3153 4215 3318 4262 terrae
3342 4202 3493 4258 duxit
3531 4198 3579 4253 in
3605 4196 3734 4259 capu-

2203 4320 2222 4354 ι
2262 4301 2484 4355 vitatem
2530 4299 2599 4355 de
2632 4298 2929 4354 Jerusalem
2984 4298 3040 4352 in
3090 4297 3439 4368 Babylonem.
3487 4290 3548 4345 Et
3586 4291 3731 4340 omnes

2202 4413 2221 4446 ι
2263 4394 2408 4447 viros
2429 4391 2699 4454 robustos,
2730 4398 2938 4459 septem
2968 4388 3159 4452 millia,
3188 4395 3245 4441 et
3267 4384 3502 4441 artiﬁces
3520 4386 3578 4441 ,ει
3601 4370 3729 4459 inclu-

505 4454 738 4523 solvere,
792 4458 978 4530 sicque
1011 4462 1067 4517 iii
1093 4466 1343 4534 nequiter
1379 4469 1621 4538 praelatis
1666 4471 1911 4540 quotidie
1959 4488 2097 4529 orae-
2203 4500 2223 4534 ι
2265 4496 2417 4538 sores
2444 4480 2589 4535 mille
2612 4454 2807 4534 omnes
2827 4478 2973 4531 viros
2998 4477 3166 4531 fortes
3194 4484 3251 4531 et
3270 4475 3569 4530 bellatores,
3596 4458 3728 4517 duxit-

503 4558 662 4619 parat
684 4552 1041 4640 perditionem
1064 4557 1341 4626 subjectis.

2208 4591 2224 4626 ι
2267 4588 2373 4644 que
2397 4586 2492 4627 eos
2536 4586 2632 4625 rex
2653 4569 2946 4640 Babylonis
2978 4568 3221 4637 captivos
3269 4568 3324 4622 in
3356 4562 3669 4656 Babylonem.
3690 4563 3721 4656 Δ)

1050 4689 1279 4747 CAPUT
1316 4691 1505 4750 XXIV.
2115 4646 2295 4723 —etc.
2346 4662 2474 4736 (Ea:
2515 4660 2705 4732 Beda.)
2762 4660 2912 4727 Quod
2956 4658 3194 4750 refertur
3240 4658 3309 4750 de
3359 4646 3725 4750 Nabuchodqu

1058 4739 1165 4814 ’ζῆ
1195 4739 1226 4747 ν
1246 4739 1270 4745 ’
1318 4739 1436 4748 “"-
1461 4739 1505 4750 Π
1795 4812 1806 4824 ,
2188 4774 2299 4823 sor,
2325 4754 2452 4826 quia
2480 4753 2815 4808 transtulerit
2844 4766 3058 4807 omnem
3071 4749 3393 4812 Jerusalem,
3417 4753 3470 4798 et
3496 4739 3721 4795 universos

505 4791 660 4860 Quod
704 4814 876 4881 regem
917 4799 1160 4856 Joachtm
1208 4819 1326 4881 cum
1358 4814 1524 4860 matre
1565 4815 1615 4861 et
1651 4810 1920 4877 uxoribus,
1965 4829 2085 4868 cum
2183 4849 2453 4881 ,ηεηηςηω
2514 4857 2762 4881 Mnmnm
2796 4843 2961 4881 rm,“
2990 4844 3263 4881 nmmhm
3317 4842 3495 4881 δηρηη
3523 4827 3661 4881 mium
3680 4821 3719 4873 in

572 4842 943 4950 ἤμην’σῆῗὲιέ
957 4842 1160 4924 ἓὲῖὲἓὶῖ
1191 4842 1631 4950 ιῖιῖῖὶι,ζ”’ἓὶζιῗαῗεὲ
1654 4842 1921 4937 Ἦᾶἴιῗῆἕ
1964 4842 2085 4950 ἳῖεῗῖ
2183 4849 2477 4950 ww“)
2514 4842 3632 4950 ει⁰¹¹¹.“ῗ⁹ῖ.ἷοτ¹θ⁵.,θ¹ξ³¹ῗθ¹ί“⁸ε,ῗ¹έῗῗ¹ῗῖ¹¹ἰέξ¹¹

576 4920 1101 5017 Εαρυξᾲδάῶδέδῖτ
1118 4920 1392 5017 irriti-siit}:
1418 4920 1946 5017 'ls’awéﬂonEX'”:
1964 4920 2084 5009 "3,;
2186 4920 2583 5012 captivitatem,
2611 4937 2921 5007 addiditque
2950 4935 3231 5006 Scriptura
3251 4934 3472 4989 dicens:
3498 4944 3515 4975 ι
3549 4920 3604 4975 Et
3634 4925 3718 5012 Olll'

574 5002 828 5095 ἕξέέάξξξι
860 5012 1131 5095 “germani
1157 5012 1218 5095 0P
1253 5013 1503 5095 “derum
1533 5002 1945 5095 magnitudinem
1972 5002 2083 5079 ιῆιί
2185 5002 2307 5088 nem
2330 5002 2592 5086 artiﬁcem
2616 5038 2671 5084 et
2693 5002 3039 5095 inclusorem,
3064 5002 3091 5081 ξ
3117 5030 3219 5084 hoc
3244 5035 3329 5083 est
3355 5019 3491 5093 quod
3513 5023 3648 5083 80?”
3659 5002 3715 5056 δί’

574 5074 717 5130 dum
742 5087 818 5131 εει
839 5074 959 5195 εαξη
982 5074 1108 5149 nus.
1146 5091 1195 5136 ιε
1219 5085 1360 5137 οηιηί
1392 5074 1646 5157 populo:
2185 5074 3712 5195 3;;,;.;;;.;1;;.:.;.;(agisagis,una;idem

576 5187 726 5288 (Far.
758 5187 932 5263 xxiv.)
984 5209 1019 5288 «-
1134 5195 1323 5288 diebus
1370 5198 1488 5269 ejus
1529 5205 1771 5262 ascendit
1798 5205 2086 5264 Nabucho—
2185 5187 2433 5279 tumcum
2462 5212 2659 5267 dicitur
2682 5230 2693 5264 :
2714 5229 2733 5261 ι
2765 5210 2934 5265 Porro
2955 5209 3108 5265 faber
3127 5187 3386 5265 ferrarius
3399 5216 3498 5258 non
3521 5187 3713 5288 inv-eff"

508 5299 529 5332 ι
575 5280 829 5347 donosor,
865 5296 960 5342 rex
984 5282 1289 5356 Babylonis,
1331 5298 1387 5345 et
1421 5290 1595 5351 factus
1622 5307 1706 5352 est
1741 5299 1791 5354 ei
1841 5298 2085 5355 Joachim
2186 5304 2345 5358 batur
2364 5303 2417 5357 in
2439 5302 2585 5358 omni
2600 5309 2743 5357 terra
2763 5300 2949 5357 Israel.
2976 5298 3397 5356 Caverantenim
3419 5280 3708 5348 Philislbiimv

510 5388 532 5423 ι
576 5386 767 5427 servus
823 5372 993 5431 tribus
1017 5378 1207 5445 annis;
1242 5387 1297 5435 et
1319 5396 1537 5442 rursum
1576 5388 1856 5446 rebellavit
1896 5400 2088 5448 contra
2190 5412 2261 5454 ne
2289 5399 2431 5454 forte
2485 5397 2730 5453 facerent
2774 5395 2987 5453 Hebraei
3034 5396 3268 5467 gladium
3308 5398 3398 5447 aut
3424 5359 3710 5467 lanceam“

512 5481 549 5563 ι⁸
580 5480 725 5563 eum,
766 5485 785 5518 ι
836 5475 941 5524 etc.
970 5468 1103 5563 Cum
1132 5474 1297 5530 semel
1322 5477 1444 5547 quis
1477 5480 1699 5537 cuilibet
1734 5498 1793 5539 se
1814 5486 2089 5557 mancipa-
2192 5490 2318 5563 Reg.
2354 5490 2496 5563 xm).
2546 5508 2565 5541 ι
2625 5487 2779 5543 Sicut
2807 5489 2950 5543 enim
2974 5462 3103 5544 tunc
3136 5489 3387 5542 caverant
3410 5491 3473 5533 ne
3498 5462 3707 5563 habﬁn‘fs

502 5556 577 5612 rit
606 5556 754 5621 vitio,
793 5574 901 5615 non
922 5562 1039 5629 uni,
1077 5565 1172 5620 sed
1203 5567 1386 5624 multis
1414 5570 1647 5628 dominis
1673 5575 1937 5633 obnoxius
1960 5551 2085 5634 erit.
2192 5551 2374 5639 fabros
2398 5551 2659 5637 ferrarios
2683 5580 2897 5636 Hebraei
2927 5596 3079 5635 arma
3101 5581 3170 5635 ad
3191 5566 3570 5648 repugnandum
3597 5551 3706 5607 Ῑθθθ

508 5648 664 5706 Unde
685 5649 948 5719 Joachim,
971 5669 1132 5726 quem
1153 5658 1365 5717 Pharao
1384 5671 1509 5718 ante
1524 5678 1742 5721 censum
1766 5667 1866 5724 sibi
1881 5670 2091 5727 solvere
2191 5680 2333 5739 rent,
2366 5674 2441 5727 ita
2462 5686 2606 5728 nunc
2631 5670 2888 5738 Chaldaei,
2922 5670 3198 5727 destructa
3236 5647 3536 5724 Jerusalem,
3572 5647 3702 5739 ει

507 5740 709 5832 coegit,
735 5758 879 5801 nunc
906 5744 1405 5808 Nabuchodonosor
1429 5768 1523 5808 rex
1557 5753 1841 5827 Babylonis
1864 5760 1965 5816 sibi
1992 5726 2090 5817 tri;
2193 5726 2335 5817 stata
2375 5763 2523 5817 omni
2551 5771 2695 5818 terra
2723 5726 3178 5832 repromissionis,
3228 5757 3470 5826 satagunt
3492 5750 3543 5797 ιιι
3565 5726 3701 5832 [ξυξωδ

509 5830 613 5890 bus
637 5834 794 5892 anuis
838 5837 1042 5893 servire
1070 5840 1363 5911 compellit.
1406 5842 1511 5900 Sed
1541 5822 1700 5917 quem
1730 5849 2087 5910 Nabuchodo-
2191 5855 2249 5913 in
2271 5870 2336 5912 ea
2366 5864 2645 5913 remaneat
2666 5822 2884 5925 artifex,
2936 5856 3113 5913 nullus
3135 5822 3386 5915 inclusor,
3420 5839 3504 5914 (ιιιί
3523 5828 3596 5889 πεί
3626 5822 3697 5877 [ω’

3848 4406 3857 4743 μ

3847 4746 3851 4971 ί
