3958 6470
301 469 410 526 273

1085 467 1438 526 COMMENT.
1477 467 1546 523 IN
1579 464 1824 524 LIBROS
1860 464 1929 522 IV
1966 461 2227 521 REGUM.
2267 493 2339 506 —
2373 463 2443 519 IN
2477 463 2605 520 LIB.
2642 462 2724 520 IV.

3442 461 3551 516 274

299 584 428 638 data
461 579 613 636 urbis
648 579 847 636 moenia
872 594 1215 651 componere,
1267 579 1352 635 vel
1393 580 1565 650 possit
1609 579 1874 635 resarcire
1900 581 1954 641 Α
1976 577 2044 631 ad
2090 586 2435 646 peccatorum
2485 592 2648 647 opera
2696 576 2938 632 converti
2992 574 3396 646 intelligendum
3446 585 3550 643 est,

299 674 501 729 diruta.
563 671 702 739 Quin
753 671 932 742 potius
972 671 1230 741 quidquid
1265 671 1404 740 apud
1435 680 1648 740 gentem
1694 677 1876 724 exter-

299 765 564 819 minatam
617 763 752 818 artis
805 762 1142 828 invenerant,
1196 770 1474 831 totumque
1520 759 1870 830 Babyloniam

297 851 711 918 transtulerant,
747 851 832 907 vel
869 852 937 908 ad
968 851 1197 908 nihilum
1217 852 1393 907 valeat
1415 852 1581 920 ultra,
1620 851 1705 906 vel
1732 850 1876 905 illius

293 944 534 1000 civitatis
580 944 904 999 utilitatibus
937 943 1206 1014 proﬁciat.
1253 941 1418 1012 Cujus
1463 949 1574 996 tam
1621 939 1876 996 dedendae

294 1033 555 1099 historiae,
609 1034 733 1104 quia
761 1034 989 1088 multum
1018 1033 1356 1105 negligentiae
1397 1031 1570 1088 nostri
1615 1031 1876 1100 temporis

292 1126 566 1196 congruit,
626 1142 734 1180 non
759 1126 952 1197 opinor
994 1126 1306 1194 allegoriam
1352 1141 1472 1182 esse
1519 1125 1871 1180 reticendam.

292 1214 519 1271 Constat
544 1233 797 1287 namque,
849 1219 975 1288 quia
1003 1217 1304 1273 Jerusalem
1352 1228 1408 1274 et
1435 1227 1578 1273 terra
1605 1217 1772 1272 Israel
1799 1216 1876 1270 ci-

291 1309 515 1363 vitatem
544 1309 771 1373 Christi,
811 1309 860 1363 id
884 1318 989 1375 est,
1020 1309 1317 1364 Ecclesiam
1346 1316 1609 1371 sanctam,
1636 1307 1876 1378 Babylon

291 1412 474 1455 autem
509 1409 564 1455 et
589 1401 825 1459 Chaldaei
847 1403 961 1456 sive
998 1402 1296 1456 Philisthazi
1329 1402 1602 1457 civitatem
1651 1399 1872 1466 diaboli,

292 1492 346 1545 id
391 1501 496 1558 est,
523 1509 684 1549 omne
706 1494 1060 1564 malignorum
1092 1494 1205 1548 sive
1226 1493 1502 1547 hominum
1543 1507 1635 1546 seu
1660 1491 1876 1562 angelo-

291 1600 412 1637 rum
442 1584 839 1640 multitudinem
879 1585 1181 1655 designant.
1239 1583 1526 1654 Servitque
1555 1582 1718 1638 Israel
1749 1582 1877 1636 Phi—

289 1673 512 1729 listlueis
562 1677 678 1731 sive
715 1675 1002 1741 Chaldzeis,
1042 1692 1164 1731 cum
1193 1675 1380 1730 ﬁdeles
1419 1677 1618 1746 quique
1657 1675 1875 1729 nomine

291 1771 448 1820 tenus
470 1766 520 1819 in
556 1766 795 1822 Ecclesia
824 1768 1208 1832 consistentes,
1241 1767 1308 1821 ab
1340 1765 1632 1820 immundis
1657 1764 1739 1820 vel
1769 1765 1875 1834 spi-

290 1855 484 1910 ritibus
516 1857 593 1912 vel
620 1858 928 1912 hominibus
949 1858 1183 1927 decepti,
1215 1866 1308 1912 aut
1333 1859 1574 1912 avaritiae
1597 1867 1690 1910 aut
1721 1857 1874 1912 luxu-

1977 683 2270 738 omnesque
2304 670 2449 724 viros
2477 668 2646 724 fortes
2665 677 2720 724 et
2747 669 3033 725 bellatores
3061 668 3219 724 simul
3245 668 3301 723 in
3327 669 3553 739 captivi-

1978 766 2144 814 tatem
2170 761 2376 824 ductos,
2404 759 2508 813 hoc
2532 766 2636 825 est,
2666 773 2759 814 eos
2785 759 2878 829 qui
2905 758 3226 814 videbantur
3251 758 3355 813 viri
3382 756 3551 814 fortes

1977 866 2116 918 esse,
2161 860 2216 907 et
2259 851 2576 916 bellatores,
2620 852 2816 906 astutia
2863 851 3221 922 malignorum
3266 851 3552 922 spirituum

1976 944 2251 1013 deceptos,
2295 953 2454 1013 atque
2497 943 2551 998 in
2591 957 2866 998 carcerem
2909 943 3204 1014 spiritualis
3245 942 3554 1015 Babylonia:

1975 1037 2305 1106 eaptivatos;
2348 1050 2566 1091 necesse
2600 1042 2682 1090 est
2710 1043 2770 1089 ut
2794 1048 3012 1105 operam
3040 1035 3248 1099 demus,
3289 1045 3554 1104 quatenus

1974 1127 2255 1182 saevissimi
2287 1126 2428 1197 regis
2462 1133 2781 1194 potestatem
2827 1124 3147 1189 evadamus;
3189 1122 3470 1193 vigilemus
3499 1127 3556 1178 et

1976 1217 2142 1272 sobrii
2168 1218 2353 1282 siums,
2391 1217 2638 1270 timorem
2662 1215 2755 1270 Dei
2786 1223 2910 1270 ante
2939 1213 3124 1268 oculos
3148 1227 3361 1282 semper
3387 1227 3556 1283 pona-

1975 1323 2116 1374 mus,
2146 1315 2201 1362 ct
2234 1306 2610 1362 mandatorum
2639 1307 2755 1376 ejus
2786 1305 3108 1362 oblivionem
3135 1303 3356 1360 omnino
3384 1303 3556 1375 fugia-

1974 1417 2114 1456 mus.
2163 1400 2551 1456 Construamus
2580 1400 2736 1455 nobis
2774 1400 2968 1454 turrim
3010 1399 3276 1453 bonorum
3305 1413 3552 1468 operum,

1974 1503 2028 1549 et
2054 1509 2150 1564 per
2195 1493 2491 1564 profectum
2520 1495 2645 1549 vitte
2680 1494 2733 1548 in
2763 1492 2906 1547 illam
2935 1491 3382 1555 conscendamus,
3416 1507 3435 1540 ί
3474 1489 3557 1543 in-

1975 1586 2086 1640 duti
2114 1584 2277 1640 lorica
2297 1583 2541 1652 justitiam,
2565 1594 2619 1640 et
2639 1585 2790 1655 galea
2819 1583 3030 1647 salutis,
3057 1583 3318 1638 habentes
3343 1589 3557 1635 scutum

1975 1676 2130 1740 ﬁdei,
2181 1685 2235 1732 et
2287 1678 2522 1747 gladium
2569 1677 2818 1747 Spiritus,
2877 1675 3016 1745 quod
3064 1684 3149 1730 est
3190 1674 3412 1729 verbum
3459 1672 3557 1728 Dei

1976 1767 2190 1840 (Ep/aes.
2224 1768 2320 1840 v1).
2359 1789 2377 1822 ›
2409 1769 2784 1824 Custodiamus
2832 1777 3016 1839 portas
3059 1783 3314 1822 sensuum
3344 1774 3559 1821 nostro-

1973 1876 2113 1926 rum,
2147 1877 2215 1915 ue
2257 1877 2404 1916 mors
2431 1862 2597 1916 intret
2630 1876 2727 1930 per
2769 1859 3006 1915 fenetras
3036 1867 3252 1913 nostras
3291 1856 3425 1929 (Jer.
3455 1856 3555 1926 ix).

287 1945 400 2000 riae.
465 1956 558 2001 aut
586 1947 745 2002 alteri
802 1948 1022 2003 cuilibet
1061 1957 1282 2020 peccato
1329 1950 1521 2004 mentis
1559 1949 1695 2003 colla
1747 1951 1872 2004 sub-
1898 1935 1946 1994 Β
1974 1952 2133 2009 Omni
2161 1955 2400 2008 custodia
2443 1968 2720 2007 servemus
2747 1968 2841 2007 cor
2873 1959 3136 2015 nostrum,
3174 1951 3300 2019 quia
3341 1964 3404 2003 ex
3442 1949 3559 2018 ipso

286 2038 530 2093 mittunt.
563 2040 798 2095 Abducit
827 2050 1006 2096 autem
1038 2041 1532 2097 Nabuchodonosor
1573 2041 1873 2097 Jerusalem

283 2136 341 2183 et
365 2129 648 2184 universos
674 2131 944 2200 principes
969 2132 1134 2186 fortes
1155 2133 1448 2196 exercitus,
1471 2133 1657 2186 decem
1684 2133 1872 2201 millia,

286 2219 342 2273 in
379 2221 771 2288 captivitatem,
804 2237 925 2276 cum
957 2230 1012 2276 et
1042 2223 1332 2293 magistros
1353 2221 1668 2292 populorum
1708 2232 1762 2277 et
1783 2237 1876 2277 eos

284 2311 378 2380 qui
406 2311 701 2366 invincibili
729 2313 908 2366 animo
937 2312 1163 2368 Domino
1193 2314 1418 2377 servire,
1472 2328 1535 2366 ac
1561 2312 1875 2383 decalogum

284 2403 422 2476 legis
463 2403 693 2459 ﬁdeliter
742 2405 1066 2459 videbantur
1090 2406 1143 2459 in
1172 2405 1267 2459 Dei
1318 2419 1381 2459 ac
1416 2403 1646 2473 proximi
1691 2417 1876 2457 amore

284 2510 636 2562 conservare,
693 2496 871 2552 subito
897 2498 1011 2552 sive
1040 2496 1308 2552 illecebris
1339 2495 1524 2549 mundi
1562 2510 1655 2549 seu
1680 2494 1875 2548 adver-
1916 2508 1920 2512 '

285 2587 541 2643 sitatibus
568 2587 815 2654 subacti,.
840 2598 932 2644 aut
961 2589 1254 2660 majoribus
1293 2603 1352 2643 se
1384 2586 1717 2642 facinoribus
1766 2585 1879 2656 pol-

285 2675 463 2741 luunt,
503 2686 596 2731 aut
628 2686 776 2733 certe
803 2678 856 2732 in
897 2679 1144 2734 haeresim
1168 2677 1489 2733 declinando
1529 2685 1715 2748 aperte
1747 2691 1877 2746 apo-

286 2767 469 2822 stasia:
504 2775 686 2822 notam
725 2769 989 2824 incidunt.
1045 2770 1211 2823 Arma
1237 2785 1369 2824 vero
1405 2769 1620 2838 quibus,
1684 2777 1876 2824 contra

285 2857 561 2913 diabolum
585 2867 969 2929 repugnantes,
1021 2859 1329 2915 libertatem
1358 2875 1389 2914 a
1415 2860 1526 2914 Deo
1569 2859 1725 2913 nobis
1783 2859 1878 2914 d0-

286 2955 469 3004 natam
495 2951 868 3018 defendamus,
907 2966 1026 3021 qua:
1049 2960 1176 3007 sunt
1195 2951 1322 3017 alia,
1348 2951 1450 3006 nisi
1477 2950 1690 3021 eloquia
1729 2951 1877 3004 Scri-

285 3042 614 3111 pturarum?
647 3042 705 3096 In
731 3043 926 3111 quibus
954 3050 1010 3098 et
1034 3042 1201 3112 ipsius
1228 3042 1442 3096 Domini
1484 3051 1539 3096 et
1563 3049 1877 3096 sanctorum

285 3131 407 3201 ejus
443 3133 735 3203 exemplis,
789 3148 898 3204 quo
930 3133 1118 3188 ordine
1161 3133 1301 3188 bella
1337 3133 1589 3187 vitiorum
1631 3132 1878 3202 superari

289 3219 543 3285 debeant,
566 3221 687 3277 luce
715 3221 912 3278 clarius
943 3222 1222 3278 discimus.
1271 3223 1377 3278 Sed
1409 3221 1706 3277 Philistbaai
1737 3221 1876 3276 ﬁlios

285 3310 456 3367 Israel
486 3313 657 3368 fabris
683 3330 956 3369 armorum
978 3315 1212 3385 privant,
1253 3331 1378 3370 cum
1404 3315 1625 3386 maligni
1654 3315 1879 3385 spiritus

289 3403 504 3458 animos
533 3403 766 3459 ﬁdelium
789 3421 819 3459 a
849 3406 1198 3462 meditatione
1223 3422 1392 3461 sacrae
1415 3406 1678 3471 lectionis,
1711 3421 1882 3461 sascu—

290 3494 431 3550 Iaria
451 3496 558 3552 illis
581 3500 792 3569 negotia
808 3500 1118 3565 inserendo,
1141 3499 1438 3563 retardant,
1463 3515 1529 3554 ne
1549 3498 1633 3552 vel
1663 3499 1760 3568 ipsi
1785 3513 1885 3567 per

288 3587 454 3656 hujus
474 3590 792 3644 exercitium
824 3591 1109 3647 resistendi
1125 3591 1375 3646 ﬁduciam
1391 3599 1626 3654 sumant,
1641 3589 1726 3645 vel
1749 3589 1882 3644 alios

290 3679 455 3747 forte,
497 3683 587 3752 qui
617 3682 798 3752 legere
825 3685 1089 3748 nesciunt,
1135 3686 1200 3739 ad
1229 3684 1588 3739 resistendum
1615 3683 1762 3737 vitiis
1782 3698 1878 3737 ex-

291 3771 561 3828 hortando
590 3782 683 3828 aut
711 3775 1053 3846 corripiendo
1098 3777 1416 3831 accendant.
1451 3774 1666 3842 Tollunt
1698 3774 1882 3830 fabros

292 3878 590 3930 armorum,
623 3881 745 3920 cum
773 3882 868 3922 eos
899 3869 991 3937 qui
1018 3884 1171 3924 sacra
1192 3869 1407 3938 eloquia
1449 3876 1648 3922 norunt
1686 3867 1739 3921 in
1768 3875 1886 3922 tan-

295 3963 411 4009 tum
434 3956 728 4013 sceleribus
765 3961 1024 4027 obruunt,
1068 3970 1129 4015 ut
1158 3962 1338 4016 dicere
1366 3962 1506 4016 bona
1529 3976 1649 4031 quae
1679 3961 1885 4016 didice-

295 4055 437 4109 rant,
486 4062 712 4116 prorsus
756 4051 1100 4106 erubescant.
1157 4051 1512 4106 Transferunt
1538 4067 1751 4108 omnem
1797 4068 1883 4106 ar-

294 4136 496 4192 tiﬁcem
525 4148 582 4193 et
619 4139 941 4196 inclusorem
973 4143 1026 4196 in
1073 4143 1422 4214 Babyloniam
1451 4144 1515 4198 de
1557 4143 1882 4211 Jerusalem,

293 4242 418 4282 cum
448 4244 541 4283 eos
571 4230 661 4298 qui
695 4231 984 4286 multifaria
1009 4235 1270 4289 virtutum
1294 4236 1607 4304 operatione
1641 4237 1886 4307 pluribus

292 4322 553 4390 prodesse
585 4330 641 4376 et
681 4323 958 4380 civitatem
991 4326 1084 4381 Dei
1115 4336 1306 4382 contra
1351 4329 1677 4398 irruptiones
1705 4337 1883 4384 tenta-

295 4413 504 4469 tionum
533 4415 744 4469 munire
788 4417 1062 4483 solebant,
1099 4434 1129 4472 a
1179 4421 1452 4490 proposito
1481 4420 1772 4476 deflectunt
1799 4431 1886 4477 at-

294 4520 402 4574 que
448 4507 722 4577 ingenium
751 4508 894 4577 quod
920 4509 1133 4564 tuitioni
1163 4510 1420 4566 Ecclesiae
1449 4522 1647 4567 sanctae
1675 4514 1885 4583 impen-

295 4599 425 4652 dere
454 4599 750 4654 debuerant
783 4602 848 4655 ad
874 4602 1208 4658 voluntatem
1247 4605 1426 4672 potius
1463 4606 1604 4676 regis
1629 4606 1886 4660 vitiorum

295 4688 614 4758 dispensare
641 4692 986 4761 compellunt.
1018 4693 1168 4760 Quod
1199 4696 1244 4750 si
1286 4696 1599 4751 inclusorem
1633 4699 1734 4753 hoc
1766 4699 1885 4754 loco

295 4794 409 4834 non
438 4781 702 4836 ostiorum
732 4783 845 4838 sive
884 4800 1160 4842 murorum
1183 4827 1198 4852 ,
1229 4788 1325 4842 sed
1363 4790 1482 4844 auri
1516 4790 1696 4860 potius
1737 4805 1887 4860 gem-

297 4889 621 4944 marumque
646 4875 946 4946 intelligere
968 4878 1320 4947 voluerimus,
1354 4881 1423 4936 ad
1455 4897 1620 4936 unum
1645 4881 1888 4953 profecto

300 4967 661 5038 eumdemque
703 4970 1000 5040 spiritualis
1045 4974 1396 5043 expositionis
1435 4973 1595 5029 ﬁnem
1645 4976 1884 5045 respicit.

300 5059 624 5128 Dictumque
656 5060 853 5130 quippe
878 5070 961 5117 est
993 5063 1059 5118 de
1089 5065 1375 5134 sapientia,
1425 5067 1550 5135 quia
1579 5074 1663 5121 est
1697 5081 1890 5120 aurum

301 5157 358 5203 et
386 5149 675 5204 multitudo
709 5166 1044 5221 gemmarum
1068 5195 1082 5219 ,
1129 5161 1289 5223 atque
1320 5155 1442 5210 ideo
1475 5156 1772 5211 inelusores
1795 5158 1892 5212 ho-

303 5255 448 5304 rum,
471 5255 579 5295 non
604 5241 740 5296 alios
765 5244 943 5312 aptius
967 5259 1128 5312 quam
1155 5245 1403 5302 doctores
1427 5247 1728 5320 intelligere
1751 5250 1896 5304 vale-

303 5347 447 5396 mus,
479 5333 570 5401 qui
604 5333 841 5403 quandiu
888 5343 1034 5390 recte
1069 5337 1257 5392 vivunt
1297 5353 1362 5393 ac
1401 5339 1617 5405 docent,
1650 5341 1702 5393 in
1733 5355 1896 5395 orna-

306 5432 422 5476 tum
466 5433 668 5478 sancta:
710 5425 946 5482 civitatis
989 5427 1309 5483 industriam
1350 5447 1462 5486 sua:
1508 5433 1642 5488 artis
1690 5433 1897 5503 impen-

305 5514 460 5567 dunt.
479 5516 547 5569 At
570 5515 616 5570 si
637 5515 774 5571 forte
800 5518 1124 5584 erraverint,
1139 5520 1264 5588 quid
1286 5521 1388 5575 nisi
1415 5538 1445 5575 a
1473 5539 1596 5594 rege
1615 5523 1895 5578 Chaldteo-

309 5621 430 5658 rum
459 5606 657 5675 captivi
693 5606 1043 5678 Babyloniam
1085 5610 1518 5666 transferuntur?
1551 5615 1615 5668 Et
1638 5615 1893 5684 quoniam

311 5697 574 5752 artiﬁcem
606 5708 660 5753 et
704 5699 1028 5756 inclusorem
1066 5701 1134 5756 ab
1159 5701 1507 5775 Jerosolymis
1549 5706 1892 5776 Babyloniam

314 5789 709 5858 transmigrari,
755 5789 858 5845 hoc
881 5799 984 5856 est,
1030 5792 1292 5847 talentum
1315 5795 1465 5850 verbi
1495 5796 1710 5852 etelitus
1739 5813 1896 5854 acce-

315 5887 468 5952 ptum
496 5881 550 5935 in
581 5889 725 5937 terra
753 5881 998 5948 defodiri,
1030 5883 1084 5940 id
1113 5892 1217 5950 est,
1247 5886 1527 5942 scientiam
1559 5887 1892 5957 spiritualem

1974 2046 2084 2100 vita
2110 2047 2373 2116 procedit.
2403 2045 2470 2099 Et
2498 2055 2623 2098 ante
2653 2045 2834 2099 omnia
2863 2059 3012 2114 spem
3048 2052 3289 2097 nostram
3313 2041 3365 2094 in
3393 2040 3560 2110 Regis

1976 2137 2210 2194 caalestis
2243 2138 2480 2192 bonitate
2507 2152 2790 2208 ponamus,
2828 2144 3070 2205 petentes
3092 2145 3149 2187 ut
3182 2134 3297 2203 ejus
3325 2125 3496 2202 gratia
3528 2145 3559 2185 a

1975 2231 2133 2285 malis
2155 2231 2404 2284 omnibus
2428 2230 2737 2284 liberemur.
2768 2226 2966 2297 Sicque
2991 2226 3194 2281 erimus
3220 2238 3434 2292 semper
3458 2222 3562 2276 im-

1975 2338 2167 2378 munes
2195 2323 2262 2377 ab
2292 2322 2536 2377 hostibus
2562 2320 2949 2391 spiritualibus,
2971 2318 3096 2388 quia
3124 2336 3142 2368 ‹
3175 2316 3431 2370 Dominus
3454 2313 3562 2369 for-

1975 2413 2150 2467 ti'tudo
2173 2412 2343 2482 plebis
2367 2426 2498 2477 suae,
2527 2418 2579 2466 et
2609 2417 2880 2480 protector
2907 2407 3221 2462 salutarium
3245 2405 3446 2460 Christi
3475 2404 3560 2459 sui

1976 2512 2080 2569 est,
2125 2504 2215 2574 qui
2247 2502 2416 2559 salvat
2442 2517 2632 2558 omnes
2671 2507 2949 2572 sperantes
2992 2499 3048 2554 in
3077 2513 3136 2554 se
3168 2494 3339 2569 (Psal.
3377 2511 3559 2562 xxv";

1977 2595 2125 2650 Psal.
2153 2595 2311 2667 xvu).
2344 2613 2365 2648 ι

2053 2706 2072 2739 ‹
2106 2688 2296 2759 Igitur,
2319 2687 2564 2742 Joachim
2586 2687 2878 2756 captivato,
2903 2682 3185 2740 constituit
3201 2680 3562 2738 Nabuchodo-

1981 2798 2002 2831 ‹
2036 2795 2202 2835 nosor
2230 2779 2600 2842 Matthaniam,
2622 2786 2876 2847 patruum
2904 2775 3022 2846 ejus
3047 2789 3148 2845 pro
3175 2789 3260 2840 eo,
3285 2772 3568 2843 imposuit-

1985 2890 2003 2922 ι
2041 2887 2143 2941 que
2173 2885 2368 2924 nomen
2408 2870 2457 2924 ei
2502 2867 2800 2923 Sedeciam.
2852 2865 3182 2922 Vicesimum
3229 2872 3285 2919 et
3325 2863 3564 2935 primum

1984 2979 2003 3012 ‹
2041 2976 2243 3015 annum
2298 2961 2473 3016 aetatis
2531 2959 2786 3015 Sedecias
2847 2957 3111 3022 habebat,
3166 2972 3290 3014 cum
3335 2969 3566 3025 regnare

1983 3071 2002 3105 ‹
2039 3053 2325 3123 coepisset;
2356 3061 2410 3106 ct
2431 3051 2679 3106 undecim
2709 3049 2864 3104 annis
2892 3049 3138 3120 regnavit
3159 3048 3214 3101 in
3241 3045 3562 3109 Jerusalem,

1985 3163 2003 3195 ι
2042 3143 2275 3214 fecitque
2322 3143 2522 3200 malum
2563 3159 2748 3198 coram
2775 3143 3003 3197 Domino
3031 3140 3184 3208 juxta
3221 3139 3403 3194 omnia
3447 3151 3568 3206 quae

1931 3283 1947 3304 η
1987 3258 2006 3289 ι
2043 3239 2248 3294 fecerat
2276 3237 2541 3302 Joachim,
2577 3257 2595 3289 ι
2624 3246 2730 3293 etc.
2763 3236 2903 3304 Quid
2933 3237 2988 3290 in
3026 3233 3252 3289 Sedecia
3308 3232 3452 3286 aliud
3479 3233 3566 3286 in-

1985 3329 2225 3400 telligere
2251 3345 2558 3399 possumus,
2605 3328 2708 3383 nisi
2749 3329 2891 3397 quod
2922 3327 2974 3381 in
3004 3324 3248 3381 Joachim
3276 3333 3401 3378 ante
3429 3337 3568 3392 praao

1984 3422 2238 3486 diximus,
2294 3423 2396 3476 hoc
2443 3429 2526 3476 est
2571 3421 2744 3475 malos
2785 3428 3026 3474 rectores
3071 3418 3127 3472 in
3171 3415 3434 3480 Ecclesia,
3475 3413 3569 3484 qui

1981 3531 2209 3572 munere
2243 3524 2298 3570 et
2336 3515 2478 3570 dono
2503 3514 2684 3568 divino
2713 3514 3029 3577 abutuntur,
3074 3519 3131 3564 et
3169 3508 3306 3563 falso
3340 3506 3444 3563 sibi
3478 3520 3572 3560 no-

1982 3623 2107 3663 men
2141 3605 2366 3675 justitia:
2395 3613 2676 3675 usurpant.
2711 3604 2982 3660 Mathauia
3013 3603 3158 3658 enim
3184 3601 3572 3670 interpretatur

1984 3717 2175 3754 munus
2222 3699 2336 3754 sive
2379 3699 2598 3764 donu‘m,
2663 3695 2918 3752 Sedecias
2970 3695 3147 3765 justus
3189 3692 3422 3747 Domini.
3467 3687 3571 3755 Qui

1983 3790 2232 3846 undecim
2265 3789 2422 3845 annis
2450 3803 2706 3860 regnasse
2734 3787 2949 3849 dicitur,
2980 3784 3126 3856 quod
3153 3783 3421 3854 signiﬁcat
3445 3795 3571 3836 eum

1985 3890 2441 3953 transgressorem
2477 3881 2612 3950 legis
2654 3880 2849 3946 fuisse;
2895 3877 3228 3933 undenarius
3277 3875 3421 3931 enim
3471 3889 3568 3928 nu~

1985 3989 2201 4040 merus,
2251 3975 2340 4043 qui
2384 3973 2663 4028 denarium
2710 3969 3150 4042 supergreditur,
3201 3966 3574 4022 excessionem

1985 4065 2235 4135 Deealogi
2265 4065 2552 4136 signiﬁcat.
2590 4063 2701 4119 Nec
2728 4064 2831 4118 rite
2859 4077 2955 4117 rex
2990 4061 3094 4117 dici
3134 4067 3340 4131 potest,
3371 4059 3464 4129 qui
3494 4073 3576 4114 se-

1987 4157 2223 4212 cundum
2251 4157 2508 4212 mandata
2537 4157 2752 4212 Domini
2779 4157 3129 4227 semetipsum
3164 4162 3222 4211 et
3255 4152 3360 4210 sibi
3396 4151 3576 4210 subdi-

1985 4256 2072 4304 tos
2100 4264 2289 4320 regere
2317 4249 2570 4304 noluerit.

2562 4380 2792 4439 CAPUT
2832 4378 2999 4438 XXV.

1988 4495 2068 4550 De
2112 4493 2476 4565 Nabuzardan
2519 4495 2751 4564 principe
2788 4495 3045 4565 exercitus
3088 4496 3224 4564 regis
3265 4494 3576 4565 Babylonis,

2057 4565 2148 4637 qui
2168 4574 2362 4637 terram
2381 4564 2693 4637 Judteorum
2713 4564 3017 4637 devastavit,
3041 4565 3272 4620 civitates
3295 4564 3576 4637 destruxit,

1912 4643 1965 4702 Ι)
2063 4635 2310 4704 ὶεηιριιιηι
2341 4635 2686 4689 concremavit
2711 4645 2760 4690 et
2786 4636 2967 4690 domos
2993 4637 3163 4704 regias
3188 4635 3428 4690 incendio
3455 4651 3579 4689 con-

2063 4694 2303 4778 sumpsit,
2347 4716 2393 4760 et
2440 4723 2641 4760 onmem
2677 4706 2913 4777 pra’dam
2950 4707 3006 4760 in
3042 4694 3365 4778 Babylonem
3401 4722 3577 4760 secum

2065 4777 2348 4831 transtulit.

2066 4885 2217 4957 (Car.
2246 4885 2397 4957 xxv.)
2431 4905 2450 4936 ‹
2482 4884 2709 4942 Factum
2745 4899 2829 4943 est
2857 4895 3036 4943 autem
3075 4901 3218 4942 anno
3249 4901 3392 4940 nono
3427 4887 3580 4958 regni

2001 4994 2021 5027 ι
2055 4975 2189 5044 ejus,
2222 4991 2407 5030 mense
2439 4975 2669 5043 decimo,
2702 4978 2911 5033 decima
2938 4977 3025 5032 die
3047 4977 3274 5042 mensis,
3301 4977 3451 5033 venit
3481 4977 3582 5034 Na,

2003 5085 2022 5118 ι
2057 5067 2488 5131 buchodonosor,
2515 5082 2611 5121 rex
2639 5066 2928 5140 Babylonis
2954 5068 3068 5138 ipse
3091 5076 3148 5122 et
3165 5067 3344 5122 omnis
3370 5069 3584 5125 exerci-

1999 5177 2018 5208 ‹
2055 5165 2140 5211 tus
2165 5156 2280 5227 ejus
2304 5157 2356 5210 in
2384 5156 2715 5223 Jerusalem,
2754 5167 2808 5212 et
2836 5157 3308 5213 circumdederunt
3333 5172 3489 5226 eam,
3525 5167 3584 5216 et

2002 5270 2022 5302 ‹
2058 5258 2447 5306 exstruxerunt
2473 5251 2527 5305 in
2550 5250 2779 5305 circuitu
2806 5249 2921 5318 ejus
2947 5251 3296 5318 munitiones,
3319 5261 3374 5307 et
3395 5251 3581 5310 clausa

2002 5360 2022 5393 ι
2056 5350 2140 5397 est
2167 5343 2360 5396 civitas
2389 5351 2550 5410 atque
2577 5341 2772 5394 vallata
2807 5356 2978 5411 usque
3003 5342 3069 5396 ad
3099 5343 3447 5399 undecimum
3477 5360 3580 5400 an-

2003 5449 2023 5482 c
2060 5448 2186 5486 num
2217 5431 2360 5502 regis
2385 5430 2649 5492 Sedecias,
2693 5445 2836 5485 nona
2893 5431 2978 5487 die
3015 5433 3236 5488 mensis.
3267 5432 3582 5491 Praevaluit-

2006 5543 2024 5576 ‹
2060 5540 2165 5594 que
2187 5522 2356 5578 fames
2378 5524 2430 5577 in
2453 5523 2695 5588 civitate,
2719 5540 2818 5579 nec
2838 5534 2954 5579 erat
2975 5526 3130 5596 panis
3149 5525 3343 5596 populo
3364 5534 3576 5592 terrae,»

1999 5620 2105 5668 etc.
2163 5612 2496 5668 Novenarius
2551 5629 2828 5680 numerus,
2877 5615 2968 5684 qui
3014 5615 3193 5669 minus
3229 5615 3390 5669 habet
3413 5616 3580 5669 dena-

1998 5705 2101 5769 rio,
2155 5702 2615 5772 imperfectionem
2646 5705 2777 5776 legis
2819 5706 3104 5778 signiﬁcat,
3158 5706 3295 5760 sicut
3341 5705 3583 5760 undena-

2001 5794 2116 5850 rius
2148 5795 2649 5865 transgressionem.
2688 5797 2754 5851 Et
2784 5806 2931 5853 recte
2965 5798 3166 5852 dictum
3196 5803 3280 5852 est
3310 5795 3450 5864 quod
3475 5792 3584 5849 Na-

2000 5887 2413 5944 buchodonosor
2446 5888 2501 5943 in
2530 5904 2674 5946 nono
2701 5905 2843 5947 anno
2897 5889 3046 5960 regni
3079 5887 3315 5943 Sedecize
3347 5885 3577 5942 obsede-
