3958 6476
500 407 607 463 275

1139 408 1201 464 Β.
1238 407 1493 464 RABANI
1530 406 1751 465 MAURI
1788 403 2111 462 ARCHIEP.
2152 401 2460 460 MOGUNT.
2500 403 2787 461 OPERUM
2822 403 3002 461 PARS
3038 397 3083 459 l.

3638 408 3725 467 276

497 526 570 582 rit
601 525 871 581 civitatem
914 537 1096 578 mense
1136 524 1363 591 decimo,
1402 535 1457 580 et
1496 524 1705 581 decima
1729 523 1818 580 die
1844 521 2067 589 mensis,
2096 523 2149 584 Α
2171 532 2449 589 possessor
2480 519 2683 576 intima:
2711 520 3041 577 confusionis
3072 537 3086 574 :
3125 503 3219 592 qui
3259 521 3420 593 prius
3459 520 3597 579 ﬁlios
3628 537 3731 585 ante

496 616 622 690 quia
673 615 799 672 mali
849 621 1094 687 pastores
1146 631 1268 671 cum
1321 615 1573 686 Decalogi
1627 616 1898 683 mandata,
1949 631 2068 685 qua:

495 706 721 764 scientia
744 716 948 772 tenent,
966 722 1131 777 opere
1152 714 1209 763 et
1228 707 1472 764 doctrina
1494 705 1751 779 perﬁcere
1772 706 2065 780 negligant,

492 812 715 855 necesse
736 805 819 854 est
843 805 904 853 ut
925 798 1134 869 plebem
1171 799 1272 856 sibi
1304 799 1645 856 commissam
1681 802 1933 870 antiquus
1965 798 2066 855 ho—

492 889 591 945 stis
617 905 739 946 cum
768 904 866 946 suo
887 891 1130 946 exercitu
1155 891 1432 947 obsidione
1453 892 1764 955 etrcumdet,
1793 900 1869 958 et,
1893 891 2069 947 muni-

493 979 638 1036 tione
683 981 887 1038 erroris
931 997 997 1036 ac
1028 982 1283 1037 vitiorum
1333 990 1660 1048 constructa,
1703 982 1915 1038 claudat
1949 982 2065 1038 val-

487 1071 649 1128 laudo
679 1072 978 1139 civitatem,
1007 1072 1193 1141 sicque
1218 1071 1389 1128 fames
1418 1073 1473 1128 in
1501 1074 1717 1129 civitate
1741 1075 2061 1144 praevaleat:

487 1160 660 1219 fames
688 1165 871 1234 utique
894 1164 1044 1220 verbi
1070 1164 1185 1232 Dei,
1231 1181 1355 1221 cum
1387 1181 1496 1221 non
1536 1168 1857 1237 expenditur
1899 1168 2067 1223 libere

485 1255 644 1325 panis
667 1254 922 1311 doctrinte
947 1255 1143 1326 populo
1167 1264 1345 1313 terrae.

564 1364 584 1398 ι
622 1346 689 1403 Ει
718 1347 1016 1420 interrupta
1043 1358 1125 1405 est
1154 1351 1368 1416 civitas,
1392 1366 1687 1422 omnesque
1712 1350 1813 1406 viri
1838 1350 2065 1406 bellato-

491 1457 510 1490 ε
532 1432 638 1496 res
666 1450 824 1497 nocte
853 1441 1122 1514 fugerunt.
1155 1463 1173 1497 ι
1208 1444 1513 1514 lnterrupta
1536 1445 1749 1514 quidem
1772 1459 1869 1514 per
1895 1452 2066 1499 tcnta-

485 1533 663 1593 tiones
691 1535 870 1591 varias
898 1536 1254 1608 malignorum
1284 1538 1568 1608 spirituum
1614 1539 1855 1593 custodia
1899 1554 2067 1608 popu-

484 1623 694 1691 lorum,
725 1626 778 1680 bi
802 1627 895 1697 qui
920 1628 1219 1683 debuerant
1255 1630 1420 1684 armis
1448 1629 1721 1685 civitatem
1750 1630 2062 1698 defendere,
2113 1692 2118 1696 ,

482 1725 640 1773 nocte
681 1718 997 1790 ignorantiae
1027 1729 1081 1775 et
1107 1721 1342 1776 tenebris
1367 1721 1553 1777 vallati
1586 1729 1954 1792 peccatorum,
1988 1721 2065 1776 fu-

481 1809 667 1880 giunt,
700 1811 826 1880 quia
863 1812 1159 1868 secundum
1187 1814 1435 1869 veritatis
1468 1830 1657 1869 vocem
1687 1833 1699 1867 :
1736 1834 1753 1867 ι
1789 1814 2064 1870 Mercena—

2172 606 2430 665 intuentis
2454 609 2638 666 oculos
2672 610 2933 678 trucidat,
2964 611 3090 682 quia
3126 626 3274 684 saepe
3308 613 3394 669 sic
3424 613 3568 670 bona
3592 631 3731 688 opera

2172 700 2449 768 interﬁcit,
2492 710 2552 757 ut
2590 700 2708 758 haec
2752 718 2811 759 se
2855 704 3101 761 amittere
3144 704 3265 775 ipse
3304 706 3406 777 qui
3450 715 3633 776 captus
3667 719 3731 766 est

2172 791 2381 849 animus
2402 793 2590 850 dolens
2628 803 2833 850 cernat.
2873 794 3010 852 Nam
3053 797 3239 870 genuit
3280 798 3603 872 plerumque
3639 802 3732 859 ani-

2169 900 2319 953 mus,
2366 895 2422 942 et
2465 895 2644 948 tamen
2681 891 2861 946 carnis
2905 906 3016 948 suae
3059 892 3518 949 delectationibus
3563 895 3730 962 victus,

2170 982 2312 1037 bona
2350 998 2471 1055 qua:
2510 985 2695 1056 genuit
2732 1001 2921 1042 amans
2961 984 3211 1058 perdidit.
3263 988 3346 1044 Ea
3393 1004 3515 1059 qua:
3559 992 3733 1059 patitur

2170 1073 2366 1129 damna
2414 1077 2764 1143 considerat,
2824 1093 2923 1133 nec
2972 1087 3150 1134 tamen
3200 1078 3433 1135 virtutis
3485 1079 3730 1135 brachium

2169 1176 2357 1222 contra
2390 1182 2571 1240 regem
2608 1168 2897 1240 Babylonis
2940 1169 3100 1225 levat.
3135 1169 3245 1225 Sed
3274 1170 3412 1226 dum
3435 1170 3620 1226 videns
3652 1187 3729 1227 ne-

2168 1256 2352 1328 quitiae
2394 1260 2851 1329 perpetrationem
2896 1261 3212 1330 percutitur,
3270 1261 3344 1316 ad
3392 1262 3499 1317 hoc
3532 1264 3731 1331 quando-

2168 1363 2274 1418 que
2296 1350 2503 1418 peccati
2541 1364 2638 1404 usu
2672 1350 3006 1419 perducitur,
3044 1359 3104 1405 ut
3142 1350 3262 1425 ipso
3292 1366 3513 1421 quoque
3540 1354 3729 1409 rationis

2167 1436 2367 1494 lumine
2388 1441 2647 1510 privetur.
2675 1440 2827 1497 Unde
2851 1441 3141 1513 Babylonis
3162 1459 3282 1509 rex,
3308 1444 3591 1501 exstinctis
3610 1448 3731 1516 prius

2168 1532 2315 1599 ﬁliis,
2348 1532 2585 1589 Sedecias
2632 1533 2817 1588 oculos
2863 1535 3022 1599 eruit,
3055 1535 3180 1604 quia
3213 1535 3492 1607 malignus
3521 1537 3726 1606 spiritus,

2169 1624 2446 1681 subductis
2482 1625 2631 1695 prius
2660 1626 2815 1680 bonis
2838 1624 3111 1696 operibus,
3142 1634 3274 1697 post
3308 1641 3368 1682 et
3406 1626 3730 1696 intelligentia:

2167 1716 2348 1772 lumen
2384 1716 2539 1771 tollit.
2573 1716 2729 1784 Quod
2765 1724 2913 1772 recte
2946 1714 3197 1774 Sedecias
3250 1717 3308 1772 in
3339 1716 3598 1773 Rehlatha
3622 1717 3730 1786 pati-

2168 1816 2273 1863 tur.
2309 1807 2574 1862 Reblatha
2609 1809 2826 1879 quippe,
2854 1808 3050 1863 mulcta
3075 1809 3186 1864 lucc
3214 1809 3626 1881 interpretatur.
3660 1810 3731 1863 Et-

480 1899 618 1967 rius,
647 1910 703 1957 et
724 1903 816 1972 qui
842 1919 950 1958 non
990 1912 1073 1960 est
1101 1914 1306 1975 pastor,
1352 1905 1498 1960 videt
1520 1905 1703 1977 lupum
1737 1907 2063 1972 venientem,
2092 1895 2139 1955 Β
2166 1899 2311 1953 enim
2340 1900 2391 1953 ei
2420 1900 2741 1970 quandoque
2774 1909 2828 1955 et
2866 1899 3047 1955 lumen
3084 1900 3321 1956 rationis
3348 1901 3627 1965 clauditur,
3656 1900 3727 1971 qui

481 2005 536 2053 et
583 1998 809 2053 dimittit
838 2015 990 2064 oves,
1029 2009 1084 2055 et
1123 1999 1280 2070 fugit,
1311 2007 1366 2056 et
1397 2001 1554 2070 lupus
1588 2001 1732 2070 rapit
1777 2008 1831 2055 et
1862 2001 2067 2070 disper-

480 2087 560 2159 git
601 2103 731 2144 oves
758 2088 938 2161 (Joan.
980 2090 1058 2161 ι).
1101 2111 1120 2144 ι
1146 2090 1214 2146 Et
1234 2091 1561 2162 Apostolus:
1602 2111 1619 2143 ‹
1648 2092 1749 2159 Qui
1771 2092 2061 2155 dormiunt,

479 2175 674 2246 inquit,
729 2190 888 2235 nocte
926 2180 1239 2247 dormiunt;
1286 2190 1341 2236 et
1384 2182 1478 2255 qui
1520 2181 1659 2242 ebrii
1707 2191 1856 2251 sunt,
1906 2191 2064 2241 nocte

476 2270 611 2327 ebrii
640 2279 766 2327 sunt
793 2271 839 2346 (Ι
874 2270 1051 2329 Thess.
1079 2272 1154 2346 v).
1193 2292 1213 2328 ι
1300 2314 1305 2319 ι

549 2362 703 2427 Quod
730 2372 908 2419 autem
936 2359 1200 2434 sequitur,
1228 2365 1375 2434 quod
1410 2384 1430 2418 ‹
1462 2379 1559 2438 per
1586 2366 1729 2422 viam
1755 2352 1923 2438 porta:
1945 2381 2065 2438 qua:

478 2453 721 2508 estinter
740 2454 1005 2524 duplicem
1026 2472 1242 2512 murum
1262 2458 1332 2512 ad
1354 2458 1568 2514 hortum
1591 2460 1733 2532 regis
1752 2459 2006 2531 fugerint,
2035 2479 2056 2515 υ

473 2540 710 2599 latenter
743 2546 920 2616 arguit
962 2546 1211 2602 inertiam
1243 2550 1547 2616 doctorum,
1577 2551 1671 2620 qui
1712 2552 1854 2607 inter
1882 2552 2060 2623 dupli-

474 2649 593 2691 cem
624 2652 837 2693 murum
872 2639 1101 2695 duorum
1128 2649 1573 2699 testamentorum
1606 2644 1915 2712 constituti,
1951 2662 2059 2701 non

472 2726 816 2799 belligerare,
839 2730 936 2785 sed
957 2730 1192 2803 effugere
1219 2744 1500 2805 quarunt;
1527 2744 1583 2790 et
1627 2736 1681 2790 in
1715 2736 1922 2792 deliciis
1951 2754 2062 2793 ma-

473 2819 557 2890 gis
577 2808 835 2887 dilliuere,
865 2824 1011 2895 quod
1035 2826 1229 2883 hortus
1253 2827 1541 2900 signiﬁcat,
1564 2845 1728 2903 quam
1754 2838 1908 2887 scuto
1933 2830 2057 2889 ﬁdei

470 2910 716 2969 hostibus
740 2914 1027 2973 obsistere.

548 3020 566 3053 ι
600 2999 771 3058 Porro
802 3005 1036 3062 Chaldaei
1070 3008 1389 3065 obsidebant
1415 3011 1693 3067 civitatem
1722 3012 1780 3067 in
1804 3012 2054 3068 circuitu.

476 3109 494 3143 ι
526 3090 689 3162 Fugit
727 3094 913 3166 itaque
942 3097 1194 3156 Sedecias
1224 3117 1325 3173 per
1345 3103 1488 3161 viam
1509 3119 1628 3173 quae
1651 3104 1797 3159 ducit
1825 3105 1893 3159 ad
1916 3120 2057 3160 cam-

2168 2007 2337 2063 pravo
2363 2008 2461 2047 usu
2490 2000 2544 2046 et
2570 1992 2871 2062 iniquitatis
2894 2008 3004 2049 suat
3033 1993 3390 2049 multitudine
3419 2000 3672 2064 gravatur.

2244 2101 2263 2135 ι
2298 2082 2481 2139 Mense
2512 2084 2721 2153 quinto,
2765 2087 2995 2156 septima
3030 2085 3117 2140 die
3152 2084 3364 2140 mensis
3399 2084 3534 2156 (ipse
3560 2091 3634 2138 est
3654 2098 3727 2138 an-

2173 2194 2194 2229 ‹
2229 2192 2331 2231 nus
2368 2192 2543 2232 nonus
2572 2176 2813 2232 decimus
2855 2177 2999 2247 regis
3037 2174 3354 2249 Babylonis)
3396 2177 3543 2231 venit
3576 2174 3725 2230 Nabu-

2172 2289 2191 2322 ι
2228 2268 2447 2335 zardan,
2479 2268 2730 2341 princeps
2756 2268 3051 2335 exercitus,
3080 2283 3278 2323 servus
3303 2268 3451 2340 regis
3479 2266 3726 2339 Babylonis

2170 2380 2191 2415 ι
2226 2364 2282 2418 in
2311 2362 2634 2429 Jerusalem,
2663 2368 2718 2415 et
2747 2361 3023 2416 succendit
3054 2361 3278 2415 domum
3304 2361 3548 2424 Domini,
3576 2368 3622 2414 et
3649 2362 3724 2414 do-

2170 2473 2189 2507 ι
2228 2471 2374 2511 mum
2413 2456 2577 2526 regis,
2618 2464 2673 2510 et
2699 2453 2889 2513 domos
2922 2451 3249 2509 Jerusalem,
3298 2452 3625 2523 Omnemque
3649 2448 3723 2505 do-

2169 2565 2189 2597 ι
2223 2562 2372 2601 mum
2403 2547 2702 2602 combussit
2732 2547 2862 2618 igni.
2901 2544 3082 2602 Muros
3110 2542 3425 2603 Jerusalem
3452 2544 3505 2600 in
3534 2542 3724 2601 circuitu

2168 2656 2188 2690 ι
2225 2638 2492 2693 destruxit
2534 2639 2712 2694 omnis
2751 2639 3022 2695 exercitus
3062 2624 3475 2705 Chaldaeorum,
3513 2637 3596 2709 qui
3632 2642 3723 2690 erat

2168 2748 2187 2782 ι
2224 2746 2351 2787 eum
2404 2730 2650 2802 principe
2697 2731 2948 2786 militum.
3004 2730 3303 2803 Reliquam
3353 2739 3531 2786 autem
3572 2726 3721 2799 populi

2166 2840 2187 2876 ‹
2221 2830 2464 2893 partem,
2500 2838 2622 2894 qua
2656 2831 2993 2879 remanserat
3020 2824 3075 2878 in
3105 2824 3370 2889 civitate,
3403 2829 3458 2879 et
3487 2820 3721 2893 perfugas.

2175 2930 2191 2968 t
2220 2914 2313 2984 qui
2342 2913 2755 2986 transfugerant
2778 2915 2845 2970 ad
2875 2930 3059 2987 regem
3076 2914 3222 2986 Baby
3232 2916 3399 2982 lonia,
3420 2924 3476 2972 et
3491 2914 3717 2983 reliquum

2163 3027 2184 3063 ι
2218 3009 2411 3080 vulgus
2455 3010 2734 3065 transtulit
2772 3009 3128 3065 Nabuzardan
3163 3012 3424 3081 princeps
3471 3006 3669 3071 militiis,
3696 3023 3711 3054 ι

2157 3084 2559 3170 οιῡιῦοοςνιιὶι
2596 3116 2728 3173 ergo
2767 3102 3029 3173 temporis
3059 3102 3196 3158 ordo
3226 3118 3355 3158 cum
3396 3101 3596 3157 ratione
3618 3097 3713 3150 viu-

474 3203 493 3236 ι
528 3187 731 3256 pestria
775 3188 1113 3258 solitudinis;
1168 3202 1223 3247 et
1278 3206 1596 3265 persecutus
1645 3205 1729 3253 est
1781 3198 2053 3254 exercitus
2089 3258 2123 3266 _
2157 3192 2335 3250 dictat.
2392 3192 2592 3265 Menam
2643 3194 2826 3265 quinto
2878 3195 3077 3266 legitur
3111 3204 3327 3250 vastata
3368 3206 3488 3250 esse
3537 3189 3714 3251 civitas.

473 3293 493 3327 ‹
529 3276 900 3335 Chaldaeorum
932 3298 1134 3354 regem,
1162 3258 1679 3359 com-prehenditque
1706 3305 1831 3346 eum
1865 3291 1921 3345 in
1946 3291 2055 3362 pla-
2079 3258 2125 3323 Ο
2155 3300 2275 3356 quae
2298 3258 2725 3341 Pentatencbum
2746 3286 2882 3357 legis
2906 3258 3127 3343 servare
3146 3287 3417 3358 despexit.
3441 3286 3508 3340 Et
3528 3282 3712 3354 septima

472 3383 491 3418 ι
529 3368 664 3425 nitie
696 3368 937 3440 Jericho,
965 3381 1020 3428 et
1043 3390 1233 3431 omnes
1262 3374 1568 3446 bellatores,
1600 3382 1693 3451 qui
1730 3391 1886 3437 erant
1929 3398 2055 3438 cum

471 3473 491 3508 ι
526 3471 614 3522 eo,
639 3458 865 3528 dispersi
907 3470 1054 3529 sunt,
1082 3474 1138 3519 et
1172 3466 1507 3536 reliquerunt
1533 3486 1677 3537 eum,
1710 3493 1728 3525 ι
1761 3482 1865 3528 etc.
1894 3472 2051 3527 Mali-

465 3548 586 3619 gnis
623 3550 900 3621 spiritibus
932 3555 1187 3624 populum
1227 3558 1711 3628 circumdantibus,
1756 3572 1934 3619 rector
1961 3563 2049 3619 fu-

463 3641 561 3714 git,
591 3656 696 3697 non
726 3642 794 3698 ad
825 3652 1057 3711 montes,
1086 3648 1151 3703 de
1176 3650 1374 3719 quibus
1396 3653 1656 3723 scriptum
1683 3661 1766 3709 est
1794 3673 1807 3709 :
1845 3673 1863 3706 ‹
1900 3654 2051 3711 Mon—

464 3741 547 3789 tes
577 3734 633 3788 in
672 3734 899 3791 circuitu
939 3734 1078 3806 ejus,
1109 3746 1165 3794 et
1206 3739 1467 3798 Dominus
1510 3743 1566 3798 in
1607 3746 1833 3800 circuitu
1866 3746 2049 3816 populi

463 3824 546 3880 sui
568 3823 739 3895 (Psal.
755 3825 959 3901 cxxrv),
991 3847 1010 3880 ι
1038 3830 1134 3886 sed
1156 3838 1224 3887 ad
1246 3832 1572 3903 campestria
1595 3834 1921 3903 solitudinis,
1947 3837 2051 3893 hoc

461 3924 568 3981 est,
607 3916 675 3971 ad
721 3918 1090 3976 dilatationem
1126 3921 1372 3979 luxuriae.
1425 3924 1579 3982 Unde
1616 3928 1877 3998 scriptum
1916 3937 1998 3985 est
2030 3947 2044 3984 :

468 4026 487 4059 ι
520 4009 762 4081 Angusta
791 4018 846 4068 et
871 4022 1020 4069 arcta
1045 4015 1133 4071 via
1160 4026 1264 4082 est,
1291 4034 1412 4089 quae
1440 4021 1590 4076 ducit
1616 4021 1683 4077 ad
1714 4022 1905 4090 vitam,
1936 4024 2047 4081 lata

460 4106 517 4156 et
543 4102 778 4171 spatiosa
803 4118 922 4174 quae
947 4106 1016 4162 ad
1039 4117 1269 4165 mortem
1305 4109 1519 4183 (Matth.
1548 4113 1666 4184 vn).
1701 4135 1719 4169 ι

535 4210 556 4243 ί
592 4190 1114 4268 Comprehenditque
1163 4217 1286 4256 eum
1333 4204 1387 4257 in
1429 4205 1651 4275 planitie
1696 4206 1940 4279 Iericho,
1992 4219 2050 4269 et

464 4299 485 4333 ι
518 4295 710 4337 omnes
734 4284 1021 4343 bellatores
1046 4290 1137 4358 qui
1172 4301 1328 4347 erant
1359 4309 1479 4348 cum
1508 4311 1592 4361 eo,
1622 4298 1850 4368 dispersi
1894 4311 2041 4368 sunt,

463 4389 483 4422 ι
516 4378 573 4426 et
597 4372 932 4443 reliquerunt
953 4393 1096 4433 eum.
1132 4398 1151 4432 ι
1182 4374 1350 4438 Recte
1375 4399 1503 4453 ergo
1531 4402 1652 4441 cum
1689 4390 1918 4446 virtutes
1949 4393 2046 4448 ho-

455 4464 657 4540 minem
685 4465 972 4535 deserunt,
1005 4482 1127 4541 quae
1160 4488 1283 4528 eum
1319 4476 1607 4534 defendere
1632 4480 1959 4550 debuerant,
1989 4486 2043 4540 in

453 4553 678 4625 planitie
707 4554 924 4614 Iericho
950 4561 1180 4629 capitur,
1222 4564 1326 4620 hoc
1351 4574 1461 4633 est,
1493 4569 1548 4622 in
1578 4569 1879 4626 defectione
1918 4586 2039 4629 car-

452 4645 593 4701 nalis
628 4656 839 4704 sensus.
866 4646 1083 4710 Jcricho
1112 4652 1259 4709 enim
1285 4654 1669 4727 interpretatur
1695 4661 1844 4728 luna,
1879 4672 1932 4719 et
1961 4666 2035 4719 si-

453 4734 673 4806 gniﬁcat
702 4738 969 4796 defectum
1001 4746 1201 4800 carnis.
1230 4746 1381 4822 Unde
1416 4749 1504 4803 ille
1528 4752 1710 4818 homo,
1739 4756 1831 4822 qui
1857 4757 1924 4811 de
1950 4758 2040 4815 Je-

456 4830 691 4886 rusalem
712 4832 1073 4891 descendebat
1092 4836 1149 4892 in
1168 4820 1406 4905 Iericho,
1433 4841 1489 4896 in
1516 4820 2037 4907 latrones'incidissc

452 4921 776 4977 describitur
804 4923 954 4995 (Luc.
984 4926 1060 5001 χ).

528 5036 545 5069 ‹
579 5016 989 5107 Apprehensum
1023 5036 1152 5092 ergo
1181 5037 1363 5095 regem
1395 5025 1734 5086 adduxerunt
1754 5033 1819 5087 ad
1852 5048 2034 5107 regem

456 5127 473 5161 ‹
510 5106 798 5196 Babylonis
825 5111 881 5166 in
914 5111 1200 5180 Reblatha,
1232 5118 1323 5186 qui
1352 5116 1565 5175 locutus
1590 5132 1673 5176 est
1697 5139 1817 5177 cum
1851 5106 2032 5196 eoju-

454 5215 473 5248 ι
508 5194 726 5251 dicium.
762 5218 781 5251 ι
814 5199 927 5256 Hoc
952 5212 1058 5269 est,
1081 5201 1286 5272 justqu
1314 5206 1368 5260 in
1390 5222 1455 5263 eo
1475 5212 1717 5265 exercuit
1739 5194 2025 5280 judicium.

522 5308 541 5342 ‹
576 5289 742 5346 Filios
770 5302 947 5349 autem
998 5296 1236 5355 Sedeciae
1277 5302 1476 5357 occidit
1502 5318 1682 5359 coram
1711 5322 1798 5371 eo,
1825 5318 1879 5363 et
1907 5325 2030 5365 ocu-

453 5398 472 5433 r
509 5379 591 5437 los
626 5380 740 5450 ejus
766 5384 964 5448 effodit,
1008 5390 1268 5460 unxitque
1298 5407 1425 5448 eum
1455 5397 1677 5461 catenis,
1711 5408 1767 5454 et
1804 5401 2030 5458 adduxit

356 5464 371 5553 ζ
444 5491 471 5565 _¢
506 5474 563 5528 in
593 5473 939 5546 Babylonem.
975 5497 992 5529 ι
1028 5480 1136 5549 (Ea:
1162 5479 1456 5557 Gregorio.)
1495 5484 1705 5544 Occidit
1731 5505 1825 5545 rex
1856 5491 2026 5565 Baby-

353 5572 371 5647 ,ξ
444 5563 584 5621 lonis
621 5566 761 5623 filios
796 5566 1036 5627 Sedecias
1079 5573 1133 5627 in
1175 5574 1438 5633 Reblatha
1486 5597 1669 5637 coram
1704 5598 1788 5647 eo,
1839 5563 2027 5641 oculos

446 5674 658 5732 quoque
699 5663 844 5720 illius
884 5667 1043 5723 eruit.
1082 5668 1219 5726 Dum
1261 5688 1416 5729 sacra
1464 5674 1744 5747 Scriptura
1788 5679 2030 5737 Sedecias

364 5756 373 5777 ⁷
446 5756 812 5823 captivitatem
859 5770 1078 5829 narrat,
1130 5764 1371 5821 ordinem
1420 5770 1748 5840 captivitatis
1799 5772 2025 5827 interna:

447 5848 744 5908 denuntiat.
771 5851 886 5911 Rex
906 5856 1103 5931 quippe
1128 5859 1418 5935 Babylonis
1436 5870 1521 5919 est
1546 5864 1802 5935 antiquus
1827 5864 2019 5933 hostis,

2153 3382 2237 3436 die
2263 3381 2479 3447 meum,
2515 3381 2645 3452 quia
2676 3381 2897 3437 Sabbati
2933 3381 3176 3450 requiem
3205 3397 3319 3437 non
3349 3377 3651 3441 custodivit,
3671 3381 3713 3427 et

2150 3473 2333 3528 omnia
2361 3474 2637 3529 cantraria
2675 3473 2962 3544 praeceptis
2986 3472 3186 3529 divinis
3231 3474 3367 3546 egit,
3404 3471 3593 3526 frustra
3631 3464 3711 3522 sibi

2148 3565 2432 3620 blandiens
2456 3566 2524 3621 de
2554 3565 2848 3620 securitate
2890 3578 2989 3635 pro
3028 3573 3347 3620 sanctorum
3390 3563 3617 3619 locorum
3636 3556 3712 3611 ha»

2149 3658 2431 3713 bitatione.
2467 3658 2619 3715 Unde
2644 3672 2742 3728 per
2763 3656 3055 3713 Jeremiam
3081 3657 3347 3714 Dominus
3376 3657 3505 3712 dicit
3530 3674 3543 3709 :
3576 3671 3594 3704 ‹
3620 3649 3708 3706 N0-

2148 3748 2243 3805 lite
2269 3749 2541 3806 conﬁdere
2566 3750 2622 3805 in
2646 3750 2827 3806 verbis
2851 3749 3122 3805 mendacii
3144 3750 3392 3807 dicentes
3416 3763 3430 3802 :
3465 3741 3707 3812 Templum

2148 3842 2396 3909 Domini,
2453 3843 2712 3914 templum
2767 3842 3015 3908 Domini,
3070 3842 3337 3911 templum
3382 3835 3583 3894 Domini
3622 3836 3704 3886 est.

2148 3935 2415 4003 Quoniam
2452 3937 2497 3992 si
2538 3938 2677 3993 bene
2708 3936 3017 3992 direxeritis
3043 3936 3161 3992 vias
3189 3944 3422 4001 vestras,
3467 3938 3519 3986 et
3558 3922 3705 3982 studia

2146 4039 2352 4095 vestra,
2380 4029 2427 4086 si
2454 4030 2694 4086 feceritis
2709 4030 2973 4100 judicium
2996 4030 3141 4084 inter
3164 4030 3347 4084 virum
3368 4034 3422 4084 et
3440 4021 3704 4096 proximum

2146 4116 2286 4187 ejus,
2307 4120 2528 4174 adventu
2550 4130 2608 4175 et
2627 4119 2802 4175 vidua:
2827 4127 2882 4174 et
2908 4118 3113 4189 pupillo
3141 4133 3253 4175 non
3279 4116 3516 4175 feceritis
3551 4109 3705 4168 alum-

2148 4210 2320 4274 niam,
2354 4225 2454 4265 nec
2483 4211 2801 4281 sanguinem
2828 4212 3171 4267 innocentem
3208 4208 3509 4267 effuderitis
3537 4205 3586 4259 in
3610 4200 3704 4253 loco

2146 4304 2280 4370 hoc;
2323 4313 2381 4359 ει
2416 4311 2542 4373 post
2566 4303 2695 4359 deos
2722 4304 2928 4360 alienos
2961 4314 3068 4358 non
3099 4301 3504 4359 ambularet-itis
3536 4296 3587 4353 in
3611 4304 3702 4347 ma-

2143 4395 2254 4451 lum
2300 4395 2703 4464 vobismetipsis
2743 4413 2758 4450 t
2790 4393 3050 4450 habitabo
3074 4394 3357 4452 vobiscum
3384 4394 3438 4449 in
3470 4390 3581 4445 loco
3616 4384 3700 4438 ἱειο

2144 4489 2198 4543 in
2243 4496 2386 4543 terra
2435 4504 2599 4560 quam
2646 4487 2770 4544 dedi
2822 4486 3067 4557 patrihus
3106 4490 3327 4555 vestris,
3370 4503 3402 4542 a
3443 4478 3622 4540 aesculo
3654 4479 3698 4529 ei

2145 4594 2317 4648 usque
2338 4580 2394 4634 in
2426 4579 2703 4635 Steculum.
2732 4580 2875 4636 Ecce
2898 4596 2995 4635 vos
3023 4580 3297 4637 conﬁditis
3320 4580 3377 4635 in
3399 4568 3696 4634 sermnibus

2150 4672 2440 4739 mendacii,
2468 4672 2559 4741 qui
2590 4688 2698 4727 non
2726 4672 3024 4743 proderunt
3043 4675 3219 4741 vobis,
3237 4673 3427 4737 furari,
3458 4666 3690 4726 occidere,

2146 4763 2461 4829 adulterari,
2494 4762 2679 4831 iurare
2706 4765 3057 4829 mendaciter,
3096 4765 3267 4821 libare
3291 4764 3522 4826 Baalim,
3558 4764 3605 4811 et
3629 4753 3692 4807 ira

2142 4860 2267 4923 Ροει
2291 4854 2423 4909 deos
2450 4853 2679 4919 alienos,
2702 4870 2838 4924 quos
2868 4855 3151 4924 ignoratis,
3187 4864 3241 4912 et
3263 4854 3480 4912 Venistis
3499 4858 3549 4905 et
3564 4841 3690 4901 steti-

2142 4947 2243 5001 stis
2271 4961 2454 5001 coram
2498 4962 2587 5002 me
2625 4947 2681 5001 in
2708 4949 2868 5004 domo
2913 4949 3036 5014 hac,
3078 4948 3131 5002 in
3158 4964 3263 5018 qua
3308 4949 3595 5002 invocatum
3620 4938 3688 4987 esi

2142 5052 2339 5093 nomen
2375 5052 2575 5104 meum,
2606 5046 2661 5093 et
2695 5038 2909 5094 dixistis
2937 5057 2951 5093 :
2980 5038 3222 5094 Liberali
3267 5050 3450 5094 sumus
3480 5046 3540 5087 eo
3566 5019 3683 5122 qugd

2133 5127 2425 5184 fecerimus
2447 5143 2637 5184 omnes
2659 5130 3093 5185 abominationes
3119 5129 3271 5185 istas.
3318 5128 3385 5183 Et
3418 5130 3556 5179 nunc
3579 5124 3682 5183 quia

2134 5219 2339 5274 fecistis
2364 5220 2546 5273 omnia
2568 5234 2733 5289 opera
2761 5221 2897 5285 hinc,
2926 5220 3056 5275 dicit
3085 5220 3344 5275 Dominus
3370 5232 3384 5270 :
3411 5214 3477 5268 Et
3502 5208 3679 5263 locutus

2133 5331 2252 5371 sum
2278 5316 2347 5370 ad
2376 5330 2473 5372 vos
2513 5330 2673 5371 mane
2700 5332 3035 5386 consurgens
3058 5326 3112 5372 et
3138 5317 3381 5386 loquens,
3405 5317 3458 5365 et
3484 5320 3580 5361 non
3602 5311 3679 5352 all“

2132 5407 2290 5461 distts
2314 5424 2327 5461 :
2358 5407 2553 5463 faciam
2579 5407 2762 5464 domui
2790 5408 2940 5475 huic,
2968 5409 3024 5463 in
3048 5422 3156 5478 qua
3181 5404 3480 5463 invocatum
3506 5402 3580 5451 est
3601 5401 3677 5489 no-

2134 5512 2258 5552 men
2302 5512 2505 5564 meum,
2551 5510 2607 5555 et
2650 5500 2703 5555 in
2729 5512 2837 5569 qua
2871 5515 2967 5555 vos
3006 5500 3221 5556 habetis
3263 5495 3522 5554 ﬁduciam,
3561 5490 3672 5578 ei"?

2133 5587 2270 5655 1000,
2313 5604 2474 5659 quem
2510 5590 2633 5646 dedi
2659 5590 2814 5646 vobis
2838 5601 2895 5648 et
2930 5595 3174 5662 patrtbus
3200 5589 3410 5653 vestris,
3436 5583 3562 5639 sicut
3584 5573 3666 5626 feci

2134 5681 2269 5747 Silo,
2298 5690 2353 5736 et
2379 5683 2661 5754 projiciam
2687 5701 2785 5742 vos
2808 5702 2839 5741 a
2868 5684 3008 5742 facie
3033 5702 3173 5751 mea,
3199 5684 3335 5742 sicut
3362 5672 3547 5752 projeci
3572 5678 3667 5721 om-

2129 5788 2229 5829 nes
2255 5773 2452 5829 fratres
2478 5782 2711 5843 vestros,
2737 5777 3048 5834 universum
3077 5792 3261 5834 semen
3288 5768 3522 5845 Ephraim
3550 5758 3659 5831 (λίπ’

2129 5865 2250 5936 VII).
2284 5886 2301 5917 ι
2337 5867 2493 5925 Venit
2528 5867 2909 5939 Nabazardau,
2944 5874 3036 5943 qui
3061 5871 3437 5944 interpretatur
3478 5846 3661 5915 κηδέω-
