  <div class='ocr_page' id='page_1' title='image "/cluster/home/n/w/nwhite01/storage/ocr_20150623/109/hvd.32044015466857/142.png"; bbox 0 0 3958 6494; ppageno 0'>
   <div class='ocr_carea' id='block_1_1' title="bbox 288 415 396 471">
    <p class='ocr_par' dir='ltr' id='par_1_1' title="bbox 288 415 396 471">
     <span class='ocr_line' id='line_1_1' title="bbox 288 415 396 471; baseline -0.019 0"><span class='ocrx_word' id='word_1_1' title='bbox 288 415 396 471; x_wconf 75' lang='grc'><strong>277</strong></span> 
     </span>
    </p>
   </div>
   <div class='ocr_carea' id='block_1_2' title="bbox 1069 398 2728 464">
    <p class='ocr_par' dir='ltr' id='par_1_2' title="bbox 1069 398 2728 464">
     <span class='ocr_line' id='line_1_2' title="bbox 1069 398 2728 464; baseline -0.004 0"><span class='ocrx_word' id='word_1_2' title='bbox 1069 398 1424 464; x_wconf 72' lang='lat' dir='ltr'><strong>COMMENT.</strong></span> <span class='ocrx_word' id='word_1_3' title='bbox 1462 404 1532 461; x_wconf 86' lang='lat' dir='ltr'><strong>IN</strong></span> <span class='ocrx_word' id='word_1_4' title='bbox 1567 402 1815 460; x_wconf 83' lang='lat' dir='ltr'><strong>LIBROS</strong></span> <span class='ocrx_word' id='word_1_5' title='bbox 1851 402 1917 458; x_wconf 86' lang='lat' dir='ltr'><strong>IV</strong></span> <span class='ocrx_word' id='word_1_6' title='bbox 1958 402 2223 461; x_wconf 80' lang='lat' dir='ltr'><strong>REGUM.</strong></span> <span class='ocrx_word' id='word_1_7' title='bbox 2261 434 2332 445; x_wconf 90' lang='lat'><strong>-—</strong></span> <span class='ocrx_word' id='word_1_8' title='bbox 2366 403 2431 458; x_wconf 83' lang='lat' dir='ltr'><strong>IN</strong></span> <span class='ocrx_word' id='word_1_9' title='bbox 2470 402 2596 459; x_wconf 83' lang='lat' dir='ltr'><strong>LIB.</strong></span> <span class='ocrx_word' id='word_1_10' title='bbox 2638 401 2728 457; x_wconf 79' lang='lat' dir='ltr'><strong>IV.</strong></span> 
     </span>
    </p>
   </div>
   <div class='ocr_carea' id='block_1_3' title="bbox 3428 403 3534 462">
    <p class='ocr_par' dir='ltr' id='par_1_3' title="bbox 3428 403 3534 462">
     <span class='ocr_line' id='line_1_3' title="bbox 3428 403 3534 462; baseline -0.009 -1"><span class='ocrx_word' id='word_1_11' title='bbox 3428 403 3534 462; x_wconf 68' lang='grc'><strong>978</strong></span> 
     </span>
    </p>
   </div>
   <div class='ocr_carea' id='block_1_4' title="bbox 290 517 3535 597">
    <p class='ocr_par' dir='ltr' id='par_1_4' title="bbox 290 517 3535 597">
     <span class='ocr_line' id='line_1_4' title="bbox 290 517 3535 597; baseline -0.001 -16"><span class='ocrx_word' id='word_1_12' title='bbox 290 527 443 581; x_wconf 81' lang='lat' dir='ltr'><strong>brum</strong></span> <span class='ocrx_word' id='word_1_13' title='bbox 466 524 579 582; x_wconf 90' lang='lat' dir='ltr'><strong>sive</strong></span> <span class='ocrx_word' id='word_1_14' title='bbox 593 522 877 597; x_wconf 79' lang='lat' dir='ltr'><strong>.prophetia</strong></span> <span class='ocrx_word' id='word_1_15' title='bbox 903 520 1061 576; x_wconf 81' lang='lat' dir='ltr'><strong>alieni</strong></span> <span class='ocrx_word' id='word_1_16' title='bbox 1090 519 1304 591; x_wconf 71' lang='lat' dir='ltr'><strong>iudicii,</strong></span> <span class='ocrx_word' id='word_1_17' title='bbox 1344 518 1491 589; x_wconf 80' lang='lat' dir='ltr'><strong>justo</strong></span> <span class='ocrx_word' id='word_1_18' title='bbox 1524 518 1620 573; x_wconf 88' lang='lat' dir='ltr'><strong>Dei</strong></span> <span class='ocrx_word' id='word_1_19' title='bbox 1658 518 1860 589; x_wconf 83' lang='lat' dir='ltr'><strong>judicio</strong></span> <span class='ocrx_word' id='word_1_20' title='bbox 1887 526 1935 588; x_wconf 76' lang='grc' dir='ltr'>Α</span> <span class='ocrx_word' id='word_1_21' title='bbox 1969 541 1988 574; x_wconf 88' lang='grc'><em>‹</em></span> <span class='ocrx_word' id='word_1_22' title='bbox 2023 521 2249 588; x_wconf 85' lang='lat' dir='ltr'><strong>Emath,</strong></span> <span class='ocrx_word' id='word_1_23' title='bbox 2281 530 2335 576; x_wconf 90' lang='lat' dir='ltr'><strong>et</strong></span> <span class='ocrx_word' id='word_1_24' title='bbox 2363 521 2651 576; x_wconf 90' lang='lat' dir='ltr'><strong>translatus</strong></span> <span class='ocrx_word' id='word_1_25' title='bbox 2673 526 2756 574; x_wconf 89' lang='lat' dir='ltr'><strong>est</strong></span> <span class='ocrx_word' id='word_1_26' title='bbox 2781 517 2917 575; x_wconf 75' lang='lat' dir='ltr'><strong>Iuda</strong></span> <span class='ocrx_word' id='word_1_27' title='bbox 2941 519 3008 576; x_wconf 92' lang='lat' dir='ltr'><strong>de</strong></span> <span class='ocrx_word' id='word_1_28' title='bbox 3037 527 3183 578; x_wconf 86' lang='lat' dir='ltr'><strong>terra</strong></span> <span class='ocrx_word' id='word_1_29' title='bbox 3207 536 3327 576; x_wconf 88' lang='lat' dir='ltr'><strong>sua.</strong></span> <span class='ocrx_word' id='word_1_30' title='bbox 3364 541 3383 574; x_wconf 77' lang='grc' dir='ltr'><strong><em>ι</em></strong></span> <span class='ocrx_word' id='word_1_31' title='bbox 3419 520 3535 578; x_wconf 87' lang='lat' dir='ltr'><strong>Non</strong></span> 
     </span>
    </p>
   </div>
   <div class='ocr_carea' id='block_1_5' title="bbox 289 611 1863 688">
    <p class='ocr_par' dir='ltr' id='par_1_5' title="bbox 289 611 1863 688">
     <span class='ocr_line' id='line_1_5' title="bbox 289 611 1863 688; baseline -0.003 -16"><span class='ocrx_word' id='word_1_32' title='bbox 289 631 456 687; x_wconf 82' lang='lat' dir='ltr'><strong>super</strong></span> <span class='ocrx_word' id='word_1_33' title='bbox 492 623 833 688; x_wconf 89' lang='lat' dir='ltr'><strong>peccatores;</strong></span> <span class='ocrx_word' id='word_1_34' title='bbox 881 612 1131 685; x_wconf 87' lang='lat' dir='ltr'><strong>princeps</strong></span> <span class='ocrx_word' id='word_1_35' title='bbox 1172 613 1359 682; x_wconf 79' lang='lat' dir='ltr'><strong>utique</strong></span> <span class='ocrx_word' id='word_1_36' title='bbox 1405 611 1675 667; x_wconf 81' lang='lat' dir='ltr'><strong>exercitus</strong></span> <span class='ocrx_word' id='word_1_37' title='bbox 1720 612 1863 681; x_wconf 85' lang='lat' dir='ltr'><strong>regis</strong></span> 
     </span>
    </p>
   </div>
   <div class='ocr_carea' id='block_1_6' title="bbox 288 701 1863 779">
    <p class='ocr_par' dir='ltr' id='par_1_6' title="bbox 288 701 1863 779">
     <span class='ocr_line' id='line_1_6' title="bbox 288 701 1863 779; baseline -0.004 -18"><span class='ocrx_word' id='word_1_38' title='bbox 288 704 579 779; x_wconf 82' lang='lat' dir='ltr'><strong>Babylonis</strong></span> <span class='ocrx_word' id='word_1_39' title='bbox 603 703 904 762; x_wconf 78' lang='lat' dir='ltr'><strong>Jerusalem</strong></span> <span class='ocrx_word' id='word_1_40' title='bbox 928 702 1314 773; x_wconf 87' lang='lat' dir='ltr'><strong>lntelligibilem</strong></span> <span class='ocrx_word' id='word_1_41' title='bbox 1343 701 1623 757; x_wconf 73' lang='lat' dir='ltr'><strong>succendit</strong></span> <span class='ocrx_word' id='word_1_42' title='bbox 1648 702 1863 756; x_wconf 91' lang='lat' dir='ltr'><strong>domum</strong></span> 
     </span>
    </p>
   </div>
   <div class='ocr_carea' id='block_1_7' title="bbox 290 792 1867 867">
    <p class='ocr_par' dir='ltr' id='par_1_7' title="bbox 290 792 1867 867">
     <span class='ocr_line' id='line_1_7' title="bbox 290 792 1867 867; baseline -0.005 -10"><span class='ocrx_word' id='word_1_43' title='bbox 290 798 522 865; x_wconf 89' lang='lat' dir='ltr'><strong>Domini,</strong></span> <span class='ocrx_word' id='word_1_44' title='bbox 552 810 676 856; x_wconf 90' lang='lat' dir='ltr'><strong>cum</strong></span> <span class='ocrx_word' id='word_1_45' title='bbox 706 798 957 867; x_wconf 88' lang='lat' dir='ltr'><strong>antiquus</strong></span> <span class='ocrx_word' id='word_1_46' title='bbox 987 794 1178 861; x_wconf 87' lang='lat' dir='ltr'><strong>hostis,</strong></span> <span class='ocrx_word' id='word_1_47' title='bbox 1212 794 1299 865; x_wconf 87' lang='lat' dir='ltr'><strong>qui</strong></span> <span class='ocrx_word' id='word_1_48' title='bbox 1327 800 1383 850; x_wconf 92' lang='lat' dir='ltr'><strong>et</strong></span> <span class='ocrx_word' id='word_1_49' title='bbox 1410 808 1507 849; x_wconf 82' lang='lat' dir='ltr'><strong>rex</strong></span> <span class='ocrx_word' id='word_1_50' title='bbox 1535 792 1867 849; x_wconf 83' lang='lat' dir='ltr'><strong>confusionis</strong></span> 
     </span>
    </p>
   </div>
   <div class='ocr_carea' id='block_1_8' title="bbox 290 883 1866 963">
    <p class='ocr_par' dir='ltr' id='par_1_8' title="bbox 290 883 1866 963">
     <span class='ocr_line' id='line_1_8' title="bbox 290 883 1866 963; baseline -0.005 -17"><span class='ocrx_word' id='word_1_51' title='bbox 290 900 348 947; x_wconf 91' lang='lat' dir='ltr'><strong>et</strong></span> <span class='ocrx_word' id='word_1_52' title='bbox 370 891 620 963; x_wconf 86' lang='lat' dir='ltr'><strong>princeps</strong></span> <span class='ocrx_word' id='word_1_53' title='bbox 645 888 884 946; x_wconf 89' lang='lat' dir='ltr'><strong>omnium</strong></span> <span class='ocrx_word' id='word_1_54' title='bbox 914 886 1221 957; x_wconf 87' lang='lat' dir='ltr'><strong>iniquorum</strong></span> <span class='ocrx_word' id='word_1_55' title='bbox 1246 894 1350 951; x_wconf 88' lang='lat' dir='ltr'><strong>est,</strong></span> <span class='ocrx_word' id='word_1_56' title='bbox 1375 890 1485 939; x_wconf 89' lang='lat' dir='ltr'><strong>tam</strong></span> <span class='ocrx_word' id='word_1_57' title='bbox 1511 883 1866 955; x_wconf 84' lang='lat' dir='ltr'><strong>malignorum</strong></span> 
     </span>
    </p>
   </div>
   <div class='ocr_carea' id='block_1_9' title="bbox 293 976 1868 1055">
    <p class='ocr_par' dir='ltr' id='par_1_9' title="bbox 293 976 1868 1055">
     <span class='ocr_line' id='line_1_9' title="bbox 293 976 1868 1055; baseline -0.006 -15"><span class='ocrx_word' id='word_1_58' title='bbox 293 984 605 1055; x_wconf 85' lang='lat' dir='ltr'><strong>spirituum,</strong></span> <span class='ocrx_word' id='word_1_59' title='bbox 635 998 797 1053; x_wconf 78' lang='lat' dir='ltr'><strong>quam</strong></span> <span class='ocrx_word' id='word_1_60' title='bbox 828 982 993 1038; x_wconf 84' lang='lat' dir='ltr'><strong>etiam</strong></span> <span class='ocrx_word' id='word_1_61' title='bbox 1018 980 1305 1051; x_wconf 85' lang='lat' dir='ltr'><strong>impiorum</strong></span> <span class='ocrx_word' id='word_1_62' title='bbox 1329 979 1627 1043; x_wconf 82' lang='lat' dir='ltr'><strong>hominum,</strong></span> <span class='ocrx_word' id='word_1_63' title='bbox 1656 976 1868 1048; x_wconf 79' lang='lat' dir='ltr'><strong>plebem</strong></span> 
     </span>
    </p>
   </div>
   <div class='ocr_carea' id='block_1_10' title="bbox 292 1067 1870 1141">
    <p class='ocr_par' dir='ltr' id='par_1_10' title="bbox 292 1067 1870 1141">
     <span class='ocr_line' id='line_1_10' title="bbox 292 1067 1870 1141; baseline -0.004 -12"><span class='ocrx_word' id='word_1_64' title='bbox 292 1074 500 1130; x_wconf 76' lang='lat' dir='ltr'><strong>invadit</strong></span> <span class='ocrx_word' id='word_1_65' title='bbox 525 1073 759 1128; x_wconf 90' lang='lat' dir='ltr'><strong>ﬁdelium</strong></span> <span class='ocrx_word' id='word_1_66' title='bbox 779 1113 794 1139; x_wconf 96' lang='lat'><strong>,</strong></span> <span class='ocrx_word' id='word_1_67' title='bbox 825 1080 880 1128; x_wconf 89' lang='lat' dir='ltr'><strong>et</strong></span> <span class='ocrx_word' id='word_1_68' title='bbox 918 1072 1134 1128; x_wconf 89' lang='lat' dir='ltr'><strong>domum</strong></span> <span class='ocrx_word' id='word_1_69' title='bbox 1164 1070 1330 1141; x_wconf 86' lang='lat' dir='ltr'><strong>regis,</strong></span> <span class='ocrx_word' id='word_1_70' title='bbox 1357 1079 1411 1124; x_wconf 91' lang='lat' dir='ltr'><strong>et</strong></span> <span class='ocrx_word' id='word_1_71' title='bbox 1437 1069 1625 1124; x_wconf 89' lang='lat' dir='ltr'><strong>domos</strong></span> <span class='ocrx_word' id='word_1_72' title='bbox 1651 1067 1870 1123; x_wconf 82' lang='lat' dir='ltr'><strong>Jerusa-</strong></span> 
     </span>
    </p>
   </div>
   <div class='ocr_carea' id='block_1_11' title="bbox 291 1160 1873 1232">
    <p class='ocr_par' dir='ltr' id='par_1_11' title="bbox 291 1160 1873 1232">
     <span class='ocr_line' id='line_1_11' title="bbox 291 1160 1873 1232; baseline -0.001 -12"><span class='ocrx_word' id='word_1_73' title='bbox 291 1166 420 1231; x_wconf 85' lang='lat' dir='ltr'><strong>lem,</strong></span> <span class='ocrx_word' id='word_1_74' title='bbox 446 1164 497 1219; x_wconf 91' lang='lat' dir='ltr'><strong>id</strong></span> <span class='ocrx_word' id='word_1_75' title='bbox 521 1174 623 1230; x_wconf 90' lang='lat' dir='ltr'><strong>est,</strong></span> <span class='ocrx_word' id='word_1_76' title='bbox 654 1172 893 1220; x_wconf 88' lang='lat' dir='ltr'><strong>rectores</strong></span> <span class='ocrx_word' id='word_1_77' title='bbox 919 1171 976 1218; x_wconf 87' lang='lat' dir='ltr'><strong>et</strong></span> <span class='ocrx_word' id='word_1_78' title='bbox 1003 1174 1096 1218; x_wconf 81' lang='lat' dir='ltr'><strong>eos</strong></span> <span class='ocrx_word' id='word_1_79' title='bbox 1116 1161 1208 1232; x_wconf 89' lang='lat' dir='ltr'><strong>qui</strong></span> <span class='ocrx_word' id='word_1_80' title='bbox 1238 1160 1556 1216; x_wconf 80' lang='lat' dir='ltr'><strong>videbantur</strong></span> <span class='ocrx_word' id='word_1_81' title='bbox 1584 1160 1637 1216; x_wconf 89' lang='lat' dir='ltr'><strong>in</strong></span> <span class='ocrx_word' id='word_1_82' title='bbox 1661 1160 1873 1219; x_wconf 59' lang='lat' dir='ltr'><strong>vision</strong></span> 
     </span>
    </p>
   </div>
   <div class='ocr_carea' id='block_1_12' title="bbox 292 1250 1713 1328">
    <p class='ocr_par' dir='ltr' id='par_1_12' title="bbox 292 1250 1713 1328">
     <span class='ocr_line' id='line_1_12' title="bbox 292 1250 1713 1328; baseline -0.005 -16"><span class='ocrx_word' id='word_1_83' title='bbox 292 1257 444 1328; x_wconf 89' lang='lat' dir='ltr'><strong>pacis</strong></span> <span class='ocrx_word' id='word_1_84' title='bbox 472 1271 689 1311; x_wconf 90' lang='lat' dir='ltr'><strong>manere</strong></span> <span class='ocrx_word' id='word_1_85' title='bbox 720 1256 1079 1310; x_wconf 78' lang='lat' dir='ltr'><strong>inflammatos</strong></span> <span class='ocrx_word' id='word_1_86' title='bbox 1108 1250 1402 1323; x_wconf 77' lang='lat' dir='ltr'><strong>cupiditate</strong></span> <span class='ocrx_word' id='word_1_87' title='bbox 1433 1250 1713 1307; x_wconf 90' lang='lat' dir='ltr'><strong>subvertit.</strong></span> 
     </span>
    </p>
   </div>
   <div class='ocr_carea' id='block_1_13' title="bbox 373 1349 1876 1421">
    <p class='ocr_par' dir='ltr' id='par_1_13' title="bbox 373 1349 1876 1421">
     <span class='ocr_line' id='line_1_13' title="bbox 373 1349 1876 1421; baseline 0.003 -19"><span class='ocrx_word' id='word_1_88' title='bbox 373 1369 392 1402; x_wconf 87' lang='grc'><strong>‹</strong></span> <span class='ocrx_word' id='word_1_89' title='bbox 426 1350 757 1420; x_wconf 91' lang='lat' dir='ltr'><strong>Omnemque</strong></span> <span class='ocrx_word' id='word_1_90' title='bbox 777 1352 993 1405; x_wconf 91' lang='lat' dir='ltr'><strong>domum</strong></span> <span class='ocrx_word' id='word_1_91' title='bbox 1018 1349 1312 1405; x_wconf 86' lang='lat' dir='ltr'><strong>combussit</strong></span> <span class='ocrx_word' id='word_1_92' title='bbox 1335 1349 1474 1421; x_wconf 69' lang='lat' dir='ltr'><strong>igni;</strong></span> <span class='ocrx_word' id='word_1_93' title='bbox 1493 1369 1512 1401; x_wconf 75' lang='lat' dir='ltr'><strong>r</strong></span> <span class='ocrx_word' id='word_1_94' title='bbox 1544 1365 1669 1404; x_wconf 87' lang='lat' dir='ltr'><strong>cum</strong></span> <span class='ocrx_word' id='word_1_95' title='bbox 1693 1349 1876 1406; x_wconf 84' lang='lat' dir='ltr'><strong>unius-</strong></span> 
     </span>
    </p>
   </div>
   <div class='ocr_carea' id='block_1_14' title="bbox 295 1440 1874 1515">
    <p class='ocr_par' dir='ltr' id='par_1_14' title="bbox 295 1440 1874 1515">
     <span class='ocr_line' id='line_1_14' title="bbox 295 1440 1874 1515; baseline 0.001 -16"><span class='ocrx_word' id='word_1_96' title='bbox 295 1442 557 1515; x_wconf 86' lang='lat' dir='ltr'><strong>cujusque</strong></span> <span class='ocrx_word' id='word_1_97' title='bbox 594 1444 981 1499; x_wconf 86' lang='lat' dir='ltr'><strong>conscientiam</strong></span> <span class='ocrx_word' id='word_1_98' title='bbox 1013 1459 1112 1515; x_wconf 86' lang='lat' dir='ltr'><strong>per</strong></span> <span class='ocrx_word' id='word_1_99' title='bbox 1150 1440 1423 1498; x_wconf 86' lang='lat' dir='ltr'><strong>ﬂammam</strong></span> <span class='ocrx_word' id='word_1_100' title='bbox 1460 1440 1633 1499; x_wconf 88' lang='lat' dir='ltr'><strong>illiciti</strong></span> <span class='ocrx_word' id='word_1_101' title='bbox 1672 1444 1874 1500; x_wconf 89' lang='lat' dir='ltr'><strong>amoris</strong></span> 
     </span>
    </p>
   </div>
   <div class='ocr_carea' id='block_1_15' title="bbox 294 1536 657 1607">
    <p class='ocr_par' dir='ltr' id='par_1_15' title="bbox 294 1536 657 1607">
     <span class='ocr_line' id='line_1_15' title="bbox 294 1536 657 1607; baseline -0.006 -16"><span class='ocrx_word' id='word_1_102' title='bbox 294 1536 657 1607; x_wconf 82' lang='lat' dir='ltr'><strong>perturbavit.</strong></span> 
     </span>
    </p>
   </div>
   <div class='ocr_carea' id='block_1_16' title="bbox 374 1618 1874 1694">
    <p class='ocr_par' dir='ltr' id='par_1_16' title="bbox 374 1618 1874 1694">
     <span class='ocr_line' id='line_1_16' title="bbox 374 1618 1874 1694; baseline 0.002 -14"><span class='ocrx_word' id='word_1_103' title='bbox 374 1648 393 1680; x_wconf 82' lang='grc'><strong>«</strong></span> <span class='ocrx_word' id='word_1_104' title='bbox 430 1628 497 1683; x_wconf 83' lang='grc' dir='ltr'><strong>Ει</strong></span> <span class='ocrx_word' id='word_1_105' title='bbox 526 1638 708 1683; x_wconf 87' lang='lat' dir='ltr'><strong>muros</strong></span> <span class='ocrx_word' id='word_1_106' title='bbox 730 1620 1027 1682; x_wconf 85' lang='lat' dir='ltr'><strong>Jerusalem</strong></span> <span class='ocrx_word' id='word_1_107' title='bbox 1055 1619 1109 1681; x_wconf 92' lang='lat' dir='ltr'><strong>ln</strong></span> <span class='ocrx_word' id='word_1_108' title='bbox 1135 1620 1367 1682; x_wconf 85' lang='lat' dir='ltr'><strong>circuitu</strong></span> <span class='ocrx_word' id='word_1_109' title='bbox 1388 1618 1675 1694; x_wconf 81' lang='lat' dir='ltr'><strong>destruxit,</strong></span> <span class='ocrx_word' id='word_1_110' title='bbox 1704 1648 1723 1681; x_wconf 77' lang='grc' dir='ltr'><strong><em>ι</em></strong></span> <span class='ocrx_word' id='word_1_111' title='bbox 1751 1638 1874 1683; x_wconf 92' lang='lat' dir='ltr'><strong>cum</strong></span> 
     </span>
    </p>
   </div>
   <div class='ocr_carea' id='block_1_17' title="bbox 296 1718 1873 1790">
    <p class='ocr_par' dir='ltr' id='par_1_17' title="bbox 296 1718 1873 1790">
     <span class='ocr_line' id='line_1_17' title="bbox 296 1718 1873 1790; baseline -0.004 -10"><span class='ocrx_word' id='word_1_112' title='bbox 296 1719 647 1780; x_wconf 82' lang='lat' dir='ltr'><strong>intentionem</strong></span> <span class='ocrx_word' id='word_1_113' title='bbox 671 1722 933 1776; x_wconf 89' lang='lat' dir='ltr'><strong>orationis</strong></span> <span class='ocrx_word' id='word_1_114' title='bbox 955 1728 1010 1775; x_wconf 91' lang='lat' dir='ltr'><strong>et</strong></span> <span class='ocrx_word' id='word_1_115' title='bbox 1034 1720 1292 1775; x_wconf 89' lang='lat' dir='ltr'><strong>virtutum</strong></span> <span class='ocrx_word' id='word_1_116' title='bbox 1321 1718 1517 1786; x_wconf 83' lang='lat' dir='ltr'><strong>studia,</strong></span> <span class='ocrx_word' id='word_1_117' title='bbox 1546 1736 1665 1790; x_wconf 66' lang='lat' dir='ltr'><strong>quae</strong></span> <span class='ocrx_word' id='word_1_118' title='bbox 1687 1730 1873 1776; x_wconf 89' lang='lat' dir='ltr'><strong>contra</strong></span> 
     </span>
    </p>
   </div>
   <div class='ocr_carea' id='block_1_18' title="bbox 1962 610 3535 686">
    <p class='ocr_par' dir='ltr' id='par_1_18' title="bbox 1962 610 3535 686">
     <span class='ocr_line' id='line_1_18' title="bbox 1962 610 3535 686; baseline 0.001 -17"><span class='ocrx_word' id='word_1_119' title='bbox 1962 615 2134 671; x_wconf 90' lang='lat' dir='ltr'><strong>solum</strong></span> <span class='ocrx_word' id='word_1_120' title='bbox 2159 616 2303 669; x_wconf 89' lang='lat' dir='ltr'><strong>enim</strong></span> <span class='ocrx_word' id='word_1_121' title='bbox 2340 614 2645 685; x_wconf 85' lang='lat' dir='ltr'><strong>populares,</strong></span> <span class='ocrx_word' id='word_1_122' title='bbox 2676 612 2773 667; x_wconf 89' lang='lat' dir='ltr'><strong>sed</strong></span> <span class='ocrx_word' id='word_1_123' title='bbox 2800 620 2857 667; x_wconf 89' lang='lat' dir='ltr'><strong>et</strong></span> <span class='ocrx_word' id='word_1_124' title='bbox 2886 610 3056 670; x_wconf 83' lang='lat' dir='ltr'><strong>fortes</strong></span> <span class='ocrx_word' id='word_1_125' title='bbox 3088 621 3142 670; x_wconf 93' lang='lat' dir='ltr'><strong>et</strong></span> <span class='ocrx_word' id='word_1_126' title='bbox 3175 612 3446 686; x_wconf 82' lang='lat' dir='ltr'><strong>principes</strong></span> <span class='ocrx_word' id='word_1_127' title='bbox 3480 615 3535 670; x_wconf 89' lang='lat' dir='ltr'><strong>in</strong></span> 
     </span>
    </p>
   </div>
   <div class='ocr_carea' id='block_1_19' title="bbox 1962 704 3537 779">
    <p class='ocr_par' dir='ltr' id='par_1_19' title="bbox 1962 704 3537 779">
     <span class='ocr_line' id='line_1_19' title="bbox 1962 704 3537 779; baseline 0.001 -17"><span class='ocrx_word' id='word_1_128' title='bbox 1962 706 2207 762; x_wconf 87' lang='lat' dir='ltr'><strong>Ecclesia</strong></span> <span class='ocrx_word' id='word_1_129' title='bbox 2236 704 2479 762; x_wconf 89' lang='lat' dir='ltr'><strong>diabolus</strong></span> <span class='ocrx_word' id='word_1_130' title='bbox 2517 706 2764 775; x_wconf 86' lang='lat' dir='ltr'><strong>decipere</strong></span> <span class='ocrx_word' id='word_1_131' title='bbox 2799 714 2854 760; x_wconf 89' lang='lat' dir='ltr'><strong>et</strong></span> <span class='ocrx_word' id='word_1_132' title='bbox 2887 707 3126 779; x_wconf 88' lang='lat' dir='ltr'><strong>peccatis</strong></span> <span class='ocrx_word' id='word_1_133' title='bbox 3154 708 3426 779; x_wconf 85' lang='lat' dir='ltr'><strong>captivare</strong></span> <span class='ocrx_word' id='word_1_134' title='bbox 3452 723 3537 763; x_wconf 86' lang='lat' dir='ltr'><strong>sa-</strong></span> 
     </span>
    </p>
   </div>
   <div class='ocr_carea' id='block_1_20' title="bbox 1964 794 3539 869">
    <p class='ocr_par' dir='ltr' id='par_1_20' title="bbox 1964 794 3539 869">
     <span class='ocr_line' id='line_1_20' title="bbox 1964 794 3539 869; baseline 0.001 -17"><span class='ocrx_word' id='word_1_135' title='bbox 1964 798 2117 869; x_wconf 84' lang='lat' dir='ltr'><strong>tagit.</strong></span> <span class='ocrx_word' id='word_1_136' title='bbox 2145 796 2298 854; x_wconf 89' lang='lat' dir='ltr'><strong>Unde</strong></span> <span class='ocrx_word' id='word_1_137' title='bbox 2324 798 2389 853; x_wconf 93' lang='lat' dir='ltr'><strong>de</strong></span> <span class='ocrx_word' id='word_1_138' title='bbox 2417 798 2532 867; x_wconf 89' lang='lat' dir='ltr'><strong>ipso</strong></span> <span class='ocrx_word' id='word_1_139' title='bbox 2560 797 2613 853; x_wconf 91' lang='lat' dir='ltr'><strong>in</strong></span> <span class='ocrx_word' id='word_1_140' title='bbox 2637 794 2738 852; x_wconf 85' lang='lat' dir='ltr'><strong>Job</strong></span> <span class='ocrx_word' id='word_1_141' title='bbox 2762 797 3023 868; x_wconf 88' lang='lat' dir='ltr'><strong>scriptum</strong></span> <span class='ocrx_word' id='word_1_142' title='bbox 3050 805 3134 855; x_wconf 91' lang='lat' dir='ltr'><strong>est</strong></span> <span class='ocrx_word' id='word_1_143' title='bbox 3159 817 3172 853; x_wconf 90' lang='lat'>:</span> <span class='ocrx_word' id='word_1_144' title='bbox 3203 817 3221 851; x_wconf 86' lang='grc'>‹</span> <span class='ocrx_word' id='word_1_145' title='bbox 3248 797 3400 855; x_wconf 66' lang='lat' dir='ltr'><strong>Escae</strong></span> <span class='ocrx_word' id='word_1_146' title='bbox 3421 796 3539 868; x_wconf 80' lang='lat' dir='ltr'><strong>ejus</strong></span> 
     </span>
    </p>
   </div>
   <div class='ocr_carea' id='block_1_21' title="bbox 1966 887 3625 962">
    <p class='ocr_par' dir='ltr' id='par_1_21' title="bbox 1966 887 3625 962">
     <span class='ocr_line' id='line_1_21' title="bbox 1966 887 3625 962; baseline 0.001 -17"><span class='ocrx_word' id='word_1_147' title='bbox 1966 888 2149 945; x_wconf 69' lang='lat' dir='ltr'><strong>electu:</strong></span> <span class='ocrx_word' id='word_1_148' title='bbox 2192 898 2318 945; x_wconf 90' lang='lat' dir='ltr'><strong>sunt</strong></span> <span class='ocrx_word' id='word_1_149' title='bbox 2337 889 2486 962; x_wconf 85' lang='lat' dir='ltr'><strong>(Tob.</strong></span> <span class='ocrx_word' id='word_1_150' title='bbox 2526 887 2657 960; x_wconf 80' lang='lat' dir='ltr'><strong>xu).</strong></span> <span class='ocrx_word' id='word_1_151' title='bbox 2691 907 2708 940; x_wconf 74' lang='grc' dir='ltr'><strong><em>ι</em></strong></span> <span class='ocrx_word' id='word_1_152' title='bbox 2736 888 2881 943; x_wconf 88' lang='lat' dir='ltr'><strong>Tulit</strong></span> <span class='ocrx_word' id='word_1_153' title='bbox 2913 904 3127 960; x_wconf 92' lang='lat' dir='ltr'><strong>quoque</strong></span> <span class='ocrx_word' id='word_1_154' title='bbox 3153 890 3421 957; x_wconf 84' lang='lat' dir='ltr'><strong>Samiam,</strong></span> <span class='ocrx_word' id='word_1_155' title='bbox 3446 890 3537 961; x_wconf 90' lang='lat' dir='ltr'><strong>qui</strong></span> <span class='ocrx_word' id='word_1_156' title='bbox 3622 948 3625 957; x_wconf 70' lang='grc'><strong>,</strong></span> 
     </span>
    </p>
   </div>
   <div class='ocr_carea' id='block_1_22' title="bbox 1965 978 3541 1051">
    <p class='ocr_par' dir='ltr' id='par_1_22' title="bbox 1965 978 3541 1051">
     <span class='ocr_line' id='line_1_22' title="bbox 1965 978 3541 1051; baseline -0.001 -16"><span class='ocrx_word' id='word_1_157' title='bbox 1965 982 2353 1051; x_wconf 80' lang='lat' dir='ltr'><strong>interpretatur</strong></span> <span class='ocrx_word' id='word_1_158' title='bbox 2379 983 2598 1043; x_wconf 77' lang='lat' dir='ltr'><strong>vinctus,</strong></span> <span class='ocrx_word' id='word_1_159' title='bbox 2629 980 2963 1035; x_wconf 83' lang='lat' dir='ltr'><strong>sacerdotem</strong></span> <span class='ocrx_word' id='word_1_160' title='bbox 2989 980 3248 1050; x_wconf 88' lang='lat' dir='ltr'><strong>primum,</strong></span> <span class='ocrx_word' id='word_1_161' title='bbox 3279 996 3401 1035; x_wconf 91' lang='lat' dir='ltr'><strong>cum</strong></span> <span class='ocrx_word' id='word_1_162' title='bbox 3430 978 3541 1051; x_wconf 87' lang='lat' dir='ltr'><strong>pri-</strong></span> 
     </span>
    </p>
   </div>
   <div class='ocr_carea' id='block_1_23' title="bbox 1967 1071 3541 1142">
    <p class='ocr_par' dir='ltr' id='par_1_23' title="bbox 1967 1071 3541 1142">
     <span class='ocr_line' id='line_1_23' title="bbox 1967 1071 3541 1142; baseline -0.003 -14"><span class='ocrx_word' id='word_1_163' title='bbox 1967 1089 2113 1128; x_wconf 90' lang='lat' dir='ltr'><strong>mum</strong></span> <span class='ocrx_word' id='word_1_164' title='bbox 2152 1072 2402 1128; x_wconf 68' lang='lat' dir='ltr'><strong>Ecclesiae</strong></span> <span class='ocrx_word' id='word_1_165' title='bbox 2430 1072 2674 1127; x_wconf 90' lang='lat' dir='ltr'><strong>ordinem</strong></span> <span class='ocrx_word' id='word_1_166' title='bbox 2694 1112 2710 1138; x_wconf 96' lang='lat'><strong>,</strong></span> <span class='ocrx_word' id='word_1_167' title='bbox 2739 1072 2830 1141; x_wconf 89' lang='lat' dir='ltr'><strong>qui</strong></span> <span class='ocrx_word' id='word_1_168' title='bbox 2871 1071 2925 1125; x_wconf 92' lang='lat' dir='ltr'><strong>in</strong></span> <span class='ocrx_word' id='word_1_169' title='bbox 2954 1071 3219 1142; x_wconf 88' lang='lat' dir='ltr'><strong>episcopis</strong></span> <span class='ocrx_word' id='word_1_170' title='bbox 3245 1079 3329 1126; x_wconf 90' lang='lat' dir='ltr'><strong>est</strong></span> <span class='ocrx_word' id='word_1_171' title='bbox 3356 1085 3541 1125; x_wconf 91' lang='lat' dir='ltr'><strong>amore</strong></span> 
     </span>
    </p>
   </div>
   <div class='ocr_carea' id='block_1_24' title="bbox 1968 1156 3590 1235">
    <p class='ocr_par' dir='ltr' id='par_1_24' title="bbox 1968 1156 3590 1235">
     <span class='ocr_line' id='line_1_24' title="bbox 1968 1156 3590 1235; baseline -0.004 -16"><span class='ocrx_word' id='word_1_172' title='bbox 1968 1163 2257 1235; x_wconf 87' lang='lat' dir='ltr'><strong>voluptatis</strong></span> <span class='ocrx_word' id='word_1_173' title='bbox 2292 1170 2551 1229; x_wconf 66' lang='lat' dir='ltr'><strong>terrente,</strong></span> <span class='ocrx_word' id='word_1_174' title='bbox 2596 1164 2650 1218; x_wconf 89' lang='lat' dir='ltr'><strong>in</strong></span> <span class='ocrx_word' id='word_1_175' title='bbox 2686 1156 2941 1217; x_wconf 74' lang='lat' dir='ltr'><strong>vitiarunt</strong></span> <span class='ocrx_word' id='word_1_176' title='bbox 2971 1171 3162 1218; x_wconf 88' lang='lat' dir='ltr'><strong>catena</strong></span> <span class='ocrx_word' id='word_1_177' title='bbox 3199 1160 3537 1230; x_wconf 77' lang='lat' dir='ltr'><strong>constringit.</strong></span> <span class='ocrx_word' id='word_1_178' title='bbox 3584 1190 3590 1198; x_wconf 56' lang='grc' dir='ltr'><strong>κ</strong></span> 
     </span>
    </p>
   </div>
   <div class='ocr_carea' id='block_1_25' title="bbox 1976 1254 3545 1330">
    <p class='ocr_par' dir='ltr' id='par_1_25' title="bbox 1976 1254 3545 1330">
     <span class='ocr_line' id='line_1_25' title="bbox 1976 1254 3545 1330; baseline -0.002 -18"><span class='ocrx_word' id='word_1_179' title='bbox 1976 1279 1995 1312; x_wconf 81' lang='grc' dir='ltr'>ι</span> <span class='ocrx_word' id='word_1_180' title='bbox 2031 1256 2173 1314; x_wconf 90' lang='lat' dir='ltr'><strong>Tulit</strong></span> <span class='ocrx_word' id='word_1_181' title='bbox 2199 1275 2411 1330; x_wconf 91' lang='lat' dir='ltr'><strong>quoque</strong></span> <span class='ocrx_word' id='word_1_182' title='bbox 2439 1259 2688 1315; x_wconf 91' lang='lat' dir='ltr'><strong>similiter</strong></span> <span class='ocrx_word' id='word_1_183' title='bbox 2721 1267 2775 1314; x_wconf 90' lang='lat' dir='ltr'><strong>et</strong></span> <span class='ocrx_word' id='word_1_184' title='bbox 2809 1256 3169 1329; x_wconf 89' lang='lat' dir='ltr'><strong>Sophoniam,</strong></span> <span class='ocrx_word' id='word_1_185' title='bbox 3205 1277 3224 1310; x_wconf 73' lang='grc' dir='ltr'><strong><em>ι</em></strong></span> <span class='ocrx_word' id='word_1_186' title='bbox 3258 1258 3350 1328; x_wconf 89' lang='lat' dir='ltr'><strong>qui</strong></span> <span class='ocrx_word' id='word_1_187' title='bbox 3378 1254 3545 1310; x_wconf 87' lang='lat' dir='ltr'><strong>inter-</strong></span> 
     </span>
    </p>
   </div>
   <div class='ocr_carea' id='block_1_26' title="bbox 1969 1349 3547 1423">
    <p class='ocr_par' dir='ltr' id='par_1_26' title="bbox 1969 1349 3547 1423">
     <span class='ocr_line' id='line_1_26' title="bbox 1969 1349 3547 1423; baseline -0.001 -18"><span class='ocrx_word' id='word_1_188' title='bbox 1969 1358 2217 1423; x_wconf 88' lang='lat' dir='ltr'><strong>pretatur</strong></span> <span class='ocrx_word' id='word_1_189' title='bbox 2268 1351 2625 1417; x_wconf 76' lang='lat' dir='ltr'><strong>absconditus,</strong></span> <span class='ocrx_word' id='word_1_190' title='bbox 2670 1349 3005 1408; x_wconf 79' lang='lat' dir='ltr'><strong>sacerdotem</strong></span> <span class='ocrx_word' id='word_1_191' title='bbox 3052 1350 3380 1416; x_wconf 88' lang='lat' dir='ltr'><strong>secundum,</strong></span> <span class='ocrx_word' id='word_1_192' title='bbox 3420 1362 3547 1404; x_wconf 91' lang='lat' dir='ltr'><strong>eum</strong></span> 
     </span>
    </p>
   </div>
   <div class='ocr_carea' id='block_1_27' title="bbox 1972 1441 3547 1513">
    <p class='ocr_par' dir='ltr' id='par_1_27' title="bbox 1972 1441 3547 1513">
     <span class='ocr_line' id='line_1_27' title="bbox 1972 1441 3547 1513; baseline -0.003 -14"><span class='ocrx_word' id='word_1_193' title='bbox 1972 1443 2193 1499; x_wconf 87' lang='lat' dir='ltr'><strong>secundi</strong></span> <span class='ocrx_word' id='word_1_194' title='bbox 2224 1443 2450 1509; x_wconf 88' lang='lat' dir='ltr'><strong>ordinis,</strong></span> <span class='ocrx_word' id='word_1_195' title='bbox 2481 1443 2584 1498; x_wconf 89' lang='lat' dir='ltr'><strong>hoc</strong></span> <span class='ocrx_word' id='word_1_196' title='bbox 2617 1451 2734 1509; x_wconf 91' lang='lat' dir='ltr'><strong>est,</strong></span> <span class='ocrx_word' id='word_1_197' title='bbox 2764 1444 3129 1513; x_wconf 85' lang='lat' dir='ltr'><strong>presbyteros,</strong></span> <span class='ocrx_word' id='word_1_198' title='bbox 3161 1441 3255 1512; x_wconf 88' lang='lat' dir='ltr'><strong>qui</strong></span> <span class='ocrx_word' id='word_1_199' title='bbox 3284 1441 3547 1495; x_wconf 87' lang='lat' dir='ltr'><strong>talentum</strong></span> 
     </span>
    </p>
   </div>
   <div class='ocr_carea' id='block_1_28' title="bbox 1972 1537 3549 1605">
    <p class='ocr_par' dir='ltr' id='par_1_28' title="bbox 1972 1537 3549 1605">
     <span class='ocr_line' id='line_1_28' title="bbox 1972 1537 3549 1605; baseline 0 -14"><span class='ocrx_word' id='word_1_200' title='bbox 1972 1538 2122 1592; x_wconf 86' lang='lat' dir='ltr'><strong>verbi</strong></span> <span class='ocrx_word' id='word_1_201' title='bbox 2160 1538 2253 1593; x_wconf 88' lang='lat' dir='ltr'><strong>Dei</strong></span> <span class='ocrx_word' id='word_1_202' title='bbox 2283 1538 2336 1592; x_wconf 89' lang='lat' dir='ltr'><strong>in</strong></span> <span class='ocrx_word' id='word_1_203' title='bbox 2364 1546 2510 1593; x_wconf 90' lang='lat' dir='ltr'><strong>terra</strong></span> <span class='ocrx_word' id='word_1_204' title='bbox 2538 1537 2802 1596; x_wconf 80' lang='lat' dir='ltr'><strong>fodientes</strong></span> <span class='ocrx_word' id='word_1_205' title='bbox 2830 1539 3225 1597; x_wconf 76' lang='lat' dir='ltr'><strong>absconderant</strong></span> <span class='ocrx_word' id='word_1_206' title='bbox 3244 1572 3261 1605; x_wconf 82' lang='lat'><strong>,</strong></span> <span class='ocrx_word' id='word_1_207' title='bbox 3297 1538 3351 1593; x_wconf 86' lang='lat' dir='ltr'><strong>in</strong></span> <span class='ocrx_word' id='word_1_208' title='bbox 3390 1550 3549 1592; x_wconf 92' lang='lat' dir='ltr'><strong>suum</strong></span> 
     </span>
    </p>
   </div>
   <div class='ocr_carea' id='block_1_29' title="bbox 1974 1625 3553 1701">
    <p class='ocr_par' dir='ltr' id='par_1_29' title="bbox 1974 1625 3553 1701">
     <span class='ocr_line' id='line_1_29' title="bbox 1974 1625 3553 1701; baseline -0.002 -18"><span class='ocrx_word' id='word_1_209' title='bbox 1974 1625 2259 1683; x_wconf 90' lang='lat' dir='ltr'><strong>Dominum</strong></span> <span class='ocrx_word' id='word_1_210' title='bbox 2296 1628 2513 1701; x_wconf 82' lang='lat' dir='ltr'><strong>subigit.</strong></span> <span class='ocrx_word' id='word_1_211' title='bbox 2556 1642 2576 1681; x_wconf 70' lang='grc' dir='ltr'><strong><em>ι</em></strong></span> <span class='ocrx_word' id='word_1_212' title='bbox 2611 1628 2679 1685; x_wconf 85' lang='lat' dir='ltr'><strong>Et</strong></span> <span class='ocrx_word' id='word_1_213' title='bbox 2716 1636 2828 1685; x_wconf 84' lang='lat' dir='ltr'><strong>tres</strong></span> <span class='ocrx_word' id='word_1_214' title='bbox 2857 1627 3162 1700; x_wconf 66' lang='lat' dir='ltr'><strong>ianitores:</strong></span> <span class='ocrx_word' id='word_1_215' title='bbox 3199 1647 3218 1681; x_wconf 75' lang='grc' dir='ltr'><strong><em>ι</em></strong></span> <span class='ocrx_word' id='word_1_216' title='bbox 3261 1626 3380 1684; x_wconf 86' lang='lat' dir='ltr'><strong>illos</strong></span> <span class='ocrx_word' id='word_1_217' title='bbox 3407 1626 3553 1682; x_wconf 89' lang='lat' dir='ltr'><strong>vide-</strong></span> 
     </span>
    </p>
   </div>
   <div class='ocr_carea' id='block_1_30' title="bbox 1974 1717 3554 1791">
    <p class='ocr_par' dir='ltr' id='par_1_30' title="bbox 1974 1717 3554 1791">
     <span class='ocr_line' id='line_1_30' title="bbox 1974 1717 3554 1791; baseline -0.003 -17"><span class='ocrx_word' id='word_1_218' title='bbox 1974 1719 2104 1775; x_wconf 88' lang='lat' dir='ltr'><strong>licet</strong></span> <span class='ocrx_word' id='word_1_219' title='bbox 2122 1717 2386 1788; x_wconf 88' lang='lat' dir='ltr'><strong>janitores</strong></span> <span class='ocrx_word' id='word_1_220' title='bbox 2412 1720 2502 1789; x_wconf 90' lang='lat' dir='ltr'><strong>qui</strong></span> <span class='ocrx_word' id='word_1_221' title='bbox 2524 1721 2725 1776; x_wconf 90' lang='lat' dir='ltr'><strong>ostium</strong></span> <span class='ocrx_word' id='word_1_222' title='bbox 2751 1722 2874 1775; x_wconf 88' lang='lat' dir='ltr'><strong>ﬁdei</strong></span> <span class='ocrx_word' id='word_1_223' title='bbox 2899 1721 3109 1791; x_wconf 88' lang='lat' dir='ltr'><strong>aperire</strong></span> <span class='ocrx_word' id='word_1_224' title='bbox 3136 1720 3464 1784; x_wconf 88' lang='lat' dir='ltr'><strong>debuerant,</strong></span> <span class='ocrx_word' id='word_1_225' title='bbox 3496 1724 3554 1771; x_wconf 91' lang='lat' dir='ltr'><strong>et</strong></span> 
     </span>
    </p>
   </div>
   <div class='ocr_carea' id='block_1_31' title="bbox 296 1810 3553 1883">
    <p class='ocr_par' dir='ltr' id='par_1_31' title="bbox 296 1810 3553 1883">
     <span class='ocr_line' id='line_1_31' title="bbox 296 1810 3553 1883; baseline -0.002 -14"><span class='ocrx_word' id='word_1_226' title='bbox 296 1829 355 1869; x_wconf 91' lang='lat' dir='ltr'><strong>se</strong></span> <span class='ocrx_word' id='word_1_227' title='bbox 395 1813 576 1869; x_wconf 88' lang='lat' dir='ltr'><strong>valere</strong></span> <span class='ocrx_word' id='word_1_228' title='bbox 621 1814 789 1878; x_wconf 91' lang='lat' dir='ltr'><strong>novit,</strong></span> <span class='ocrx_word' id='word_1_229' title='bbox 836 1813 892 1867; x_wconf 94' lang='lat' dir='ltr'><strong>in</strong></span> <span class='ocrx_word' id='word_1_230' title='bbox 938 1812 1348 1882; x_wconf 87' lang='lat' dir='ltr'><strong>desperantibus</strong></span> <span class='ocrx_word' id='word_1_231' title='bbox 1376 1813 1641 1878; x_wconf 85' lang='lat' dir='ltr'><strong>dissolvit,</strong></span> <span class='ocrx_word' id='word_1_232' title='bbox 1677 1828 1745 1867; x_wconf 91' lang='lat' dir='ltr'><strong>ne</strong></span> <span class='ocrx_word' id='word_1_233' title='bbox 1776 1828 1876 1883; x_wconf 91' lang='lat' dir='ltr'><strong>per</strong></span> <span class='ocrx_word' id='word_1_234' title='bbox 1905 1876 1937 1883; x_wconf 33' lang='grc' dir='ltr'><strong><em>Δ</em></strong></span> <span class='ocrx_word' id='word_1_235' title='bbox 1976 1819 2222 1867; x_wconf 86' lang='lat' dir='ltr'><strong>tenentes</strong></span> <span class='ocrx_word' id='word_1_236' title='bbox 2253 1812 2456 1866; x_wconf 77' lang='lat' dir='ltr'><strong>clavem</strong></span> <span class='ocrx_word' id='word_1_237' title='bbox 2486 1812 2745 1877; x_wconf 83' lang='lat' dir='ltr'><strong>scientiae,</strong></span> <span class='ocrx_word' id='word_1_238' title='bbox 2792 1827 2893 1867; x_wconf 88' lang='lat' dir='ltr'><strong>nec</strong></span> <span class='ocrx_word' id='word_1_239' title='bbox 2933 1811 3033 1881; x_wconf 87' lang='lat' dir='ltr'><strong>ipsi</strong></span> <span class='ocrx_word' id='word_1_240' title='bbox 3065 1810 3410 1875; x_wconf 90' lang='lat' dir='ltr'><strong>introierunt,</strong></span> <span class='ocrx_word' id='word_1_241' title='bbox 3451 1822 3553 1863; x_wconf 87' lang='lat' dir='ltr'><strong>nec</strong></span> 
     </span>
    </p>
   </div>
   <div class='ocr_carea' id='block_1_32' title="bbox 296 1876 3061 1975">
    <p class='ocr_par' dir='ltr' id='par_1_32' title="bbox 296 1876 3061 1975">
     <span class='ocr_line' id='line_1_32' title="bbox 296 1876 3061 1975; baseline -0.001 -14"><span class='ocrx_word' id='word_1_242' title='bbox 296 1920 449 1975; x_wconf 84' lang='lat' dir='ltr'><strong>spem</strong></span> <span class='ocrx_word' id='word_1_243' title='bbox 476 1904 646 1959; x_wconf 64' lang='lat' dir='ltr'><strong>venia:</strong></span> <span class='ocrx_word' id='word_1_244' title='bbox 671 1905 738 1959; x_wconf 89' lang='lat' dir='ltr'><strong>ad</strong></span> <span class='ocrx_word' id='word_1_245' title='bbox 761 1903 942 1959; x_wconf 91' lang='lat' dir='ltr'><strong>divina</strong></span> <span class='ocrx_word' id='word_1_246' title='bbox 971 1912 1192 1959; x_wconf 90' lang='lat' dir='ltr'><strong>currant</strong></span> <span class='ocrx_word' id='word_1_247' title='bbox 1216 1904 1434 1968; x_wconf 82' lang='lat' dir='ltr'><strong>auxilia,</strong></span> <span class='ocrx_word' id='word_1_248' title='bbox 1459 1912 1512 1958; x_wconf 89' lang='lat' dir='ltr'><strong>et</strong></span> <span class='ocrx_word' id='word_1_249' title='bbox 1534 1904 1877 1959; x_wconf 88' lang='lat' dir='ltr'><strong>correctioris</strong></span> <span class='ocrx_word' id='word_1_250' title='bbox 1902 1876 1951 1943; x_wconf 77' lang='grc' dir='ltr'><strong><em>Β</em></strong></span> <span class='ocrx_word' id='word_1_251' title='bbox 1978 1904 2112 1960; x_wconf 88' lang='lat' dir='ltr'><strong>alios</strong></span> <span class='ocrx_word' id='word_1_252' title='bbox 2139 1904 2366 1959; x_wconf 90' lang='lat' dir='ltr'><strong>introire</strong></span> <span class='ocrx_word' id='word_1_253' title='bbox 2389 1904 2753 1973; x_wconf 89' lang='lat' dir='ltr'><strong>permiserunt</strong></span> <span class='ocrx_word' id='word_1_254' title='bbox 2784 1903 2932 1975; x_wconf 87' lang='lat' dir='ltr'><strong>(Luc.</strong></span> <span class='ocrx_word' id='word_1_255' title='bbox 2962 1902 3061 1960; x_wconf 61' lang='grc' dir='ltr'><strong>ιι).</strong></span> 
     </span>
    </p>
   </div>
   <div class='ocr_carea' id='block_1_33' title="bbox 295 1997 1879 2068">
    <p class='ocr_par' dir='ltr' id='par_1_33' title="bbox 295 1997 1879 2068">
     <span class='ocr_line' id='line_1_33' title="bbox 295 1997 1879 2068; baseline 0.001 -17"><span class='ocrx_word' id='word_1_256' title='bbox 295 1997 423 2051; x_wconf 72' lang='lat' dir='ltr'><strong>vita:</strong></span> <span class='ocrx_word' id='word_1_257' title='bbox 451 1997 855 2066; x_wconf 86' lang='lat' dir='ltr'><strong>apprehendant</strong></span> <span class='ocrx_word' id='word_1_258' title='bbox 897 1997 1216 2051; x_wconf 88' lang='lat' dir='ltr'><strong>munimina.</strong></span> <span class='ocrx_word' id='word_1_259' title='bbox 1253 2014 1272 2048; x_wconf 88' lang='grc'><strong><em>‹</em></strong></span> <span class='ocrx_word' id='word_1_260' title='bbox 1309 1998 1676 2068; x_wconf 81' lang='lat' dir='ltr'><strong>POpulumque</strong></span> <span class='ocrx_word' id='word_1_261' title='bbox 1707 1998 1760 2052; x_wconf 90' lang='lat' dir='ltr'><strong>in</strong></span> <span class='ocrx_word' id='word_1_262' title='bbox 1787 2013 1879 2053; x_wconf 90' lang='lat' dir='ltr'><strong>ca-</strong></span> 
     </span>
    </p>
   </div>
   <div class='ocr_carea' id='block_1_34' title="bbox 301 2082 1880 2160">
    <p class='ocr_par' dir='ltr' id='par_1_34' title="bbox 301 2082 1880 2160">
     <span class='ocr_line' id='line_1_34' title="bbox 301 2082 1880 2160; baseline 0.003 -20"><span class='ocrx_word' id='word_1_263' title='bbox 301 2105 322 2139; x_wconf 79' lang='lat'><strong>¢</strong></span> <span class='ocrx_word' id='word_1_264' title='bbox 361 2088 662 2159; x_wconf 88' lang='lat' dir='ltr'><strong>ptivitatem</strong></span> <span class='ocrx_word' id='word_1_265' title='bbox 712 2089 947 2154; x_wconf 89' lang='lat' dir='ltr'><strong>ducens,</strong></span> <span class='ocrx_word' id='word_1_266' title='bbox 993 2089 1059 2143; x_wconf 87' lang='lat' dir='ltr'><strong>de</strong></span> <span class='ocrx_word' id='word_1_267' title='bbox 1092 2086 1422 2159; x_wconf 83' lang='lat' dir='ltr'><strong>pauperibus</strong></span> <span class='ocrx_word' id='word_1_268' title='bbox 1462 2092 1623 2144; x_wconf 66' lang='lat' dir='ltr'><strong>terra:</strong></span> <span class='ocrx_word' id='word_1_269' title='bbox 1663 2082 1880 2160; x_wconf 85' lang='lat' dir='ltr'><strong>reliquit</strong></span> 
     </span>
    </p>
   </div>
   <div class='ocr_carea' id='block_1_35' title="bbox 306 2181 1878 2254">
    <p class='ocr_par' dir='ltr' id='par_1_35' title="bbox 306 2181 1878 2254">
     <span class='ocr_line' id='line_1_35' title="bbox 306 2181 1878 2254; baseline 0.004 -21"><span class='ocrx_word' id='word_1_270' title='bbox 306 2198 326 2233; x_wconf 72' lang='grc' dir='ltr'>ι</span> <span class='ocrx_word' id='word_1_271' title='bbox 365 2181 625 2237; x_wconf 84' lang='lat' dir='ltr'><strong>vinitores</strong></span> <span class='ocrx_word' id='word_1_272' title='bbox 653 2189 707 2236; x_wconf 90' lang='lat' dir='ltr'><strong>et</strong></span> <span class='ocrx_word' id='word_1_273' title='bbox 739 2181 1028 2254; x_wconf 83' lang='lat' dir='ltr'><strong>agricolas,</strong></span> <span class='ocrx_word' id='word_1_274' title='bbox 1066 2201 1084 2236; x_wconf 85' lang='grc'><strong>›</strong></span> <span class='ocrx_word' id='word_1_275' title='bbox 1120 2183 1246 2252; x_wconf 90' lang='lat' dir='ltr'><strong>quia</strong></span> <span class='ocrx_word' id='word_1_276' title='bbox 1279 2198 1372 2239; x_wconf 88' lang='lat' dir='ltr'><strong>eos</strong></span> <span class='ocrx_word' id='word_1_277' title='bbox 1399 2184 1491 2254; x_wconf 89' lang='lat' dir='ltr'><strong>qui</strong></span> <span class='ocrx_word' id='word_1_278' title='bbox 1531 2183 1690 2239; x_wconf 88' lang='lat' dir='ltr'><strong>utiles</strong></span> <span class='ocrx_word' id='word_1_279' title='bbox 1715 2184 1878 2239; x_wconf 87' lang='lat' dir='ltr'><strong>verbo</strong></span> 
     </span>
    </p>
   </div>
   <div class='ocr_carea' id='block_1_36' title="bbox 300 2268 1880 2352">
    <p class='ocr_par' dir='ltr' id='par_1_36' title="bbox 300 2268 1880 2352">
     <span class='ocr_line' id='line_1_36' title="bbox 300 2268 1880 2352; baseline 0.003 -25"><span class='ocrx_word' id='word_1_280' title='bbox 300 2280 356 2328; x_wconf 91' lang='lat' dir='ltr'><strong>et</strong></span> <span class='ocrx_word' id='word_1_281' title='bbox 383 2274 628 2343; x_wconf 84' lang='lat' dir='ltr'><strong>exemplo</strong></span> <span class='ocrx_word' id='word_1_282' title='bbox 658 2290 777 2330; x_wconf 89' lang='lat' dir='ltr'><strong>esse</strong></span> <span class='ocrx_word' id='word_1_283' title='bbox 805 2283 1057 2344; x_wconf 89' lang='lat' dir='ltr'><strong>poterant</strong></span> <span class='ocrx_word' id='word_1_284' title='bbox 1078 2291 1175 2345; x_wconf 92' lang='lat' dir='ltr'><strong>per</strong></span> <span class='ocrx_word' id='word_1_285' title='bbox 1200 2276 1332 2331; x_wconf 91' lang='lat' dir='ltr'><strong>vitia</strong></span> <span class='ocrx_word' id='word_1_286' title='bbox 1356 2268 1614 2352; x_wconf 81' lang='lat' dir='ltr'><strong>captivat,</strong></span> <span class='ocrx_word' id='word_1_287' title='bbox 1638 2285 1693 2332; x_wconf 91' lang='lat' dir='ltr'><strong>et</strong></span> <span class='ocrx_word' id='word_1_288' title='bbox 1716 2268 1880 2332; x_wconf 85' lang='lat' dir='ltr'><strong>hebe-</strong></span> 
     </span>
    </p>
   </div>
   <div class='ocr_carea' id='block_1_37' title="bbox 301 2365 1881 2437">
    <p class='ocr_par' dir='ltr' id='par_1_37' title="bbox 301 2365 1881 2437">
     <span class='ocr_line' id='line_1_37' title="bbox 301 2365 1881 2437; baseline 0.002 -18"><span class='ocrx_word' id='word_1_289' title='bbox 301 2365 448 2420; x_wconf 88' lang='lat' dir='ltr'><strong>tibus</strong></span> <span class='ocrx_word' id='word_1_290' title='bbox 480 2367 819 2421; x_wconf 88' lang='lat' dir='ltr'><strong>commendat</strong></span> <span class='ocrx_word' id='word_1_291' title='bbox 845 2366 1249 2437; x_wconf 82' lang='lat' dir='ltr'><strong>agriculturam,</strong></span> <span class='ocrx_word' id='word_1_292' title='bbox 1278 2376 1543 2437; x_wconf 87' lang='lat' dir='ltr'><strong>quatenus</strong></span> <span class='ocrx_word' id='word_1_293' title='bbox 1565 2383 1670 2422; x_wconf 91' lang='lat' dir='ltr'><strong>non</strong></span> <span class='ocrx_word' id='word_1_294' title='bbox 1696 2368 1881 2422; x_wconf 90' lang='lat' dir='ltr'><strong>vinum</strong></span> 
     </span>
    </p>
   </div>
   <div class='ocr_carea' id='block_1_38' title="bbox 302 2455 1881 2527">
    <p class='ocr_par' dir='ltr' id='par_1_38' title="bbox 302 2455 1881 2527">
     <span class='ocr_line' id='line_1_38' title="bbox 302 2455 1881 2527; baseline 0.004 -19"><span class='ocrx_word' id='word_1_295' title='bbox 302 2455 489 2526; x_wconf 60' lang='lat' dir='ltr'><strong>gratiae</strong></span> <span class='ocrx_word' id='word_1_296' title='bbox 538 2457 831 2527; x_wconf 87' lang='lat' dir='ltr'><strong>spiritualis</strong></span> <span class='ocrx_word' id='word_1_297' title='bbox 871 2466 929 2513; x_wconf 88' lang='lat' dir='ltr'><strong>et</strong></span> <span class='ocrx_word' id='word_1_298' title='bbox 965 2458 1293 2513; x_wconf 84' lang='lat' dir='ltr'><strong>frumentum</strong></span> <span class='ocrx_word' id='word_1_299' title='bbox 1341 2475 1487 2514; x_wconf 58' lang='lat' dir='ltr'><strong>sanas</strong></span> <span class='ocrx_word' id='word_1_300' title='bbox 1532 2460 1792 2517; x_wconf 71' lang='lat' dir='ltr'><strong>doctrinm</strong></span> <span class='ocrx_word' id='word_1_301' title='bbox 1827 2460 1881 2515; x_wconf 90' lang='lat' dir='ltr'><strong>in</strong></span> 
     </span>
    </p>
   </div>
   <div class='ocr_carea' id='block_1_39' title="bbox 299 2546 1883 2624">
    <p class='ocr_par' dir='ltr' id='par_1_39' title="bbox 299 2546 1883 2624">
     <span class='ocr_line' id='line_1_39' title="bbox 299 2546 1883 2624; baseline 0.006 -23"><span class='ocrx_word' id='word_1_302' title='bbox 299 2546 475 2603; x_wconf 89' lang='lat' dir='ltr'><strong>vineis</strong></span> <span class='ocrx_word' id='word_1_303' title='bbox 497 2555 553 2603; x_wconf 91' lang='lat' dir='ltr'><strong>et</strong></span> <span class='ocrx_word' id='word_1_304' title='bbox 579 2546 723 2619; x_wconf 86' lang='lat' dir='ltr'><strong>agris</strong></span> <span class='ocrx_word' id='word_1_305' title='bbox 745 2548 1064 2621; x_wconf 91' lang='lat' dir='ltr'><strong>populorum</strong></span> <span class='ocrx_word' id='word_1_306' title='bbox 1094 2549 1406 2619; x_wconf 87' lang='lat' dir='ltr'><strong>frnctiﬁcet,</strong></span> <span class='ocrx_word' id='word_1_307' title='bbox 1436 2552 1533 2609; x_wconf 87' lang='lat' dir='ltr'><strong>sed</strong></span> <span class='ocrx_word' id='word_1_308' title='bbox 1575 2552 1741 2624; x_wconf 72' lang='lat' dir='ltr'><strong>spinae</strong></span> <span class='ocrx_word' id='word_1_309' title='bbox 1768 2568 1883 2610; x_wconf 87' lang='lat' dir='ltr'><strong>ma-</strong></span> 
     </span>
    </p>
   </div>
   <div class='ocr_carea' id='block_1_40' title="bbox 303 2636 1319 2711">
    <p class='ocr_par' dir='ltr' id='par_1_40' title="bbox 303 2636 1319 2711">
     <span class='ocr_line' id='line_1_40' title="bbox 303 2636 1319 2711; baseline 0.004 -18"><span class='ocrx_word' id='word_1_310' title='bbox 303 2637 387 2711; x_wconf 85' lang='lat' dir='ltr'><strong>gis</strong></span> <span class='ocrx_word' id='word_1_311' title='bbox 410 2646 464 2693; x_wconf 91' lang='lat' dir='ltr'><strong>et</strong></span> <span class='ocrx_word' id='word_1_312' title='bbox 499 2636 680 2695; x_wconf 89' lang='lat' dir='ltr'><strong>tribuli</strong></span> <span class='ocrx_word' id='word_1_313' title='bbox 704 2642 960 2697; x_wconf 85' lang='lat' dir='ltr'><strong>vitiorum</strong></span> <span class='ocrx_word' id='word_1_314' title='bbox 989 2651 1319 2698; x_wconf 85' lang='lat' dir='ltr'><strong>excrescant.</strong></span> 
     </span>
    </p>
   </div>
   <div class='ocr_carea' id='block_1_41' title="bbox 382 2728 1885 2805">
    <p class='ocr_par' dir='ltr' id='par_1_41' title="bbox 382 2728 1885 2805">
     <span class='ocr_line' id='line_1_41' title="bbox 382 2728 1885 2805; baseline 0.007 -24"><span class='ocrx_word' id='word_1_315' title='bbox 382 2749 401 2781; x_wconf 84' lang='grc'><em>‹</em></span> <span class='ocrx_word' id='word_1_316' title='bbox 437 2728 726 2787; x_wconf 89' lang='lat' dir='ltr'><strong>Columnas</strong></span> <span class='ocrx_word' id='word_1_317' title='bbox 750 2740 930 2789; x_wconf 89' lang='lat' dir='ltr'><strong>autem</strong></span> <span class='ocrx_word' id='word_1_318' title='bbox 954 2747 1122 2789; x_wconf 61' lang='lat' dir='ltr'><strong>aereas</strong></span> <span class='ocrx_word' id='word_1_319' title='bbox 1149 2749 1268 2804; x_wconf 71' lang='lat' dir='ltr'><strong>quze</strong></span> <span class='ocrx_word' id='word_1_320' title='bbox 1294 2742 1450 2791; x_wconf 89' lang='lat' dir='ltr'><strong>erant</strong></span> <span class='ocrx_word' id='word_1_321' title='bbox 1476 2734 1530 2789; x_wconf 91' lang='lat' dir='ltr'><strong>in</strong></span> <span class='ocrx_word' id='word_1_322' title='bbox 1556 2734 1755 2805; x_wconf 89' lang='lat' dir='ltr'><strong>templo</strong></span> <span class='ocrx_word' id='word_1_323' title='bbox 1779 2736 1885 2791; x_wconf 93' lang='lat' dir='ltr'><strong>Do-</strong></span> 
     </span>
    </p>
   </div>
   <div class='ocr_carea' id='block_1_42' title="bbox 312 2820 1885 2897">
    <p class='ocr_par' dir='ltr' id='par_1_42' title="bbox 312 2820 1885 2897">
     <span class='ocr_line' id='line_1_42' title="bbox 312 2820 1885 2897; baseline 0.006 -23"><span class='ocrx_word' id='word_1_324' title='bbox 312 2839 332 2873; x_wconf 76' lang='grc' dir='ltr'>ι</span> <span class='ocrx_word' id='word_1_325' title='bbox 368 2820 521 2888; x_wconf 88' lang='lat' dir='ltr'><strong>mini,</strong></span> <span class='ocrx_word' id='word_1_326' title='bbox 543 2830 596 2877; x_wconf 90' lang='lat' dir='ltr'><strong>et</strong></span> <span class='ocrx_word' id='word_1_327' title='bbox 620 2824 797 2891; x_wconf 89' lang='lat' dir='ltr'><strong>bases,</strong></span> <span class='ocrx_word' id='word_1_328' title='bbox 824 2832 881 2880; x_wconf 90' lang='lat' dir='ltr'><strong>et</strong></span> <span class='ocrx_word' id='word_1_329' title='bbox 905 2841 1054 2881; x_wconf 89' lang='lat' dir='ltr'><strong>mare</strong></span> <span class='ocrx_word' id='word_1_330' title='bbox 1079 2841 1306 2892; x_wconf 65' lang='lat' dir='ltr'><strong>aeneum,</strong></span> <span class='ocrx_word' id='word_1_331' title='bbox 1335 2828 1478 2897; x_wconf 91' lang='lat' dir='ltr'><strong>quod</strong></span> <span class='ocrx_word' id='word_1_332' title='bbox 1500 2836 1617 2882; x_wconf 88' lang='lat' dir='ltr'><strong>erat</strong></span> <span class='ocrx_word' id='word_1_333' title='bbox 1645 2828 1701 2882; x_wconf 91' lang='lat' dir='ltr'><strong>in</strong></span> <span class='ocrx_word' id='word_1_334' title='bbox 1725 2828 1885 2885; x_wconf 90' lang='lat' dir='ltr'><strong>domo</strong></span> 
     </span>
    </p>
   </div>
   <div class='ocr_carea' id='block_1_43' title="bbox 312 2910 1887 2987">
    <p class='ocr_par' dir='ltr' id='par_1_43' title="bbox 312 2910 1887 2987">
     <span class='ocr_line' id='line_1_43' title="bbox 312 2910 1887 2987; baseline 0.005 -22"><span class='ocrx_word' id='word_1_335' title='bbox 312 2930 333 2965; x_wconf 74' lang='grc' dir='ltr'>ι</span> <span class='ocrx_word' id='word_1_336' title='bbox 368 2910 612 2981; x_wconf 87' lang='lat' dir='ltr'><strong>Domini,</strong></span> <span class='ocrx_word' id='word_1_337' title='bbox 653 2915 1035 2987; x_wconf 84' lang='lat' dir='ltr'><strong>confregerunt</strong></span> <span class='ocrx_word' id='word_1_338' title='bbox 1074 2915 1343 2983; x_wconf 66' lang='lat' dir='ltr'><strong>Chaldzei,</strong></span> <span class='ocrx_word' id='word_1_339' title='bbox 1392 2922 1448 2973; x_wconf 88' lang='lat' dir='ltr'><strong>et</strong></span> <span class='ocrx_word' id='word_1_340' title='bbox 1493 2917 1887 2973; x_wconf 88' lang='lat' dir='ltr'><strong>transtulerunt</strong></span> 
     </span>
    </p>
   </div>
   <div class='ocr_carea' id='block_1_44' title="bbox 313 3005 1888 3079">
    <p class='ocr_par' dir='ltr' id='par_1_44' title="bbox 313 3005 1888 3079">
     <span class='ocr_line' id='line_1_44' title="bbox 313 3005 1888 3079; baseline 0.005 -22"><span class='ocrx_word' id='word_1_341' title='bbox 313 3022 334 3056; x_wconf 76' lang='grc' dir='ltr'>ι</span> <span class='ocrx_word' id='word_1_342' title='bbox 371 3019 445 3060; x_wconf 66' lang='grc' dir='ltr'><strong>ωε</strong></span> <span class='ocrx_word' id='word_1_343' title='bbox 465 3020 623 3061; x_wconf 89' lang='lat' dir='ltr'><strong>omne</strong></span> <span class='ocrx_word' id='word_1_344' title='bbox 646 3005 698 3061; x_wconf 91' lang='lat' dir='ltr'><strong>in</strong></span> <span class='ocrx_word' id='word_1_345' title='bbox 721 3006 1068 3079; x_wconf 84' lang='lat' dir='ltr'><strong>Babylonem.</strong></span> <span class='ocrx_word' id='word_1_346' title='bbox 1101 3028 1120 3061; x_wconf 73' lang='grc' dir='ltr'><strong><em>ι</em></strong></span> <span class='ocrx_word' id='word_1_347' title='bbox 1148 3007 1438 3065; x_wconf 89' lang='lat' dir='ltr'><strong>Columnas</strong></span> <span class='ocrx_word' id='word_1_348' title='bbox 1457 3023 1627 3064; x_wconf 68' lang='lat' dir='ltr'><strong>aereas</strong></span> <span class='ocrx_word' id='word_1_349' title='bbox 1656 3018 1711 3064; x_wconf 90' lang='lat' dir='ltr'><strong>et</strong></span> <span class='ocrx_word' id='word_1_350' title='bbox 1730 3009 1888 3065; x_wconf 87' lang='lat' dir='ltr'><strong>bases</strong></span> 
     </span>
    </p>
   </div>
   <div class='ocr_carea' id='block_1_45' title="bbox 309 3087 1888 3174">
    <p class='ocr_par' dir='ltr' id='par_1_45' title="bbox 309 3087 1888 3174">
     <span class='ocr_line' id='line_1_45' title="bbox 309 3087 1888 3174; baseline 0.002 -19"><span class='ocrx_word' id='word_1_351' title='bbox 309 3097 557 3155; x_wconf 89' lang='lat' dir='ltr'><strong>doctores</strong></span> <span class='ocrx_word' id='word_1_352' title='bbox 596 3116 882 3171; x_wconf 88' lang='lat' dir='ltr'><strong>possumus</strong></span> <span class='ocrx_word' id='word_1_353' title='bbox 915 3087 1182 3172; x_wconf 71' lang='lat' dir='ltr'><strong>accipere,</strong></span> <span class='ocrx_word' id='word_1_354' title='bbox 1222 3101 1314 3172; x_wconf 87' lang='lat' dir='ltr'><strong>qui</strong></span> <span class='ocrx_word' id='word_1_355' title='bbox 1357 3102 1657 3158; x_wconf 89' lang='lat' dir='ltr'><strong>sonoritate</strong></span> <span class='ocrx_word' id='word_1_356' title='bbox 1694 3103 1888 3174; x_wconf 62' lang='lat' dir='ltr'><strong>pratdi-</strong></span> 
     </span>
    </p>
   </div>
   <div class='ocr_carea' id='block_1_46' title="bbox 310 3187 1883 3250">
    <p class='ocr_par' dir='ltr' id='par_1_46' title="bbox 310 3187 1883 3250">
     <span class='ocr_line' id='line_1_46' title="bbox 310 3187 1883 3250; baseline 0.004 -8"><span class='ocrx_word' id='word_1_357' title='bbox 310 3188 542 3245; x_wconf 89' lang='lat' dir='ltr'><strong>cationis</strong></span> <span class='ocrx_word' id='word_1_358' title='bbox 561 3197 617 3246; x_wconf 89' lang='lat' dir='ltr'><strong>et</strong></span> <span class='ocrx_word' id='word_1_359' title='bbox 642 3187 765 3246; x_wconf 88' lang='lat' dir='ltr'><strong>ﬁdei</strong></span> <span class='ocrx_word' id='word_1_360' title='bbox 795 3191 1047 3248; x_wconf 89' lang='lat' dir='ltr'><strong>ﬁrmitate</strong></span> <span class='ocrx_word' id='word_1_361' title='bbox 1070 3192 1370 3249; x_wconf 87' lang='lat' dir='ltr'><strong>debuerunt</strong></span> <span class='ocrx_word' id='word_1_362' title='bbox 1397 3193 1531 3249; x_wconf 87' lang='lat' dir='ltr'><strong>alios</strong></span> <span class='ocrx_word' id='word_1_363' title='bbox 1556 3202 1883 3250; x_wconf 87' lang='lat' dir='ltr'><strong>sustentare.</strong></span> 
     </span>
    </p>
   </div>
   <div class='ocr_carea' id='block_1_47' title="bbox 311 3276 1890 3354">
    <p class='ocr_par' dir='ltr' id='par_1_47' title="bbox 311 3276 1890 3354">
     <span class='ocr_line' id='line_1_47' title="bbox 311 3276 1890 3354; baseline 0.007 -21"><span class='ocrx_word' id='word_1_364' title='bbox 311 3276 459 3333; x_wconf 82' lang='lat' dir='ltr'><strong>Mare</strong></span> <span class='ocrx_word' id='word_1_365' title='bbox 482 3296 690 3335; x_wconf 73' lang='lat' dir='ltr'><strong>aeneum</strong></span> <span class='ocrx_word' id='word_1_366' title='bbox 708 3282 966 3352; x_wconf 85' lang='lat' dir='ltr'><strong>baptismi</strong></span> <span class='ocrx_word' id='word_1_367' title='bbox 995 3280 1292 3349; x_wconf 84' lang='lat' dir='ltr'><strong>lavacrum,</strong></span> <span class='ocrx_word' id='word_1_368' title='bbox 1314 3278 1397 3339; x_wconf 92' lang='lat' dir='ltr'><strong>vel</strong></span> <span class='ocrx_word' id='word_1_369' title='bbox 1423 3286 1890 3354; x_wconf 85' lang='lat' dir='ltr'><strong>compunctionem</strong></span> 
     </span>
    </p>
   </div>
   <div class='ocr_carea' id='block_1_48' title="bbox 308 3368 1893 3447">
    <p class='ocr_par' dir='ltr' id='par_1_48' title="bbox 308 3368 1893 3447">
     <span class='ocr_line' id='line_1_48' title="bbox 308 3368 1893 3447; baseline 0.006 -23"><span class='ocrx_word' id='word_1_370' title='bbox 308 3369 705 3441; x_wconf 87' lang='lat' dir='ltr'><strong>lacrymarum,</strong></span> <span class='ocrx_word' id='word_1_371' title='bbox 742 3373 825 3427; x_wconf 93' lang='lat' dir='ltr'><strong>vel</strong></span> <span class='ocrx_word' id='word_1_372' title='bbox 853 3368 1070 3444; x_wconf 82' lang='lat' dir='ltr'><strong>quidem</strong></span> <span class='ocrx_word' id='word_1_373' title='bbox 1114 3376 1295 3430; x_wconf 92' lang='lat' dir='ltr'><strong>omnia</strong></span> <span class='ocrx_word' id='word_1_374' title='bbox 1324 3372 1561 3431; x_wconf 82' lang='lat' dir='ltr'><strong>Chaldaei</strong></span> <span class='ocrx_word' id='word_1_375' title='bbox 1588 3376 1893 3447; x_wconf 90' lang='lat' dir='ltr'><strong>spirituales</strong></span> 
     </span>
    </p>
   </div>
   <div class='ocr_carea' id='block_1_49' title="bbox 312 3462 1893 3536">
    <p class='ocr_par' dir='ltr' id='par_1_49' title="bbox 312 3462 1893 3536">
     <span class='ocr_line' id='line_1_49' title="bbox 312 3462 1893 3536; baseline 0.006 -21"><span class='ocrx_word' id='word_1_376' title='bbox 312 3476 415 3533; x_wconf 89' lang='lat' dir='ltr'><strong>per</strong></span> <span class='ocrx_word' id='word_1_377' title='bbox 457 3462 703 3517; x_wconf 90' lang='lat' dir='ltr'><strong>inertiam</strong></span> <span class='ocrx_word' id='word_1_378' title='bbox 736 3463 1119 3536; x_wconf 83' lang='lat' dir='ltr'><strong>magistrorum</strong></span> <span class='ocrx_word' id='word_1_379' title='bbox 1151 3464 1217 3522; x_wconf 91' lang='lat' dir='ltr'><strong>de</strong></span> <span class='ocrx_word' id='word_1_380' title='bbox 1247 3466 1405 3522; x_wconf 91' lang='lat' dir='ltr'><strong>domo</strong></span> <span class='ocrx_word' id='word_1_381' title='bbox 1437 3464 1648 3523; x_wconf 88' lang='lat' dir='ltr'><strong>Domini</strong></span> <span class='ocrx_word' id='word_1_382' title='bbox 1677 3468 1893 3524; x_wconf 90' lang='lat' dir='ltr'><strong>auferre</strong></span> 
     </span>
    </p>
   </div>
   <div class='ocr_carea' id='block_1_50' title="bbox 313 3552 1890 3628">
    <p class='ocr_par' dir='ltr' id='par_1_50' title="bbox 313 3552 1890 3628">
     <span class='ocr_line' id='line_1_50' title="bbox 313 3552 1890 3628; baseline 0.006 -21"><span class='ocrx_word' id='word_1_383' title='bbox 313 3552 561 3608; x_wconf 91' lang='lat' dir='ltr'><strong>nituntur</strong></span> <span class='ocrx_word' id='word_1_384' title='bbox 588 3563 643 3610; x_wconf 89' lang='lat' dir='ltr'><strong>et</strong></span> <span class='ocrx_word' id='word_1_385' title='bbox 684 3554 1040 3626; x_wconf 83' lang='lat' dir='ltr'><strong>confringere,</strong></span> <span class='ocrx_word' id='word_1_386' title='bbox 1086 3557 1160 3613; x_wconf 88' lang='lat' dir='ltr'><strong>ita</strong></span> <span class='ocrx_word' id='word_1_387' title='bbox 1196 3567 1256 3613; x_wconf 92' lang='lat' dir='ltr'><strong>ut</strong></span> <span class='ocrx_word' id='word_1_388' title='bbox 1282 3574 1389 3614; x_wconf 91' lang='lat' dir='ltr'><strong>non</strong></span> <span class='ocrx_word' id='word_1_389' title='bbox 1431 3568 1709 3617; x_wconf 88' lang='lat' dir='ltr'><strong>remaneat</strong></span> <span class='ocrx_word' id='word_1_390' title='bbox 1735 3569 1890 3628; x_wconf 88' lang='lat' dir='ltr'><strong>testa,</strong></span> 
     </span>
    </p>
   </div>
   <div class='ocr_carea' id='block_1_51' title="bbox 313 3644 1456 3720">
    <p class='ocr_par' dir='ltr' id='par_1_51' title="bbox 313 3644 1456 3720">
     <span class='ocr_line' id='line_1_51' title="bbox 313 3644 1456 3720; baseline 0.006 -20"><span class='ocrx_word' id='word_1_391' title='bbox 313 3661 419 3717; x_wconf 90' lang='lat' dir='ltr'><strong>qua</strong></span> <span class='ocrx_word' id='word_1_392' title='bbox 448 3644 618 3717; x_wconf 83' lang='lat' dir='ltr'><strong>possit</strong></span> <span class='ocrx_word' id='word_1_393' title='bbox 640 3648 906 3720; x_wconf 84' lang='lat' dir='ltr'><strong>igniculus</strong></span> <span class='ocrx_word' id='word_1_394' title='bbox 935 3650 1060 3705; x_wconf 87' lang='lat' dir='ltr'><strong>ferri</strong></span> <span class='ocrx_word' id='word_1_395' title='bbox 1090 3651 1157 3707; x_wconf 92' lang='lat' dir='ltr'><strong>de</strong></span> <span class='ocrx_word' id='word_1_396' title='bbox 1188 3651 1456 3707; x_wconf 85' lang='lat' dir='ltr'><strong>incendio.</strong></span> 
     </span>
    </p>
   </div>
   <div class='ocr_carea' id='block_1_52' title="bbox 392 3737 1896 3812">
    <p class='ocr_par' dir='ltr' id='par_1_52' title="bbox 392 3737 1896 3812">
     <span class='ocr_line' id='line_1_52' title="bbox 392 3737 1896 3812; baseline 0.007 -23"><span class='ocrx_word' id='word_1_397' title='bbox 392 3758 411 3789; x_wconf 70' lang='grc' dir='ltr'><em>ς</em></span> <span class='ocrx_word' id='word_1_398' title='bbox 448 3737 593 3795; x_wconf 89' lang='lat' dir='ltr'><strong>Ollas</strong></span> <span class='ocrx_word' id='word_1_399' title='bbox 619 3755 831 3810; x_wconf 90' lang='lat' dir='ltr'><strong>quoque</strong></span> <span class='ocrx_word' id='word_1_400' title='bbox 864 3756 1052 3807; x_wconf 67' lang='lat' dir='ltr'><strong>aereas,</strong></span> <span class='ocrx_word' id='word_1_401' title='bbox 1094 3750 1148 3797; x_wconf 91' lang='lat' dir='ltr'><strong>et</strong></span> <span class='ocrx_word' id='word_1_402' title='bbox 1188 3743 1395 3809; x_wconf 87' lang='lat' dir='ltr'><strong>trullas,</strong></span> <span class='ocrx_word' id='word_1_403' title='bbox 1433 3752 1490 3799; x_wconf 92' lang='lat' dir='ltr'><strong>et</strong></span> <span class='ocrx_word' id='word_1_404' title='bbox 1517 3743 1800 3812; x_wconf 88' lang='lat' dir='ltr'><strong>tridentes,</strong></span> <span class='ocrx_word' id='word_1_405' title='bbox 1840 3752 1896 3801; x_wconf 89' lang='lat' dir='ltr'><strong>et</strong></span> 
     </span>
    </p>
   </div>
   <div class='ocr_carea' id='block_1_53' title="bbox 324 3831 1897 3905">
    <p class='ocr_par' dir='ltr' id='par_1_53' title="bbox 324 3831 1897 3905">
     <span class='ocr_line' id='line_1_53' title="bbox 324 3831 1897 3905; baseline 0.004 -22"><span class='ocrx_word' id='word_1_406' title='bbox 324 3848 343 3883; x_wconf 72' lang='grc' dir='ltr'>ι</span> <span class='ocrx_word' id='word_1_407' title='bbox 381 3831 610 3901; x_wconf 84' lang='lat' dir='ltr'><strong>scyphos</strong></span> <span class='ocrx_word' id='word_1_408' title='bbox 641 3841 694 3885; x_wconf 89' lang='lat' dir='ltr'><strong>et</strong></span> <span class='ocrx_word' id='word_1_409' title='bbox 721 3833 1053 3899; x_wconf 84' lang='lat' dir='ltr'><strong>mortariola,</strong></span> <span class='ocrx_word' id='word_1_410' title='bbox 1082 3841 1136 3889; x_wconf 92' lang='lat' dir='ltr'><strong>et</strong></span> <span class='ocrx_word' id='word_1_411' title='bbox 1155 3835 1335 3889; x_wconf 89' lang='lat' dir='ltr'><strong>omnia</strong></span> <span class='ocrx_word' id='word_1_412' title='bbox 1361 3850 1485 3890; x_wconf 89' lang='lat' dir='ltr'><strong>vasa</strong></span> <span class='ocrx_word' id='word_1_413' title='bbox 1508 3850 1678 3900; x_wconf 70' lang='lat' dir='ltr'><strong>aznea,</strong></span> <span class='ocrx_word' id='word_1_414' title='bbox 1702 3835 1756 3889; x_wconf 90' lang='lat' dir='ltr'><strong>in</strong></span> <span class='ocrx_word' id='word_1_415' title='bbox 1778 3834 1897 3905; x_wconf 91' lang='lat' dir='ltr'><strong>qui-</strong></span> 
     </span>
    </p>
   </div>
   <div class='ocr_carea' id='block_1_54' title="bbox 323 3919 1895 3992">
    <p class='ocr_par' dir='ltr' id='par_1_54' title="bbox 323 3919 1895 3992">
     <span class='ocr_line' id='line_1_54' title="bbox 323 3919 1895 3992; baseline 0.004 -19"><span class='ocrx_word' id='word_1_416' title='bbox 323 3941 342 3973; x_wconf 82' lang='grc'><strong>‹</strong></span> <span class='ocrx_word' id='word_1_417' title='bbox 377 3921 477 3976; x_wconf 90' lang='lat' dir='ltr'><strong>bus</strong></span> <span class='ocrx_word' id='word_1_418' title='bbox 509 3919 907 3989; x_wconf 88' lang='lat' dir='ltr'><strong>ministrabant,</strong></span> <span class='ocrx_word' id='word_1_419' title='bbox 946 3922 1201 3979; x_wconf 89' lang='lat' dir='ltr'><strong>tulerunt.</strong></span> <span class='ocrx_word' id='word_1_420' title='bbox 1242 3945 1260 3976; x_wconf 73' lang='grc' dir='ltr'><strong><em>ι</em></strong></span> <span class='ocrx_word' id='word_1_421' title='bbox 1305 3923 1441 3992; x_wconf 86' lang='lat' dir='ltr'><strong>Quia</strong></span> <span class='ocrx_word' id='word_1_422' title='bbox 1475 3923 1684 3979; x_wconf 88' lang='lat' dir='ltr'><strong>diversa</strong></span> <span class='ocrx_word' id='word_1_423' title='bbox 1723 3923 1895 3981; x_wconf 78' lang='lat' dir='ltr'><strong>ofﬁcia</strong></span> 
     </span>
    </p>
   </div>
   <div class='ocr_carea' id='block_1_55' title="bbox 319 4011 1895 4083">
    <p class='ocr_par' dir='ltr' id='par_1_55' title="bbox 319 4011 1895 4083">
     <span class='ocr_line' id='line_1_55' title="bbox 319 4011 1895 4083; baseline 0.003 -16"><span class='ocrx_word' id='word_1_424' title='bbox 319 4011 375 4067; x_wconf 89' lang='lat' dir='ltr'><strong>in</strong></span> <span class='ocrx_word' id='word_1_425' title='bbox 405 4012 787 4069; x_wconf 81' lang='lat' dir='ltr'><strong>ecclesiasticis</strong></span> <span class='ocrx_word' id='word_1_426' title='bbox 809 4014 1087 4071; x_wconf 89' lang='lat' dir='ltr'><strong>ordinibus</strong></span> <span class='ocrx_word' id='word_1_427' title='bbox 1110 4014 1174 4070; x_wconf 91' lang='lat' dir='ltr'><strong>dc</strong></span> <span class='ocrx_word' id='word_1_428' title='bbox 1200 4015 1295 4070; x_wconf 90' lang='lat' dir='ltr'><strong>Dei</strong></span> <span class='ocrx_word' id='word_1_429' title='bbox 1319 4015 1538 4070; x_wconf 88' lang='lat' dir='ltr'><strong>servitio</strong></span> <span class='ocrx_word' id='word_1_430' title='bbox 1568 4016 1895 4083; x_wconf 85' lang='lat' dir='ltr'><strong>auferentes,</strong></span> 
     </span>
    </p>
   </div>
   <div class='ocr_carea' id='block_1_56' title="bbox 319 4107 1584 4178">
    <p class='ocr_par' dir='ltr' id='par_1_56' title="bbox 319 4107 1584 4178">
     <span class='ocr_line' id='line_1_56' title="bbox 319 4107 1584 4178; baseline 0 -16"><span class='ocrx_word' id='word_1_431' title='bbox 319 4107 376 4162; x_wconf 87' lang='lat' dir='ltr'><strong>in</strong></span> <span class='ocrx_word' id='word_1_432' title='bbox 401 4123 556 4162; x_wconf 89' lang='lat' dir='ltr'><strong>suum</strong></span> <span class='ocrx_word' id='word_1_433' title='bbox 582 4122 735 4163; x_wconf 90' lang='lat' dir='ltr'><strong>usum</strong></span> <span class='ocrx_word' id='word_1_434' title='bbox 766 4109 1153 4178; x_wconf 86' lang='lat' dir='ltr'><strong>nequissimum</strong></span> <span class='ocrx_word' id='word_1_435' title='bbox 1182 4116 1584 4163; x_wconf 90' lang='lat' dir='ltr'><strong>converterunt.</strong></span> 
     </span>
    </p>
   </div>
   <div class='ocr_carea' id='block_1_57' title="bbox 397 4194 1896 4269">
    <p class='ocr_par' dir='ltr' id='par_1_57' title="bbox 397 4194 1896 4269">
     <span class='ocr_line' id='line_1_57' title="bbox 397 4194 1896 4269; baseline 0.004 -21"><span class='ocrx_word' id='word_1_436' title='bbox 397 4215 416 4248; x_wconf 87' lang='grc'><em>‹</em></span> <span class='ocrx_word' id='word_1_437' title='bbox 450 4194 669 4252; x_wconf 88' lang='lat' dir='ltr'><strong>Necnon</strong></span> <span class='ocrx_word' id='word_1_438' title='bbox 708 4197 983 4254; x_wconf 86' lang='lat' dir='ltr'><strong>thuribula</strong></span> <span class='ocrx_word' id='word_1_439' title='bbox 1013 4205 1067 4255; x_wconf 89' lang='lat' dir='ltr'><strong>et</strong></span> <span class='ocrx_word' id='word_1_440' title='bbox 1094 4198 1321 4269; x_wconf 91' lang='lat' dir='ltr'><strong>phialas.</strong></span> <span class='ocrx_word' id='word_1_441' title='bbox 1359 4220 1377 4252; x_wconf 76' lang='grc' dir='ltr'><strong><em>ι</em></strong></span> <span class='ocrx_word' id='word_1_442' title='bbox 1412 4199 1546 4254; x_wconf 91' lang='lat' dir='ltr'><strong>Cum</strong></span> <span class='ocrx_word' id='word_1_443' title='bbox 1572 4199 1896 4265; x_wconf 90' lang='lat' dir='ltr'><strong>orationem,</strong></span> 
     </span>
    </p>
   </div>
   <div class='ocr_carea' id='block_1_58' title="bbox 321 4288 1901 4363">
    <p class='ocr_par' dir='ltr' id='par_1_58' title="bbox 321 4288 1901 4363">
     <span class='ocr_line' id='line_1_58' title="bbox 321 4288 1901 4363; baseline 0.003 -21"><span class='ocrx_word' id='word_1_444' title='bbox 321 4303 425 4359; x_wconf 90' lang='lat' dir='ltr'><strong>qua</strong></span> <span class='ocrx_word' id='word_1_445' title='bbox 452 4288 703 4346; x_wconf 88' lang='lat' dir='ltr'><strong>divinitas</strong></span> <span class='ocrx_word' id='word_1_446' title='bbox 726 4290 924 4362; x_wconf 88' lang='lat' dir='ltr'><strong>placari</strong></span> <span class='ocrx_word' id='word_1_447' title='bbox 945 4292 1138 4363; x_wconf 88' lang='lat' dir='ltr'><strong>potuit,</strong></span> <span class='ocrx_word' id='word_1_448' title='bbox 1164 4300 1217 4346; x_wconf 91' lang='lat' dir='ltr'><strong>et</strong></span> <span class='ocrx_word' id='word_1_449' title='bbox 1235 4291 1484 4363; x_wconf 88' lang='lat' dir='ltr'><strong>poculum</strong></span> <span class='ocrx_word' id='word_1_450' title='bbox 1507 4292 1680 4357; x_wconf 90' lang='lat' dir='ltr'><strong>verbi,</strong></span> <span class='ocrx_word' id='word_1_451' title='bbox 1707 4290 1901 4362; x_wconf 90' lang='lat' dir='ltr'><strong>quibus</strong></span> 
     </span>
    </p>
   </div>
   <div class='ocr_carea' id='block_1_59' title="bbox 322 4379 1827 4455">
    <p class='ocr_par' dir='ltr' id='par_1_59' title="bbox 322 4379 1827 4455">
     <span class='ocr_line' id='line_1_59' title="bbox 322 4379 1827 4455; baseline 0.001 -20"><span class='ocrx_word' id='word_1_452' title='bbox 322 4379 449 4437; x_wconf 88' lang='lat' dir='ltr'><strong>lassi</strong></span> <span class='ocrx_word' id='word_1_453' title='bbox 475 4382 760 4438; x_wconf 87' lang='lat' dir='ltr'><strong>refocillari</strong></span> <span class='ocrx_word' id='word_1_454' title='bbox 786 4385 1102 4450; x_wconf 89' lang='lat' dir='ltr'><strong>debuerant,</strong></span> <span class='ocrx_word' id='word_1_455' title='bbox 1131 4384 1467 4455; x_wconf 89' lang='lat' dir='ltr'><strong>impediendo</strong></span> <span class='ocrx_word' id='word_1_456' title='bbox 1492 4384 1827 4439; x_wconf 87' lang='lat' dir='ltr'><strong>subvertunt.</strong></span> 
     </span>
    </p>
   </div>
   <div class='ocr_carea' id='block_1_60' title="bbox 403 4474 1899 4547">
    <p class='ocr_par' dir='ltr' id='par_1_60' title="bbox 403 4474 1899 4547">
     <span class='ocr_line' id='line_1_60' title="bbox 403 4474 1899 4547; baseline 0.001 -22"><span class='ocrx_word' id='word_1_457' title='bbox 403 4493 420 4524; x_wconf 75' lang='grc' dir='ltr'>ι</span> <span class='ocrx_word' id='word_1_458' title='bbox 459 4474 587 4543; x_wconf 72' lang='lat' dir='ltr'><strong>Quae</strong></span> <span class='ocrx_word' id='word_1_459' title='bbox 614 4490 808 4542; x_wconf 91' lang='lat' dir='ltr'><strong>aurea,</strong></span> <span class='ocrx_word' id='word_1_460' title='bbox 838 4491 1000 4531; x_wconf 90' lang='lat' dir='ltr'><strong>aurea</strong></span> <span class='ocrx_word' id='word_1_461' title='bbox 1021 4517 1035 4542; x_wconf 92' lang='lat'><strong>,</strong></span> <span class='ocrx_word' id='word_1_462' title='bbox 1072 4483 1127 4530; x_wconf 91' lang='lat' dir='ltr'><strong>et</strong></span> <span class='ocrx_word' id='word_1_463' title='bbox 1153 4492 1272 4545; x_wconf 63' lang='lat' dir='ltr'><strong>quae</strong></span> <span class='ocrx_word' id='word_1_464' title='bbox 1300 4482 1585 4547; x_wconf 86' lang='lat' dir='ltr'><strong>argentea,</strong></span> <span class='ocrx_word' id='word_1_465' title='bbox 1615 4481 1866 4546; x_wconf 79' lang='lat' dir='ltr'><strong>argentea</strong></span> <span class='ocrx_word' id='word_1_466' title='bbox 1885 4514 1899 4539; x_wconf 97' lang='lat'><strong>,</strong></span> 
     </span>
    </p>
   </div>
   <div class='ocr_carea' id='block_1_61' title="bbox 2055 1989 3555 2063">
    <p class='ocr_par' dir='ltr' id='par_1_61' title="bbox 2055 1989 3555 2063">
     <span class='ocr_line' id='line_1_61' title="bbox 2055 1989 3555 2063; baseline -0.002 -16"><span class='ocrx_word' id='word_1_467' title='bbox 2055 2014 2074 2047; x_wconf 72' lang='grc' dir='ltr'>ι</span> <span class='ocrx_word' id='word_1_468' title='bbox 2117 1996 2185 2050; x_wconf 86' lang='grc' dir='ltr'>Ει</span> <span class='ocrx_word' id='word_1_469' title='bbox 2215 1997 2280 2051; x_wconf 90' lang='lat' dir='ltr'><strong>de</strong></span> <span class='ocrx_word' id='word_1_470' title='bbox 2320 1997 2539 2051; x_wconf 87' lang='lat' dir='ltr'><strong>civitate</strong></span> <span class='ocrx_word' id='word_1_471' title='bbox 2574 1996 2875 2051; x_wconf 89' lang='lat' dir='ltr'><strong>eunuchum</strong></span> <span class='ocrx_word' id='word_1_472' title='bbox 2911 2010 3107 2061; x_wconf 90' lang='lat' dir='ltr'><strong>unum,</strong></span> <span class='ocrx_word' id='word_1_473' title='bbox 3147 1992 3239 2063; x_wconf 89' lang='lat' dir='ltr'><strong>qui</strong></span> <span class='ocrx_word' id='word_1_474' title='bbox 3265 1989 3555 2063; x_wconf 59' lang='lat' dir='ltr'><strong>praefectus</strong></span> 
     </span>
    </p>
   </div>
   <div class='ocr_carea' id='block_1_62' title="bbox 1978 2080 3559 2159">
    <p class='ocr_par' dir='ltr' id='par_1_62' title="bbox 1978 2080 3559 2159">
     <span class='ocr_line' id='line_1_62' title="bbox 1978 2080 3559 2159; baseline -0.006 -15"><span class='ocrx_word' id='word_1_475' title='bbox 1978 2094 2097 2144; x_wconf 88' lang='lat' dir='ltr'><strong>erat</strong></span> <span class='ocrx_word' id='word_1_476' title='bbox 2134 2098 2296 2159; x_wconf 83' lang='lat' dir='ltr'><strong>super</strong></span> <span class='ocrx_word' id='word_1_477' title='bbox 2326 2088 2473 2142; x_wconf 81' lang='lat' dir='ltr'><strong>viros</strong></span> <span class='ocrx_word' id='word_1_478' title='bbox 2510 2086 2817 2143; x_wconf 79' lang='lat' dir='ltr'><strong>bellatores.</strong></span> <span class='ocrx_word' id='word_1_479' title='bbox 2860 2107 2878 2139; x_wconf 73' lang='grc' dir='ltr'><strong><em>ι</em></strong></span> <span class='ocrx_word' id='word_1_480' title='bbox 2926 2086 3217 2141; x_wconf 85' lang='lat' dir='ltr'><strong>Eunuchus</strong></span> <span class='ocrx_word' id='word_1_481' title='bbox 3257 2084 3356 2138; x_wconf 92' lang='lat' dir='ltr'><strong>iste</strong></span> <span class='ocrx_word' id='word_1_482' title='bbox 3393 2080 3559 2152; x_wconf 86' lang='lat' dir='ltr'><strong>signi-</strong></span> 
     </span>
    </p>
   </div>
   <div class='ocr_carea' id='block_1_63' title="bbox 1979 2173 3557 2251">
    <p class='ocr_par' dir='ltr' id='par_1_63' title="bbox 1979 2173 3557 2251">
     <span class='ocr_line' id='line_1_63' title="bbox 1979 2173 3557 2251; baseline -0.008 -14"><span class='ocrx_word' id='word_1_483' title='bbox 1979 2182 2104 2237; x_wconf 90' lang='lat' dir='ltr'><strong>ﬁcat</strong></span> <span class='ocrx_word' id='word_1_484' title='bbox 2140 2196 2232 2236; x_wconf 88' lang='lat' dir='ltr'><strong>eos</strong></span> <span class='ocrx_word' id='word_1_485' title='bbox 2262 2197 2394 2251; x_wconf 89' lang='lat' dir='ltr'><strong>quos</strong></span> <span class='ocrx_word' id='word_1_486' title='bbox 2439 2181 2564 2235; x_wconf 90' lang='lat' dir='ltr'><strong>alibi</strong></span> <span class='ocrx_word' id='word_1_487' title='bbox 2595 2180 2872 2249; x_wconf 89' lang='lat' dir='ltr'><strong>Scriptura</strong></span> <span class='ocrx_word' id='word_1_488' title='bbox 2911 2193 3065 2233; x_wconf 91' lang='lat' dir='ltr'><strong>sacra</strong></span> <span class='ocrx_word' id='word_1_489' title='bbox 3106 2175 3293 2231; x_wconf 81' lang='lat' dir='ltr'><strong>stultas</strong></span> <span class='ocrx_word' id='word_1_490' title='bbox 3336 2173 3557 2244; x_wconf 75' lang='lat' dir='ltr'><strong>virgines</strong></span> 
     </span>
    </p>
   </div>
   <div class='ocr_carea' id='block_1_64' title="bbox 1980 2264 3560 2346">
    <p class='ocr_par' dir='ltr' id='par_1_64' title="bbox 1980 2264 3560 2346">
     <span class='ocr_line' id='line_1_64' title="bbox 1980 2264 3560 2346; baseline -0.008 -15"><span class='ocrx_word' id='word_1_491' title='bbox 1980 2271 2215 2346; x_wconf 83' lang='lat' dir='ltr'><strong>appellat</strong></span> <span class='ocrx_word' id='word_1_492' title='bbox 2251 2266 2467 2346; x_wconf 78' lang='lat' dir='ltr'><strong>(Matth.</strong></span> <span class='ocrx_word' id='word_1_493' title='bbox 2507 2274 2655 2344; x_wconf 87' lang='lat' dir='ltr'><strong>xxv).</strong></span> <span class='ocrx_word' id='word_1_494' title='bbox 2686 2273 2786 2340; x_wconf 91' lang='lat' dir='ltr'><strong>Qui</strong></span> <span class='ocrx_word' id='word_1_495' title='bbox 2818 2288 2944 2327; x_wconf 90' lang='lat' dir='ltr'><strong>vasa</strong></span> <span class='ocrx_word' id='word_1_496' title='bbox 2972 2270 3093 2325; x_wconf 91' lang='lat' dir='ltr'><strong>oleo</strong></span> <span class='ocrx_word' id='word_1_497' title='bbox 3116 2282 3286 2324; x_wconf 90' lang='lat' dir='ltr'><strong>vacua</strong></span> <span class='ocrx_word' id='word_1_498' title='bbox 3313 2268 3365 2322; x_wconf 92' lang='lat' dir='ltr'><strong>in</strong></span> <span class='ocrx_word' id='word_1_499' title='bbox 3394 2264 3560 2321; x_wconf 84' lang='lat' dir='ltr'><strong>matti-</strong></span> 
     </span>
    </p>
   </div>
   <div class='ocr_carea' id='block_1_65' title="bbox 1979 2359 3561 2431">
    <p class='ocr_par' dir='ltr' id='par_1_65' title="bbox 1979 2359 3561 2431">
     <span class='ocr_line' id='line_1_65' title="bbox 1979 2359 3561 2431; baseline -0.009 -8"><span class='ocrx_word' id='word_1_500' title='bbox 1979 2368 2085 2423; x_wconf 85' lang='lat' dir='ltr'><strong>bus</strong></span> <span class='ocrx_word' id='word_1_501' title='bbox 2115 2368 2392 2431; x_wconf 78' lang='lat' dir='ltr'><strong>tenebant,</strong></span> <span class='ocrx_word' id='word_1_502' title='bbox 2420 2366 2756 2421; x_wconf 86' lang='lat' dir='ltr'><strong>continentes</strong></span> <span class='ocrx_word' id='word_1_503' title='bbox 2781 2362 3033 2418; x_wconf 89' lang='lat' dir='ltr'><strong>videlicet</strong></span> <span class='ocrx_word' id='word_1_504' title='bbox 3058 2375 3115 2415; x_wconf 92' lang='lat' dir='ltr'><strong>se</strong></span> <span class='ocrx_word' id='word_1_505' title='bbox 3143 2375 3174 2413; x_wconf 90' lang='lat' dir='ltr'><strong>a</strong></span> <span class='ocrx_word' id='word_1_506' title='bbox 3205 2359 3349 2414; x_wconf 88' lang='lat' dir='ltr'><strong>coitu</strong></span> <span class='ocrx_word' id='word_1_507' title='bbox 3374 2370 3561 2426; x_wconf 91' lang='lat' dir='ltr'><strong>corpo-</strong></span> 
     </span>
    </p>
   </div>
   <div class='ocr_carea' id='block_1_66' title="bbox 1980 2448 3561 2527">
    <p class='ocr_par' dir='ltr' id='par_1_66' title="bbox 1980 2448 3561 2527">
     <span class='ocr_line' id='line_1_66' title="bbox 1980 2448 3561 2527; baseline -0.01 -13"><span class='ocrx_word' id='word_1_508' title='bbox 1980 2459 2079 2515; x_wconf 89' lang='lat' dir='ltr'><strong>rali</strong></span> <span class='ocrx_word' id='word_1_509' title='bbox 2101 2500 2116 2525; x_wconf 90' lang='lat'><strong>,</strong></span> <span class='ocrx_word' id='word_1_510' title='bbox 2141 2474 2241 2513; x_wconf 90' lang='lat' dir='ltr'><strong>nec</strong></span> <span class='ocrx_word' id='word_1_511' title='bbox 2264 2466 2444 2512; x_wconf 87' lang='lat' dir='ltr'><strong>tamen</strong></span> <span class='ocrx_word' id='word_1_512' title='bbox 2473 2457 2655 2511; x_wconf 85' lang='lat' dir='ltr'><strong>oleum</strong></span> <span class='ocrx_word' id='word_1_513' title='bbox 2680 2454 2866 2527; x_wconf 75' lang='lat' dir='ltr'><strong>gratia:</strong></span> <span class='ocrx_word' id='word_1_514' title='bbox 2891 2461 2946 2508; x_wconf 93' lang='lat' dir='ltr'><strong>et</strong></span> <span class='ocrx_word' id='word_1_515' title='bbox 2981 2449 3361 2508; x_wconf 73' lang='lat' dir='ltr'><strong>misericordia:</strong></span> <span class='ocrx_word' id='word_1_516' title='bbox 3388 2448 3443 2503; x_wconf 87' lang='lat' dir='ltr'><strong>in</strong></span> <span class='ocrx_word' id='word_1_517' title='bbox 3468 2461 3561 2517; x_wconf 89' lang='lat' dir='ltr'><strong>pe-</strong></span> 
     </span>
    </p>
   </div>
   <div class='ocr_carea' id='block_1_67' title="bbox 1982 2538 3563 2615">
    <p class='ocr_par' dir='ltr' id='par_1_67' title="bbox 1982 2538 3563 2615">
     <span class='ocr_line' id='line_1_67' title="bbox 1982 2538 3563 2615; baseline -0.011 -7"><span class='ocrx_word' id='word_1_518' title='bbox 1982 2559 2133 2608; x_wconf 87' lang='lat' dir='ltr'><strong>ctore</strong></span> <span class='ocrx_word' id='word_1_519' title='bbox 2157 2567 2254 2606; x_wconf 90' lang='lat' dir='ltr'><strong>suo</strong></span> <span class='ocrx_word' id='word_1_520' title='bbox 2283 2548 2483 2604; x_wconf 88' lang='lat' dir='ltr'><strong>habere</strong></span> <span class='ocrx_word' id='word_1_521' title='bbox 2512 2547 2782 2612; x_wconf 89' lang='lat' dir='ltr'><strong>volebant,</strong></span> <span class='ocrx_word' id='word_1_522' title='bbox 2827 2543 2922 2615; x_wconf 88' lang='lat' dir='ltr'><strong>qui</strong></span> <span class='ocrx_word' id='word_1_523' title='bbox 2966 2542 3168 2598; x_wconf 88' lang='lat' dir='ltr'><strong>frustra</strong></span> <span class='ocrx_word' id='word_1_524' title='bbox 3213 2554 3375 2611; x_wconf 86' lang='lat' dir='ltr'><strong>super</strong></span> <span class='ocrx_word' id='word_1_525' title='bbox 3414 2538 3563 2593; x_wconf 86' lang='lat' dir='ltr'><strong>viros</strong></span> 
     </span>
    </p>
   </div>
   <div class='ocr_carea' id='block_1_68' title="bbox 1981 2630 3564 2703">
    <p class='ocr_par' dir='ltr' id='par_1_68' title="bbox 1981 2630 3564 2703">
     <span class='ocr_line' id='line_1_68' title="bbox 1981 2630 3564 2703; baseline -0.011 -5"><span class='ocrx_word' id='word_1_526' title='bbox 1981 2642 2273 2698; x_wconf 87' lang='lat' dir='ltr'><strong>bellatores</strong></span> <span class='ocrx_word' id='word_1_527' title='bbox 2311 2638 2736 2703; x_wconf 89' lang='lat' dir='ltr'><strong>constituuntur,</strong></span> <span class='ocrx_word' id='word_1_528' title='bbox 2780 2651 2903 2691; x_wconf 90' lang='lat' dir='ltr'><strong>cum</strong></span> <span class='ocrx_word' id='word_1_529' title='bbox 2949 2630 3313 2703; x_wconf 84' lang='lat' dir='ltr'><strong>arrogantiam</strong></span> <span class='ocrx_word' id='word_1_530' title='bbox 3360 2642 3564 2701; x_wconf 65' lang='lat' dir='ltr'><strong>prisca-</strong></span> 
     </span>
    </p>
   </div>
   <div class='ocr_carea' id='block_1_69' title="bbox 1982 2719 3562 2797">
    <p class='ocr_par' dir='ltr' id='par_1_69' title="bbox 1982 2719 3562 2797">
     <span class='ocr_line' id='line_1_69' title="bbox 1982 2719 3562 2797; baseline -0.012 -5"><span class='ocrx_word' id='word_1_531' title='bbox 1982 2751 2113 2792; x_wconf 88' lang='lat' dir='ltr'><strong>vere</strong></span> <span class='ocrx_word' id='word_1_532' title='bbox 2152 2750 2261 2790; x_wconf 92' lang='lat' dir='ltr'><strong>non</strong></span> <span class='ocrx_word' id='word_1_533' title='bbox 2312 2731 2659 2787; x_wconf 86' lang='lat' dir='ltr'><strong>meditantur.</strong></span> <span class='ocrx_word' id='word_1_534' title='bbox 2700 2748 2719 2781; x_wconf 72' lang='grc' dir='ltr'><strong><em>ι</em></strong></span> <span class='ocrx_word' id='word_1_535' title='bbox 2763 2727 2909 2785; x_wconf 88' lang='lat' dir='ltr'><strong>Tulit</strong></span> <span class='ocrx_word' id='word_1_536' title='bbox 2942 2735 2995 2782; x_wconf 90' lang='lat' dir='ltr'><strong>et</strong></span> <span class='ocrx_word' id='word_1_537' title='bbox 3024 2725 3261 2797; x_wconf 90' lang='lat' dir='ltr'><strong>quinque</strong></span> <span class='ocrx_word' id='word_1_538' title='bbox 3301 2722 3450 2776; x_wconf 86' lang='lat' dir='ltr'><strong>viros</strong></span> <span class='ocrx_word' id='word_1_539' title='bbox 3498 2719 3562 2773; x_wconf 86' lang='lat' dir='ltr'><strong>de</strong></span> 
     </span>
    </p>
   </div>
   <div class='ocr_carea' id='block_1_70' title="bbox 1983 2811 3562 2897">
    <p class='ocr_par' dir='ltr' id='par_1_70' title="bbox 1983 2811 3562 2897">
     <span class='ocr_line' id='line_1_70' title="bbox 1983 2811 3562 2897; baseline -0.013 -13"><span class='ocrx_word' id='word_1_540' title='bbox 1983 2827 2072 2884; x_wconf 87' lang='lat' dir='ltr'><strong>his</strong></span> <span class='ocrx_word' id='word_1_541' title='bbox 2107 2827 2198 2897; x_wconf 89' lang='lat' dir='ltr'><strong>qui</strong></span> <span class='ocrx_word' id='word_1_542' title='bbox 2241 2833 2507 2882; x_wconf 90' lang='lat' dir='ltr'><strong>steterant</strong></span> <span class='ocrx_word' id='word_1_543' title='bbox 2551 2837 2734 2879; x_wconf 89' lang='lat' dir='ltr'><strong>coram</strong></span> <span class='ocrx_word' id='word_1_544' title='bbox 2766 2835 2921 2892; x_wconf 86' lang='lat' dir='ltr'><strong>rege,</strong></span> <span class='ocrx_word' id='word_1_545' title='bbox 2968 2839 2985 2870; x_wconf 84' lang='grc'><strong>›</strong></span> <span class='ocrx_word' id='word_1_546' title='bbox 3034 2817 3138 2872; x_wconf 93' lang='lat' dir='ltr'><strong>illis</strong></span> <span class='ocrx_word' id='word_1_547' title='bbox 3177 2811 3442 2885; x_wconf 91' lang='lat' dir='ltr'><strong>profecto,</strong></span> <span class='ocrx_word' id='word_1_548' title='bbox 3472 2825 3562 2880; x_wconf 87' lang='lat' dir='ltr'><strong>qm</strong></span> 
     </span>
    </p>
   </div>
   <div class='ocr_carea' id='block_1_71' title="bbox 1986 2902 3565 2992">
    <p class='ocr_par' dir='ltr' id='par_1_71' title="bbox 1986 2902 3565 2992">
     <span class='ocr_line' id='line_1_71' title="bbox 1986 2902 3565 2992; baseline -0.012 -17"><span class='ocrx_word' id='word_1_549' title='bbox 1986 2921 2223 2992; x_wconf 89' lang='lat' dir='ltr'><strong>quinque</strong></span> <span class='ocrx_word' id='word_1_550' title='bbox 2267 2918 2516 2974; x_wconf 83' lang='lat' dir='ltr'><strong>sensibus</strong></span> <span class='ocrx_word' id='word_1_551' title='bbox 2555 2915 2800 2985; x_wconf 85' lang='lat' dir='ltr'><strong>corporis</strong></span> <span class='ocrx_word' id='word_1_552' title='bbox 2824 2904 3089 2983; x_wconf 82' lang='lat' dir='ltr'><strong>voluptati</strong></span> <span class='ocrx_word' id='word_1_553' title='bbox 3118 2907 3419 2965; x_wconf 89' lang='lat' dir='ltr'><strong>servientes</strong></span> <span class='ocrx_word' id='word_1_554' title='bbox 3450 2902 3565 2971; x_wconf 85' lang='lat' dir='ltr'><strong>regi</strong></span> 
     </span>
    </p>
   </div>
   <div class='ocr_carea' id='block_1_72' title="bbox 1985 3008 2851 3080">
    <p class='ocr_par' dir='ltr' id='par_1_72' title="bbox 1985 3008 2851 3080">
     <span class='ocr_line' id='line_1_72' title="bbox 1985 3008 2851 3080; baseline -0.007 -14"><span class='ocrx_word' id='word_1_555' title='bbox 1985 3012 2242 3066; x_wconf 89' lang='lat' dir='ltr'><strong>vitiorum</strong></span> <span class='ocrx_word' id='word_1_556' title='bbox 2271 3024 2484 3080; x_wconf 89' lang='lat' dir='ltr'><strong>semper</strong></span> <span class='ocrx_word' id='word_1_557' title='bbox 2506 3008 2851 3062; x_wconf 89' lang='lat' dir='ltr'><strong>assistebant.</strong></span> 
     </span>
    </p>
   </div>
   <div class='ocr_carea' id='block_1_73' title="bbox 2063 3086 3569 3171">
    <p class='ocr_par' dir='ltr' id='par_1_73' title="bbox 2063 3086 3569 3171">
     <span class='ocr_line' id='line_1_73' title="bbox 2063 3086 3569 3171; baseline -0.01 -17"><span class='ocrx_word' id='word_1_558' title='bbox 2063 3122 2081 3154; x_wconf 83' lang='lat'><strong>(</strong></span> <span class='ocrx_word' id='word_1_559' title='bbox 2120 3102 2189 3156; x_wconf 87' lang='lat' dir='ltr'><strong>Et</strong></span> <span class='ocrx_word' id='word_1_560' title='bbox 2231 3100 2443 3171; x_wconf 88' lang='lat' dir='ltr'><strong>Sophar</strong></span> <span class='ocrx_word' id='word_1_561' title='bbox 2475 3099 2775 3170; x_wconf 87' lang='lat' dir='ltr'><strong>principem</strong></span> <span class='ocrx_word' id='word_1_562' title='bbox 2820 3094 3122 3160; x_wconf 85' lang='lat' dir='ltr'><strong>exercitus,</strong></span> <span class='ocrx_word' id='word_1_563' title='bbox 3168 3091 3261 3162; x_wconf 90' lang='lat' dir='ltr'><strong>qui</strong></span> <span class='ocrx_word' id='word_1_564' title='bbox 3304 3086 3569 3161; x_wconf 90' lang='lat' dir='ltr'><strong>probabat</strong></span> 
     </span>
    </p>
   </div>
   <div class='ocr_carea' id='block_1_74' title="bbox 1990 3172 3568 3264">
    <p class='ocr_par' dir='ltr' id='par_1_74' title="bbox 1990 3172 3568 3264">
     <span class='ocr_line' id='line_1_74' title="bbox 1990 3172 3568 3264; baseline -0.011 -14"><span class='ocrx_word' id='word_1_565' title='bbox 1990 3172 2198 3250; x_wconf 81' lang='lat' dir='ltr'><strong>tirones</strong></span> <span class='ocrx_word' id='word_1_566' title='bbox 2226 3194 2292 3248; x_wconf 92' lang='lat' dir='ltr'><strong>de</strong></span> <span class='ocrx_word' id='word_1_567' title='bbox 2316 3190 2513 3264; x_wconf 91' lang='lat' dir='ltr'><strong>populo</strong></span> <span class='ocrx_word' id='word_1_568' title='bbox 2539 3199 2719 3245; x_wconf 84' lang='lat' dir='ltr'><strong>terrae.</strong></span> <span class='ocrx_word' id='word_1_569' title='bbox 2754 3209 2772 3240; x_wconf 75' lang='grc' dir='ltr'><strong><em>ι</em></strong></span> <span class='ocrx_word' id='word_1_570' title='bbox 2809 3187 3020 3258; x_wconf 86' lang='lat' dir='ltr'><strong>Sephar</strong></span> <span class='ocrx_word' id='word_1_571' title='bbox 3045 3186 3432 3253; x_wconf 87' lang='lat' dir='ltr'><strong>interpretatur</strong></span> <span class='ocrx_word' id='word_1_572' title='bbox 3459 3180 3568 3234; x_wconf 80' lang='lat' dir='ltr'><strong>dis-</strong></span> 
     </span>
    </p>
   </div>
   <div class='ocr_carea' id='block_1_75' title="bbox 1992 3270 3574 3355">
    <p class='ocr_par' dir='ltr' id='par_1_75' title="bbox 1992 3270 3574 3355">
     <span class='ocr_line' id='line_1_75' title="bbox 1992 3270 3574 3355; baseline -0.009 -16"><span class='ocrx_word' id='word_1_573' title='bbox 1992 3287 2169 3355; x_wconf 83' lang='lat' dir='ltr'><strong>sipans</strong></span> <span class='ocrx_word' id='word_1_574' title='bbox 2198 3280 2285 3338; x_wconf 90' lang='lat' dir='ltr'><strong>vel</strong></span> <span class='ocrx_word' id='word_1_575' title='bbox 2313 3282 2568 3346; x_wconf 78' lang='lat' dir='ltr'><strong>dividens,</strong></span> <span class='ocrx_word' id='word_1_576' title='bbox 2603 3279 2915 3351; x_wconf 84' lang='lat' dir='ltr'><strong>signiﬁcans</strong></span> <span class='ocrx_word' id='word_1_577' title='bbox 2943 3292 3037 3332; x_wconf 92' lang='lat' dir='ltr'><strong>eos</strong></span> <span class='ocrx_word' id='word_1_578' title='bbox 3064 3275 3158 3345; x_wconf 87' lang='lat' dir='ltr'><strong>qui</strong></span> <span class='ocrx_word' id='word_1_579' title='bbox 3196 3273 3359 3329; x_wconf 86' lang='lat' dir='ltr'><strong>rudes</strong></span> <span class='ocrx_word' id='word_1_580' title='bbox 3388 3270 3445 3326; x_wconf 90' lang='lat' dir='ltr'><strong>in</strong></span> <span class='ocrx_word' id='word_1_581' title='bbox 3473 3270 3574 3324; x_wconf 77' lang='lat' dir='ltr'><strong>Ec-</strong></span> 
     </span>
    </p>
   </div>
   <div class='ocr_carea' id='block_1_76' title="bbox 1991 3364 3571 3445">
    <p class='ocr_par' dir='ltr' id='par_1_76' title="bbox 1991 3364 3571 3445">
     <span class='ocr_line' id='line_1_76' title="bbox 1991 3364 3571 3445; baseline -0.011 -13"><span class='ocrx_word' id='word_1_582' title='bbox 1991 3376 2189 3441; x_wconf 88' lang='lat' dir='ltr'><strong>clesia,</strong></span> <span class='ocrx_word' id='word_1_583' title='bbox 2221 3389 2358 3445; x_wconf 89' lang='lat' dir='ltr'><strong>quos</strong></span> <span class='ocrx_word' id='word_1_584' title='bbox 2391 3374 2457 3428; x_wconf 89' lang='lat' dir='ltr'><strong>ad</strong></span> <span class='ocrx_word' id='word_1_585' title='bbox 2494 3371 2740 3428; x_wconf 90' lang='lat' dir='ltr'><strong>militiam</strong></span> <span class='ocrx_word' id='word_1_586' title='bbox 2772 3369 2974 3425; x_wconf 87' lang='lat' dir='ltr'><strong>Christi</strong></span> <span class='ocrx_word' id='word_1_587' title='bbox 3003 3367 3212 3422; x_wconf 90' lang='lat' dir='ltr'><strong>nutrire</strong></span> <span class='ocrx_word' id='word_1_588' title='bbox 3240 3364 3571 3427; x_wconf 80' lang='lat' dir='ltr'><strong>debuerant,</strong></span> 
     </span>
    </p>
   </div>
   <div class='ocr_carea' id='block_1_77' title="bbox 1990 3458 3573 3542">
    <p class='ocr_par' dir='ltr' id='par_1_77' title="bbox 1990 3458 3573 3542">
     <span class='ocr_line' id='line_1_77' title="bbox 1990 3458 3573 3542; baseline -0.01 -18"><span class='ocrx_word' id='word_1_589' title='bbox 1990 3468 2177 3542; x_wconf 91' lang='lat' dir='ltr'><strong>pravis</strong></span> <span class='ocrx_word' id='word_1_590' title='bbox 2218 3466 2477 3536; x_wconf 87' lang='lat' dir='ltr'><strong>exemplis</strong></span> <span class='ocrx_word' id='word_1_591' title='bbox 2516 3465 2860 3534; x_wconf 89' lang='lat' dir='ltr'><strong>dissipantes,</strong></span> <span class='ocrx_word' id='word_1_592' title='bbox 2906 3463 2963 3517; x_wconf 90' lang='lat' dir='ltr'><strong>in</strong></span> <span class='ocrx_word' id='word_1_593' title='bbox 3005 3468 3147 3517; x_wconf 71' lang='lat' dir='ltr'><strong>cmtu</strong></span> <span class='ocrx_word' id='word_1_594' title='bbox 3192 3458 3433 3515; x_wconf 86' lang='lat' dir='ltr'><strong>ﬁdelium</strong></span> <span class='ocrx_word' id='word_1_595' title='bbox 3475 3470 3573 3527; x_wconf 89' lang='lat' dir='ltr'><strong>per</strong></span> 
     </span>
    </p>
   </div>
   <div class='ocr_carea' id='block_1_78' title="bbox 1994 3548 3572 3631">
    <p class='ocr_par' dir='ltr' id='par_1_78' title="bbox 1994 3548 3572 3631">
     <span class='ocr_line' id='line_1_78' title="bbox 1994 3548 3572 3631; baseline -0.011 -13"><span class='ocrx_word' id='word_1_596' title='bbox 1994 3577 2237 3619; x_wconf 89' lang='lat' dir='ltr'><strong>errorem</strong></span> <span class='ocrx_word' id='word_1_597' title='bbox 2276 3567 2634 3631; x_wconf 80' lang='lat' dir='ltr'><strong>sequestram.</strong></span> <span class='ocrx_word' id='word_1_598' title='bbox 2673 3578 2690 3609; x_wconf 76' lang='grc' dir='ltr'><strong><em>ι</em></strong></span> <span class='ocrx_word' id='word_1_599' title='bbox 2724 3557 2791 3611; x_wconf 92' lang='lat' dir='ltr'><strong>Et</strong></span> <span class='ocrx_word' id='word_1_600' title='bbox 2818 3572 2913 3612; x_wconf 83' lang='lat' dir='ltr'><strong>sex</strong></span> <span class='ocrx_word' id='word_1_601' title='bbox 2938 3555 3086 3610; x_wconf 91' lang='lat' dir='ltr'><strong>viros</strong></span> <span class='ocrx_word' id='word_1_602' title='bbox 3124 3560 3179 3609; x_wconf 89' lang='lat' dir='ltr'><strong>et</strong></span> <span class='ocrx_word' id='word_1_603' title='bbox 3215 3551 3396 3623; x_wconf 82' lang='lat' dir='ltr'><strong>vulgo,</strong></span> <span class='ocrx_word' id='word_1_604' title='bbox 3429 3569 3448 3602; x_wconf 73' lang='grc' dir='ltr'><strong><em>ι</em></strong></span> <span class='ocrx_word' id='word_1_605' title='bbox 3481 3548 3572 3618; x_wconf 88' lang='lat' dir='ltr'><strong>qui</strong></span> 
     </span>
    </p>
   </div>
   <div class='ocr_carea' id='block_1_79' title="bbox 1994 3644 3573 3713">
    <p class='ocr_par' dir='ltr' id='par_1_79' title="bbox 1994 3644 3573 3713">
     <span class='ocr_line' id='line_1_79' title="bbox 1994 3644 3573 3713; baseline -0.011 -2"><span class='ocrx_word' id='word_1_606' title='bbox 1994 3652 2201 3711; x_wconf 88' lang='lat' dir='ltr'><strong>inventi</strong></span> <span class='ocrx_word' id='word_1_607' title='bbox 2230 3651 2449 3706; x_wconf 89' lang='lat' dir='ltr'><strong>fuerant</strong></span> <span class='ocrx_word' id='word_1_608' title='bbox 2475 3650 2531 3705; x_wconf 93' lang='lat' dir='ltr'><strong>in</strong></span> <span class='ocrx_word' id='word_1_609' title='bbox 2560 3649 2797 3713; x_wconf 86' lang='lat' dir='ltr'><strong>civitate,</strong></span> <span class='ocrx_word' id='word_1_610' title='bbox 2827 3649 2932 3703; x_wconf 85' lang='lat' dir='ltr'><strong>hoc</strong></span> <span class='ocrx_word' id='word_1_611' title='bbox 2958 3653 3042 3703; x_wconf 88' lang='lat' dir='ltr'><strong>est</strong></span> <span class='ocrx_word' id='word_1_612' title='bbox 3059 3686 3074 3710; x_wconf 90' lang='lat'><strong>,</strong></span> <span class='ocrx_word' id='word_1_613' title='bbox 3099 3644 3291 3701; x_wconf 90' lang='lat' dir='ltr'><strong>stultos</strong></span> <span class='ocrx_word' id='word_1_614' title='bbox 3319 3648 3573 3713; x_wconf 88' lang='lat' dir='ltr'><strong>operato-</strong></span> 
     </span>
    </p>
   </div>
   <div class='ocr_carea' id='block_1_80' title="bbox 1994 3737 3573 3821">
    <p class='ocr_par' dir='ltr' id='par_1_80' title="bbox 1994 3737 3573 3821">
     <span class='ocr_line' id='line_1_80' title="bbox 1994 3737 3573 3821; baseline -0.009 -14"><span class='ocrx_word' id='word_1_615' title='bbox 1994 3767 2085 3807; x_wconf 88' lang='lat' dir='ltr'><strong>res</strong></span> <span class='ocrx_word' id='word_1_616' title='bbox 2104 3751 2198 3821; x_wconf 89' lang='lat' dir='ltr'><strong>qui</strong></span> <span class='ocrx_word' id='word_1_617' title='bbox 2219 3749 2418 3805; x_wconf 91' lang='lat' dir='ltr'><strong>merito</strong></span> <span class='ocrx_word' id='word_1_618' title='bbox 2447 3747 2588 3819; x_wconf 82' lang='lat' dir='ltr'><strong>vulgi</strong></span> <span class='ocrx_word' id='word_1_619' title='bbox 2609 3747 2827 3803; x_wconf 89' lang='lat' dir='ltr'><strong>nomine</strong></span> <span class='ocrx_word' id='word_1_620' title='bbox 2852 3750 3249 3815; x_wconf 83' lang='lat' dir='ltr'><strong>nuncupantur,</strong></span> <span class='ocrx_word' id='word_1_621' title='bbox 3275 3741 3403 3811; x_wconf 87' lang='lat' dir='ltr'><strong>quia</strong></span> <span class='ocrx_word' id='word_1_622' title='bbox 3422 3737 3573 3794; x_wconf 87' lang='lat' dir='ltr'><strong>utili-</strong></span> 
     </span>
    </p>
   </div>
   <div class='ocr_carea' id='block_1_81' title="bbox 1996 3829 3575 3900">
    <p class='ocr_par' dir='ltr' id='par_1_81' title="bbox 1996 3829 3575 3900">
     <span class='ocr_line' id='line_1_81' title="bbox 1996 3829 3575 3900; baseline -0.011 0"><span class='ocrx_word' id='word_1_623' title='bbox 1996 3851 2162 3900; x_wconf 87' lang='lat' dir='ltr'><strong>tatem</strong></span> <span class='ocrx_word' id='word_1_624' title='bbox 2197 3840 2545 3897; x_wconf 90' lang='lat' dir='ltr'><strong>consiliorum</strong></span> <span class='ocrx_word' id='word_1_625' title='bbox 2588 3838 2893 3894; x_wconf 90' lang='lat' dir='ltr'><strong>divinorum</strong></span> <span class='ocrx_word' id='word_1_626' title='bbox 2931 3837 3139 3892; x_wconf 90' lang='lat' dir='ltr'><strong>discere</strong></span> <span class='ocrx_word' id='word_1_627' title='bbox 3181 3840 3236 3889; x_wconf 87' lang='lat' dir='ltr'><strong>et</strong></span> <span class='ocrx_word' id='word_1_628' title='bbox 3275 3832 3434 3888; x_wconf 87' lang='lat' dir='ltr'><strong>factis</strong></span> <span class='ocrx_word' id='word_1_629' title='bbox 3472 3829 3575 3884; x_wconf 88' lang='lat' dir='ltr'><strong>im-</strong></span> 
     </span>
    </p>
   </div>
   <div class='ocr_carea' id='block_1_82' title="bbox 1994 3919 3577 4006">
    <p class='ocr_par' dir='ltr' id='par_1_82' title="bbox 1994 3919 3577 4006">
     <span class='ocr_line' id='line_1_82' title="bbox 1994 3919 3577 4006; baseline -0.01 -18"><span class='ocrx_word' id='word_1_630' title='bbox 1994 3934 2146 4006; x_wconf 91' lang='lat' dir='ltr'><strong>plere</strong></span> <span class='ocrx_word' id='word_1_631' title='bbox 2172 3930 2540 4003; x_wconf 77' lang='lat' dir='ltr'><strong>neglexerant.</strong></span> <span class='ocrx_word' id='word_1_632' title='bbox 2577 3927 2687 3983; x_wconf 83' lang='lat' dir='ltr'><strong>Hos</strong></span> <span class='ocrx_word' id='word_1_633' title='bbox 2718 3927 2926 3984; x_wconf 85' lang='lat' dir='ltr'><strong>scilicet</strong></span> <span class='ocrx_word' id='word_1_634' title='bbox 2953 3939 3141 3980; x_wconf 78' lang='lat' dir='ltr'><strong>euntes</strong></span> <span class='ocrx_word' id='word_1_635' title='bbox 3170 3922 3363 3978; x_wconf 87' lang='lat' dir='ltr'><strong>tollens</strong></span> <span class='ocrx_word' id='word_1_636' title='bbox 3396 3919 3577 3974; x_wconf 75' lang='lat' dir='ltr'><strong>Nabu-</strong></span> 
     </span>
    </p>
   </div>
   <div class='ocr_carea' id='block_1_83' title="bbox 1999 4011 3577 4095">
    <p class='ocr_par' dir='ltr' id='par_1_83' title="bbox 1999 4011 3577 4095">
     <span class='ocr_line' id='line_1_83' title="bbox 1999 4011 3577 4095; baseline -0.008 -15"><span class='ocrx_word' id='word_1_637' title='bbox 1999 4025 2202 4081; x_wconf 88' lang='lat' dir='ltr'><strong>zardan</strong></span> <span class='ocrx_word' id='word_1_638' title='bbox 2242 4022 2494 4095; x_wconf 87' lang='lat' dir='ltr'><strong>princeps</strong></span> <span class='ocrx_word' id='word_1_639' title='bbox 2529 4019 2761 4076; x_wconf 87' lang='lat' dir='ltr'><strong>militum</strong></span> <span class='ocrx_word' id='word_1_640' title='bbox 2789 4019 2944 4075; x_wconf 81' lang='lat' dir='ltr'><strong>duxit</strong></span> <span class='ocrx_word' id='word_1_641' title='bbox 2974 4018 3043 4072; x_wconf 75' lang='lat' dir='ltr'><strong>ad</strong></span> <span class='ocrx_word' id='word_1_642' title='bbox 3082 4030 3262 4088; x_wconf 80' lang='lat' dir='ltr'><strong>regem</strong></span> <span class='ocrx_word' id='word_1_643' title='bbox 3288 4011 3577 4083; x_wconf 72' lang='lat' dir='ltr'><strong>Babylonis</strong></span> 
     </span>
    </p>
   </div>
   <div class='ocr_carea' id='block_1_84' title="bbox 1999 4117 2378 4174">
    <p class='ocr_par' dir='ltr' id='par_1_84' title="bbox 1999 4117 2378 4174">
     <span class='ocr_line' id='line_1_84' title="bbox 1999 4117 2378 4174; baseline -0.011 0"><span class='ocrx_word' id='word_1_644' title='bbox 1999 4119 2055 4174; x_wconf 91' lang='lat' dir='ltr'><strong>in</strong></span> <span class='ocrx_word' id='word_1_645' title='bbox 2091 4117 2378 4174; x_wconf 81' lang='lat' dir='ltr'><strong>Beblatha.</strong></span> 
     </span>
    </p>
   </div>
   <div class='ocr_carea' id='block_1_85' title="bbox 2076 4195 3576 4277">
    <p class='ocr_par' dir='ltr' id='par_1_85' title="bbox 2076 4195 3576 4277">
     <span class='ocr_line' id='line_1_85' title="bbox 2076 4195 3576 4277; baseline -0.007 -16"><span class='ocrx_word' id='word_1_646' title='bbox 2076 4229 2093 4261; x_wconf 74' lang='grc' dir='ltr'>ι</span> <span class='ocrx_word' id='word_1_647' title='bbox 2129 4207 2512 4277; x_wconf 88' lang='lat' dir='ltr'><strong>Percussitque</strong></span> <span class='ocrx_word' id='word_1_648' title='bbox 2546 4221 2640 4262; x_wconf 91' lang='lat' dir='ltr'><strong>eos</strong></span> <span class='ocrx_word' id='word_1_649' title='bbox 2665 4219 2762 4260; x_wconf 84' lang='lat' dir='ltr'><strong>rex</strong></span> <span class='ocrx_word' id='word_1_650' title='bbox 2789 4203 3110 4276; x_wconf 78' lang='lat' dir='ltr'><strong>Babylonis,</strong></span> <span class='ocrx_word' id='word_1_651' title='bbox 3138 4207 3193 4256; x_wconf 90' lang='lat' dir='ltr'><strong>et</strong></span> <span class='ocrx_word' id='word_1_652' title='bbox 3221 4195 3492 4255; x_wconf 86' lang='lat' dir='ltr'><strong>interfecit</strong></span> <span class='ocrx_word' id='word_1_653' title='bbox 3520 4195 3576 4250; x_wconf 89' lang='lat' dir='ltr'><strong>in</strong></span> 
     </span>
    </p>
   </div>
   <div class='ocr_carea' id='block_1_86' title="bbox 2000 4290 3578 4364">
    <p class='ocr_par' dir='ltr' id='par_1_86' title="bbox 2000 4290 3578 4364">
     <span class='ocr_line' id='line_1_86' title="bbox 2000 4290 3578 4364; baseline -0.009 -8"><span class='ocrx_word' id='word_1_654' title='bbox 2000 4301 2267 4358; x_wconf 82' lang='lat' dir='ltr'><strong>Reblatba</strong></span> <span class='ocrx_word' id='word_1_655' title='bbox 2288 4301 2343 4355; x_wconf 86' lang='lat' dir='ltr'><strong>in</strong></span> <span class='ocrx_word' id='word_1_656' title='bbox 2367 4309 2513 4354; x_wconf 82' lang='lat' dir='ltr'><strong>terra</strong></span> <span class='ocrx_word' id='word_1_657' title='bbox 2535 4297 2749 4361; x_wconf 72' lang='lat' dir='ltr'><strong>Emath,</strong></span> <span class='ocrx_word' id='word_1_658' title='bbox 2780 4317 2798 4348; x_wconf 74' lang='grc' dir='ltr'><strong><em>ι</em></strong></span> <span class='ocrx_word' id='word_1_659' title='bbox 2830 4296 2956 4364; x_wconf 82' lang='lat' dir='ltr'><strong>quia</strong></span> <span class='ocrx_word' id='word_1_660' title='bbox 2980 4293 3233 4363; x_wconf 87' lang='lat' dir='ltr'><strong>antiquus</strong></span> <span class='ocrx_word' id='word_1_661' title='bbox 3259 4290 3431 4345; x_wconf 89' lang='lat' dir='ltr'><strong>hostis</strong></span> <span class='ocrx_word' id='word_1_662' title='bbox 3455 4301 3578 4343; x_wconf 88' lang='lat' dir='ltr'><strong>eum</strong></span> 
     </span>
    </p>
   </div>
   <div class='ocr_carea' id='block_1_87' title="bbox 1948 4378 3581 4463">
    <p class='ocr_par' dir='ltr' id='par_1_87' title="bbox 1948 4378 3581 4463">
     <span class='ocr_line' id='line_1_87' title="bbox 1948 4378 3581 4463; baseline -0.01 -15"><span class='ocrx_word' id='word_1_663' title='bbox 1948 4403 1956 4411; x_wconf 93' lang='lat'>&#39;</span> <span class='ocrx_word' id='word_1_664' title='bbox 2001 4408 2098 4463; x_wconf 90' lang='lat' dir='ltr'><strong>per</strong></span> <span class='ocrx_word' id='word_1_665' title='bbox 2129 4391 2425 4463; x_wconf 77' lang='lat' dir='ltr'><strong>nequitiam</strong></span> <span class='ocrx_word' id='word_1_666' title='bbox 2457 4404 2610 4445; x_wconf 84' lang='lat' dir='ltr'><strong>suam</strong></span> <span class='ocrx_word' id='word_1_667' title='bbox 2642 4387 2802 4441; x_wconf 89' lang='lat' dir='ltr'><strong>talem</strong></span> <span class='ocrx_word' id='word_1_668' title='bbox 2824 4386 3062 4455; x_wconf 59' lang='lat' dir='ltr'><strong>prsidem</strong></span> <span class='ocrx_word' id='word_1_669' title='bbox 3088 4384 3157 4439; x_wconf 84' lang='lat' dir='ltr'><strong>ab</strong></span> <span class='ocrx_word' id='word_1_670' title='bbox 3176 4380 3416 4436; x_wconf 84' lang='lat' dir='ltr'><strong>Ecclesia</strong></span> <span class='ocrx_word' id='word_1_671' title='bbox 3443 4378 3581 4434; x_wconf 85' lang='lat' dir='ltr'><strong>evel-</strong></span> 
     </span>
    </p>
   </div>
   <div class='ocr_carea' id='block_1_88' title="bbox 2004 4471 3582 4548">
    <p class='ocr_par' dir='ltr' id='par_1_88' title="bbox 2004 4471 3582 4548">
     <span class='ocr_line' id='line_1_88' title="bbox 2004 4471 3582 4548; baseline -0.009 -11"><span class='ocrx_word' id='word_1_672' title='bbox 2004 4482 2119 4539; x_wconf 90' lang='lat' dir='ltr'><strong>lens</strong></span> <span class='ocrx_word' id='word_1_673' title='bbox 2150 4481 2311 4548; x_wconf 87' lang='lat' dir='ltr'><strong>tollit,</strong></span> <span class='ocrx_word' id='word_1_674' title='bbox 2339 4481 2444 4536; x_wconf 83' lang='lat' dir='ltr'><strong>hoc</strong></span> <span class='ocrx_word' id='word_1_675' title='bbox 2478 4486 2602 4534; x_wconf 89' lang='lat' dir='ltr'><strong>voto</strong></span> <span class='ocrx_word' id='word_1_676' title='bbox 2628 4478 2825 4542; x_wconf 87' lang='lat' dir='ltr'><strong>ambit,</strong></span> <span class='ocrx_word' id='word_1_677' title='bbox 2865 4476 2968 4533; x_wconf 85' lang='lat' dir='ltr'><strong>hoc</strong></span> <span class='ocrx_word' id='word_1_678' title='bbox 2998 4483 3113 4531; x_wconf 91' lang='lat' dir='ltr'><strong>toto</strong></span> <span class='ocrx_word' id='word_1_679' title='bbox 3145 4473 3329 4529; x_wconf 83' lang='lat' dir='ltr'><strong>studio</strong></span> <span class='ocrx_word' id='word_1_680' title='bbox 3355 4471 3491 4543; x_wconf 87' lang='lat' dir='ltr'><strong>agit,</strong></span> <span class='ocrx_word' id='word_1_681' title='bbox 3522 4478 3582 4525; x_wconf 84' lang='lat' dir='ltr'><strong>ut</strong></span> 
     </span>
    </p>
   </div>
   <div class='ocr_carea' id='block_1_89' title="bbox 331 4563 3573 4648">
    <p class='ocr_par' dir='ltr' id='par_1_89' title="bbox 331 4563 3573 4648">
     <span class='ocr_line' id='line_1_89' title="bbox 331 4563 3573 4648; baseline 0.001 -32"><span class='ocrx_word' id='word_1_682' title='bbox 331 4584 349 4616; x_wconf 71' lang='grc' dir='ltr'><strong><em>ο</em></strong></span> <span class='ocrx_word' id='word_1_683' title='bbox 387 4565 506 4619; x_wconf 89' lang='lat' dir='ltr'><strong>tulit</strong></span> <span class='ocrx_word' id='word_1_684' title='bbox 536 4565 786 4636; x_wconf 89' lang='lat' dir='ltr'><strong>princeps</strong></span> <span class='ocrx_word' id='word_1_685' title='bbox 812 4565 1033 4619; x_wconf 66' lang='lat' dir='ltr'><strong>militim.</strong></span> <span class='ocrx_word' id='word_1_686' title='bbox 1071 4584 1087 4616; x_wconf 79' lang='grc' dir='ltr'><strong>ι</strong></span> <span class='ocrx_word' id='word_1_687' title='bbox 1123 4564 1258 4633; x_wconf 85' lang='lat' dir='ltr'><strong>Quia</strong></span> <span class='ocrx_word' id='word_1_688' title='bbox 1292 4573 1400 4619; x_wconf 90' lang='lat' dir='ltr'><strong>tam</strong></span> <span class='ocrx_word' id='word_1_689' title='bbox 1436 4580 1653 4620; x_wconf 90' lang='lat' dir='ltr'><strong>sensum</strong></span> <span class='ocrx_word' id='word_1_690' title='bbox 1697 4564 1902 4633; x_wconf 88' lang='lat' dir='ltr'><strong>pretio-</strong></span> <span class='ocrx_word' id='word_1_691' title='bbox 1928 4587 1982 4648; x_wconf 69' lang='grc' dir='ltr'>Β</span> <span class='ocrx_word' id='word_1_692' title='bbox 2008 4579 2074 4634; x_wconf 65' lang='grc' dir='ltr'><strong>,ά</strong></span> <span class='ocrx_word' id='word_1_693' title='bbox 2116 4584 2390 4647; x_wconf 58' lang='lat' dir='ltr'><strong>perpetua,</strong></span> <span class='ocrx_word' id='word_1_694' title='bbox 2433 4572 2626 4629; x_wconf 64' lang='lat' dir='ltr'><strong>mortis</strong></span> <span class='ocrx_word' id='word_1_695' title='bbox 2671 4569 3101 4627; x_wconf 74' lang='lat' dir='ltr'><strong>interfectionem</strong></span> <span class='ocrx_word' id='word_1_696' title='bbox 3140 4582 3237 4624; x_wconf 85' lang='lat' dir='ltr'><strong>eos</strong></span> <span class='ocrx_word' id='word_1_697' title='bbox 3290 4563 3573 4635; x_wconf 80' lang='lat' dir='ltr'><strong>perducat.</strong></span> 
     </span>
    </p>
   </div>
   <div class='ocr_carea' id='block_1_90' title="bbox 326 4654 1902 4727">
    <p class='ocr_par' dir='ltr' id='par_1_90' title="bbox 326 4654 1902 4727">
     <span class='ocr_line' id='line_1_90' title="bbox 326 4654 1902 4727; baseline 0 -18"><span class='ocrx_word' id='word_1_698' title='bbox 326 4670 443 4709; x_wconf 90' lang='lat' dir='ltr'><strong>sum</strong></span> <span class='ocrx_word' id='word_1_699' title='bbox 479 4671 638 4725; x_wconf 90' lang='lat' dir='ltr'><strong>quam</strong></span> <span class='ocrx_word' id='word_1_700' title='bbox 676 4656 838 4711; x_wconf 90' lang='lat' dir='ltr'><strong>etiam</strong></span> <span class='ocrx_word' id='word_1_701' title='bbox 866 4654 1067 4727; x_wconf 90' lang='lat' dir='ltr'><strong>eloquii</strong></span> <span class='ocrx_word' id='word_1_702' title='bbox 1095 4664 1432 4711; x_wconf 88' lang='lat' dir='ltr'><strong>venustatem</strong></span> <span class='ocrx_word' id='word_1_703' title='bbox 1472 4655 1643 4711; x_wconf 88' lang='lat' dir='ltr'><strong>hostis</strong></span> <span class='ocrx_word' id='word_1_704' title='bbox 1672 4671 1902 4725; x_wconf 91' lang='lat' dir='ltr'><strong>nequam</strong></span> 
     </span>
    </p>
   </div>
   <div class='ocr_carea' id='block_1_91' title="bbox 326 4742 1905 4813">
    <p class='ocr_par' dir='ltr' id='par_1_91' title="bbox 326 4742 1905 4813">
     <span class='ocr_line' id='line_1_91' title="bbox 326 4742 1905 4813; baseline 0.001 -14"><span class='ocrx_word' id='word_1_705' title='bbox 326 4744 392 4799; x_wconf 88' lang='lat' dir='ltr'><strong>de</strong></span> <span class='ocrx_word' id='word_1_706' title='bbox 421 4744 578 4800; x_wconf 92' lang='lat' dir='ltr'><strong>domo</strong></span> <span class='ocrx_word' id='word_1_707' title='bbox 614 4742 825 4800; x_wconf 90' lang='lat' dir='ltr'><strong>Domini</strong></span> <span class='ocrx_word' id='word_1_708' title='bbox 869 4744 1080 4801; x_wconf 90' lang='lat' dir='ltr'><strong>auferre</strong></span> <span class='ocrx_word' id='word_1_709' title='bbox 1109 4744 1343 4813; x_wconf 90' lang='lat' dir='ltr'><strong>molitur,</strong></span> <span class='ocrx_word' id='word_1_710' title='bbox 1380 4756 1435 4801; x_wconf 94' lang='lat' dir='ltr'><strong>et</strong></span> <span class='ocrx_word' id='word_1_711' title='bbox 1472 4762 1653 4803; x_wconf 89' lang='lat' dir='ltr'><strong>secum</strong></span> <span class='ocrx_word' id='word_1_712' title='bbox 1692 4744 1745 4802; x_wconf 91' lang='lat' dir='ltr'><strong>in</strong></span> <span class='ocrx_word' id='word_1_713' title='bbox 1776 4761 1905 4802; x_wconf 90' lang='lat' dir='ltr'><strong>con-</strong></span> 
     </span>
    </p>
   </div>
   <div class='ocr_carea' id='block_1_92' title="bbox 326 4834 840 4894">
    <p class='ocr_par' dir='ltr' id='par_1_92' title="bbox 326 4834 840 4894">
     <span class='ocr_line' id='line_1_92' title="bbox 326 4834 840 4894; baseline 0.008 -4"><span class='ocrx_word' id='word_1_714' title='bbox 326 4834 593 4891; x_wconf 82' lang='lat' dir='ltr'><strong>fusionem</strong></span> <span class='ocrx_word' id='word_1_715' title='bbox 625 4836 840 4894; x_wconf 89' lang='lat' dir='ltr'><strong>ducere.</strong></span> 
     </span>
    </p>
   </div>
   <div class='ocr_carea' id='block_1_93' title="bbox 406 4922 1902 5003">
    <p class='ocr_par' dir='ltr' id='par_1_93' title="bbox 406 4922 1902 5003">
     <span class='ocr_line' id='line_1_93' title="bbox 406 4922 1902 5003; baseline 0.006 -23"><span class='ocrx_word' id='word_1_716' title='bbox 406 4947 425 4978; x_wconf 85' lang='grc'><em>‹</em></span> <span class='ocrx_word' id='word_1_717' title='bbox 461 4922 605 4983; x_wconf 88' lang='lat' dir='ltr'><strong>Tulit</strong></span> <span class='ocrx_word' id='word_1_718' title='bbox 631 4944 846 5000; x_wconf 85' lang='lat' dir='ltr'><strong>quoque</strong></span> <span class='ocrx_word' id='word_1_719' title='bbox 883 4929 1132 5003; x_wconf 86' lang='lat' dir='ltr'><strong>princeps</strong></span> <span class='ocrx_word' id='word_1_720' title='bbox 1169 4931 1375 4988; x_wconf 74' lang='lat' dir='ltr'><strong>militiae</strong></span> <span class='ocrx_word' id='word_1_721' title='bbox 1412 4926 1686 4988; x_wconf 89' lang='lat' dir='ltr'><strong>Sarariam</strong></span> <span class='ocrx_word' id='word_1_722' title='bbox 1719 4950 1902 4991; x_wconf 87' lang='lat' dir='ltr'><strong>sacer-</strong></span> 
     </span>
    </p>
   </div>
   <div class='ocr_carea' id='block_1_94' title="bbox 334 5017 1904 5095">
    <p class='ocr_par' dir='ltr' id='par_1_94' title="bbox 334 5017 1904 5095">
     <span class='ocr_line' id='line_1_94' title="bbox 334 5017 1904 5095; baseline 0.007 -24"><span class='ocrx_word' id='word_1_723' title='bbox 334 5037 353 5071; x_wconf 75' lang='grc' dir='ltr'>ι</span> <span class='ocrx_word' id='word_1_724' title='bbox 392 5017 569 5075; x_wconf 88' lang='lat' dir='ltr'><strong>dotem</strong></span> <span class='ocrx_word' id='word_1_725' title='bbox 607 5021 840 5091; x_wconf 89' lang='lat' dir='ltr'><strong>primum</strong></span> <span class='ocrx_word' id='word_1_726' title='bbox 861 5065 874 5089; x_wconf 96' lang='lat'><strong>,</strong></span> <span class='ocrx_word' id='word_1_727' title='bbox 905 5033 960 5078; x_wconf 91' lang='lat' dir='ltr'><strong>et</strong></span> <span class='ocrx_word' id='word_1_728' title='bbox 996 5023 1323 5095; x_wconf 82' lang='lat' dir='ltr'><strong>SOphoniam</strong></span> <span class='ocrx_word' id='word_1_729' title='bbox 1354 5025 1688 5080; x_wconf 85' lang='lat' dir='ltr'><strong>sacerdotem</strong></span> <span class='ocrx_word' id='word_1_730' title='bbox 1716 5042 1904 5083; x_wconf 86' lang='lat' dir='ltr'><strong>secun-</strong></span> 
     </span>
    </p>
   </div>
   <div class='ocr_carea' id='block_1_95' title="bbox 334 5109 1903 5184">
    <p class='ocr_par' dir='ltr' id='par_1_95' title="bbox 334 5109 1903 5184">
     <span class='ocr_line' id='line_1_95' title="bbox 334 5109 1903 5184; baseline 0.006 -21"><span class='ocrx_word' id='word_1_731' title='bbox 334 5129 352 5163; x_wconf 84' lang='grc'><strong><em>‹</em></strong></span> <span class='ocrx_word' id='word_1_732' title='bbox 388 5109 515 5166; x_wconf 89' lang='lat' dir='ltr'><strong>dum</strong></span> <span class='ocrx_word' id='word_1_733' title='bbox 561 5119 618 5167; x_wconf 89' lang='lat' dir='ltr'><strong>et</strong></span> <span class='ocrx_word' id='word_1_734' title='bbox 658 5118 771 5168; x_wconf 90' lang='lat' dir='ltr'><strong>tres</strong></span> <span class='ocrx_word' id='word_1_735' title='bbox 807 5112 1088 5184; x_wconf 71' lang='lat' dir='ltr'><strong>ianitores,</strong></span> <span class='ocrx_word' id='word_1_736' title='bbox 1135 5122 1190 5170; x_wconf 92' lang='lat' dir='ltr'><strong>et</strong></span> <span class='ocrx_word' id='word_1_737' title='bbox 1234 5116 1299 5170; x_wconf 90' lang='lat' dir='ltr'><strong>de</strong></span> <span class='ocrx_word' id='word_1_738' title='bbox 1341 5115 1557 5171; x_wconf 88' lang='lat' dir='ltr'><strong>civitate</strong></span> <span class='ocrx_word' id='word_1_739' title='bbox 1601 5118 1903 5172; x_wconf 88' lang='lat' dir='ltr'><strong>eunuchum</strong></span> 
     </span>
    </p>
   </div>
   <div class='ocr_carea' id='block_1_96' title="bbox 336 5202 1906 5278">
    <p class='ocr_par' dir='ltr' id='par_1_96' title="bbox 336 5202 1906 5278">
     <span class='ocr_line' id='line_1_96' title="bbox 336 5202 1906 5278; baseline 0.006 -24"><span class='ocrx_word' id='word_1_740' title='bbox 336 5221 354 5254; x_wconf 74' lang='grc' dir='ltr'>ι</span> <span class='ocrx_word' id='word_1_741' title='bbox 391 5216 558 5256; x_wconf 90' lang='lat' dir='ltr'><strong>unum</strong></span> <span class='ocrx_word' id='word_1_742' title='bbox 588 5202 680 5275; x_wconf 88' lang='lat' dir='ltr'><strong>qui</strong></span> <span class='ocrx_word' id='word_1_743' title='bbox 706 5212 823 5259; x_wconf 90' lang='lat' dir='ltr'><strong>erat</strong></span> <span class='ocrx_word' id='word_1_744' title='bbox 848 5205 1134 5276; x_wconf 61' lang='lat' dir='ltr'><strong>praefectus</strong></span> <span class='ocrx_word' id='word_1_745' title='bbox 1160 5222 1323 5278; x_wconf 86' lang='lat' dir='ltr'><strong>super</strong></span> <span class='ocrx_word' id='word_1_746' title='bbox 1341 5208 1488 5262; x_wconf 90' lang='lat' dir='ltr'><strong>viros</strong></span> <span class='ocrx_word' id='word_1_747' title='bbox 1516 5207 1825 5273; x_wconf 88' lang='lat' dir='ltr'><strong>bellatores,</strong></span> <span class='ocrx_word' id='word_1_748' title='bbox 1851 5216 1906 5265; x_wconf 89' lang='lat' dir='ltr'><strong>et</strong></span> 
     </span>
    </p>
   </div>
   <div class='ocr_carea' id='block_1_97' title="bbox 336 5292 1902 5373">
    <p class='ocr_par' dir='ltr' id='par_1_97' title="bbox 336 5292 1902 5373">
     <span class='ocr_line' id='line_1_97' title="bbox 336 5292 1902 5373; baseline 0.006 -28"><span class='ocrx_word' id='word_1_749' title='bbox 336 5311 354 5344; x_wconf 83' lang='grc'><strong><em>‹</em></strong></span> <span class='ocrx_word' id='word_1_750' title='bbox 391 5292 627 5366; x_wconf 90' lang='lat' dir='ltr'><strong>quinque</strong></span> <span class='ocrx_word' id='word_1_751' title='bbox 664 5292 814 5351; x_wconf 88' lang='lat' dir='ltr'><strong>viros</strong></span> <span class='ocrx_word' id='word_1_752' title='bbox 856 5296 921 5351; x_wconf 92' lang='lat' dir='ltr'><strong>de</strong></span> <span class='ocrx_word' id='word_1_753' title='bbox 961 5298 1049 5353; x_wconf 90' lang='lat' dir='ltr'><strong>his</strong></span> <span class='ocrx_word' id='word_1_754' title='bbox 1089 5300 1179 5370; x_wconf 89' lang='lat' dir='ltr'><strong>qui</strong></span> <span class='ocrx_word' id='word_1_755' title='bbox 1224 5308 1486 5354; x_wconf 89' lang='lat' dir='ltr'><strong>steterant</strong></span> <span class='ocrx_word' id='word_1_756' title='bbox 1529 5316 1710 5355; x_wconf 91' lang='lat' dir='ltr'><strong>coram</strong></span> <span class='ocrx_word' id='word_1_757' title='bbox 1757 5316 1902 5373; x_wconf 83' lang='lat' dir='ltr'><strong>rege,</strong></span> 
     </span>
    </p>
   </div>
   <div class='ocr_carea' id='block_1_98' title="bbox 338 5384 1906 5460">
    <p class='ocr_par' dir='ltr' id='par_1_98' title="bbox 338 5384 1906 5460">
     <span class='ocr_line' id='line_1_98' title="bbox 338 5384 1906 5460; baseline 0.008 -27"><span class='ocrx_word' id='word_1_758' title='bbox 338 5402 357 5433; x_wconf 72' lang='grc' dir='ltr'><strong><em>ι</em></strong></span> <span class='ocrx_word' id='word_1_759' title='bbox 393 5397 528 5451; x_wconf 89' lang='lat' dir='ltr'><strong>quos</strong></span> <span class='ocrx_word' id='word_1_760' title='bbox 558 5384 761 5455; x_wconf 90' lang='lat' dir='ltr'><strong>reperit</strong></span> <span class='ocrx_word' id='word_1_761' title='bbox 783 5385 836 5440; x_wconf 93' lang='lat' dir='ltr'><strong>ln</strong></span> <span class='ocrx_word' id='word_1_762' title='bbox 861 5384 1098 5453; x_wconf 90' lang='lat' dir='ltr'><strong>civitate,</strong></span> <span class='ocrx_word' id='word_1_763' title='bbox 1122 5395 1175 5443; x_wconf 90' lang='lat' dir='ltr'><strong>et</strong></span> <span class='ocrx_word' id='word_1_764' title='bbox 1198 5388 1407 5460; x_wconf 88' lang='lat' dir='ltr'><strong>Sophar</strong></span> <span class='ocrx_word' id='word_1_765' title='bbox 1428 5386 1727 5460; x_wconf 88' lang='lat' dir='ltr'><strong>principem</strong></span> <span class='ocrx_word' id='word_1_766' title='bbox 1751 5405 1906 5445; x_wconf 85' lang='lat' dir='ltr'><strong>exer-</strong></span> 
     </span>
    </p>
   </div>
   <div class='ocr_carea' id='block_1_99' title="bbox 340 5475 1906 5552">
    <p class='ocr_par' dir='ltr' id='par_1_99' title="bbox 340 5475 1906 5552">
     <span class='ocr_line' id='line_1_99' title="bbox 340 5475 1906 5552; baseline 0.009 -28"><span class='ocrx_word' id='word_1_767' title='bbox 340 5491 358 5525; x_wconf 72' lang='lat' dir='ltr'><strong>c</strong></span> <span class='ocrx_word' id='word_1_768' title='bbox 395 5475 551 5537; x_wconf 78' lang='lat' dir='ltr'><strong>ritus,</strong></span> <span class='ocrx_word' id='word_1_769' title='bbox 583 5475 673 5546; x_wconf 89' lang='lat' dir='ltr'><strong>qui</strong></span> <span class='ocrx_word' id='word_1_770' title='bbox 699 5475 961 5549; x_wconf 88' lang='lat' dir='ltr'><strong>probabat</strong></span> <span class='ocrx_word' id='word_1_771' title='bbox 990 5480 1191 5535; x_wconf 90' lang='lat' dir='ltr'><strong>tirones</strong></span> <span class='ocrx_word' id='word_1_772' title='bbox 1220 5481 1285 5535; x_wconf 90' lang='lat' dir='ltr'><strong>de</strong></span> <span class='ocrx_word' id='word_1_773' title='bbox 1317 5482 1512 5552; x_wconf 84' lang='lat' dir='ltr'><strong>pepulo</strong></span> <span class='ocrx_word' id='word_1_774' title='bbox 1543 5492 1699 5538; x_wconf 74' lang='lat' dir='ltr'><strong>terra:</strong></span> <span class='ocrx_word' id='word_1_775' title='bbox 1728 5490 1783 5538; x_wconf 92' lang='lat' dir='ltr'><strong>et</strong></span> <span class='ocrx_word' id='word_1_776' title='bbox 1813 5498 1906 5538; x_wconf 84' lang='lat' dir='ltr'><strong>sex</strong></span> 
     </span>
    </p>
   </div>
   <div class='ocr_carea' id='block_1_100' title="bbox 340 5564 1908 5642">
    <p class='ocr_par' dir='ltr' id='par_1_100' title="bbox 340 5564 1908 5642">
     <span class='ocr_line' id='line_1_100' title="bbox 340 5564 1908 5642; baseline 0.009 -27"><span class='ocrx_word' id='word_1_777' title='bbox 340 5582 359 5615; x_wconf 73' lang='grc' dir='ltr'>ι</span> <span class='ocrx_word' id='word_1_778' title='bbox 396 5564 540 5621; x_wconf 89' lang='lat' dir='ltr'><strong>viros</strong></span> <span class='ocrx_word' id='word_1_779' title='bbox 565 5582 595 5621; x_wconf 92' lang='lat' dir='ltr'><strong>e</strong></span> <span class='ocrx_word' id='word_1_780' title='bbox 618 5566 800 5640; x_wconf 84' lang='lat' dir='ltr'><strong>vulgo,</strong></span> <span class='ocrx_word' id='word_1_781' title='bbox 825 5569 916 5640; x_wconf 89' lang='lat' dir='ltr'><strong>qui</strong></span> <span class='ocrx_word' id='word_1_782' title='bbox 943 5570 1143 5625; x_wconf 91' lang='lat' dir='ltr'><strong>inventi</strong></span> <span class='ocrx_word' id='word_1_783' title='bbox 1173 5568 1385 5626; x_wconf 82' lang='lat' dir='ltr'><strong>fuerant</strong></span> <span class='ocrx_word' id='word_1_784' title='bbox 1413 5573 1465 5627; x_wconf 92' lang='lat' dir='ltr'><strong>in</strong></span> <span class='ocrx_word' id='word_1_785' title='bbox 1496 5574 1734 5629; x_wconf 89' lang='lat' dir='ltr'><strong>civitate.</strong></span> <span class='ocrx_word' id='word_1_786' title='bbox 1762 5574 1908 5642; x_wconf 92' lang='lat' dir='ltr'><strong>Quos</strong></span> 
     </span>
    </p>
   </div>
   <div class='ocr_carea' id='block_1_101' title="bbox 341 5658 1912 5735">
    <p class='ocr_par' dir='ltr' id='par_1_101' title="bbox 341 5658 1912 5735">
     <span class='ocr_line' id='line_1_101' title="bbox 341 5658 1912 5735; baseline 0.007 -23"><span class='ocrx_word' id='word_1_787' title='bbox 341 5676 361 5711; x_wconf 82' lang='grc'>‹</span> <span class='ocrx_word' id='word_1_788' title='bbox 399 5658 592 5717; x_wconf 89' lang='lat' dir='ltr'><strong>tollens</strong></span> <span class='ocrx_word' id='word_1_789' title='bbox 617 5660 970 5719; x_wconf 86' lang='lat' dir='ltr'><strong>Nabuzardan</strong></span> <span class='ocrx_word' id='word_1_790' title='bbox 1004 5665 1253 5735; x_wconf 89' lang='lat' dir='ltr'><strong>princeps</strong></span> <span class='ocrx_word' id='word_1_791' title='bbox 1288 5666 1516 5721; x_wconf 90' lang='lat' dir='ltr'><strong>militum</strong></span> <span class='ocrx_word' id='word_1_792' title='bbox 1542 5669 1692 5723; x_wconf 82' lang='lat' dir='ltr'><strong>duxit</strong></span> <span class='ocrx_word' id='word_1_793' title='bbox 1729 5668 1795 5722; x_wconf 92' lang='lat' dir='ltr'><strong>ad</strong></span> <span class='ocrx_word' id='word_1_794' title='bbox 1826 5683 1912 5723; x_wconf 82' lang='lat' dir='ltr'><strong>re-</strong></span> 
     </span>
    </p>
   </div>
   <div class='ocr_carea' id='block_1_102' title="bbox 345 5741 1910 5830">
    <p class='ocr_par' dir='ltr' id='par_1_102' title="bbox 345 5741 1910 5830">
     <span class='ocr_line' id='line_1_102' title="bbox 345 5741 1910 5830; baseline 0.006 -25"><span class='ocrx_word' id='word_1_795' title='bbox 345 5766 365 5804; x_wconf 75' lang='grc' dir='ltr'>ι</span> <span class='ocrx_word' id='word_1_796' title='bbox 400 5766 519 5821; x_wconf 81' lang='lat' dir='ltr'><strong>gem</strong></span> <span class='ocrx_word' id='word_1_797' title='bbox 549 5754 834 5827; x_wconf 86' lang='lat' dir='ltr'><strong>Babylonis</strong></span> <span class='ocrx_word' id='word_1_798' title='bbox 869 5756 923 5811; x_wconf 91' lang='lat' dir='ltr'><strong>in</strong></span> <span class='ocrx_word' id='word_1_799' title='bbox 957 5741 1218 5811; x_wconf 82' lang='lat' dir='ltr'><strong>Reblatba</strong></span> <span class='ocrx_word' id='word_1_800' title='bbox 1248 5775 1260 5811; x_wconf 93' lang='lat'>:</span> <span class='ocrx_word' id='word_1_801' title='bbox 1293 5760 1664 5830; x_wconf 87' lang='lat' dir='ltr'><strong>percussitque</strong></span> <span class='ocrx_word' id='word_1_802' title='bbox 1693 5775 1786 5815; x_wconf 91' lang='lat' dir='ltr'><strong>eos</strong></span> <span class='ocrx_word' id='word_1_803' title='bbox 1816 5774 1910 5814; x_wconf 88' lang='lat' dir='ltr'><strong>rex</strong></span> 
     </span>
    </p>
   </div>
   <div class='ocr_carea' id='block_1_103' title="bbox 346 5842 1965 5937">
    <p class='ocr_par' dir='ltr' id='par_1_103' title="bbox 346 5842 1965 5937">
     <span class='ocr_line' id='line_1_103' title="bbox 346 5842 1965 5937; baseline 0.007 -40"><span class='ocrx_word' id='word_1_804' title='bbox 346 5860 367 5896; x_wconf 74' lang='grc' dir='ltr'>ι</span> <span class='ocrx_word' id='word_1_805' title='bbox 402 5842 709 5937; x_wconf 79' lang='lat' dir='ltr'><strong>Babylonis,</strong></span> <span class='ocrx_word' id='word_1_806' title='bbox 738 5854 796 5903; x_wconf 91' lang='lat' dir='ltr'><strong>et</strong></span> <span class='ocrx_word' id='word_1_807' title='bbox 839 5848 1109 5905; x_wconf 86' lang='lat' dir='ltr'><strong>interfecit</strong></span> <span class='ocrx_word' id='word_1_808' title='bbox 1135 5863 1229 5905; x_wconf 90' lang='lat' dir='ltr'><strong>eos</strong></span> <span class='ocrx_word' id='word_1_809' title='bbox 1262 5848 1317 5903; x_wconf 91' lang='lat' dir='ltr'><strong>in</strong></span> <span class='ocrx_word' id='word_1_810' title='bbox 1358 5849 1623 5907; x_wconf 85' lang='lat' dir='ltr'><strong>Reblatha</strong></span> <span class='ocrx_word' id='word_1_811' title='bbox 1664 5851 1721 5906; x_wconf 88' lang='lat' dir='ltr'><strong>in</strong></span> <span class='ocrx_word' id='word_1_812' title='bbox 1767 5859 1912 5908; x_wconf 88' lang='lat' dir='ltr'><strong>terra</strong></span> <span class='ocrx_word' id='word_1_813' title='bbox 1964 5842 1965 5845; x_wconf 37' lang='grc'><em>“</em></span> 
     </span>
    </p>
   </div>
   <div class='ocr_carea' id='block_1_104' title="bbox 2006 4655 3580 4739">
    <p class='ocr_par' dir='ltr' id='par_1_104' title="bbox 2006 4655 3580 4739">
     <span class='ocr_line' id='line_1_104' title="bbox 2006 4655 3580 4739; baseline -0.01 -15"><span class='ocrx_word' id='word_1_814' title='bbox 2006 4684 2140 4739; x_wconf 90' lang='lat' dir='ltr'><strong>quos</strong></span> <span class='ocrx_word' id='word_1_815' title='bbox 2168 4666 2400 4737; x_wconf 89' lang='lat' dir='ltr'><strong>percutit</strong></span> <span class='ocrx_word' id='word_1_816' title='bbox 2422 4679 2518 4719; x_wconf 78' lang='lat' dir='ltr'><strong>rex</strong></span> <span class='ocrx_word' id='word_1_817' title='bbox 2542 4662 2873 4719; x_wconf 87' lang='lat' dir='ltr'><strong>confusionis</strong></span> <span class='ocrx_word' id='word_1_818' title='bbox 2901 4662 2955 4716; x_wconf 93' lang='lat' dir='ltr'><strong>in</strong></span> <span class='ocrx_word' id='word_1_819' title='bbox 2982 4658 3265 4723; x_wconf 79' lang='lat' dir='ltr'><strong>Reblatba,</strong></span> <span class='ocrx_word' id='word_1_820' title='bbox 3287 4658 3391 4712; x_wconf 86' lang='lat' dir='ltr'><strong>hoc</strong></span> <span class='ocrx_word' id='word_1_821' title='bbox 3417 4662 3504 4711; x_wconf 84' lang='lat' dir='ltr'><strong>est</strong></span> <span class='ocrx_word' id='word_1_822' title='bbox 3526 4655 3580 4710; x_wconf 93' lang='lat' dir='ltr'><strong>in</strong></span> 
     </span>
    </p>
   </div>
   <div class='ocr_carea' id='block_1_105' title="bbox 2005 4745 3582 4818">
    <p class='ocr_par' dir='ltr' id='par_1_105' title="bbox 2005 4745 3582 4818">
     <span class='ocr_line' id='line_1_105' title="bbox 2005 4745 3582 4818; baseline -0.009 -5"><span class='ocrx_word' id='word_1_823' title='bbox 2005 4757 2346 4814; x_wconf 85' lang='lat' dir='ltr'><strong>multitudine</strong></span> <span class='ocrx_word' id='word_1_824' title='bbox 2391 4755 2654 4811; x_wconf 87' lang='lat' dir='ltr'><strong>scelerum</strong></span> <span class='ocrx_word' id='word_1_825' title='bbox 2700 4761 2753 4806; x_wconf 92' lang='lat' dir='ltr'><strong>et</strong></span> <span class='ocrx_word' id='word_1_826' title='bbox 2802 4765 2988 4807; x_wconf 87' lang='lat' dir='ltr'><strong>amore</strong></span> <span class='ocrx_word' id='word_1_827' title='bbox 3029 4749 3393 4818; x_wconf 87' lang='lat' dir='ltr'><strong>voluptatum,</strong></span> <span class='ocrx_word' id='word_1_828' title='bbox 3440 4745 3582 4801; x_wconf 88' lang='lat' dir='ltr'><strong>unde</strong></span> 
     </span>
    </p>
   </div>
   <div class='ocr_carea' id='block_1_106' title="bbox 2007 4833 3578 4919">
    <p class='ocr_par' dir='ltr' id='par_1_106' title="bbox 2007 4833 3578 4919">
     <span class='ocr_line' id='line_1_106' title="bbox 2007 4833 3578 4919; baseline -0.012 -14"><span class='ocrx_word' id='word_1_829' title='bbox 2007 4849 2284 4919; x_wconf 89' lang='lat' dir='ltr'><strong>Scriptura</strong></span> <span class='ocrx_word' id='word_1_830' title='bbox 2309 4847 2440 4902; x_wconf 89' lang='lat' dir='ltr'><strong>dicit</strong></span> <span class='ocrx_word' id='word_1_831' title='bbox 2462 4864 2476 4899; x_wconf 87' lang='lat'><strong>:</strong></span> <span class='ocrx_word' id='word_1_832' title='bbox 2501 4844 2634 4898; x_wconf 80' lang='lat' dir='ltr'><strong>Lata</strong></span> <span class='ocrx_word' id='word_1_833' title='bbox 2657 4853 2704 4898; x_wconf 86' lang='lat' dir='ltr'><strong>et</strong></span> <span class='ocrx_word' id='word_1_834' title='bbox 2731 4844 2959 4915; x_wconf 78' lang='lat' dir='ltr'><strong>spatiosa</strong></span> <span class='ocrx_word' id='word_1_835' title='bbox 2981 4849 3054 4895; x_wconf 82' lang='lat' dir='ltr'><strong>est</strong></span> <span class='ocrx_word' id='word_1_836' title='bbox 3078 4841 3183 4905; x_wconf 74' lang='lat' dir='ltr'><strong>via,</strong></span> <span class='ocrx_word' id='word_1_837' title='bbox 3209 4854 3325 4909; x_wconf 64' lang='lat' dir='ltr'><strong>quia</strong></span> <span class='ocrx_word' id='word_1_838' title='bbox 3345 4835 3489 4889; x_wconf 79' lang='lat' dir='ltr'><strong>ducit</strong></span> <span class='ocrx_word' id='word_1_839' title='bbox 3510 4833 3578 4888; x_wconf 84' lang='lat' dir='ltr'><strong>ad</strong></span> 
     </span>
    </p>
   </div>
   <div class='ocr_carea' id='block_1_107' title="bbox 2005 4923 3580 5006">
    <p class='ocr_par' dir='ltr' id='par_1_107' title="bbox 2005 4923 3580 5006">
     <span class='ocr_line' id='line_1_107' title="bbox 2005 4923 3580 5006; baseline -0.011 -11"><span class='ocrx_word' id='word_1_840' title='bbox 2005 4951 2241 5001; x_wconf 73' lang='lat' dir='ltr'><strong>mortem,</strong></span> <span class='ocrx_word' id='word_1_841' title='bbox 2263 4948 2311 4994; x_wconf 89' lang='lat' dir='ltr'><strong>et</strong></span> <span class='ocrx_word' id='word_1_842' title='bbox 2332 4938 2482 4992; x_wconf 82' lang='lat' dir='ltr'><strong>multi</strong></span> <span class='ocrx_word' id='word_1_843' title='bbox 2503 4946 2623 4991; x_wconf 76' lang='lat' dir='ltr'><strong>sunt</strong></span> <span class='ocrx_word' id='word_1_844' title='bbox 2647 4936 2736 5006; x_wconf 86' lang='lat' dir='ltr'><strong>qui</strong></span> <span class='ocrx_word' id='word_1_845' title='bbox 2756 4938 2955 4990; x_wconf 87' lang='lat' dir='ltr'><strong>intrant</strong></span> <span class='ocrx_word' id='word_1_846' title='bbox 2979 4949 3071 5005; x_wconf 83' lang='lat' dir='ltr'><strong>per</strong></span> <span class='ocrx_word' id='word_1_847' title='bbox 3089 4946 3203 4986; x_wconf 85' lang='lat' dir='ltr'><strong>eam</strong></span> <span class='ocrx_word' id='word_1_848' title='bbox 3227 4925 3442 5001; x_wconf 74' lang='lat' dir='ltr'><strong>(Matth.</strong></span> <span class='ocrx_word' id='word_1_849' title='bbox 3459 4923 3580 4996; x_wconf 80' lang='lat' dir='ltr'><strong>vn).</strong></span> 
     </span>
    </p>
   </div>
   <div class='ocr_carea' id='block_1_108' title="bbox 2084 5014 3580 5086">
    <p class='ocr_par' dir='ltr' id='par_1_108' title="bbox 2084 5014 3580 5086">
     <span class='ocr_line' id='line_1_108' title="bbox 2084 5014 3580 5086; baseline -0.008 -4"><span class='ocrx_word' id='word_1_850' title='bbox 2084 5050 2102 5082; x_wconf 76' lang='grc' dir='ltr'>ι</span> <span class='ocrx_word' id='word_1_851' title='bbox 2138 5031 2205 5086; x_wconf 87' lang='lat' dir='ltr'><strong>Et</strong></span> <span class='ocrx_word' id='word_1_852' title='bbox 2242 5028 2535 5084; x_wconf 87' lang='lat' dir='ltr'><strong>translatus</strong></span> <span class='ocrx_word' id='word_1_853' title='bbox 2566 5035 2649 5083; x_wconf 90' lang='lat' dir='ltr'><strong>est</strong></span> <span class='ocrx_word' id='word_1_854' title='bbox 2674 5025 2807 5081; x_wconf 85' lang='lat' dir='ltr'><strong>Juda</strong></span> <span class='ocrx_word' id='word_1_855' title='bbox 2835 5025 2901 5079; x_wconf 93' lang='lat' dir='ltr'><strong>de</strong></span> <span class='ocrx_word' id='word_1_856' title='bbox 2939 5032 3081 5077; x_wconf 84' lang='lat' dir='ltr'><strong>terra</strong></span> <span class='ocrx_word' id='word_1_857' title='bbox 3109 5035 3232 5082; x_wconf 81' lang='lat' dir='ltr'><strong>sua,</strong></span> <span class='ocrx_word' id='word_1_858' title='bbox 3267 5038 3288 5071; x_wconf 71' lang='grc' dir='ltr'><strong>ο</strong></span> <span class='ocrx_word' id='word_1_859' title='bbox 3321 5031 3447 5073; x_wconf 85' lang='lat' dir='ltr'><strong>cum</strong></span> <span class='ocrx_word' id='word_1_860' title='bbox 3474 5014 3580 5082; x_wconf 82' lang='lat' dir='ltr'><strong>illi.</strong></span> 
     </span>
    </p>
   </div>
   <div class='ocr_carea' id='block_1_109' title="bbox 2008 5108 3586 5192">
    <p class='ocr_par' dir='ltr' id='par_1_109' title="bbox 2008 5108 3586 5192">
     <span class='ocr_line' id='line_1_109' title="bbox 2008 5108 3586 5192; baseline -0.011 -14"><span class='ocrx_word' id='word_1_861' title='bbox 2008 5122 2096 5192; x_wconf 89' lang='lat' dir='ltr'><strong>qui</strong></span> <span class='ocrx_word' id='word_1_862' title='bbox 2125 5120 2515 5177; x_wconf 87' lang='lat' dir='ltr'><strong>confessionem</strong></span> <span class='ocrx_word' id='word_1_863' title='bbox 2537 5117 2773 5173; x_wconf 91' lang='lat' dir='ltr'><strong>nominis</strong></span> <span class='ocrx_word' id='word_1_864' title='bbox 2796 5115 2893 5170; x_wconf 91' lang='lat' dir='ltr'><strong>Dei</strong></span> <span class='ocrx_word' id='word_1_865' title='bbox 2920 5114 2973 5168; x_wconf 89' lang='lat' dir='ltr'><strong>in</strong></span> <span class='ocrx_word' id='word_1_866' title='bbox 2999 5111 3237 5166; x_wconf 85' lang='lat' dir='ltr'><strong>Ecclesia</strong></span> <span class='ocrx_word' id='word_1_867' title='bbox 3263 5108 3586 5164; x_wconf 74' lang='lat' dir='ltr'><strong>videbantur</strong></span> 
     </span>
    </p>
   </div>
   <div class='ocr_carea' id='block_1_110' title="bbox 2008 5198 3584 5284">
    <p class='ocr_par' dir='ltr' id='par_1_110' title="bbox 2008 5198 3584 5284">
     <span class='ocr_line' id='line_1_110' title="bbox 2008 5198 3584 5284; baseline -0.011 -15"><span class='ocrx_word' id='word_1_868' title='bbox 2008 5214 2239 5279; x_wconf 84' lang='lat' dir='ltr'><strong>habere,</strong></span> <span class='ocrx_word' id='word_1_869' title='bbox 2280 5227 2376 5284; x_wconf 85' lang='lat' dir='ltr'><strong>per</strong></span> <span class='ocrx_word' id='word_1_870' title='bbox 2420 5211 2625 5266; x_wconf 88' lang='lat' dir='ltr'><strong>scelera</strong></span> <span class='ocrx_word' id='word_1_871' title='bbox 2664 5216 2721 5262; x_wconf 91' lang='lat' dir='ltr'><strong>et</strong></span> <span class='ocrx_word' id='word_1_872' title='bbox 2756 5212 2977 5277; x_wconf 88' lang='lat' dir='ltr'><strong>peccata</strong></span> <span class='ocrx_word' id='word_1_873' title='bbox 3004 5200 3319 5272; x_wconf 71' lang='lat' dir='ltr'><strong>multiplicia</strong></span> <span class='ocrx_word' id='word_1_874' title='bbox 3346 5198 3413 5254; x_wconf 83' lang='lat' dir='ltr'><strong>de</strong></span> <span class='ocrx_word' id='word_1_875' title='bbox 3436 5206 3584 5253; x_wconf 86' lang='lat' dir='ltr'><strong>terra</strong></span> 
     </span>
    </p>
   </div>
   <div class='ocr_carea' id='block_1_111' title="bbox 2006 5286 3586 5366">
    <p class='ocr_par' dir='ltr' id='par_1_111' title="bbox 2006 5286 3586 5366">
     <span class='ocr_line' id='line_1_111' title="bbox 2006 5286 3586 5366; baseline -0.009 -10"><span class='ocrx_word' id='word_1_876' title='bbox 2006 5302 2269 5357; x_wconf 88' lang='lat' dir='ltr'><strong>virtutum</strong></span> <span class='ocrx_word' id='word_1_877' title='bbox 2309 5298 2550 5353; x_wconf 87' lang='lat' dir='ltr'><strong>translati</strong></span> <span class='ocrx_word' id='word_1_878' title='bbox 2580 5297 2635 5351; x_wconf 89' lang='lat' dir='ltr'><strong>in</strong></span> <span class='ocrx_word' id='word_1_879' title='bbox 2674 5308 2901 5366; x_wconf 82' lang='lat' dir='ltr'><strong>regnum</strong></span> <span class='ocrx_word' id='word_1_880' title='bbox 2928 5290 3263 5347; x_wconf 80' lang='lat' dir='ltr'><strong>confusionis</strong></span> <span class='ocrx_word' id='word_1_881' title='bbox 3292 5297 3349 5344; x_wconf 83' lang='lat' dir='ltr'><strong>et</strong></span> <span class='ocrx_word' id='word_1_882' title='bbox 3385 5286 3586 5343; x_wconf 82' lang='lat' dir='ltr'><strong>erroris</strong></span> 
     </span>
    </p>
   </div>
   <div class='ocr_carea' id='block_1_112' title="bbox 2009 5381 3587 5460">
    <p class='ocr_par' dir='ltr' id='par_1_112' title="bbox 2009 5381 3587 5460">
     <span class='ocr_line' id='line_1_112' title="bbox 2009 5381 3587 5460; baseline -0.009 -11"><span class='ocrx_word' id='word_1_883' title='bbox 2009 5394 2365 5458; x_wconf 89' lang='lat' dir='ltr'><strong>abducuntur,</strong></span> <span class='ocrx_word' id='word_1_884' title='bbox 2412 5391 2513 5447; x_wconf 92' lang='lat' dir='ltr'><strong>sub</strong></span> <span class='ocrx_word' id='word_1_885' title='bbox 2557 5404 2663 5460; x_wconf 90' lang='lat' dir='ltr'><strong>quo</strong></span> <span class='ocrx_word' id='word_1_886' title='bbox 2715 5386 2944 5457; x_wconf 85' lang='lat' dir='ltr'><strong>imperio</strong></span> <span class='ocrx_word' id='word_1_887' title='bbox 2984 5385 3292 5455; x_wconf 84' lang='lat' dir='ltr'><strong>quicunque</strong></span> <span class='ocrx_word' id='word_1_888' title='bbox 3338 5381 3587 5451; x_wconf 80' lang='lat' dir='ltr'><strong>nequiter</strong></span> 
     </span>
    </p>
   </div>
   <div class='ocr_carea' id='block_1_113' title="bbox 2008 5470 3586 5555">
    <p class='ocr_par' dir='ltr' id='par_1_113' title="bbox 2008 5470 3586 5555">
     <span class='ocr_line' id='line_1_113' title="bbox 2008 5470 3586 5555; baseline -0.011 -12"><span class='ocrx_word' id='word_1_889' title='bbox 2008 5487 2307 5543; x_wconf 90' lang='lat' dir='ltr'><strong>servientes</strong></span> <span class='ocrx_word' id='word_1_890' title='bbox 2338 5480 2821 5555; x_wconf 74' lang='lat' dir='ltr'><strong>perseveraverint,</strong></span> <span class='ocrx_word' id='word_1_891' title='bbox 2848 5493 2949 5534; x_wconf 86' lang='lat' dir='ltr'><strong>nec</strong></span> <span class='ocrx_word' id='word_1_892' title='bbox 2974 5478 3323 5534; x_wconf 62' lang='lat' dir='ltr'><strong>merebuntur</strong></span> <span class='ocrx_word' id='word_1_893' title='bbox 3340 5485 3439 5545; x_wconf 84' lang='lat' dir='ltr'><strong>per</strong></span> <span class='ocrx_word' id='word_1_894' title='bbox 3456 5470 3586 5527; x_wconf 65' lang='lat' dir='ltr'><strong>Iesu</strong></span> 
     </span>
    </p>
   </div>
   <div class='ocr_carea' id='block_1_114' title="bbox 2008 5562 3587 5647">
    <p class='ocr_par' dir='ltr' id='par_1_114' title="bbox 2008 5562 3587 5647">
     <span class='ocr_line' id='line_1_114' title="bbox 2008 5562 3587 5647; baseline -0.01 -14"><span class='ocrx_word' id='word_1_895' title='bbox 2008 5577 2260 5633; x_wconf 90' lang='lat' dir='ltr'><strong>ducatum</strong></span> <span class='ocrx_word' id='word_1_896' title='bbox 2297 5575 2508 5647; x_wconf 85' lang='lat' dir='ltr'><strong>regredi</strong></span> <span class='ocrx_word' id='word_1_897' title='bbox 2546 5574 2601 5627; x_wconf 89' lang='lat' dir='ltr'><strong>in</strong></span> <span class='ocrx_word' id='word_1_898' title='bbox 2643 5580 2843 5627; x_wconf 88' lang='lat' dir='ltr'><strong>terram</strong></span> <span class='ocrx_word' id='word_1_899' title='bbox 2869 5568 3038 5636; x_wconf 69' lang='lat' dir='ltr'><strong>Iuda,</strong></span> <span class='ocrx_word' id='word_1_900' title='bbox 3075 5568 3443 5638; x_wconf 82' lang='lat' dir='ltr'><strong>templumque</strong></span> <span class='ocrx_word' id='word_1_901' title='bbox 3479 5562 3587 5618; x_wconf 80' lang='lat' dir='ltr'><strong>Do-</strong></span> 
     </span>
    </p>
   </div>
   <div class='ocr_carea' id='block_1_115' title="bbox 2011 5664 3588 5734">
    <p class='ocr_par' dir='ltr' id='par_1_115' title="bbox 2011 5664 3588 5734">
     <span class='ocr_line' id='line_1_115' title="bbox 2011 5664 3588 5734; baseline -0.008 -9"><span class='ocrx_word' id='word_1_902' title='bbox 2011 5670 2145 5726; x_wconf 90' lang='lat' dir='ltr'><strong>mini</strong></span> <span class='ocrx_word' id='word_1_903' title='bbox 2176 5668 2373 5725; x_wconf 89' lang='lat' dir='ltr'><strong>ibidem</strong></span> <span class='ocrx_word' id='word_1_904' title='bbox 2402 5666 2732 5723; x_wconf 63' lang='lat' dir='ltr'><strong>reaadiﬁcare</strong></span> <span class='ocrx_word' id='word_1_905' title='bbox 2764 5684 2776 5720; x_wconf 87' lang='lat'><strong>:</strong></span> <span class='ocrx_word' id='word_1_906' title='bbox 2808 5664 2864 5720; x_wconf 88' lang='lat' dir='ltr'><strong>hi</strong></span> <span class='ocrx_word' id='word_1_907' title='bbox 2888 5671 3010 5734; x_wconf 85' lang='lat' dir='ltr'><strong>post</strong></span> <span class='ocrx_word' id='word_1_908' title='bbox 3029 5670 3327 5718; x_wconf 63' lang='lat' dir='ltr'><strong>utrumnam</strong></span> <span class='ocrx_word' id='word_1_909' title='bbox 3352 5664 3588 5729; x_wconf 65' lang='lat' dir='ltr'><strong>praeeu-</strong></span> 
     </span>
    </p>
   </div>
   <div class='ocr_carea' id='block_1_116' title="bbox 2009 5742 3586 5826">
    <p class='ocr_par' dir='ltr' id='par_1_116' title="bbox 2009 5742 3586 5826">
     <span class='ocr_line' id='line_1_116' title="bbox 2009 5742 3586 5826; baseline -0.008 -10"><span class='ocrx_word' id='word_1_910' title='bbox 2009 5763 2083 5818; x_wconf 88' lang='lat' dir='ltr'><strong>tis</strong></span> <span class='ocrx_word' id='word_1_911' title='bbox 2106 5742 2230 5816; x_wconf 78' lang='lat' dir='ltr'><strong>vita:</strong></span> <span class='ocrx_word' id='word_1_912' title='bbox 2254 5759 2535 5815; x_wconf 88' lang='lat' dir='ltr'><strong>tradentur</strong></span> <span class='ocrx_word' id='word_1_913' title='bbox 2566 5759 2619 5814; x_wconf 89' lang='lat' dir='ltr'><strong>in</strong></span> <span class='ocrx_word' id='word_1_914' title='bbox 2649 5772 2921 5815; x_wconf 81' lang='lat' dir='ltr'><strong>carcerem</strong></span> <span class='ocrx_word' id='word_1_915' title='bbox 2946 5756 3138 5813; x_wconf 81' lang='lat' dir='ltr'><strong>mortis</strong></span> <span class='ocrx_word' id='word_1_916' title='bbox 3161 5759 3464 5826; x_wconf 65' lang='lat' dir='ltr'><strong>perpetuat,</strong></span> <span class='ocrx_word' id='word_1_917' title='bbox 3494 5747 3586 5804; x_wconf 87' lang='lat' dir='ltr'><strong>ubi</strong></span> 
     </span>
    </p>
   </div>
   <div class='ocr_carea' id='block_1_117' title="bbox 2018 5840 3585 5923">
    <p class='ocr_par' dir='ltr' id='par_1_117' title="bbox 2018 5840 3585 5923">
     <span class='ocr_line' id='line_1_117' title="bbox 2018 5840 3585 5923; baseline -0.009 -17"><span class='ocrx_word' id='word_1_918' title='bbox 2018 5872 2037 5906; x_wconf 77' lang='grc' dir='ltr'>ι</span> <span class='ocrx_word' id='word_1_919' title='bbox 2080 5852 2283 5910; x_wconf 89' lang='lat' dir='ltr'><strong>vermis</strong></span> <span class='ocrx_word' id='word_1_920' title='bbox 2328 5866 2516 5909; x_wconf 86' lang='lat' dir='ltr'><strong>eorum</strong></span> <span class='ocrx_word' id='word_1_921' title='bbox 2559 5865 2836 5923; x_wconf 84' lang='lat' dir='ltr'><strong>nunquam</strong></span> <span class='ocrx_word' id='word_1_922' title='bbox 2874 5847 3153 5913; x_wconf 82' lang='lat' dir='ltr'><strong>morietur,</strong></span> <span class='ocrx_word' id='word_1_923' title='bbox 3201 5852 3258 5901; x_wconf 83' lang='lat' dir='ltr'><strong>et</strong></span> <span class='ocrx_word' id='word_1_924' title='bbox 3295 5840 3436 5912; x_wconf 77' lang='lat' dir='ltr'><strong>ignis</strong></span> <span class='ocrx_word' id='word_1_925' title='bbox 3477 5850 3585 5894; x_wconf 86' lang='lat' dir='ltr'><strong>nou</strong></span> 
     </span>
    </p>
   </div>
  </div>
