3958 6504
459 443 568 500 279

1133 440 1194 494 Β.
1234 439 1493 495 RABANI
1529 437 1752 495 MAURI
1783 436 2100 495 ARCHIEP.
2143 437 2453 495 MOGUNT.
2494 436 2781 495 OPERUM
2815 431 2995 493 PARS
3031 437 3075 492 Ι.
3584 466 3598 476 ο
3622 435 3712 492 280

414 602 429 605 -
463 560 838 630 exstinguetur
876 558 1009 631 (lca.
1038 560 1204 632 vai).
1243 580 1263 612 ι
1306 559 1723 630 Implebiturque
1760 560 1814 614 in
1846 559 1926 614 eis
1955 558 2042 614 illa
2067 563 2121 623 Α
2148 559 2402 614 traditum
2427 565 2512 613 est
2537 565 2725 614 sancto
2752 557 3009 611 mandato
3038 551 3124 626 (11
3150 549 3311 606 Petr.
3344 548 3434 622 ιι).
3466 568 3486 603 ι
3519 547 3646 617 Quia
3669 560 3714 606 et

461 650 607 706 beati
652 648 797 705 Petri
842 650 1066 721 apostoli
1108 653 1373 707 sententia
1413 668 1519 723 qua
1560 652 1694 707 dicit
1729 667 1745 706 :
1790 670 1810 703 ι
1854 652 2042 708 Melius

461 743 660 812 quippe
688 749 806 796 erat
832 741 913 797 eis
938 758 1046 798 non
1076 758 1405 814 cognoscere
1434 744 1578 797 viam
1606 742 1849 811 iustitiae,
1879 758 2041 812 quam

460 842 584 904 post
607 833 935 906 agnitionem
962 844 1261 891 retrorsum
1284 836 1526 892 converti
1557 835 1624 891 ab
1660 851 1726 891 eo
1758 835 1901 906 quod
1937 834 2042 890 illis

2140 659 2374 707 testante
2406 652 2683 708 Veritate:
2721 668 2739 702 ι
2775 649 2976 706 Servus
3009 647 3100 718 qui
3136 645 3249 703 scit
3277 644 3615 700 voluntatem
3640 645 3716 699 do-

2141 744 2273 798 mini
2302 744 2414 808 sui,
2455 752 2509 798 et
2537 759 2643 799 non
2675 742 2834 806 facit,
2862 739 3135 813 vapulabit
3170 737 3404 801 multis;
3436 736 3531 808 qui
3560 745 3715 791 autem

2141 836 2336 903 nescit,
2369 843 2425 891 et
2458 850 2565 891 non
2599 833 2750 902 facit,
2780 832 3055 905 vapulabit
3077 830 3277 902 paucis
3304 825 3467 901 (Luc.
3496 827 3613 899 xu).
3638 846 3656 878 ι

463 986 3711 1028 W

1040 1150 1611 1263 ΒΕΔΤῙ
1683 1147 2429 1264 ΒΔΒΔΝῙ
2499 1146 3118 1261 ΜΔΠΒῙ

1182 1380 1568 1440 FULDENSIS
1604 1381 1894 1439 ABBATIS
1930 1378 2027 1469 ET_
2058 1377 2440 1437 MOGUNTINI
2474 1376 2998 1436 ARCHIEPISCOPI

646 1570 1476 1732 (JollllENTARIA
1584 1569 1717 1726 IN
1820 1566 2216 1725 mnos
2319 1568 2424 1723 II
2526 1496 3567 1725 Pitumnum.

1890 1840 2126 1924 (ANNO
2167 1840 2336 1922 sat.)

1170 2066 1547 2158 PROLOGUS
1581 2066 1840 2153 assam
1871 2066 2102 2127 SUPER
2135 2064 2402 2125 LIBRUM
2437 2063 3021 2125 PARALIPOMENON

1584 2252 1671 2298 AD
1713 2250 2088 2300 LUDOVICUM
2129 2251 2616 2298 IMPERATOREM.

520 2492 773 2552 Domino
799 2488 1147 2546 serenissimo
1170 2492 1227 2541 et
1254 2484 1642 2558 gloriosissimo
1666 2490 1828 2554 atque
1854 2481 2058 2552 plenis-
2086 2485 2135 2545 B
2163 2496 2320 2553 reges
2363 2481 2565 2553 populi,
2616 2479 2821 2551 diligite
2867 2479 3218 2550 sapientiam,
3242 2485 3311 2534 ut
3339 2478 3400 2534 in
3440 2483 3724 2550 perpetuum

468 2588 641 2651 simo,
678 2584 733 2639 in
768 2595 1004 2651 veraque
1046 2578 1306 2648 religione
1350 2575 1825 2639 excellentissimo,
1877 2574 2057 2631 Luco—

471 2693 597 2735 vlco
644 2675 788 2747 regi,
820 2670 1070 2727 RABANUS
1118 2670 1411 2725 vilissimus
1470 2683 1752 2723 servorum
1796 2667 1893 2721 Dei
1949 2681 2061 2722 ser-

472 2787 605 2836 vus,
650 2768 806 2824 ﬂexis
850 2765 1078 2836 genibus
1116 2770 1377 2819 teter-nam
1424 2767 1575 2831 optat
1609 2760 1667 2815 in
1711 2758 1927 2816 Christo
1976 2774 2061 2815 sa-

473 2863 662 2917 lutem.
2026 2862 2031 2871 ‘

548 2953 686 3010 Cum
713 2951 907 3022 saepius
926 2948 1039 3017 jam
1060 2948 1259 3004 dudum
1284 2962 1384 3018 per
1406 2947 1541 3002 alios
1561 2946 1805 3002 audirem
1833 2945 1888 2999 in
1911 2944 2060 3000 cultu

472 3044 695 3117 pietatis
716 3058 815 3098 vos
838 3056 961 3097 esse
985 3040 1391 3096 devotissimum
1433 3046 1597 3108 atque
1622 3036 2061 3093 strenuissimum

473 3135 573 3192 Dei
618 3133 897 3198 famulum,
930 3140 984 3188 et
1009 3131 1352 3201 postmodum
1382 3130 1498 3200 ipse
1539 3126 1957 3199 praesentialiter
1977 3124 2061 3180 vi-

473 3227 662 3282 derem
693 3231 855 3294 atque
899 3223 1185 3292 probarem
1210 3220 1265 3275 id
1294 3235 1482 3276 verum
1531 3234 1674 3285 esse,
1730 3218 1873 3288 quod
1903 3225 2061 3271 antea

474 3318 651 3375 solum
700 3316 886 3372 auditu
939 3328 1310 3384 perceperam,
1340 3311 1575 3383 cogitavi
1622 3310 1839 3381 aliquod
1892 3308 2063 3365 servi-

476 3412 634 3478 tium,
682 3417 746 3464 ut
792 3408 1169 3463 amantissimo
1227 3407 1381 3462 decet
1438 3404 1675 3468 domino,
1706 3401 1860 3457 vobis
1914 3400 2063 3455 exhi-

473 3500 606 3556 bere
634 3516 649 3553 :
678 3499 823 3569 quod
849 3498 1013 3552 etiam
1040 3503 1239 3552 vestrae
1286 3494 1585 3550 nobilitatis
1625 3494 1681 3547 in
1712 3491 1907 3548 divinis
1932 3490 2065 3559 legi-

473 3591 580 3646 bus
625 3589 894 3660 potuisset
943 3594 1132 3643 nostro
1189 3585 1368 3640 labore
1424 3584 1605 3654 aliquo
1648 3584 1808 3639 modo
1865 3580 2065 3636 ﬂorens

479 3695 742 3739 exercere
796 3680 1067 3752 ingenium
1126 3678 1413 3746 divinaque
1470 3690 1753 3732 sacrorum
1801 3673 2064 3729 librorum

478 3771 791 3827 testimonia
820 3769 1103 3835 rimando,
1152 3767 1303 3839 regni
1356 3764 1720 3836 gubernacula
1769 3763 2065 3820 secundum

2159 2574 2418 2644 regnetis.
2469 2572 2713 2642 Accipite
2750 2585 2880 2640 ergo
2926 2586 3114 2642 regum
3146 2570 3406 2641 priorum
3455 2568 3721 2630 historiam,

2160 2674 2217 2720 et
2237 2682 2455 2722 sensum
2476 2665 2810 2751 spiritualem
2831 2664 2897 2719 ad
2912 2666 3143 2735 gratiam
3167 2663 3386 2720 Christi
3407 2662 3722 2736 pertinentem

2160 2771 2323 2826 super
2340 2748 2521 2811 omnia
2552 2757 2608 2811 in
2630 2755 2719 2811 illa
2754 2764 2954 2810 amate.
2986 2754 3097 2810 Lex
3146 2756 3307 2811 enim
3342 2754 3443 2810 Dei
3472 2748 3721 2823 spiritualit

2142 2848 2237 2931 "est
2263 2847 2436 2921 (Rom.
2463 2848 2599 2920 vn),
2638 2857 2692 2903 et
2730 2848 3060 2903 revelatione
3105 2864 3247 2919 opus
3291 2857 3380 2903 est
3407 2856 3470 2901 ut
3496 2842 3720 2912 intelliga-

2140 2927 2150 2957 ⁷
2163 2949 2270 3007 tur,
2301 2958 2365 2997 ac
2392 2942 2629 2998 revelata
2655 2941 2795 2998 facie
2816 2942 3040 3013 gloriam
3086 2942 3183 2997 Dei
3211 2939 3630 3009 contemplemur
3653 2927 3719 3003 (Η

2163 3031 2289 3089 Cor.
2314 3032 2418 3105 ιιι).
2458 3033 2608 3105 Unde
2633 3034 2688 3088 in
2713 3033 3037 3105 Apocalypsi
3068 3032 3206 3089 liber
3231 3042 3445 3103 septem
3475 3022 3721 3099 signaculis

2166 3126 2410 3197 signatus
2454 3125 2759 3181 ostenditur
2787 3125 2971 3197 (Apoc.
3002 3125 3093 3199 v),
3130 3140 3297 3194 quem
3339 3137 3501 3179 nemo
3544 3117 3717 3188 aperit.

2126 3238 2131 3243 '
2165 3220 2273 3275 nisi
2310 3219 2399 3274 ille
2429 3226 2656 3286 reseret,
2685 3220 2773 3290 qui
2806 3219 2957 3273 habet
3006 3217 3207 3272 clavem
3236 3216 3434 3281 David,
3459 3214 3544 3286 qui
3567 3208 3717 3281 aperit.

2165 3321 2216 3367 et
2257 3328 2407 3366 nemo
2443 3310 2684 3377 claudit;
2710 3311 2933 3375 claudit,
2957 3320 3007 3365 et
3034 3328 3187 3366 nemo
3228 3311 3402 3382 aperit
3425 3308 3596 3380 (Apoc.
3635 3299 3716 3367 ιιι)-

2167 3403 2510 3475 Quapropter
2540 3403 2818 3459 sciendum
2850 3411 2951 3470 est,
2977 3404 3120 3474 quod
3150 3404 3303 3459 inter
3331 3399 3624 3471 Scripturas
3641 3393 3719 3448 Ve-

2167 3497 2302 3554 teris
2347 3495 2685 3551 Testamenti
2732 3510 2972 3566 praesens
3016 3494 3250 3550 historia
3307 3490 3715 3560 Paralipomenon

2168 3606 2277 3645 non
2305 3588 2597 3659 ignobilem
2642 3587 2820 3642 locum
2863 3594 3053 3641 tenet:
3093 3587 3161 3642 de
3189 3600 3302 3657 qua
3339 3582 3628 3640 divinorum
3670 3572 3717 3625 li-

2168 3682 2391 3735 brorum
2429 3679 2794 3751 peritissimus
2846 3680 3114 3750 interpres
3152 3680 3351 3735 beatus
3404 3676 3716 3741 Hieronymus

2172 3774 2247 3828 ita
2288 3774 2365 3828 ait
2399 3790 2412 3826 :
2464 3791 2482 3824 ι
2519 3772 2973 3842 Paralipomenon
3002 3772 3184 3842 itaque
3205 3771 3349 3827 liber
3383 3769 3523 3825 idem
3548 3763 3715 3819 Instru—

480 3858 705 3914 Patrum
747 3857 1165 3929 praecedentium
1225 3854 1471 3925 exempla
1531 3854 1773 3926 legitime
1834 3851 2063 3907 tenenda

2170 3863 2340 3918 menti
2375 3863 2611 3933 epitoma
2643 3870 2826 3917 tantus
2866 3877 2929 3917 ac
2959 3861 3082 3916 talis
3124 3869 3231 3929 est,
3281 3870 3345 3916 ut
3369 3860 3565 3928 absque
3588 3843 3714 3905 illOSi

480 3947 771 4002 instruere.
798 3945 1004 4001 idcirco
1052 3944 1266 4000 decrevi
1293 3943 1790 4014 Expositiunculam
1818 3950 2058 3997 nostram

481 4038 540 4093 in
563 4036 758 4091 librum
795 4035 1271 4106 Paralipomenon,
1300 4049 1459 4105 quem
1486 4034 1696 4089 Hebraei
1724 4033 1902 4088 Dabre
1929 4031 2062 4086 imin

487 4138 818 4199 nuncupant,
851 4128 955 4182 hoc
979 4135 1083 4192 est,
1104 4125 1281 4182 Verba
1313 4127 1541 4193 dierum,
1566 4128 1769 4183 vestrm
1788 4123 2064 4182 dilectioni

481 4221 700 4287 oﬁ‘erre,
740 4221 866 4276 licet
904 4236 1014 4275 non
1037 4219 1356 4291 condignam
1385 4229 1553 4275 tantae
1594 4211 1947 4285 eaeellentiae,
1974 4225 2061 4274 ta-

483 4331 611 4372 men
637 4331 746 4371 non
774 4315 1039 4387 ingratam
1069 4322 1263 4370 vestras
1288 4312 1693 4379 benevolentiae,
1711 4320 1769 4366 ut
1789 4312 2064 4368 haberetis

482 4408 756 4480 quoddam
813 4408 1128 4478 obsequium
1184 4422 1251 4462 ex
1308 4416 1494 4477 nostra
1539 4406 1831 4477 parvitate,
1882 4414 2066 4461 vestro

481 4501 661 4557 ordini
693 4500 1153 4557 decentissimum.
1184 4498 1290 4555 Fas
1336 4499 1481 4554 enim
1528 4508 1647 4554 erat
1676 4508 1739 4554 ut
1760 4499 1875 4567 regi
1918 4498 2069 4553 Chri-

484 4593 818 4650 stianissimo
844 4598 900 4648 et
917 4592 976 4646 in
1005 4590 1201 4645 divinis
1230 4591 1516 4660 praeceptis
1545 4590 1944 4645 studiosissimo
1976 4589 2065 4643 hi-

484 4686 656 4743 storia
680 4700 870 4756 regum
907 4680 1068 4747 Juda,
1096 4684 1202 4737 hoc
1237 4691 1351 4748 est,
1382 4682 1757 4738 confitentium
1799 4682 2070 4753 spirituali

486 4786 653 4829 sensu
690 4770 1086 4841 aliquantulum
1116 4769 1403 4840 explanata
1437 4770 1741 4825 otl'erretur.
1776 4771 1913 4826 Nam
1941 4771 2071 4841 quia

484 4863 745 4935 populum
771 4860 1198 4918 ecclesiasticum
1241 4860 1338 4916 ﬁlii
1381 4863 1479 4919 Dei
1528 4862 1767 4931 pretioso
1810 4863 2071 4934 sanguine

486 4954 824 5023 redemptum
853 4952 992 5024 (Act.
1038 4950 1132 5020 xx)
1152 4992 1165 5017 ,
1188 4953 1321 5007 etin
1349 4952 1689 5010 confessione
1715 4954 1950 5010 nominis
1974 4953 2072 5010 Dei

487 5044 941 5110 assuetissimum,
973 5052 1153 5099 vestra
1173 5045 1369 5102 nobilis
1415 5046 1481 5101 ad
1505 5047 1783 5103 servitium
1816 5048 1913 5103 Dei
1935 5048 2076 5120 regit

486 5135 797 5207 prudentia,
822 5136 945 5192 ideo
964 5136 1101 5192 bene
1130 5139 1385 5193 convenit
1421 5139 1668 5209 piissimo
1686 5142 1938 5213 principi,
1969 5143 2074 5199 hoc

2166 3955 2291 4024 quis
2315 3954 2601 4009 scientiam
2646 3952 3054 4025 Scripturarum
3086 3953 3189 4010 sibi
3219 3952 3452 4010 voluerit
3482 3952 3710 4013 arrogant.

2166 4062 2226 4102 se
2273 4047 2450 4117 ipsum
2476 4045 2724 4101 irrideat.
2767 4045 2872 4101 Per
2910 4046 3123 4117 singula
3154 4047 3357 4116 quippe
3401 4039 3603 4098 nomina
3620 4032 3714 4101 jun-

2165 4145 2455 4205 cturasque
2476 4137 2768 4193 verborum
2795 4145 2852 4192 et
2880 4138 3263 4207 praetermissae
3286 4137 3342 4191 in
3376 4134 3572 4201 Regum
3595 4122 3715 4178 libris

2165 4239 2461 4300 tanguntur
2506 4230 2781 4294 historias,
2834 4240 2893 4285 et
2942 4229 3367 4286 innumerabiles
3423 4221 3714 4294 explicantur

2164 4318 2444 4389 Evangelii
2495 4319 2841 4389 quaestiones.
2879 4338 2898 4371 ι
2924 4317 3052 4375 Hazc
3099 4334 3228 4389 ergo
3262 4319 3385 4375 ideo
3432 4315 3711 4368 commemo-

2166 4412 2305 4477 ravi,
2333 4424 2393 4467 ut
2436 4412 2574 4467 sciat
2616 4412 2786 4467 lector
2829 4427 2993 4483 quam
3041 4412 3191 4468 utilis
3234 4419 3323 4468 est
3366 4409 3480 4480 ipse
3517 4403 3639 4458 liber
3658 4391 3710 4448 ad

2167 4503 2518 4560 scrutandum
2575 4510 2631 4558 et
2671 4503 2737 4557 ad
2786 4502 3213 4574 intelligendum.
3260 4500 3397 4556 Nam
3449 4490 3567 4566 quid
3606 4498 3706 4555 θεον

2167 4595 2321 4664 quasi
2346 4594 2538 4648 doctus
2566 4593 2963 4665 magister,per
2985 4595 3167 4649 omnia
3198 4591 3375 4665 ipsius
3395 4582 3629 4661 mysteria
3648 4577 3710 4631 in-

2168 4687 2367 4758 dagare
2396 4694 2491 4741 aut
2519 4686 2811 4755 explanare
2837 4686 3175 4758 potuissem?
3223 4685 3319 4742 sed
3348 4684 3559 4740 Patrum
3577 4666 3706 4758 vesti:

2168 4753 2265 4845 gia
2280 4790 2538 4845 sequens,
2563 4753 2628 4831 ea
2668 4792 2788 4846 qua:
2811 4753 3100 4849 explanata
3128 4777 3198 4832 ab
3225 4777 3308 4832 eis
3351 4768 3546 4833 inveni,
3577 4768 3622 4817 et
3655 4753 3705 4849 θξί

2170 4842 2579 4921 similitudinem
2613 4842 2806 4923 sensus
2834 4842 3023 4923 eorum
3058 4867 3261 4941 (gratia
3313 4858 3407 4921 Dei
3455 4842 3701 4916 annuente)

2169 4972 2271 5028 per
2299 4972 2387 5012 me
2408 4958 2735 5030 investigare
2758 4960 2924 5029 potui,
2952 4960 3007 5015 in
3035 4960 3283 5016 ordinem
3316 4948 3704 5026 disposuiﬂll‘lue

2172 5049 2230 5105 in
2257 5066 2422 5105 unum
2448 5051 2768 5121 opusculum
2797 5052 3051 5123 colligere
3088 5052 3296 5108 curavi.
3323 5048 3437 5103 Non
3458 5033 3701 5127 enimio}:

2174 5155 2271 5212 gos
2309 5118 2672 5211 ﬂorentesque
2702 5118 3016 5207 tractus,'in
3045 5143 3243 5213 quibus
3289 5130 3571 5211 plausibilis
3595 5118 3701 5213 ludit

489 5236 594 5294 est,
624 5227 823 5283 rectori
851 5230 1222 5285 membrorum
1247 5230 1363 5285 veri
1390 5231 1556 5303 Regis
1587 5206 1790 5288 Christi
1813 5206 2073 5304 unigeniti
2098 5226 2153 5286 D
2176 5206 2372 5298 oratio,
2406 5233 2502 5288 sed
2548 5206 2969 5290 commentarios
3012 5206 3082 5290 in.
3094 5206 3307 5289 divinas
3332 5223 3571 5286 historias
3594 5206 3697 5304 δεῖξ-

488 5315 741 5373 videlicet
758 5317 875 5384 Dei,
891 5319 1055 5373 ritum
1069 5319 1345 5389 regiminis
1359 5322 1653 5377 secundum
1669 5323 1905 5379 divinam
1928 5323 2070 5380 Scri-

490 5414 711 5478 pturam
762 5408 967 5464 habere
990 5400 1067 5465 et
1105 5424 1266 5482 agere
1288 5452 1303 5478 ,
1339 5413 1574 5469 maxime
1602 5429 1724 5470 cum
1754 5414 2030 5486 Sapientia
2052 5458 2067 5484 ,

492 5510 615 5567 qua:
636 5496 692 5551 in
714 5497 846 5567 ipsis
866 5497 1062 5555 litteris
1088 5490 1532 5560 manifestissime
1558 5505 1748 5570 elucet,
1774 5507 2069 5564 admonens

494 5586 641 5642 dicat
659 5603 673 5639 :
690 5584 798 5641 Per
821 5604 904 5669 me
926 5605 1069 5661 regas
1090 5604 1390 5663 regnant,et
1414 5597 1707 5653 conditores
1732 5600 1903 5670 legum
1918 5601 2068 5671 justa

494 5677 782 5733 decernunt
805 5677 989 5751 (Prov.
1016 5683 1158 5753 vni).
1178 5684 1244 5739 Et
1270 5686 1397 5742 item
1430 5708 1442 5742 :
1470 5688 1903 5760 Concupiscentia
1924 5732 1937 5755 ,
1983 5693 2070 5747 in-

498 5768 650 5839 quit,
694 5770 966 5842 sapientia:
1003 5772 1217 5828 deducet
1240 5776 1308 5829 ad
1331 5794 1546 5847 regnum
1582 5790 1886 5849 perpetuum
1916 5782 2071 5855 (Sap.

501 5859 614 5929 ιι).
645 5860 705 5919 Si
742 5880 873 5940 ergo
919 5866 1260 5923 delectamini
1303 5869 1523 5927 sedibus
1568 5880 1623 5927 et
1658 5875 2034 5931 stemmatibus
2058 5919 2073 5941 ,

2172 5327 2302 5382 bere
2333 5328 2570 5394 decrevi,
2599 5342 2830 5398 quorum
2877 5328 3111 5383 cilicium
3145 5335 3230 5383 est
3261 5320 3525 5398 praeterire
3562 5299 3697 5398 manis

2174 5415 2336 5483 festa,
2367 5418 2593 5474 obscura
2617 5396 2926 5474 disserere.
2956 5419 3096 5474 Ante
3132 5396 3302 5473 annos
3352 5411 3490 5468 enim
3531 5396 3695 5465 διίαυοί

2175 5517 2368 5579 rogatu
2401 5508 2634 5563 Hildonii
2660 5508 2873 5565 abbatis
2901 5510 2953 5564 in
2978 5509 3183 5580 Regum
3223 5508 3405 5568 libros,
3447 5486 3692 5554 secundum

2176 5616 2393 5656 sensum
2442 5602 2831 5659 catholicorum
2866 5602 3110 5668 Patrum,
3142 5608 3367 5672 quatuor
3415 5582 3694 5672 commenta:

2178 5694 2380 5747 riorum
2428 5694 2593 5749 libros
2639 5695 2799 5759 edidi,
2831 5711 2967 5765 quos
3015 5704 3070 5750 et
3112 5670 3468 5750 sacratissimo
3504 5670 3691 5748 genito"

2180 5793 2381 5849 vestro,
2420 5785 2691 5842 Ludovico
2741 5788 3072 5857 imperatori,
3111 5776 3506 5857 praasentialiter
3541 5766 3585 5819 in
3613 5767 3690 5811 "0'

2185 5888 2298 5934 stro
2322 5879 2650 5935 monasterio
2677 5880 2873 5937 tradidi
2908 5899 2922 5935 :
2960 5880 3014 5935 in
3043 5880 3256 5949 quibus,
3283 5874 3416 5929 sicut
3437 5871 3488 5919 et
3507 5860 3553 5915 iu
3574 5860 3684 5923 μετ’
