3958 6464
144 499 243 556 281

1079 489 1432 548 COMMENT.
1471 488 1541 543 IN
1577 484 2132 542 PARALIPOMENA.
2171 514 2244 526 —
2279 484 2406 538 LIB.
2446 485 2484 539 I.

3288 479 3398 538 282

139 614 285 672 senti
307 601 472 682 opere
513 608 638 674 feci,
666 607 901 679 Iosephi,
947 605 1255 662 Judaeorum
1300 603 1566 670 historici,
1595 617 1723 657 nar-
1747 606 1800 665 Α
1825 599 2049 654 altorum
2077 598 2350 653 silentium
2379 612 2540 666 quam
2578 605 2822 652 nostrum
2852 596 3090 653 studium
3138 598 3391 668 probant.

141 708 432 768 rationem,
487 717 694 758 necnon
736 708 791 756 et
838 698 1046 754 Hebr-aii
1077 696 1386 767 cujusdam,
1442 694 1719 750 modernis

141 796 477 866 temporibus
524 796 578 848 in
607 792 739 864 legis
764 791 988 848 scientia
1014 789 1255 845 ﬂorentis
1300 788 1580 858 opiniones
1607 786 1722 856 ple-

143 893 332 960 risque
357 890 409 943 in
442 888 574 943 locis
609 885 939 957 interposui;
983 885 1080 941 sed
1105 900 1212 940 non
1243 883 1335 949 ita,
1366 891 1426 937 ut
1455 881 1610 953 quasi
1645 881 1721 935 le-

143 991 354 1038 ctorem
401 980 629 1034 invitum
681 978 749 1032 ad
797 978 1035 1048 ipsorum
1083 975 1393 1031 traditionis
1438 987 1718 1028 assensum

144 1072 541 1143 pertraherem,
573 1070 669 1125 sed
691 1069 862 1140 magis
879 1067 1083 1137 judicio
1125 1082 1189 1122 ac
1217 1064 1524 1135 probationi
1551 1063 1721 1133 ipsius

145 1165 230 1220 illa
264 1163 664 1232 derelinquens.
698 1159 960 1216 Caeterum
992 1159 1037 1214 si
1068 1159 1183 1213 hate
1229 1157 1439 1226 aliquos
1490 1153 1724 1209 offende-

143 1258 272 1318 rint,
299 1270 410 1309 non
459 1261 655 1308 nostrae
702 1260 785 1308 est
837 1251 1030 1320 culpae,
1068 1249 1162 1305 sed
1208 1247 1433 1302 forsitan
1482 1247 1721 1316 ipsorum

141 1346 382 1419 perversi
413 1345 625 1413 judicii,
674 1343 764 1413 qui
792 1342 964 1414 magis
1010 1340 1197 1396 volunt
1249 1338 1423 1393 aliena
1464 1335 1720 1407 opuscula

140 1453 389 1507 carpere,
427 1451 589 1505 quam
637 1451 734 1490 sua
760 1434 1022 1499 condere;
1075 1432 1165 1501 qui
1195 1430 1318 1486 odio
1371 1428 1605 1484 nominis
1632 1444 1725 1482 no-

143 1532 205 1584 n-i
263 1544 373 1583 non
433 1541 538 1593 res,
578 1527 673 1583 sed
717 1539 977 1596 personas
1026 1522 1388 1585 considerant,
1442 1519 1724 1589 magisque

1819 688 1930 744 Nos
1954 688 2098 744 enim
2143 687 2459 758 simpliciter
2501 702 2565 742 ea
2599 702 2718 757 quae
2763 687 3068 743 invenimus
3093 688 3393 758 posuimus.

1821 781 2072 837 Nostrum
2119 788 2201 835 est
2231 781 2400 834 citare
2428 786 2614 844 testes,
2648 779 2885 849 ipsorum
2935 779 3002 834 de
3045 778 3150 834 ﬁde
3178 782 3396 835 testium

1819 875 2077 930 "udicare.
2109 873 2190 928 Tu
2215 881 2415 936 autem,
2446 886 2541 926 rex
2585 871 2938 937 nobilissime,
2968 880 3158 926 contra
3193 873 3398 927 invido-

1822 983 1942 1022 rum
1983 981 2197 1021 morsus
2221 981 2321 1020 nos
2369 963 2614 1028 defende,
2653 971 2708 1017 et
2737 962 2860 1016 ﬁdei
2901 970 3056 1017 scuto
3092 972 3251 1032 atque
3279 962 3394 1016 fra-

1822 1073 1944 1114 mea
1972 1058 2138 1112 divini
2174 1057 2272 1112 zeli
2303 1072 2402 1112 nos
2431 1063 2679 1125 protege,
2715 1054 2841 1124 quia
2872 1055 3273 1123 qualescunque
3301 1069 3395 1109 su-

1823 1169 1965 1218 mus,
1992 1152 2159 1208 vestri
2183 1151 2357 1206 devoti
2383 1149 2566 1204 famuli
2591 1162 2774 1203 sumus
2809 1155 2864 1202 et
2888 1145 3159 1215 adjutores
3188 1147 3242 1200 in
3278 1162 3399 1216 gra-

1822 1246 1897 1300 tia
1924 1244 2039 1299 Dei.
2071 1243 2262 1298 Divina
2289 1252 2546 1313 potestas,
2571 1249 2626 1297 et
2650 1248 2851 1296 aeterna
2886 1238 3088 1294 Christi
3121 1236 3398 1307 maiestas,

1825 1339 1914 1394 hic
1939 1345 1994 1391 et
2024 1337 2222 1406 ubique
2247 1350 2391 1390 nunc
2415 1343 2470 1388 et
2504 1335 2558 1388 in
2581 1342 2902 1405 perpetuum
2929 1346 3028 1388 vos
3061 1330 3294 1387 feliciter
3316 1345 3402 1385 re-

1823 1437 2052 1501 gnantes
2085 1441 2411 1483 conservare
2448 1426 2718 1498 dignetur.

159 1655 3401 1696 ____________.____.___—__———————-—

1634 1755 1926 1820 INCIPIT

591 1865 596 1874 ’
683 1931 1438 2053 EXPOSITIO
1529 1929 1676 2042 IN
1760 1921 2887 2039 PARALIPOMENA.

1337 2250 1638 2330 LIBER
1735 2247 2151 2327 PRIMUS.

652 2502 877 2562 CAPUT
929 2498 1219 2557 PRIMUM.

141 2625 431 2696 Catalogug
459 2620 850 2696 generationum
872 2616 936 2669 ab
962 2614 1129 2667 Adam
1157 2626 1319 2696 usque
1341 2608 1409 2662 ad
1431 2607 1717 2696 Abraham.

386 2678 528 2747 Ité'm
563 2690 626 2744 ab
667 2688 936 2743 Abraham
970 2700 1132 2755 usque
1177 2678 1244 2735 ad
1281 2678 1472 2734 Israel.

213 2808 268 2879 (l
296 2808 438 2862 PAR.
466 2803 541 2875 ι.)
565 2802 756 2867 Adam,
798 2800 945 2865 Seht,
981 2797 1144 2863 Enos,
1194 2793 1417 2857 Cainan,
1451 2789 1720 2855 Malaleel,

144 2901 328 2966 Jared,
349 2900 590 2962 Henocn,
607 2892 925 2958 Mathusale,
941 2889 1188 2955 Lamech,
1212 2886 1348 2952 Noe,
1372 2885 1516 2950 Sem,
1535 2882 1721 2949 Citam,

146 3003 192 3048 et
239 2985 490 3063 Japheth.
548 2989 798 3044 Decimus
843 2986 910 3040 ab
951 2984 1122 3038 Adam
1179 2979 1290 3061 Noe
1335 2978 1457 3041 fuit,
1489 2977 1629 3031 sicut
1668 2976 1724 3029 in

147 3085 280 3138 libro
309 3081 584 3137 Geneseos
627 3076 912 3133 manifeste
938 3083 1214 3130 ostensum
1241 3081 1344 3134 est,
1381 3077 1436 3123 et
1466 3069 1520 3122 in
1549 3069 1726 3137 capite

147 3172 596 3243 Paralipomenon
620 3166 866 3222 similiter
888 3164 1102 3218 emicat.
1127 3160 1225 3215 Hie
1258 3160 1421 3214 etiam
1451 3166 1561 3212 tres
1587 3156 1727 3210 filios

145 3266 355 3330 habuit,
385 3264 489 3318 hoc
533 3269 637 3326 est,
687 3259 834 3323 Sem,
869 3256 1038 3312 Cham
1068 3263 1122 3309 et
1168 3253 1423 3324 Japheth,
1464 3265 1561 3320 per
1591 3264 1727 3318 quos

144 3367 267 3428 post
316 3355 578 3411 diluvium
630 3351 866 3406 rediviva
918 3348 1198 3403 hominum
1235 3345 1490 3399 dilatatur
1532 3357 1726 3412 proge-

143 3451 283 3505 nies.
311 3448 533 3517 Et.apte
576 3444 774 3499 dicitur
803 3440 916 3497 Noe
952 3441 1008 3495 in
1049 3439 1295 3508 catalogo
1343 3444 1559 3507 patrum
1606 3447 1729 3488 esse

147 3541 411 3602 decimus,
447 3537 572 3606 quia
604 3533 894 3606 perfectus.
926 3533 1060 3588 Nam
1089 3531 1323 3601 primum
1373 3529 1438 3583 de
1487 3542 1554 3582 eo
1594 3526 1730 3581 seri-

149 3643 298 3703 ptum
327 3638 414 3686 est
449 3647 462 3683 :
496 3629 612 3683 Noe
636 3629 904 3697 virjustus
941 3635 1052 3680 erat
1077 3636 1125 3678 et
1150 3624 1407 3694 perfectus
1428 3623 1483 3675 in
1512 3635 1730 3691 genera-

151 3721 377 3788 tionibus
402 3721 531 3775 suis.
546 3718 675 3774 Cum
705 3718 810 3771 Deo
830 3716 1134 3781 ambulavit,
1149 3725 1194 3768 et
1222 3713 1396 3785 genuit
1425 3722 1527 3765 tres
1554 3709 1726 3779 ﬁlios,

154 3810 290 3875 Sem,
316 3811 486 3865 Citam
516 3819 564 3864 et
591 3808 816 3879 Japheth
848 3806 998 3880 (Gen.
1034 3805 1132 3877 γι).

224 3902 352 3956 Filii
397 3916 570 3956 autem
612 3899 867 3971 Japhetlt,
921 3896 1140 3963 Gomer,
1183 3896 1394 3966 Magog,
1455 3893 1641 3948 Μειάαὶ
1685 3900 1736 3948 et

156 3993 341 4057 Javan,
379 3992 604 4058 Thubal,
633 3991 879 4057 Mosoch,
927 3989 1097 4043 Tiras.
1129 3986 1357 4058 Japheth
1381 4028 1396 4053 ,
1446 3987 1555 4041 filio
1599 3986 1732 4052 Noe,

160 4085 264 4138 nati
301 4093 428 4140 sunt
452 4094 658 4154 septem
682 4083 797 4149 ﬁlii,
822 4081 914 4151 qui
940 4081 1294 4150 possederunt
1317 4088 1520 4133 terram
1547 4078 1733 4143 Masia,

162 4175 225 4229 ab
241 4174 449 4230 Amano
486 4183 545 4230 et
589 4173 767 4228 Tauro
794 4170 1099 4242 Cwlesyria:
1125 4179 1180 4225 et
1219 4169 1417 4224 Ciliciae
1464 4167 1738 4224 montibus

165 4282 324 4335 usque
353 4267 423 4321 ad
462 4265 685 4319 ﬂuvium
711 4261 1050 4326 Nathanain;
1080 4261 1136 4314 in
1163 4261 1377 4328 Europa
1408 4274 1536 4312 vero
1569 4271 1740 4326 usque

165 4357 228 4410 ad
256 4355 464 4411 Gadera
504 4355 722 4410 nomina
764 4353 897 4406 locis
938 4360 993 4405 et
1040 4351 1288 4422 gentibus
1335 4349 1734 4418 relinquentes:

167 4467 196 4504 e
217 4453 407 4521 quibus
437 4459 627 4524 postea
651 4449 934 4504 immutata
961 4454 1086 4502 sunt
1115 4446 1376 4519 plurima,
1405 4451 1597 4498 caetera
1620 4457 1742 4511 per-

169 4553 378 4598 manent
404 4551 464 4598 ut
486 4541 724 4597 fuerunt.
761 4539 896 4594 Sunt
921 4547 1100 4592 autem
1140 4536 1340 4592 Gomer
1361 4533 1596 4598 Galatae;
1625 4531 1740 4586 Ma-

171 4648 262 4703 gog
313 4633 560 4704 Scythae;
615 4631 787 4686 Madai
842 4630 1010 4695 Medi;
1069 4628 1237 4683 Javan
1299 4625 1483 4691 Iones,
1540 4625 1630 4694 qui
1689 4629 1744 4676 et

173 4724 364 4792 Graeci,
394 4726 540 4781 unde
577 4732 632 4779 et
662 4738 810 4778 mare
854 4722 1094 4786 Ionium;
1125 4720 1332 4775 Thubal
1379 4719 1622 4782 Biberes,
1653 4715 1744 4785 qui
1792 4777 1795 4780 1

174 4822 224 4866 et
256 4814 494 4884 llispani,
529 4830 558 4868 a
586 4813 782 4883 quibus
828 4811 1136 4877 Celtiberia,
1169 4811 1294 4865 licet
1339 4810 1556 4880 quidam
1582 4807 1745 4862 Italos

178 4907 540 4975 suspicentur;
580 4905 796 4960 Mosoch
819 4904 1183 4974 Cappadoces,
1207 4903 1346 4956 unde
1376 4911 1430 4956 et
1451 4903 1580 4954 urbs
1608 4897 1745 4969 apud

180 5011 264 5050 eos
310 5015 476 5068 usque
520 4998 680 5052 hodie
715 4997 963 5051 Marecha
1002 4995 1216 5049 dicitur.
1267 4993 1437 5047 Porro
1482 4991 1625 5044 LXX
1660 4989 1747 5042 ln-

185 5095 435 5159 terpretes
467 5088 750 5159 Capturini
784 5086 1126 5156 Cappadoces
1154 5083 1504 5138 arbitrantur.
1554 5081 1747 5134 Thiras

187 5181 411 5238 Thraces
457 5195 685 5253 quorum
721 5194 828 5233 non
879 5177 1009 5232 satis
1054 5178 1394 5230 immutatum
1427 5172 1744 5228 vocabulum

189 5281 280 5325 est.
331 5271 424 5327 Ila:
479 5273 663 5341 itaque
716 5276 922 5336 septem
960 5274 1146 5337 gentes
1172 5306 1186 5324 ,
1223 5280 1360 5334 quas
1406 5262 1473 5318 de
1515 5260 1745 5332 Japheth

193 5362 365 5418 venire
411 5364 580 5433 stirpe
615 5357 939 5425 memoravij,
971 5355 1252 5426 Aquilonis
1278 5364 1485 5426 partem
1531 5352 1746 5408 inhabi-

196 5463 318 5512 tant.

262 5546 424 5605 Porro
475 5551 572 5621 ﬁlii
616 5548 809 5604 Gomer
853 5547 1102 5612 Ascenez,
1125 5554 1173 5598 et
1221 5540 1468 5610 Riphath,
1513 5547 1561 5592 et
1613 5535 1750 5590 Tho-

199 5656 384 5707 gorma.
435 5641 670 5697 Ascenez
717 5638 890 5695 Graeci
940 5637 1174 5704 Regmos
1238 5638 1462 5694 vocant,
1514 5625 1750 5696 Riphath

201 5729 580 5802 Paphlagonas,
605 5733 906 5802 Thogorma
936 5728 1179 5796 Phrigas.

271 5823 391 5878 Filii
413 5824 580 5880 Javan
620 5825 770 5879 Eltsa
809 5831 856 5877 et
889 5819 1125 5883 Tharsis,
1154 5815 1353 5870 Cethim
1393 5822 1438 5866 et
1466 5810 1750 5865 Dodanim.

209 5914 278 5969 Ab
313 5916 388 5972 hic
412 5918 585 5975 divisa:
612 5929 732 5974 sunt
781 5913 968 5971 insqu
1007 5911 1276 5966 nationum
1320 5908 1374 5960 in
1410 5905 1560 5959 terris
1608 5902 1750 5968 suis,

1750 2495 1799 2555 Β
1827 2493 1904 2545 vir
1929 2488 2214 2544 secundum
2267 2486 2500 2558 linguam
2541 2502 2712 2554 suam,
2758 2490 3116 2558 cognationem
3141 2507 3313 2558 suam,
3353 2500 3402 2547 et

1827 2591 2027 2654 gentem
2068 2597 2217 2635 suam
2251 2577 2458 2651 (Cenes.
2490 2580 2566 2652 χ).
2599 2578 2675 2635 De
2711 2579 2944 2646 lenibus,
2991 2582 3043 2636 id
3070 2591 3172 2646 est,
3206 2582 3408 2639 Graecis

1825 2681 2124 2729 nascuntur
2168 2671 2373 2737 Elisei,
2429 2672 2520 2740 qui
2563 2681 2823 2727 vocantur
2874 2672 3106 2730 Eolides.
3154 2674 3305 2731 Unde
3353 2685 3410 2733 et

1825 2766 2014 2834 quinta
2086 2763 2266 2832 lingua
2330 2762 2553 2817 Graeciae
2614 2763 2794 2818 Aeolis
2841 2765 3177 2834 appellatur,
3245 2777 3408 2840 neuty

1827 2855 2108 2911 awackton
2131 2862 2348 2910 vocant.
2392 2854 2616 2908 Tharsis
2635 2852 2902 2924 Josephus
2935 2856 3152 2912 Cilicias
3177 2860 3412 2914 arbitra-

1827 2961 1938 3018 tur,
1967 2959 2020 3006 et
2039 2949 2384 3020 aspirationis
2413 2949 2650 3003 litteram
2683 2949 2878 3004 vitiose
2908 2965 2937 3004 a
2967 2953 3201 3019 posteris
3242 2953 3296 3006 in
3323 2961 3412 3024 lay

1828 3043 2011 3098 dicens
2040 3040 2206 3095 fuisse
2239 3047 2568 3109 corruptam.
2600 3037 2753 3094 Unde
2780 3049 2835 3094 et
2868 3038 3176 3110 Metropolis
3224 3057 3412 3097 eorum

1828 3136 2020 3191 civitas
2050 3134 2272 3189 Tharsis
2316 3132 2616 3202 appellatur
2671 3131 2839 3186 Paulo
2889 3134 3133 3202 apostolo
3179 3134 3413 3205 gloriosa

1830 3226 1968 3300 (Act.
1997 3226 2135 3296 xxi).
2165 3223 2376 3279 Cethim
2417 3225 2546 3289 citu,
2580 3240 2610 3277 a
2655 3223 2850 3294 quibus
2897 3226 3056 3279 hodie
3105 3239 3203 3294 per
3250 3227 3414 3280 urbes

1829 3321 2112 3391 Cipricitin
2160 3320 2488 3374 nominatur.
2537 3316 2798 3372 Dodamin
2848 3317 3104 3383 Herodii,
3159 3318 3234 3371 ita
3270 3318 3415 3372 enim

1832 3411 2179 3481 Septuaginta
2207 3410 2527 3479 lnterpretes
2555 3407 2962 3463 transtulerunt.
2990 3408 3258 3480 Legamus
3291 3409 3418 3465 Var-

1830 3506 1979 3560 ronis
2007 3505 2072 3559 de
2095 3503 2506 3573 antiquitatibus
2549 3502 2747 3566 libros,
2776 3509 2832 3557 et
2858 3500 3081 3556 Smirnii
3106 3501 3407 3572 Capitonis,

1829 3607 1884 3654 et
1921 3598 2167 3653 Graecum
2221 3597 2548 3668 Phlegonta,
2601 3605 2932 3664 ceterosque
2979 3595 3412 3661 eruditissimos,

1828 3703 2018 3744 omnes
2038 3703 2176 3758 pene
2205 3687 2429 3750 insulas,
2457 3693 2510 3741 et
2533 3685 2699 3740 totius
2726 3685 2872 3739 orbis
2894 3685 3098 3750 littora,
3134 3693 3418 3753 terrasque

1829 3781 1970 3835 mari
2001 3779 2203 3834 VIt'IIlﬂS
2235 3776 2437 3833 Graecis
2467 3776 2664 3830 accolis
2691 3784 3000 3845 occupatas,
3023 3775 3116 3844 qui
3145 3775 3228 3845 (ut
3254 3788 3418 3844 supra

1760 3853 1806 3916 Ο
1838 3873 2093 3942 diximus)
2126 3873 2193 3925 ab
2227 3871 2437 3924 Amano
2472 3878 2526 3923 et
2557 3867 2735 3922 Tauro
2777 3866 3050 3922 montibus
3088 3865 3266 3920 otttnia
3303 3880 3418 3917 ma-

1835 3966 2017 4020 ritima
2068 3963 2186 4019 loca
2225 3978 2393 4033 usque
2439 3961 2506 4015 ad
2550 3961 2824 4016 Oceanum
2871 3958 3161 4030 possedere
3202 3956 3421 4010 Britan-

1836 4056 2040 4110 nicum.

1908 4145 2038 4199 Filii
2065 4145 2253 4210 Citam,
2305 4144 2444 4198 Chus
2479 4151 2528 4197 et
2576 4141 2848 4205 Mesraim,
2888 4139 3030 4192 Plaut
3070 4147 3119 4193 et
3166 4137 3421 4192 Chanaan

1839 4236 2010 4309 (Gen.
2056 4236 2144 4306 x).
2201 4235 2348 4290 Chus
2402 4234 2669 4302 hodieque
2723 4233 2790 4286 ab
2846 4230 3088 4285 Hebrazis
3142 4228 3419 4296 [Ethiopia

1840 4337 2200 4396 nuncupatur.
2231 4326 2483 4380 Mesraim
2533 4324 2821 4395 x’Egyptus.
2853 4322 2995 4376 Phut
3035 4322 3225 4390 Libya,
3257 4336 3286 4372 a
3315 4334 3421 4387 quo

1841 4427 1895 4473 et
1917 4417 2251 4471 Mauritanim
2277 4416 2470 4470 ﬂuvius
2490 4430 2662 4484 usque
2688 4415 2743 4468 in
2767 4429 3005 4483 praesens
3033 4412 3180 4465 Phur
3202 4411 3418 4477 dicitur,

1840 4510 2124 4577 omnisque
2153 4507 2296 4562 circa
2325 4522 2447 4562 eum
2492 4506 2641 4576 regio
2667 4503 2972 4558 Phutensis.
3004 4500 3153 4554 Multi
3197 4499 3423 4567 scripto-

1842 4615 1949 4665 res,
1975 4609 2084 4653 tam
2108 4597 2312 4664 Graaci,
2343 4613 2504 4668 quam
2533 4595 2754 4661 Latinii,
2795 4593 2954 4662 hujus
2977 4593 3056 4648 rei
3079 4600 3244 4646 testes
3273 4598 3418 4645 sunt.

1844 4690 2021 4758 Quare
2045 4690 2098 4744 in
2122 4705 2229 4744 una
2250 4697 2459 4744 tantum
2489 4688 2719 4742 climatis
2748 4693 2903 4756 parte
2939 4684 3218 4754 antiquum
3241 4681 3424 4751 Libym

1845 4796 2043 4837 nomen
2073 4782 2352 4845 resederit,
2380 4788 2434 4836 et
2462 4779 2666 4849 reliqua
2697 4787 2838 4833 terra
2881 4784 3072 4831 vocata
3112 4775 3182 4829 sit
3218 4772 3423 4838 Africa,

1846 4892 1955 4930 non
2004 4873 2165 4944 hujus
2203 4874 2304 4928 loci
2352 4887 2456 4928 nec
2502 4871 2756 4940 temporis
2809 4877 2911 4923 est.
2961 4866 3131 4922 Porro
3170 4865 3423 4918 Chanaan

1820 4962 2079 5021 'ohtinuit
2109 4971 2308 5019 terram
2341 4978 2501 5032 quam
2539 4960 2707 5017 Judaei
2752 4960 3004 5030 deinceps
3045 4956 3422 5028 possederunt,

1848 5057 2035 5126 ejectis
2059 5055 2400 5111 Chananteis.

1923 5145 2052 5200 Filii
2105 5155 2279 5201 autem
2332 5146 2508 5211 Chus,
2563 5144 2708 5200 Saba
2745 5153 2794 5198 et
2829 5140 3017 5195 Hevila
3043 5181 3060 5205 ,
3110 5137 3346 5194 Sabatha
3378 5146 3428 5192 et

1772 5212 1824 5271 D
1851 5237 2048 5308 Regma
2069 5246 2116 5290 et
2157 5235 2493 5291 Sabathacha
2535 5233 2686 5306 (Gen.
2719 5231 2796 5304 χ).
2827 5229 2991 5296 Saba,
3022 5245 3055 5284 a
3091 5243 3199 5299 quo
3230 5225 3424 5294 Sabaei,

1849 5331 1915 5385 de
1940 5329 2135 5398 quibus
2159 5327 2414 5400 Virgilius
2439 5345 2451 5380 :

2449 5435 2575 5488 Solis
2594 5439 2672 5487 est
2689 5440 2832 5487 turea
2852 5438 2989 5494 virga
3013 5433 3212 5484 Sabinis.

1851 5526 1921 5580 Et
1955 5524 2083 5580 alibi
2115 5541 2128 5577 :

2506 5633 2809 5695 Ceutnmque
2831 5631 3024 5690 Sabao,

1978 5699 2144 5750 Thure
2166 5703 2326 5750 ca.ent
2348 5708 2462 5746 arte.

1856 5804 2040 5859 Hevila
2058 5803 2253 5866 Getuli,
2272 5803 2324 5856 in
2341 5810 2492 5871 parte
2507 5799 2814 5856 remotioris
2837 5795 3031 5850 Africae
3052 5805 3233 5848 eremo
3258 5788 3432 5845 cohae-

1859 5905 2056 5951 rentes.
2087 5895 2346 5959 Sabatha,
2383 5909 2414 5948 a
2445 5907 2552 5963 quo
2580 5890 2871 5955 Sabathtei,
2901 5887 2994 5957 qui
3013 5900 3156 5941 nunc
3177 5881 3430 5938 Astarohi
