3958 6474
494 374 602 439 Ξ83

1144 374 1208 431 Β.
1245 371 1503 430 RABANI
1534 370 1756 429 MAURI
1789 370 2111 428 ARCHIEP.
2151 370 2463 430 MOGUNT.
2501 370 2787 431 OPERUM
2849 374 3028 431 PARS
3064 375 3106 431 Ι.

3672 379 3786 439 εει

497 499 867 557 nominantur.
926 495 1131 566 Regina
1188 507 1319 551 vero
1365 503 1420 549 et
1465 490 1768 549 Sabatacha
1820 489 2080 563 paulatim
2108 486 2160 553 Α
2186 504 2317 545 num
2362 487 2677 547 reservavit.
2707 488 2890 547 Aradii
2938 499 3085 559 sunt,
3130 492 3224 563 qui
3251 492 3493 549 Arabum
3539 492 3795 552 insulam

496 593 719 663 antiqua
750 589 970 646 nomina
1009 587 1270 645 vocabula
1303 587 1610 658 perdidere,
1659 594 1719 643 et
1770 600 1891 657 qua:
1938 599 2083 642 nunc

493 699 597 757 pro
629 682 901 739 veteribus
930 680 1184 746 habeant,
1210 680 1512 752 ignoratur.

552 776 725 831 Porro
751 772 851 841 ﬁlii
883 770 1080 842 Regma
1106 770 1252 827 Saba
1274 782 1321 826 et
1344 771 1537 825 Dadan
1552 768 1705 841 (Gen.
1721 770 1799 842 x).
1819 769 1917 825 Hic
1940 769 2084 827 Saba

494 880 595 939 per
631 865 713 919 sin
737 863 971 917 litteram
999 862 1290 926 scribitur;
1318 877 1480 932 supra
1513 877 1644 917 vero
1664 876 1764 931 per
1789 862 2018 924 samech,
2049 876 2082 916 ι

494 972 603 1028 quo
630 956 867 1010 diximus
913 954 1208 1024 appellatos
1248 952 1486 1009 Sabaeos.
1532 952 1924 1023 Interpretatur
1951 968 2087 1024 ergo

493 1063 639 1102 nunc
686 1044 830 1102 Saba
877 1044 1097 1099 Arabia.
1156 1044 1291 1098 Nam
1346 1045 1400 1099 in
1463 1045 1860 1115 septuagesimo
1908 1046 2085 1114 primo

493 1139 726 1209 psalmo,
761 1136 852 1191 ubi
908 1151 1006 1191 nos
1048 1137 1312 1192 habemus
1340 1151 1355 1190 :
1387 1136 1544 1207 Reges
1591 1137 1824 1192 Arabum
1854 1147 1901 1191 et
1938 1137 2084 1193 Saba

496 1248 718 1287 munera
746 1229 1150 1302 o/ferenuPsal.
1177 1230 1349 1300 uxr),
1367 1230 1418 1285 in
1438 1230 1663 1285 Hebrzeo
1690 1231 1951 1301 scriptum
1965 1238 2080 1285 est:

496 1325 656 1396 Reges
684 1325 829 1381 Saba
857 1336 906 1380 et
930 1324 1069 1381 Saba
1095 1338 1114 1377 :
1137 1325 1372 1395 primum
1413 1340 1608 1380 nomen
1636 1340 1733 1395 per
1754 1325 1859 1391 sin,
1892 1336 2085 1379 secun-

495 1420 620 1474 dum
653 1436 749 1490 per
773 1418 1001 1473 samech.
1035 1417 1220 1472 Dadan
1248 1433 1380 1488 gens
1410 1424 1491 1473 est
1520 1416 1814 1487 [Ethiopian
1845 1416 1903 1471 in
1931 1415 2085 1472 Occi-

493 1510 696 1565 dentali
723 1510 900 1580 plaga.

563 1599 703 1655 C/tus
730 1613 905 1654 autent
950 1601 1127 1671 genuit
1162 1599 1397 1654 Nemrod
1422 1613 1436 1652 :
1469 1600 1561 1654 iste
1588 1600 1735 1671 erepit
1763 1617 1872 1654 esse
1899 1608 2081 1672 potens

493 1695 545 1747 in
571 1704 711 1748 terra
749 1692 901 1763 (Cen.
930 1693 1008 1763 Χ).
1043 1692 1323 1746 Potentem
1348 1692 1481 1746 dicit
1504 1692 1738 1749 Nemrod
1767 1702 2077 1763 propterea,

494 1786 619 1854 quia
666 1785 932 1839 insuetam
965 1784 1306 1856 tyrannidem
1344 1784 1554 1854 primus
1582 1784 1633 1837 in
1680 1784 1892 1855 populis
1943 1785 2082 1839 arri-

2185 584 2541 653 possederunt
2567 591 2796 655 angusto
2841 582 2982 640 ﬁetu
3024 596 3058 639 a
3092 582 3366 641 thnicis
3400 585 3597 642 littore
3629 602 3797 659 ειμι

2186 685 2306 735 rata
2354 676 2623 733 Samaria.
2680 677 2893 732 Emissa
2939 676 3138 734 nobilis
3185 676 3495 751 leesyriae
3530 680 3791 748 civitas;

2184 771 2555 841 Amathusque
2583 771 2650 826 ad
2688 778 2934 827 nostrum
2968 779 3181 842 tempus
3208 779 3318 827 tam
3343 787 3375 827 a
3403 772 3563 844 Syris
3614 790 3795 844 quam

2186 864 2257 918 ab
2277 862 2536 929 Hebraeis,
2566 863 2641 918 ita
2670 872 2729 917 ut
2760 863 2903 933 apud
2927 871 3139 919 vetem
3174 863 3318 920 dicta
3348 861 3551 929 fuerat,
3598 864 3798 935 appel-

2184 954 2349 1010 latur.
2390 954 2542 1011 Hanc
2586 954 2935 1021 Macedones,
2984 955 3080 1025 qui
3128 961 3249 1024 post
3290 952 3681 1009 Alexandrum
3736 953 3794 1010 in

2187 1047 2419 1104 Oriente
2475 1056 2813 1119 regnarunt,
2882 1046 3241 1117 Epiphaniam
3293 1052 3791 1115 nuncupaverunt.

2185 1143 2437 1199 Nonnulli
2471 1141 2814 1197 Antiochiam
2848 1142 2921 1197 ita
2954 1140 3276 1212 appellatam
3304 1147 3519 1210 putant.
3553 1138 3699 1201 Alii,
3724 1138 3793 1192 li-

2190 1247 2276 1293 cet
2306 1251 2411 1290 non
2439 1250 2588 1300 vere,
2637 1242 2817 1289 tamen
2866 1234 3176 1303 opinionem
3205 1247 3358 1288 suam
3382 1231 3544 1302 quasi
3590 1230 3795 1284 verisi-

2186 1330 2301 1383 mili
2319 1326 2582 1382 vocabulo
2608 1326 3014 1390 conﬁrmantcs,
3034 1326 3237 1380 Emaus
3261 1325 3492 1394 primam
3509 1322 3580 1377 ab
3594 1321 3797 1376 Antio-

2172 1422 2308 1493 chia
2383 1421 2719 1475 mansionem
2778 1417 3053 1473 Edissam
3107 1417 3461 1489 pergentibus
3517 1414 3795 1485 appellari

2183 1524 2374 1587 putant
2400 1523 2463 1570 et
2482 1516 2732 1572 eamdem
2767 1528 2889 1571 esse
2911 1528 3033 1585 quae
3066 1515 3208 1585 apud
3258 1522 3475 1568 veteres
3521 1510 3677 1565 dicta
3725 1510 3797 1564 sit

2262 1627 2429 1663 lllilll).

2262 1627 2310 1663 tn
2414 1649 2429 1662 .

2184 1608 2406 1755 EF
2424 1699 2565 1766 8cm,
2598 1700 2782 1755 ίῈΙαηι
2812 1709 2860 1754 et
2902 1700 3068 1754 Assur
3095 1708 3142 1752 et
3180 1697 3468 1769 Arphaxad
3507 1704 3562 1750 et
3593 1694 3720 1748 Luc!
3748 1704 3796 1747 et

2184 1791 2347 1846 Aram
2378 1792 2530 1864 (Gen.
2559 1792 2637 1865 Χ).
2669 1792 2735 1846 Hi
2777 1792 2844 1846 ab
2868 1791 3143 1861 Euphrate
3178 1789 3340 1843 ﬂuvio
3375 1796 3594 1859 partem
3624 1787 3794 1849 Asiw,

491 1875 726 1946 puit.Dc
776 1893 882 1946 quo
934 1877 989 1931 in
1038 1876 1314 1931 Genescos
1357 1877 1619 1944 scriptum
1648 1885 1731 1931 est
1769 1877 1955 1947 :quod
2002 1874 2363 1954 ro-anque
2414 1884 2480 1937 ad
2531 1884 2789 1938 Indicium
2842 1881 3121 1937 Oceanum
3189 1888 3393 1937 tenent.
3458 1880 3557 1933 Est
3611 1888 3795 1931 autem

492 1969 673 2021 bustus
715 1979 926 2022 veruzlor
955 1978 1098 2022 esset
1126 1984 1301 2022 coram
1334 1967 1442 2021 Deo
1484 1966 1637 2039 (Gen.
1690 1968 1783 2041 Χ),
1828 1964 1956 2038 quia
1992 1970 2087 2024 ho-

491 2063 665 2116 mines
698 2078 727 2115 a
761 2062 853 2116 Dei
886 2062 1092 2116 cultura
1138 2062 1355 2115 avertit.
1394 2061 1547 2117 Unde
1597 2059 1867 2131 Iosephus
1907 2062 1973 2117 de
2019 2078 2085 2118 eo

490 2163 698 2218 narrat,
726 2155 911 2209 dicens
942 2174 954 2209 :
995 2174 1013 2205 ί
1043 2154 1195 2209 Fecit
1222 2163 1403 2208 autem
1433 2171 1527 2210 eos
1556 2172 1679 2211 esse
1701 2156 1871 2211 elatos
1902 2157 1968 2211 ad
1994 2157 2083 2211 in-

483 2248 686 2319 juriam
737 2249 830 2304 Dei
862 2257 1025 2318 atque
1052 2258 1422 2320 contemptum
1462 2249 1699 2306 Nemrod
1746 2248 1888 2306 ﬁlius
1914 2246 2085 2306 Cham

493 2340 585 2394 ﬁlii
628 2340 759 2395 Noe.
792 2341 894 2407 Qui
927 2356 1051 2395 cum
1082 2349 1226 2395 esset
1267 2340 1528 2395 audacior
1575 2350 1631 2395 et
1662 2358 1823 2396 manu
1855 2340 2088 2397 fortissi-

493 2448 613 2486 mus
634 2475 647 2497 ,
684 2434 947 2486 suadebat
966 2433 1076 2496 eis,
1102 2443 1159 2485 ut
1194 2448 1301 2486 non
1330 2432 1443 2487 Deo
1472 2434 1814 2489 ascriberent
1835 2434 1962 2506 quia
1992 2435 2088 2489 ho-

493 2523 729 2578 minibus
773 2540 870 2594 per
896 2522 1044 2577 illum
1085 2522 1316 2579 felicitas
1360 2524 1625 2591 eveniret,
1677 2524 1769 2579 sed
1813 2526 1957 2595 quod
1984 2525 2089 2581 hoc

492 2614 573 2671 eis
602 2614 818 2685 propria
851 2615 1050 2671 virtute
1075 2616 1439 2685 praeberetur;
1490 2624 1545 2672 et
1571 2624 1831 2688 cognatos
1874 2617 2088 2690 generis

492 2705 576 2761 sui
626 2707 694 2760 ad
741 2720 961 2761 causam
998 2706 1299 2779 tyrannidis
1332 2707 1577 2774 adduxit,
1610 2710 1759 2765 solus
1806 2709 1921 2781 ipse
1950 2726 2089 2781 prte-

492 2808 715 2854 sumens
773 2797 1020 2854 homines
1048 2814 1077 2853 a
1118 2798 1213 2854 Dei
1256 2798 1452 2855 timore
1503 2815 1788 2866 revocare,
1844 2809 1899 2856 et
1937 2816 2089 2872 spem

492 2906 647 2948 suam
676 2890 729 2945 in
760 2889 978 2961 propria
1016 2891 1216 2946 virtute
1270 2907 1564 2964 reponere,
1612 2891 1911 2964 ulciscique
1966 2907 2087 2947 esse

496 2983 778 3039 dementes
804 2981 859 3038 in
888 2980 997 3038 Deo
1024 2983 1291 3054 putabant
1328 2982 1767 3039 interminantem
1807 2983 1922 3039 fere
1952 2983 2091 3039 dilu-

494 3075 642 3129 vium
684 3082 864 3131 terrzc.
898 3075 978 3132 Oh
1004 3092 1165 3147 quam
1212 3092 1432 3132 causam
1469 3077 1661 3130 turrim
1709 3075 2086 3131 aediﬁcandam

444 3200 449 3205 ι
494 3164 743 3222 altiorem
769 3167 1088 3236 suadebant,
1118 3166 1209 3222 ubi
1239 3183 1378 3239 aqua
1402 3183 1508 3223 non
1540 3174 1723 3237 posset
1772 3169 2086 3223 ascendere.

2185 1974 2338 2029 Elam
2374 1990 2402 2027 a
2433 1990 2539 2044 quo
2582 1972 2823 2028 Elamita:
2866 1968 3139 2042 principes
3189 1964 3451 2025 Persidis.
3495 1968 3577 2023 De
3624 1968 3797 2023 Assur

2186 2075 2312 2121 ante
2343 2066 2458 2138 jam
2517 2065 2719 2119 dictum
2759 2073 2862 2130 est,
2895 2062 3039 2134 quod
3089 2062 3316 2117 Niniven
3354 2062 3546 2116 urbem
3600 2061 3794 2115 condi-

2188 2160 2348 2216 derit.
2400 2158 2710 2229 Arphaxad,
2755 2174 2787 2213 a
2823 2175 2931 2229 quo
2982 2157 3241 2213 Chaldaai.
3290 2156 3423 2218 Lud,
3457 2171 3489 2210 a
3528 2171 3650 2225 quo
3699 2155 3798 2226 Ly-

2187 2258 2297 2321 dia,
2330 2256 2495 2312 Aram
2516 2295 2531 2321 ,
2572 2272 2603 2310 a
2642 2270 2749 2324 quo
2779 2254 2921 2326 Syri,
2951 2268 3185 2324 quorum
3215 2250 3534 2322 metr0polis
3576 2260 3673 2305 est
3700 2248 3799 2303 Da-

2188 2365 2425 2406 mascus.

2260 2438 2369 2492 Fili
2407 2438 2570 2491 Aram
2620 2435 2735 2491 Hus
2780 2445 2827 2492 et
2864 2435 2976 2490 Hui
3001 2445 3049 2490 et
3078 2435 3270 2492 Gether
3298 2444 3345 2490 et
3377 2433 3493 2488 Mes
3521 2431 3695 2505 (Gen.
3727 2433 3795 2504 x).

2188 2532 2302 2587 llus
2334 2530 2694 2586 Draconitidis
2722 2536 2776 2583 et
2802 2527 3053 2584 Damasci
3090 2527 3336 2583 conditor
3369 2528 3515 2581 inter
3548 2525 3799 2580 Palaesti-

2190 2638 2317 2677 nam
2370 2629 2424 2676 et
2478 2620 2831 2692 Ctelesyriam
2889 2620 3065 2675 tenuit
3121 2618 3529 2689 principatum,
3588 2632 3629 2672 δ
3700 2631 3801 2686 quo

2192 2716 2547 2787 Septuaginta
2591 2710 2919 2784 Interpretes
2956 2714 3011 2767 in
3054 2712 3151 2767 lib.
3179 2709 3301 2777 Job,
3332 2710 3425 2767 ubi
3456 2710 3512 2765 in
3562 2710 3800 2765 Hebrrro

2191 2808 2468 2875 scribitur,
2498 2806 2662 2862 Terra
2690 2805 2793 2873 Us,
2826 2802 3085 2876 regionem
3123 2800 3448 2872 Ausitidem,
3482 2804 3650 2873 quasi
3678 2800 3798 2857 Usi-

2192 2899 2384 2967 tidem,
2425 2898 2819 2953 transtulerunt
2854 2895 2979 2962 Hui,
3008 2911 3039 2951 a
3081 2908 3189 2966 quo
3244 2893 3510 2949 Armenii.
3559 2892 3801 2956 Gether,

2192 3006 2224 3047 a
2261 3007 2367 3062 quo
2405 2990 2676 3046 Acarnani
2706 2989 2821 3044 sive
2851 2988 3017 3043 Carii.
3050 2988 3220 3043 Porro
3244 3000 3345 3056 pro
3379 2984 3494 3039 Mes
3533 2983 3695 3040 LXX
3725 2984 3803 3038 la-

2194 3088 2460 3161 terpretes
2521 3080 2741 3136 Mosoch
2812 3079 3109 3146 dixerunt,
3168 3079 3259 3148 qui
3316 3090 3461 3134 nune
3526 3082 3801 3130 vocantur

2196 3175 2435 3232 Meones.

494 3257 781 3315 Multitudo
802 3272 984 3315 autem
1010 3276 1182 3332 prona
1213 3266 1349 3325 erat,
1368 3267 1427 3314 ut
1453 3259 1687 3315 Nemrod
1709 3259 2089 3331 przeceptioni-
2118 3245 2166 3310 C
2268 3265 2558 3339 Ανριισπαά
2585 3274 2759 3321 autem
2779 3263 2957 3335 genui:
2988 3260 3243 3335 δαῖε,ηηὶ
3274 3270 3324 3317 ει
3343 3262 3454 3333 ipse
3474 3261 3663 3332 gemuit
3694 3258 3799 3314 Ho-

488 3353 593 3409 bus
641 3355 946 3422 obedirent,
992 3371 1155 3427 grave
1200 3361 1452 3426 putantes
1504 3355 1823 3421 servitium,
1862 3354 2090 3426 obsequi

493 3445 605 3500 Deo
639 3465 651 3499 :
681 3446 873 3500 turrim
921 3445 1263 3502 aediﬁcabant
1309 3446 1363 3500 in
1395 3446 1544 3501 nullo
1588 3463 1686 3502 sua
1715 3447 1895 3503 studia
1934 3447 2090 3504 dese-

492 3545 695 3591 rentes.
737 3555 755 3589 :
801 3530 1066 3606 Regnavit
1110 3544 1290 3592 autem
1317 3534 1552 3592 Nemrod
1601 3537 1654 3591 in
1709 3538 1985 3610 Babylone
2033 3546 2089 3595 et

494 3626 734 3694 Marech,
761 3629 863 3684 hoc
892 3638 996 3695 est,
1028 3629 1157 3684 etin
1190 3628 1422 3685 Ederam
1444 3638 1497 3686 et
1521 3628 1769 3696 Machad,
1793 3646 1914 3701 qua:
1943 3647 2089 3687 nunc

496 3724 687 3781 dicitur
740 3725 963 3791 Nisibis,
990 3734 1046 3781 et
1079 3727 1132 3781 in
1173 3725 1487 3791 Chalamie,
1536 3743 1655 3797 quae
1695 3735 1880 3797 postea
1931 3744 2089 3784 verso

492 3820 713 3875 nomine
739 3836 768 3875 a
806 3818 1033 3876 Seleuco
1059 3836 1185 3892 rege
1217 3828 1298 3875 est
1349 3821 1494 3876 dicta
1528 3818 1797 3887 Seleucia,
1825 3819 1908 3876 vel
1936 3830 2086 3876 certe

492 3927 613 3983 quae
640 3930 782 3969 nunc
810 3912 1056 3985 Ktycium
1087 3913 1409 3985 appellatur.

563 4007 818 4063 Mesraim
848 4026 965 4063 vero
990 4009 1168 4079 genuit
1214 4007 1428 4074 Ludim,
1460 4017 1508 4061 et
1538 4006 1782 4061 Anamim
1803 4047 1819 4073 ,
1848 4015 1897 4059 et
1949 4002 2087 4060 Laa-

492 4101 619 4166 bim,
661 4110 707 4154 et
741 4099 1098 4170 Nephthuim,
1130 4098 1433 4156 Phetrusim
1480 4117 1682 4173 quoque
1732 4108 1780 4153 et
1826 4096 2083 4155 Casluim.

491 4192 571 4248 De
596 4196 781 4264 quibus
807 4197 1000 4268 egressi
1034 4206 1154 4252 sunt
1183 4195 1509 4251 Pliilistltiim
1535 4206 1581 4250 e'
1610 4194 2082 4270 Caphtorim(Gen.

491 4285 672 4357 xvnl).
736 4286 991 4357 Exceptis
1049 4287 1310 4355 Laabim,
1370 4303 1400 4341 a
1448 4287 1646 4358 quibus
1686 4287 1840 4360 Libyi
1892 4295 2083 4358 postea

493 4378 758 4434 nominati
806 4388 969 4447 sunt,
1017 4381 1108 4451 qui
1155 4383 1306 4452 prius
1348 4380 1555 4437 Phutazi
1614 4383 1981 4449 vocabantur;
2031 4390 2086 4439 et

493 4466 753 4536 Casluim,
772 4473 864 4541 qtti
881 4472 1133 4543 deinceps
1159 4472 1488 4528 Philisthiim
1511 4471 1765 4542 appellati
1784 4482 1929 4538 sunt,
1947 4489 2084 4544 quos

491 4574 592 4615 nos
621 4572 876 4632 corrupte
917 4563 1217 4619 Palestinos
1244 4564 1495 4624 dicimus,
1525 4572 1735 4618 caetera:
1762 4579 1859 4619 sex
1898 4575 2084 4635 gentes

494 4651 692 4723 ignotae
720 4657 875 4712 nobis
902 4665 1047 4722 sunt,
1074 4673 1194 4728 qua:
1223 4672 1252 4710 a
1275 4656 1417 4711 bello
1446 4655 1760 4725 [Ethiopico
1787 4658 2079 4723 subversze,

494 4759 667 4814 usque
696 4747 764 4801 ad
790 4748 1116 4803 oblivionem
1145 4748 1545 4817 prseteritorum
1585 4748 1865 4802 nominum
1895 4764 2085 4818 perve-

494 4850 643 4890 nere.
688 4834 1050 4893 Possederunt
1104 4845 1285 4892 autem
1339 4844 1543 4891 terram
1587 4836 1772 4909 Agaza
1818 4854 1990 4908 usque
2016 4839 2083 4894 ad

493 4935 768 4983 extremos
798 4926 934 4983 ﬁnes
962 4926 1204 4998 Egypti.

567 5018 825 5072 Chanaan
847 5035 964 5072 vero
990 5019 1165 5088 genuit
1193 5017 1439 5074 Sidonem
1466 5022 1873 5093 pnmogenitum
1902 5039 2079 5090 suum,

493 5116 543 5163 et
580 5107 875 5173 Hetlm’um,
903 5107 1206 5164 Jebuswum
1249 5128 1478 5183 quoque,
1528 5122 1577 5168 et
1616 5113 2004 5182 Amorrhmum,
2034 5124 2082 5170 et

498 5198 846 5271 Gergeswum,
900 5201 1253 5279 Hermumque
1295 5216 1345 5261 et
1388 5208 1701 5277 Aracteum,
1735 5220 1782 5265 et
1823 5209 2081 5278 Silurum,

494 5291 753 5346 Aradium
812 5311 1054 5367 quoque,
1103 5307 1152 5352 et
1218 5298 1548 5357 Sumam-um
1600 5312 1651 5359 et
1708 5303 2083 5360 Hamatlueum

496 5380 650 5455 (Gen.
675 5385 750 5455 x).
775 5384 850 5439 De
879 5386 1132 5444 Chanaan
1165 5393 1374 5463 primus
1402 5402 1561 5450 natus
1587 5404 1671 5451 est
1700 5395 1885 5459 Sidon,
1909 5411 1938 5449 a
1975 5412 2083 5465 quo

496 5476 627 5530 urbs
664 5476 717 5530 in
763 5476 1021 5535 Pbmnice
1076 5480 1243 5538 Sidon
1293 5495 1538 5541 vocatur.
1580 5488 1717 5542 Dein
1766 5488 2080 5554 Arachzeus,

499 5568 591 5638 qui
642 5569 870 5636 Archas,
900 5573 1140 5629 condidit
1186 5578 1440 5648 oppidum
1490 5588 1680 5634 contra
1730 5580 1989 5648 Tripolim
2028 5581 2083 5635 in

499 5656 775 5715 radicibus
794 5661 984 5718 Libani
1012 5664 1195 5732 situm,
1228 5683 1258 5720 a
1293 5683 1400 5737 quo
1423 5668 1567 5726 haud
1605 5670 1791 5739 procul
1820 5671 1925 5728 alia
1949 5671 2085 5726 civi—

500 5758 586 5809 tas
630 5753 753 5822 fuit,
785 5759 1004 5817 nomine
1054 5759 1211 5829 Sivi,
1261 5779 1381 5833 qua:
1434 5773 1623 5833 postea
1680 5766 1831 5820 vario
1884 5776 2082 5822 eventu

505 5845 768 5913 “diversa
808 5849 1096 5924 bellorum,
1125 5870 1329 5917 nomen
1360 5856 1730 5914 tantummodo
1756 5858 1874 5915 loco
1901 5858 2085 5933 pristi-

2195 3363 2305 3418 ber.
2321 3361 2492 3417 I’orro
2511 3358 2686 3415 Heber
2713 3358 2824 3413 nati
2855 3364 2973 3412 sunt
2991 3356 3097 3410 duo
3110 3354 3210 3424 ﬁlii
3227 3368 3244 3405 :
3261 3368 3448 3408 nomen
3467 3351 3574 3407 Uni
3588 3350 3800 3424 Plinio,

2191 3456 2315 3528 quia
2338 3456 2393 3509 in
2419 3455 2601 3508 diebus
2634 3450 2747 3523 ejus
2776 3450 2944 3506 divisa
2969 3458 3045 3503 est
3083 3455 3258 3513 terra;
3300 3454 3349 3501 et
3385 3456 3575 3500 nentes
3604 3445 3798 3515 fratris

2191 3547 2306 3618 ejus
2350 3545 2537 3600 Jectan
2578 3542 2730 3619 (Gen.
2764 3545 2841 3611 x).
2897 3540 3095 3607 Hebcr,
3144 3556 3174 3595 a
3203 3554 3312 3612 quo
3360 3538 3571 3594 Hebraei
3610 3540 3797 3594 vocati

2191 3644 2337 3705 sunt,
2375 3636 2631 3692 vaticinio
2658 3636 2891 3705 quodam
2935 3634 3045 3688 ﬁlio
3074 3648 3172 3688 suo
3222 3631 3423 3702 Phaleg
3445 3645 3646 3686 nomen
3697 3631 3799 3685 im-

2189 3730 2390 3801 posuit,
2423 3729 2514 3799 qui
2564 3729 2954 3798 interpretatur
2977 3724 3185 3789 divisio,
3212 3724 3279 3778 ab
3299 3738 3363 3777 eo
3389 3723 3533 3793 quod
3573 3722 3627 3776 in
3675 3721 3796 3777 die.

2188 3824 2291 3878 bus
2319 3821 2437 3891 ejus
2459 3822 2655 3893 linguae
2683 3822 2735 3875 in
2770 3820 3042 3892 Babylone
3069 3818 3258 3873 divisa:
3286 3822 3431 3872 sunt.
3462 3816 3665 3871 Narrat
3694 3831 3796 3869 au-

2190 3922 2298 3969 tem
2332 3913 2507 3979 Philo,
2563 3914 2619 3968 in
2648 3912 2788 3969 libro
2822 3912 3194 3980 Quaestionum
3239 3924 3456 3965 suarum
3493 3922 3659 3978 super
3691 3906 3797 3962 Ge-

2189 4007 2388 4073 nesim,
2420 4007 2563 4076 quod
2594 4021 2661 4061 ex
2701 4004 2875 4060 tribus
2896 4004 3022 4059 ﬁliis
3053 4004 3188 4071 Noe,
3212 4004 3388 4060 adhuc
3417 4002 3534 4073 ipso
3574 4000 3796 4055 vivente

2189 4101 2303 4156 nati
2342 4101 2450 4156 sint
2483 4108 2754 4173 nongenta
2786 4100 3197 4171 quatuordecim
3252 4097 3416 4153 millia
3458 4096 3709 4150 virorum
3738 4102 3793 4150 et

2189 4198 2429 4255 centum,
2453 4197 2606 4245 extra
2638 4189 2906 4259 mulieres
2933 4198 2986 4243 et
3013 4186 3287 4259 parvulos,
3331 4185 3591 4239 habentes
3619 4198 3791 4254 super

2190 4297 2248 4336 se
2304 4281 2467 4337 duces
2519 4280 2866 4345 constitutos,
2893 4279 2996 4334 hoc
3024 4287 3126 4342 est,
3174 4277 3267 4332 ﬁlii
3296 4275 3422 4331 Sem
3452 4272 3647 4329 Jectan
3694 4275 3791 4329 du-

2188 4391 2341 4443 cem;
2400 4375 2495 4430 ﬁlii
2524 4374 2693 4430 Cham
2728 4371 2994 4437 Nemrod;
3053 4370 3149 4425 ﬁlii
3193 4377 3370 4424 autem
3408 4366 3643 4439 Japhcth
3687 4368 3791 4423 sub

2187 4466 2395 4523 Phenet
2423 4468 2561 4522 duce
2602 4467 2829 4520 «fuerunt
2868 4462 3167 4520 constituti.
3210 4462 3379 4517 Porro
3425 4469 3548 4532 post
3576 4461 3788 4516 obitum

2190 4558 2304 4613 Noe
2331 4565 2699 4614 convenerunt
2722 4556 2958 4628 undique
2980 4571 3168 4611 omnes
3198 4552 3253 4609 hi
3277 4552 3438 4609 duces
3460 4568 3586 4609 cum
3618 4553 3792 4624 agmi-

2192 4650 2352 4706 nibus
2378 4650 2491 4705 suis
2522 4650 2781 4720 subjectis
2801 4649 2854 4704 in
2878 4664 3127 4719 campum
3160 4645 3423 4710 Sennaar,
3453 4645 3527 4700 ibi
3551 4645 3790 4716 denique

2192 4746 2387 4799 turrim
2413 4753 2729 4800 construere
2760 4744 2940 4799 conati
2973 4751 3101 4797 sunt
3130 4741 3284 4814 (Gen.
3310 4742 3410 4810 xl).
3439 4739 3577 4795 Cum
3603 4748 3785 4794 autem

2192 4834 2498 4889 initiassent
2555 4834 2823 4889 :ediﬁcare
2876 4834 3110 4914 turrim,
3151 4832 3334 4888 divisit
3379 4832 3521 4887 Deus
3571 4831 3788 4902 linguas

2189 4940 2399 4991 eorum,
2437 4933 2493 4982 et
2542 4927 2770 4981 mutavit
2805 4940 2991 5005 eorum
3031 4923 3251 4996 eiligies,
3289 4932 3344 4979 et
3395 4939 3502 4978 non
3535 4922 3788 4992 cognovit

2191 5018 2560 5089 unusquisque
2616 5018 2839 5072 fratrem
2874 5032 3050 5083 suum,
3095 5032 3196 5071 nec
3242 5013 3533 5069 audiebant
3586 5010 3785 5083 singuli

2187 5112 2388 5183 quique
2432 5112 2671 5183 linguam
2725 5111 2958 5181 proximi
3010 5111 3113 5167 sui.
3161 5110 3361 5179 Sicque
3407 5107 3611 5163 factum
3667 5114 3781 5170 est,

2187 5212 2247 5259 ut
2316 5205 2441 5259 dum
2503 5203 2862 5257 aediﬁcatores
2917 5201 3178 5257 ministris
3230 5202 3343 5257 suis
3390 5199 3652 5273 juberent
3705 5197 3784 5253 af—

2184 5295 2329 5352 ferre
2358 5295 2589 5365 lapides,
2621 5294 2693 5349 illi
2722 5294 2979 5350 alicrrent
3007 5311 3232 5366 aquam;
3262 5302 3316 5349 et
3352 5293 3398 5349 si
3428 5293 3783 5364 deposcerent

2187 5404 2420 5458 aquam,
2472 5387 2544 5441 illi
2595 5385 2851 5441 aiTerrent
2907 5386 3192 5457 stipulam;
3254 5395 3309 5442 et
3355 5386 3467 5451 sic,
3518 5383 3778 5439 intercisa

2189 5481 2514 5553 cogitatione
2562 5495 2785 5545 eorum,
2851 5487 3204 5534 cessaverunt
3254 5478 3526 5533 mdiﬁcare
3579 5477 3748 5532 civita

2188 5582 2297 5628 tem
2333 5592 2345 5626 :
2379 5572 2634 5643 dispersit
2661 5587 2756 5628 eos
2805 5573 3065 5628 Dominus
3108 5573 3162 5626 in
3215 5570 3556 5643 superﬁciem
3614 5572 3783 5627 totius

2188 5677 2365 5724 terrm.

2257 5762 2447 5817 .lcctan
2474 5770 2647 5816 autem
2679 5760 2856 5832 genuit
2907 5757 3172 5814 Elmodad
3198 5767 3247 5813 et
3278 5757 3493 5830 Saleph,
3534 5765 3585 5811 et
3621 5756 3781 5811 Asdr-

2187 5859 2329 5915 motlz
2359 5868 2405 5913 et
2435 5857 2564 5914 Jare
2582 5855 2815 5912 Adoram
2836 5872 3039 5933 quoque
3056 5864 3104 5909 et
3131 5853 3184 5910 ιι
3190 5852 3330 5923 uzal,
3363 5865 3410 5909 et
3432 5851 3621 5921 Deda,
3654 5850 3776 5909 Ησ-
