3958 6462
129 397 248 455 285

1073 400 1426 459 COMMENT.
1464 403 1535 460 IN
1570 404 2124 465 PARALIPOMENA.
2164 441 2233 455 —
2269 412 2399 469 LIB.
2432 415 2475 472 1.

3293 426 3399 483 286

126 508 220 565 bal
242 510 409 565 etiam
429 516 477 565 et
498 510 735 566 Abimael
758 519 805 566 et
833 509 998 579 Saba,
1019 529 1217 572 necnon
1240 525 1290 571 et
1314 513 1502 588 Ophir,
1525 529 1577 574 et
1606 518 1718 575 He-
1742 526 1797 587 Α
1818 523 1930 578 nati
1959 522 2028 579 de
2066 541 2173 581 uno
2208 527 2495 585 concubitu
2523 524 2779 591 Rebecca:
2805 538 3156 610 uxoris_lsaac
3186 541 3395 612 (Genes.

123 600 261 668 vila,
292 611 347 657 et
368 599 557 656 Jobab.
590 601 783 658 Omnes
828 604 917 658 isti
956 603 1058 674 filii
1085 604 1273 662 Jectan
1304 605 1458 678 (Gen.
1489 610 1568 683 ιι).
1615 610 1724 667 lla-

123 707 254 748 rum
304 692 545 765 gentiqu
599 696 897 764 posteriora
945 697 1163 752 nomina
1208 699 1451 757 invenire
1476 718 1583 757 non
1630 718 1725 774 po-

124 784 240 850 tui;
282 787 382 839 sed
411 800 582 856 usque
604 785 658 839 in
680 800 921 856 praesens
947 788 1071 858 quia
1107 790 1349 859 procula
1388 793 1544 848 nobis
1572 802 1719 860 sunt,

124 876 211 932 vel
274 877 354 931 ita
402 887 682 933 vocantur.
738 876 1101 936 Possederunt
1150 891 1328 938 autem
1385 900 1415 939 a
1469 884 1721 955 Cophene

123 966 293 1023 ﬂuvio
330 984 547 1024 onmem
594 969 757 1024 Indiae
805 972 1077 1043 regionem
1104 990 1223 1044 qua:
1252 983 1476 1030 vocatur
1516 976 1715 1033 llieria.

196 1059 354 1125 Sem,
380 1060 695 1130 Arphaxad,
722 1060 876 1127 Sala,
910 1062 1102 1129 Heber,
1136 1063 1351 1137 Phaleg,
1382 1067 1588 1138 Ragau,
1625 1070 1722 1125 Se-

123 1171 242 1225 rug,
271 1153 517 1220 Nachor,
545 1153 738 1221 Thare,
770 1155 963 1211 Abram
991 1172 1009 1209 :
1037 1158 1133 1213 iste
1163 1170 1235 1213 est
1270 1159 1556 1216 Abraham.
1584 1163 1720 1218 Pru-

121 1249 259 1304 dens
307 1248 507 1314 lector,
556 1258 682 1305 uota
712 1252 855 1319 quod
882 1252 1021 1307 sicut
1054 1253 1108 1308 in
1136 1254 1404 1326 principio
1432 1257 1501 1312 ab
1545 1258 1718 1313 Adam

120 1358 297 1412 usque
344 1343 416 1397 ad
457 1342 572 1399 Noe
625 1344 810 1399 decem
865 1347 1242 1418 generationes
1279 1351 1492 1420 posuit,
1544 1353 1617 1407 ita
1664 1361 1721 1409 et

120 1434 249 1492 Sem
284 1451 463 1507 usque
508 1438 577 1492 ad
620 1435 895 1494 Abraham
948 1441 1156 1495 denarii
1212 1458 1481 1499 summam
1531 1461 1717 1502 serva—

116 1524 235 1593 vit,
273 1541 391 1583 non
442 1527 559 1582 sine
603 1528 774 1599 ipsius
820 1530 1008 1603 utique
1056 1534 1268 1587 numeri
1294 1536 1554 1607 mysterio
1590 1554 1717 1594 san-

118 1619 393 1675 ctissime.

186 1709 321 1766 Filii
350 1721 532 1770 autem
556 1713 848 1782 Abraham,
878 1714 1039 1771 Isaac
1063 1725 1114 1772 et
1141 1716 1374 1773 lsmahel
1401 1731 1489 1774 :et
1513 1721 1595 1775 ha:
1622 1738 1714 1792 ge-

114 1806 418 1861 nerationes
441 1824 643 1863 eorum.
690 1806 1082 1881 Primogenitus
1108 1811 1389 1868 Ismahelis
1421 1813 1712 1883 Nabaioth,

111 1902 158 1947 et
182 1892 379 1961 Cedar,
409 1906 460 1950 et
482 1897 697 1965 Adbeal,
719 1908 768 1954 et
800 1900 1067 1968 Habeam,
1097 1913 1144 1957 et
1175 1902 1407 1970 Masma,
1431 1914 1479 1959 et
1502 1905 1706 1971 Duma,
1742 1898 1788 1958 Β

112 1985 317 2055 Massa,
335 1987 542 2045 "adad
566 2001 615 2046 et
648 1992 869 2061 Thema,
893 1994 1104 2062 Jethur,
1126 1995 1353 2067 Naphis,
1395 1995 1590 2054 Cedma
1615 2019 1633 2057 :
1656 2000 1710 2054 hi

107 2090 225 2135 sunt
249 2080 355 2151 filii
390 2081 698 2139 Ismahelis.
726 2084 1024 2143 Duodecim
1071 2087 1166 2143 lilii
1202 2099 1501 2146 nascuntur
1545 2092 1714 2147 Isma-

110 2173 234 2240 heli,
280 2189 313 2230 e
358 2175 567 2245 quibus
612 2178 1006 2250 primogenitus
1060 2179 1161 2235 fuit
1203 2180 1491 2249 Nabaioth,
1540 2199 1571 2237 a
1605 2200 1713 2254 quo

105 2266 283 2323 omnis
329 2268 491 2339 regio
544 2268 615 2324 ab
653 2270 935 2341 Euphrate
961 2287 1133 2344 usque
1175 2273 1242 2328 ad
1271 2288 1419 2329 mare
1466 2274 1711 2331 Rubrum

107 2356 433 2414 Nabathena
459 2376 633 2431 usque
664 2363 826 2418 hodie
853 2364 1076 2432 dicitur,
1105 2372 1161 2419 et
1202 2380 1321 2434 quae
1345 2381 1472 2437 pars
1498 2365 1713 2423 Arabia:

104 2458 205 2504 est.
233 2449 373 2506 Nam
403 2459 471 2507 et
513 2450 733 2509 familiae
757 2454 1021 2525 ipsorum,
1052 2457 1355 2527 oppidaque
1384 2465 1438 2512 et
1458 2459 1603 2529 pagi,
1649 2474 1713 2515 ac

105 2543 311 2598 minuta
348 2545 581 2602 castella
620 2555 676 2602 et
719 2547 911 2614 tribus,
942 2549 1137 2604 horum
1171 2550 1530 2620 appellatione
1578 2551 1715 2609 cele-

104 2629 350 2689 brantur.
376 2635 468 2691 Ab
514 2653 621 2692 uno
650 2653 717 2694 ex
752 2640 839 2694 his
870 2639 1045 2696 Cedar
1090 2641 1149 2696 in
1175 2644 1412 2707 deserto,
1454 2650 1511 2698 et
1537 2642 1712 2698 Duma

105 2722 205 2779 alia
234 2727 415 2798 regio,
450 2735 506 2783 et
544 2727 785 2784 Thcman
814 2731 881 2785 ad
920 2729 1200 2798 Austrum,
1254 2743 1312 2788 et
1356 2732 1593 2789 Cedema
1640 2733 1708 2789 ad

110 2812 450 2874 Orientalem
487 2819 702 2891 plagam
741 2814 960 2876 dicitur.

175 2910 307 2966 Filii
334 2922 520 2967 autem
548 2911 754 2968 Ceturar
795 2916 1102 2971 concubina:
1130 2916 1419 2984 Abraham,
1445 2935 1576 2991 quos
1618 2936 1711 2992 ge-

108 3004 215 3059 nuit
241 3019 256 3057 :
286 3003 571 3072 Zamram,
595 3006 813 3074 Jecsan,
848 3008 1076 3073 Madan,
1125 3010 1374 3077 Hadian,
1408 3012 1631 3068 Jesboch
1661 3024 1711 3070 et

110 3095 214 3152 Sus
226 3095 406 3153 Porro
426 3096 523 3168 ﬁlii
545 3098 759 3167 Jecsan,
780 3099 922 3155 Saba
945 3110 995 3156 et
1022 3101 1233 3157 Dadan.
1252 3102 1381 3158 Filii
1408 3114 1581 3159 autem
1606 3106 1713 3160 Βαα

108 3188 211 3243 dan
265 3190 517 3244 Assurim
560 3201 608 3245 et
664 3190 933 3246 Latnssim
982 3202 1031 3247 et
1062 3192 1322 3250 Laomim.
1378 3195 1487 3251 Fili
1534 3206 1710 3251 autem

1824 614 1985 685 xxv).

1894 709 2024 767 Filii
2072 711 2250 782 Esau,
2308 716 2552 788 Eliphaz,
2602 719 2840 789 Rahuel,
2896 727 3105 797 Jehus,
3168 729 3398 802 Illelom,

1824 798 1975 856 Core.
2008 803 2065 858 In
2095 805 2233 861 libro
2261 806 2486 864 Genesis
2516 823 2771 870 narratur
2819 816 2973 890 (Gen.
3028 838 3191 890 χχιιι,
3226 798 3400 893 xxv",

1823 894 2052 968 xxxvi),
2099 900 2245 969 quod
2296 901 2439 956 Esau
2493 908 2763 974 acceperit
2808 925 3007 967 uxores
3061 914 3127 969 de
3184 916 3400 972 ﬁliabus

1822 984 2100 1059 Chanaan,
2146 992 2313 1061 Cada,
2354 995 2516 1052 ﬁliam
2566 998 2698 1054 Elon
2741 1000 2971 1069 Hethzei,
3001 1012 3055 1061 et
3099 1006 3399 1075 Oolibama,

1822 1076 1987 1136 ﬁliam
2020 1082 2151 1140 Anne
2192 1086 2313 1142 ﬁlia:
2354 1087 2564 1145 Sebeon
2610 1090 2812 1157 llevazi,
2860 1093 3144 1151 Basemath
3189 1113 3403 1170 quoque

1823 1172 1984 1229 ﬁliam
2019 1176 2247 1245 lsmael,
2298 1196 2539 1237 sororem
2595 1184 2884 1241 Nabaioth.
2941 1189 3160 1259 Peperit
3216 1200 3400 1247 autem

1818 1263 1933 1320 Ada
1980 1266 2221 1338 Eliphaz.
2270 1271 2556 1329 Basemath
2601 1280 2789 1348 genuit
2834 1280 3056 1343 RahueL
3120 1282 3402 1339 Oolibama

1821 1360 1988 1416 edidit
2016 1363 2178 1421 Jehus
2204 1376 2257 1421 et
2303 1368 2484 1424 lhelon
2527 1381 2581 1425 et
2608 1372 2764 1428 Core.

1889 1451 2021 1509 Filii
2049 1456 2289 1529 Eliphas.
2335 1460 2587 1530 Theman,
2621 1464 2809 1532 Omar,
2832 1466 3011 1539 Sephi,
3042 1467 3284 1538 Catham,
3309 1468 3404 1526 Ce-

1820 1563 1935 1611 nes,
1967 1546 2223 1606 Thamna.
2267 1552 2435 1623 Cujus
2462 1554 2738 1627 Scriptura
2765 1558 2818 1612 in
2860 1558 2961 1614 Job
3009 1561 3281 1617 volumine
3322 1577 3407 1618 re-

1819 1638 2073 1694 cordatur
2120 1640 2280 1711 (Job.
2336 1660 2393 1708 ιι,
2454 1646 2630 1720 ιιιιιι).
2689 1647 2960 1715 Quaeritur
3008 1661 3227 1718 autem,
3280 1669 3404 1709 cum

1821 1728 2063 1787 Thamna
2116 1734 2169 1788 in
2224 1735 2421 1792 Genesi
2453 1736 2606 1808 (Gen.
2638 1742 2836 1813 xxxvr)
2865 1742 3077 1815 legatur
3104 1746 3405 1802 concubina

1820 1835 1942 1878 esse
1967 1824 2188 1897 Eliphaz
2221 1830 2285 1883 de
2332 1846 2528 1900 genere
2579 1833 2945 1900 ilorrmorum,
2979 1838 3070 1907 qui
3118 1840 3258 1910 apud
3286 1840 3409 1895 ldu-

1816 1928 1981 1970 mutos
2031 1918 2414 1976 habitaverunt
2461 1923 2515 1978 in
2568 1934 2712 1981 terra
2757 1926 2901 1993 Seir,
2940 1944 3059 1998 qua:
3094 1931 3304 2000 peperit
3354 1931 3406 1987 ei

1814 2003 2091 2075 Amelech,
2123 2015 2393 2081 quomodo
2421 2014 2512 2070 hic
2537 2017 2678 2073 inter
2700 2018 2838 2075 ﬁlios
2859 2023 3210 2077 numeretur?
3231 2024 3405 2078 maxi-

1815 2116 1932 2167 me,
1962 2118 2086 2158 cum
2110 2105 2164 2159 in
2198 2109 2548 2176 sequentibus
2585 2112 2795 2183 legatur
2822 2114 2939 2183 ipsa
2971 2115 3213 2171 Thanma
3250 2132 3407 2173 soror

1814 2208 1935 2249 esse
1964 2196 2173 2252 Lotam.
2203 2199 2321 2254 Filii
2348 2200 2486 2267 Seir,
2517 2205 2608 2274 qui
2632 2206 2797 2263 etiam
2819 2217 2901 2262 est
2926 2207 3117 2264 Edam.
3150 2210 3258 2265 Sed
3286 2210 3408 2267 Seir

1814 2284 2083 2343 Hebraice
2101 2288 2299 2358 pilosus
2329 2292 2547 2359 dicitur,
2570 2310 2637 2350 eo
2660 2298 2805 2365 quod
2832 2298 2995 2353 fuerit
3023 2308 3167 2356 totus
3198 2301 3253 2356 in
3286 2316 3406 2357 mo-

1817 2377 1947 2433 dum
1980 2379 2135 2449 pellis
2161 2381 2388 2450 pilosus.
2430 2383 2601 2439 Edom
2640 2396 2820 2442 autem
2848 2389 3047 2444 dicitur
3072 2391 3265 2446 rubens
3294 2393 3408 2447 sive

1814 2470 2019 2540 fulvus,
2050 2471 2231 2543 lingua
2260 2474 2505 2531 Hebraea.
2544 2476 2625 2532 Ab
2649 2495 2717 2534 eo
2737 2494 2890 2552 ergo,
2912 2483 3055 2549 quod
3092 2483 3262 2538 rubeo
3287 2483 3407 2539 cibo

1814 2563 2116 2619 vendiderit
2146 2567 2503 2639 primogenita
2534 2586 2626 2626 sua
2664 2570 2817 2641 (Gen.
2844 2574 2996 2643 xxv),
3023 2574 3185 2644 fulvi,
3221 2575 3275 2631 id
3302 2583 3408 2641 est,

1815 2655 1987 2712 Edon
2010 2660 2236 2716 sortitus
2259 2670 2345 2717 est
2382 2679 2601 2719 nomen.
2648 2664 2821 2721 Porro
2858 2666 3071 2722 Hebraei
3098 2668 3239 2723 hanc
3261 2682 3408 2739 qua).

1814 2749 2047 2804 stionem
2089 2750 2164 2806 ita
2205 2752 2454 2820 solvunt,
2508 2756 2751 2812 dicentes
2780 2757 3025 2813 Thamna
3060 2757 3228 2814 fuisse
3272 2774 3405 2813 con-

1813 2840 2067 2897 cubinam
2116 2844 2257 2900 Esau
2283 2887 2298 2912 ,
2341 2855 2398 2901 et
2442 2862 2730 2917 generasse
2781 2851 2832 2905 ei
2887 2851 3056 2906 ﬁlium
3104 2852 3402 2918 Amalech,

1813 2932 1906 2986 sed
1938 2940 2121 2989 tamen
2144 2950 2266 2990 eum
2297 2944 2357 2991 ιιι
2402 2938 2570 2993 lilium
2607 2939 2752 2996 inter
2777 2940 2918 2997 ﬁlios
2952 2942 3100 3013 ipsos
3132 2958 3254 3000 esse
3276 2944 3411 3001 edu-

1814 3029 1993 3077 catum
2002 3063 2015 3077 .

1887 3115 2019 3173 Filii
2045 3116 2229 3186 Sobel,
2259 3121 2420 3177 Alian
2444 3132 2491 3179 et
2522 3122 2816 3179 Manahath
2844 3135 2894 3180 et
2924 3125 3081 3194 Ebal,
3121 3133 3174 3181 et
3222 3127 3404 3199 Sephi,

1813 3219 1862 3264 et
1888 3210 2080 3265 Onam.
2109 3212 2269 3268 Alian
2296 3230 2446 3285 ergo,
2474 3216 2568 3286 qui
2599 3218 2665 3272 de
2689 3232 2889 3288 genere
2926 3219 3272 3275 Horrazorum
3299 3229 3405 3288 est,

111 3280 356 3349 Hadian,
394 3282 552 3353 Epha
578 3292 628 3338 et
671 3283 870 3354 Epher,
895 3294 943 3338 et
972 3284 1152 3339 Enoch
1190 3296 1240 3340 et
1286 3286 1484 3341 Eldaa.
1516 3286 1709 3343 Omnes

1817 3303 1869 3357 in
1895 3302 2091 3359 Genesi
2123 3303 2276 3377 (Gen.
2306 3272 2779 3381 ςξχνιίερτίὴίἶιιι·
2801 3309 2996 3376 Alvan,
3044 3308 3097 3365 id
3136 3319 3239 3378 est,
3268 3310 3412 3367 exal-

107 3374 156 3427 Iii
196 3374 301 3442 ﬁlii
355 3373 588 3429 (lemne.
620 3373 820 3430 Cetura
866 3376 1098 3432 Hebraeo
1153 3394 1405 3434 sermone
1462 3382 1708 3452 copulata

108 3466 525 3536 interpretatur,
560 3474 656 3521 aut
700 3452 897 3523 uincta.
932 3469 1106 3537 Quam
1138 3471 1209 3525 ob
1252 3486 1476 3527 causam
1531 3475 1709 3544 suspi-

108 3569 302 3615 cantur
322 3558 540 3614 Hebraei
563 3559 850 3615 itmnutato
877 3562 1098 3617 nomine
1116 3562 1365 3618 eamdem
1391 3578 1515 3620 esse
1542 3564 1708 3637 Agar,

110 3666 224 3722 qua:
245 3651 387 3707 Sara
417 3660 633 3708 mortua
653 3652 720 3709 de
742 3654 1047 3709 concubina
1076 3656 1354 3711 transierit
1379 3657 1433 3710 in
1460 3672 1705 3713 uxorem.

112 3744 174 3798 Et
197 3745 417 3800 videtur
439 3745 667 3814 depositi
684 3743 801 3815 jam
827 3746 1063 3803 Abrahae
1088 3750 1339 3808 excusari
1360 3758 1513 3814 aetas,
1528 3766 1599 3805 ne
1622 3765 1709 3805 se-

114 3854 210 3893 nex
254 3848 381 3909 post
420 3847 655 3895 mortem
684 3841 873 3896 uxoris
900 3842 1094 3897 vetuhe
1136 3844 1293 3898 novis
1322 3851 1578 3915 arguatur
1606 3859 1708 3898 nu-

116 3933 238 4000 ptiis
258 3933 565 3989 lascivisse.
592 3931 721 4000 Nos,
752 3937 898 4006 quod
935 3937 1206 3991 incertum
1249 3944 1362 4001 est,
1390 3936 1704 4008 relinquen-

118 4030 211 4086 tes,
234 4025 337 4079 hoc
356 4025 613 4091 dicimus,
652 4025 797 4096 quod
840 4026 907 4082 de
933 4026 1130 4082 Cetura
1168 4028 1280 4082 nati
1310 4027 1403 4082 ﬁlii
1430 4027 1705 4083 Abraham

115 4114 259 4185 juxta
289 4118 586 4175 historicos
635 4119 985 4176 Hebraeorum
1032 4130 1453 4191 occupaverunt.
1476 4162 1489 4176 .
1511 4161 1524 4176 .
1549 4160 1563 4175 .
1585 4160 1598 4175 .
1619 4158 1664 4176 ..
1687 4161 1701 4174 .

122 4218 169 4264 et
195 4210 475 4278 Arabiam,
508 4224 630 4283 qua:
660 4227 824 4269 nunc.
844 4252 892 4268 ..
914 4250 929 4268 .
951 4251 965 4268 .
986 4252 1001 4268 .
1025 4253 1038 4269 .
1057 4255 1070 4269 .
1100 4230 1271 4285 usque
1301 4217 1367 4271 ad
1400 4216 1567 4271 maris
1598 4215 1707 4270 Ru-

122 4304 197 4359 bri
224 4309 507 4365 terminos.
540 4302 748 4365 Dicitur
771 4316 953 4367 autem
995 4326 1137 4368 unus
1167 4314 1232 4368 de
1280 4315 1515 4383 posteris
1540 4314 1706 4368 Abra-

123 4397 199 4453 hae
217 4440 231 4464 ,
263 4403 351 4471 qui
382 4403 686 4476 appellatur
707 4406 906 4475 Epher,
924 4406 1144 4462 duxisse
1170 4407 1454 4463 adversum
1477 4404 1703 4479 Libyam

125 4492 411 4549 exercitum
435 4504 493 4551 et
530 4496 602 4550 ibi
640 4497 799 4552 victis
830 4495 1081 4554 hostibus
1110 4498 1444 4565 consedisse,
1476 4498 1703 4571 ejusque

124 4588 354 4651 posteros
382 4605 451 4645 ex
498 4591 719 4646 nomine
742 4592 886 4647 atavi
927 4591 1168 4647 Africam
1197 4606 1557 4665 nuncupasse.
1592 4590 1701 4648 llu-

122 4672 201 4742 jus
226 4679 297 4732 rei
328 4681 485 4738 testis
517 4691 603 4737 est
640 4680 965 4751 Alexander,
993 4685 1084 4755 qui
1114 4685 1333 4741 dicitur.
1356 4727 1368 4740 .
1393 4727 1406 4741 .
1427 4727 1440 4740 .
1463 4726 1476 4741 .
1508 4694 1564 4742 et
1594 4688 1703 4743 Deo

127 4763 301 4825 demus
328 4780 691 4843 cognomento
728 4768 950 4831 Maehus
969 4818 982 4842 ,
1014 4775 1203 4831 Graeco
1235 4792 1485 4833 sermone
1512 4780 1707 4835 barba-

130 4870 232 4912 ram
273 4858 553 4920 historiam
584 4872 908 4923 retexentes.
950 4866 1104 4934 Quod
1148 4876 1328 4924 autem
1362 4870 1475 4924 ait:
1508 4869 1578 4924 Et
1605 4870 1706 4940 ﬁlii

129 4945 305 5007 Dadan
335 4955 552 5025 fuerunt
598 4955 837 5012 Assurim
863 4966 911 5013 et
934 4956 1199 5014 Latnssim
1227 4969 1275 5015 et
1305 4958 1544 5015 Laomim
1565 5003 1578 5027 ,
1609 4959 1706 5016 As-

131 5042 282 5097 surim
325 5045 378 5100 in
411 5049 779 5120 negotiatores
823 5050 1108 5107 transferri
1157 5060 1349 5121 putant
1383 5072 1394 5107 :
1425 5052 1703 5108 Latnssim

131 5134 241 5189 aeris
260 5140 485 5197 metallis
521 5143 794 5203 cadentes,
825 5141 1069 5197 Laomim
1098 5159 1228 5199 vero
1256 5144 1619 5215 phylarchus,
1647 5143 1701 5199 id

134 5230 222 5289 est,
246 5230 495 5301 princeps
548 5232 839 5289 multarum
874 5236 1113 5289 tribuum
1150 5242 1313 5305 atque
1354 5236 1695 5308 populorum.

133 5306 225 5368 Alii
258 5319 321 5372 ab
348 5322 453 5377 hoc
475 5320 724 5380 Assurim
754 5330 973 5382 vocatos
999 5325 1167 5399 Syros
1197 5343 1317 5383 esse
1346 5306 1696 5396 contendunt,

137 5412 184 5456 et
211 5421 237 5458 a
260 5409 521 5485 plerisque
546 5417 670 5472 ﬁliis
697 5417 930 5473 Abrahae
964 5425 1019 5473 et
1051 5416 1265 5475 Ceturaa
1294 5429 1587 5490 occupatas
1613 5420 1700 5475 ln-

138 5496 226 5553 dlie
254 5507 516 5577 regiones.

202 5590 464 5657 Generavit
492 5616 664 5661 autem
693 5602 959 5662 Abraham
991 5598 1150 5662 Isaac
1175 5606 1328 5679 cujus
1367 5608 1579 5679 fuerunt
1602 5606 1704 5680 filii

143 5674 273 5773 βείω
315 5695 359 5745 et
391 5688 576 5753 Israel.
605 5696 878 5755 Abraham
912 5716 1039 5773 ergo
1063 5699 1189 5756 licet
1217 5674 1400 5772 plures
1440 5702 1577 5757 ﬁlios
1602 5674 1703 5759 ha-

143 5769 335 5866 buerit,
384 5793 561 5845 tamen
593 5786 764 5848 solum
817 5769 1135 5849 Isaac'Sara
1186 5769 1377 5849 habuit
1418 5808 1486 5849 ex
1522 5808 1706 5866 repro~

145 5864 401 5948 missione,
430 5883 581 5959 cujus
623 5886 843 5946 fuerunt
870 5888 967 5946 ﬁlii
998 5888 1143 5946 Esau
1189 5895 1247 5944 et
1289 5884 1455 5946 Israel
1481 5864 1703 5963 gemini,

1811 3401 1973 3448 tatus.
2000 3394 2059 3448 ln
2084 3395 2537 3468 Paralipomenon
2570 3414 2701 3455 vero
2726 3399 2907 3466 Alian,
2939 3401 2993 3456 id
3024 3410 3137 3470 est,
3165 3402 3361 3473 cjectus
3386 3419 3404 3459 :

1810 3484 2144 3555 signiﬁcans,
2172 3488 2296 3557 quia
2327 3488 2535 3543 Horrzei
2561 3490 2789 3545 exaltati
2820 3489 3041 3547 fuerunt
3061 3533 3074 3559 ,
3113 3502 3407 3563 antequam

1810 3575 1981 3631 Edom
2032 3586 2233 3633 terram
2268 3578 2415 3634 illam
2445 3591 2662 3651 caperet
2699 3600 2714 3636 :
2768 3581 2949 3652 ejecti,
3004 3592 3291 3654 postquam
3338 3582 3408 3639 ab

1808 3679 1876 3724 eo
1923 3669 2274 3740 triumphanti
2323 3672 2560 3742 patriam
2620 3674 2943 3730 amiserunt.
3008 3675 3173 3746 Sephi
3227 3682 3410 3730 autem

1810 3762 1957 3818 ﬁlius
1989 3762 2153 3819 Sobal
2210 3765 2264 3818 in
2318 3765 2772 3838 Paralipomenon
2821 3770 3022 3839 legitur
3066 3769 3292 3841 unipes;
3350 3769 3407 3823 in

1807 3857 2003 3914 Genesi
2037 3874 2252 3930 quoque
2274 3858 2444 3931 Sepho
2468 3861 2657 3935 (Ibid.)
2676 3904 2691 3929 ,
2722 3863 2828 3918 hoc
2853 3872 2963 3928 est,
2994 3862 3172 3934 bipes:
3198 3869 3407 3915 utrum-

1807 3964 1914 4020 que
1942 3957 2120 4004 tamen
2151 3964 2250 4019 per
2285 3950 2367 4004 sin
2392 3950 2652 4007 litteram.
2692 3952 2854 4023 Bipes
2883 3966 3099 4021 quoque
3147 3950 3274 4004 inde
3324 3948 3408 4003 di-

1807 4040 1971 4107 citur,
2017 4041 2146 4120 quia
2176 4055 2433 4111 processu
2462 4044 2722 4113 temporis
2752 4044 2809 4099 iu
2837 4041 3180 4099 multitudine
3207 4038 3407 4096 sobolis

1806 4133 2070 4205 majorem
2115 4134 2413 4189 etﬁeaciam
2445 4136 2637 4191 habuit
2665 4152 2829 4208 quam
2864 4136 2918 4191 in
2944 4143 3168 4206 parente
3206 4133 3403 4205 primo.

1877 4224 2011 4279 Filii
2050 4223 2251 4280 Sebeon
2298 4225 2399 4279 Aia
2447 4236 2496 4280 et
2536 4227 2671 4282 Ana.
2716 4228 2790 4282 De
2837 4244 2946 4298 quo
2984 4229 3040 4283 in
3087 4226 3285 4284 Genesi
3333 4226 3407 4280 ita

1807 4321 2072 4389 scriptum
2106 4328 2191 4373 est
2232 4340 2245 4374 :
2287 4318 2396 4374 Iste
2425 4328 2501 4374 est
2530 4321 2648 4377 Ana
2673 4322 2766 4391 qui
2794 4321 2984 4375 invenit
3011 4337 3175 4391 aquas
3206 4320 3406 4374 calidas

1805 4414 1862 4467 in
1892 4413 2209 4480 solitudine,
2236 4428 2356 4467 cum
2393 4422 2626 4484 pasceret
2663 4414 2844 4467 asinos
2886 4412 3085 4468 Sebeon
3121 4414 3287 4483 patris
3322 4412 3408 4468 uti

1809 4498 2022 4577 (ΝΜ).
2055 4498 2165 4559 Pro
2190 4514 2300 4575 quo
2325 4504 2429 4559 alia
2467 4504 2633 4559 editio
2663 4503 2827 4558 habet
2866 4518 2881 4557 :
2917 4503 3037 4574 Ipse
3064 4506 3139 4558 est
3173 4504 3289 4557 Ana
3317 4503 3409 4574 qui

1808 4599 2004 4653 invenit
2030 4598 2248 4652 aiamim
2275 4599 2331 4653 in
2356 4598 2583 4664 deserto,
2609 4612 2727 4651 cum
2749 4605 2979 4667 pasceret
3007 4597 3181 4651 asinos
3209 4594 3407 4650 Sebeon

1810 4693 1977 4763 patris
2003 4692 2110 4746 sui.
2139 4690 2302 4745 Multa
2333 4698 2390 4747 et
2407 4688 2557 4745 varia
2584 4690 2726 4761 apud
2751 4689 3005 4744 Hebraeos
3034 4689 3100 4745 de
3127 4690 3232 4745 hoc
3259 4688 3407 4759 capi-

1811 4782 1922 4838 tulo
1967 4785 2332 4853 disputantur.
2373 4782 2528 4852 Apud
2574 4780 2796 4837 Gnecos
2838 4782 3038 4852 quippe
3086 4788 3141 4861 et
3186 4787 3403 4835 nostros

1808 4891 1972 4947 super
2013 4876 2116 4932 hoc
2154 4875 2428 4931 silentium
2469 4884 2573 4931 est.
2621 4875 2726 4930 Alii
2772 4878 2967 4945 putant
3012 4874 3192 4927 iamim
3232 4871 3404 4925 maria

1807 4967 2106 5039 appellata;
2140 4968 2329 5024 iisdem
2359 4967 2502 5023 enim
2533 4968 2846 5023 scribuntur
2871 4964 3066 5021 litteris
3090 4962 3259 5017 maria
3285 4960 3405 5030 qui-

1807 5054 1909 5116 bus
1956 5067 2010 5117 et
2053 5076 2197 5116 nunc
2247 5056 2338 5116 hic
2385 5075 2567 5116 sermo
2610 5059 2911 5129 descriptus
2953 5064 3074 5121 est;
3122 5062 3177 5110 et
3217 5052 3406 5107 volunt

1810 5153 1983 5221 Illum,
2014 5155 2141 5209 dum
2185 5158 2434 5225 pasceret
2481 5153 2663 5208 asinos
2713 5151 2769 5204 in
2809 5151 3022 5203 deserto
3073 5145 3244 5216 patris
3293 5144 3399 5210 sui,

1808 5265 2066 5320 aquarum
2097 5248 2520 5319 conqregationes
2546 5242 2835 5314 reperisse,
2861 5255 2999 5310 quae,
3019 5239 3173 5310 juxta
3204 5236 3399 5291 idioma

1806 5337 2003 5411 lingua:
2036 5337 2331 5401 Hebraicaa,
2364 5337 2535 5391 maria
2575 5337 2984 5402 nuncupantur;
3017 5329 3160 5400 quod
3197 5327 3399 5384 scilicet

1807 5441 2059 5503 stagnum
2090 5429 2390 5502 repererit,
2420 5426 2574 5496 cujus
2602 5424 2682 5481 rei
2712 5425 2949 5479 inventio
2974 5422 3027 5477 in
3057 5436 3241 5477 eremo
3268 5415 3401 5474 diui-

1807 5521 1927 5577 cilis
1951 5528 2052 5576 est.
2078 5519 2328 5575 Nonnulli
2359 5524 2550 5590 putant
2572 5531 2741 5587 aquas
2767 5514 2988 5579 calidas,
3006 5514 3160 5584 juxta
3187 5509 3400 5565 Punica).

1806 5612 2003 5684 lingua:
2040 5612 2327 5677 viciniam,
2362 5626 2481 5681 qua:
2522 5606 2801 5666 Hebraicze
2840 5605 3235 5663 conterminata
3281 5608 3365 5656 est

1807 5705 1911 5762 hoc
1947 5703 2207 5759 vocabulo
2251 5700 2563 5775 signiﬁcari.
2595 5700 2734 5755 Sunt
2773 5701 2865 5771 qui
2904 5698 3239 5755 arbitrantur
3263 5708 3397 5749 ona-

1810 5813 1936 5871 gros
1962 5795 2029 5851 ab
2052 5797 2154 5852 hoc
2182 5795 2592 5851 admissosesse
2619 5794 2682 5850 ad
2709 5794 2911 5859 asinas,
2934 5800 2988 5847 et
3011 5792 3184 5862 ipsum
3216 5785 3399 5842 istius-

1812 5888 1959 5948 modi
2004 5888 2270 5962 reperisse
2315 5886 2689 5956 concubitum,
2721 5895 2783 5944 ut
2817 5883 3157 5943 velocissime
3198 5892 3268 5938 ex
3310 5875 3398 5937 his
