3958 6474
543 446 649 504 287

1217 443 1276 498 Β.
1317 442 1568 499 RABANI
1606 443 1825 501 δίΑυίὶί
1860 445 2181 503 ARCHIEP.
2223 443 2530 503 MOGUNT.
2567 440 2852 500 OPERUM
2886 439 3067 496 PARS
3105 439 3148 496 1.

3700 445 3816 502 288

542 556 708 610 asina:
761 562 1141 620 nascerentur,
1183 554 1276 624 qui
1321 564 1579 610 vocantur
1625 556 1823 610 iamim.
1870 556 2117 626 Plerique
2143 559 2197 620 Α
2220 569 2523 610 manorum.
2549 552 2701 610 Unus
2721 565 2931 623 quoque
2959 549 3192 606 ﬁliorum
3216 548 3407 606 Ismael
3430 551 3824 623 appellabatur

541 653 733 715 putant
766 644 909 714 quod
950 659 1211 713 equarum
1253 659 1444 715 greges
1488 645 1557 699 ab
1600 645 1765 700 asinis
1808 645 1863 699 in
1904 646 2121 701 deserto

543 738 658 808 ipse
695 737 888 792 fecerit
918 737 1123 807 primus
1159 737 1399 803 ascendi,
1428 744 1489 791 ut
1514 737 1783 792 mulorum
1824 737 1949 793 inde
1984 754 2122 794 nova

544 840 733 887 contra
763 839 1010 886 naturam
1039 831 1289 885 animalia
1318 839 1690 887 nascerentur.

610 921 784 976 Filius
811 922 951 988 Ana,
975 921 1161 979 Dison.
1185 920 1315 977 Filii
1339 921 1524 988 Dison,
1550 922 1786 976 Amaran
1815 920 2120 995 [Hamram]

538 1022 588 1067 et
613 1012 839 1077 Eseban,
856 1023 904 1067 et
924 1011 1166 1078 Jelliran,
1189 1021 1239 1067 et
1260 1012 1490 1067 Charon.
1506 1012 1743 1068 Amaran
1770 1013 1911 1068 ﬁlius
1935 1014 2118 1085 Dison,

543 1103 637 1158 ﬁlii
687 1103 835 1169 Ana,
877 1104 932 1157 in
973 1103 1419 1174 Paralipomenon
1469 1104 1746 1160 Hamaran
1794 1105 2123 1176 (rubricatus

544 1195 815 1259 sordibus,
844 1197 928 1252 vel
957 1196 1322 1269 temulentus);
1353 1198 1405 1252 in
1434 1196 1629 1253 Genesi
1659 1198 1900 1254 Amadan
1936 1216 2128 1253 concu-

547 1284 839 1353 piscibilis;
867 1285 1107 1341 Amaran
1151 1301 1281 1342 vero
1322 1294 1377 1342 et
1401 1286 1644 1343 Amadan
1687 1289 1844 1344 unius
1891 1288 2125 1345 hominis

544 1377 763 1432 nomina
788 1386 930 1433 sunt.

618 1466 746 1520 Filii
774 1467 927 1533 Eser,
949 1467 1176 1534 Balaan,
1199 1478 1247 1523 et
1262 1467 1461 1535 Zauan,
1477 1480 1524 1524 et
1540 1471 1769 1535 Jachan,
1790 1479 1894 1525 etc.
1918 1468 2124 1525 Jacban

543 1558 686 1614 ﬁlius
716 1560 868 1624 Eser,
901 1561 966 1616 de
995 1576 1192 1632 genere
1229 1560 1591 1627 Horrzeorum,
1624 1564 1678 1615 in
1716 1560 1913 1617 Genesi
1942 1562 2127 1616 Achan

543 1649 883 1715 nominatur,
924 1652 1027 1706 hoc
1072 1659 1193 1717 est,
1239 1651 1534 1706 tribulator.
1579 1651 1639 1705 In
1682 1650 2125 1721 Paralipomenon

536 1755 668 1795 vero
694 1739 937 1807 Jachan,
977 1743 1080 1798 hoc
1123 1753 1236 1811 est,
1280 1742 1578 1799 tribulatus.
1624 1742 1728 1797 Per
1754 1744 1933 1798 varios
1980 1744 2125 1798 enim

537 1842 761 1889 eventus
793 1850 976 1891 rerum
1006 1838 1221 1892 nomina
1248 1846 1577 1894 commutata
1617 1848 1742 1893 sunt
1779 1839 2122 1908 antiquorum

2222 648 2482 703 Theman.
2503 644 2792 701 Sciendum
2818 651 2997 697 autem
3017 641 3161 713 quod
3178 641 3355 697 omnis
3374 644 3631 699 australis
3660 647 3822 717 regio

2222 734 2483 791 Hebraice
2505 734 2745 789 Theman
2773 732 2988 786 dicitur.

2246 842 2249 845 '
2293 830 2432 885 Obiit
2470 847 2671 902 quoque
2704 838 2751 883 et
2789 827 3016 893 Husam,
3046 837 3093 881 et
3135 828 3364 899 regnavit
3403 842 3498 897 pro
3541 842 3605 881 eo
3653 827 3824 881 Διὶαά

2222 921 2363 991 ﬁlius
2394 920 2580 974 Badad
2598 961 2613 985 ,
2637 921 2727 991 qui
2755 920 3005 989 percussit
3036 917 3258 972 Madian
3284 918 3341 972 in
3368 926 3507 972 terra
3538 915 3712 971 Moab
3730 959 3747 983 ,
3771 928 3823 973 et

2224 1028 2411 1066 nomen
2446 1012 2665 1065 civitatis
2695 1011 2807 1080 ejus
2841 1010 3011 1065 Avith.
3038 996 3249 1064 Maaian
3290 1008 3417 1063 urbs
3459 1017 3545 1063 est
3591 1010 3666 1064 ab
3708 1025 3823 1065 uno

2224 1100 2454 1154 ﬁliorum
2492 1099 2764 1153 Abraham
2793 1113 2860 1153 ex
2893 1098 3127 1153 Cethura
3156 1099 3234 1153 sic
3257 1108 3465 1153 vocata.
3490 1099 3591 1153 Est
3626 1108 3823 1154 autem

2226 1198 2376 1245 trans
2399 1190 2647 1244 Arabiam
2673 1190 3049 1245 Eudaemonem
3075 1192 3127 1245 in
3150 1192 3360 1245 deserto
3387 1189 3817 1254 Saracenorum,

2225 1294 2413 1340 contra
2442 1284 2704 1339 orientem
2731 1284 2894 1338 maris
2921 1283 3088 1338 Rubri
3117 1284 3258 1338 unde
3284 1292 3547 1339 vocantur
3574 1282 3821 1338 Madiani

2225 1382 2279 1428 et
2326 1373 2599 1428 Madianea
2648 1374 2816 1445 regio.
2862 1373 3115 1445 Legimus
3159 1382 3213 1430 et
3261 1372 3399 1428 ﬁlias
3436 1371 3598 1438 Joab,
3636 1374 3821 1428 soceri

2227 1465 2416 1536 Moysi,
2450 1466 2587 1521 tilias
2618 1465 2827 1521 Madian
2864 1466 3055 1522 dictas.
3085 1465 3191 1521 Sed
3224 1466 3340 1521 hmc
3374 1467 3479 1520 alia
3509 1467 3716 1521 civitas
3739 1476 3820 1523 est

2226 1558 2579 1629 homonymos
2621 1558 2772 1626 ejus,
2812 1558 2967 1628 juxta
3013 1557 3287 1612 Arnonem
3335 1566 3392 1612 et
3431 1556 3755 1627 Arcopolim
3804 1577 3818 1611 :

2224 1650 2377 1720 cujus
2403 1666 2544 1704 nunc
2575 1651 2742 1705 ruinae
2771 1651 3143 1705 tantummodo
3172 1651 3639 1705 demonstrantur.
3663 1649 3821 1716 Quod

2226 1750 2404 1796 autem
2426 1742 2763 1813 subjungitur
2788 1763 2799 1797 :
2829 1744 3034 1799 Nomen
3054 1745 3278 1799 civitatis
3302 1745 3414 1812 ejus
3438 1744 3620 1808 Avith,
3637 1746 3821 1799 vicum

2226 1835 2558 1890 demonstrat
2601 1836 2655 1889 in
2700 1846 2842 1891 terra
2892 1835 3083 1897 Busan,
3108 1834 3263 1903 juxta
3306 1844 3544 1891 montem
3592 1834 3821 1902 Galaad,

540 1925 609 1979 ad
646 1925 1054 1996 signiﬁcandum
1081 1931 1400 2001 mysterium
1433 1931 1487 1984 in
1517 1931 1937 1984 commutatione
1964 1946 2123 1985 voca-
2152 1919 2199 1978 Β
2228 1926 2320 1997 qui
2345 1925 2399 1980 in
2430 1935 2628 1980 sortem
2654 1928 2848 1981 cecidit
2875 1925 3045 1981 tribus
3070 1925 3337 1981 Manasse-

536 2017 807 2073 bulorum.
826 2019 922 2075 Cui
943 2021 1257 2076 adversitati
1278 2023 1512 2091 prudens
1534 2021 1705 2075 lector
1726 2021 1771 2075 si
1792 2020 2123 2091 diligentiam

535 2108 967 2179 investigationis
990 2110 1317 2178 adhibuerit,
1338 2110 1496 2166 facile
1522 2111 1762 2168 sobrium
1791 2110 2123 2168 intellectum

536 2196 779 2253 invenire
806 2200 1023 2269 poterit.

605 2290 705 2346 Isti
752 2302 871 2347 sunt
920 2310 1063 2365 reges
1101 2296 1192 2366 qui
1231 2296 1610 2365 imperaverunt
1655 2295 1711 2349 in
1745 2304 1885 2349 terra
1929 2292 2123 2360 Edoni,

534 2391 816 2453 antequam
854 2394 985 2439 esset
1030 2402 1122 2439 rex
1166 2402 1322 2455 super
1362 2384 1502 2454 ﬁlios
1546 2383 1714 2439 Israel
1756 2399 1775 2436 :
1815 2384 1944 2439 Bale
1982 2385 2125 2455 ﬁlius

533 2472 693 2543 Beoz,
723 2486 769 2532 et
803 2496 988 2534 nomen
1017 2480 1239 2534 civitatis
1267 2480 1381 2548 ejus
1413 2479 1648 2534 Denaba.
1677 2478 1897 2534 Denaba
1928 2481 2123 2536 civitas

534 2563 635 2619 fuit
656 2566 818 2623 Balac
841 2568 937 2623 ﬁlii
962 2570 1103 2642 regis
1124 2569 1312 2624 Edom.
1327 2568 1456 2624 Post
1480 2584 1639 2638 quem
1664 2570 1910 2640 regnavit
1928 2569 2122 2636 Jobab,

538 2654 666 2711 licet
695 2658 826 2713 mihi
857 2659 1014 2729 longe
1043 2660 1200 2715 aliter
1223 2660 1470 2714 videatur
1510 2678 1523 2713 :
1558 2660 1626 2714 Et
1653 2668 1736 2715 est
1764 2675 1934 2731 usque
1963 2661 2125 2715 hodie

535 2745 662 2801 villa
693 2748 893 2803 Denaia
923 2750 978 2804 in
1008 2758 1200 2805 octavo
1227 2750 1478 2805 mllliario
1504 2750 1830 2821 Arsopoleos
1856 2751 2126 2823 pergenti-

534 2834 636 2891 bus
675 2835 948 2893 Arnonem
996 2858 1009 2894 :
1054 2848 1109 2895 et
1153 2841 1321 2894 altera
1373 2840 1628 2895 Daunaba
1679 2855 1839 2911 super
1886 2849 2125 2897 montem

537 2924 734 2996 Fogor,
760 2927 815 2982 in
840 2930 1069 2999 septimo
1094 2929 1270 2999 lapide
1296 2927 1511 2985 Jesbus.

609 3015 850 3072 Mortuus
878 3028 954 3074 est
985 3029 1158 3073 autem
1184 3018 1349 3073 Balac
1366 3061 1379 3085 ,
1410 3030 1456 3073 et
1484 3020 1715 3091 regnavit
1741 3037 1836 3091 pro
1866 3038 1926 3075 eo
1952 3020 2124 3076 Jobab

533 3104 672 3161 Zare
714 3107 858 3177 ﬁlius
892 3110 957 3165 de
990 3110 1180 3179 Bosra,
1210 3120 1316 3167 etc.
1343 3111 1480 3168 Hinc
1514 3113 1735 3182 quidam
1777 3114 2126 3184 suspicantur

534 3211 653 3251 esse
694 3194 815 3264 Job,
845 3208 906 3255 ut
944 3201 1001 3257 in
1046 3200 1155 3257 ﬁne
1195 3203 1482 3258 voluminis
1522 3204 1691 3273 ipsius
1734 3205 1974 3260 additum
2018 3214 2119 3261 est.

534 3288 735 3345 Contra
765 3292 971 3350 Hebraei
1003 3305 1252 3351 asserunt
1275 3298 1341 3353 de
1366 3270 1574 3353 Nacho—t
1600 3314 1721 3353 eum
1752 3300 1922 3370 stirpe
1956 3315 2122 3372 gene-
2151 3270 2195 3333 (ἶ

538 3392 735 3443 ratum.
764 3384 917 3442 Philo
945 3397 1120 3444 autem
1162 3391 1216 3445 in
1241 3390 1377 3445 libro
1408 3393 1720 3462 supradicto
1749 3392 2120 3459 Quaestionum

536 3490 759 3531 suarum
786 3478 841 3532 in
868 3478 1063 3536 Genesi
1090 3491 1296 3549 narrat,
1319 3484 1405 3539 his
1430 3486 1761 3553 temporibus
1780 3501 1904 3540 eum
1928 3485 2120 3552 fuisse,

534 3574 591 3621 et
627 3569 903 3638 accepisse
946 3571 1001 3625 in
1047 3587 1272 3628 uxorem
1307 3574 1477 3629 Dinan
1523 3574 1685 3629 ﬁliam
1727 3574 1923 3641 Jacob,
1956 3590 2121 3647 quam

539 3654 776 3726 Sichem,
804 3660 945 3717 ﬁlius
972 3662 1156 3729 Emor,
1182 3673 1307 3721 ante
1334 3667 1595 3737 stupravit
1625 3664 1777 3740 (Gen.
1805 3668 1992 3741 xxxrv)
2024 3688 2037 3722 :
2069 3675 2124 3723 et

536 3760 660 3807 ante
699 3755 1004 3823 passionem
1050 3758 1220 3828 ipsius
1256 3757 1377 3826 Job,
1409 3761 1623 3830 quando
1664 3777 1788 3816 eum
1835 3761 2006 3816 Satan
2053 3762 2122 3817 ad

458 3855 465 3859 ·
538 3844 854 3900 tentandum
880 3848 1137 3917 expetivit
1169 3848 1309 3920 (Job.
1335 3851 1398 3919 ι),
1427 3850 1560 3905 dicit
1587 3867 1711 3907 eum
1740 3860 1944 3922 septem
1975 3851 2119 3908 ﬁlios

536 3946 591 3993 et
619 3948 727 3994 tres
753 3939 892 3996 ﬁlias
915 3941 991 3995 illi
1019 3957 1332 4013 generasse,
1357 3945 1447 4014 qui
1478 3946 1728 4000 exstincti
1762 3954 1889 4000 sunt
1916 3946 1970 4000 in
2000 3946 2116 4015 ipsa

537 4032 865 4098 tentatione;
896 4035 988 4089 sed
1014 4044 1297 4106 postquam
1317 4037 1575 4092 Dominus
1596 4039 1808 4109 plagam
1831 4045 2120 4093 sanaverat

536 4120 659 4186 Job,
685 4132 738 4177 et
763 4124 994 4179 reddidit
1017 4126 1068 4181 ei
1097 4127 1275 4181 omnia
1304 4126 1557 4197 duplicia,
1589 4136 1718 4182 tunc
1747 4138 1954 4199 septem
1982 4128 2121 4184 ﬁlios

535 4211 668 4266 alios
697 4214 953 4283 praedicta
993 4232 1128 4271 uxor
1171 4233 1267 4272 sua
1306 4219 1356 4274 ei
1400 4219 1594 4273 iterum
1623 4220 1872 4290 genuerit
1911 4228 1967 4275 et
2004 4227 2118 4275 tres

534 4299 691 4367 ﬁlias,
725 4317 953 4371 quorum
986 4306 1203 4361 nomina
1240 4316 1423 4363 essent
1456 4309 1647 4364 eadem
1693 4325 1813 4379 qua:
1851 4310 2115 4379 priorum,

538 4390 641 4446 hoc
687 4400 799 4458 est,
830 4394 1047 4463 Eliphaz
1070 4437 1084 4461 ,
1113 4397 1293 4454 Ermol
1313 4438 1328 4464 ,
1357 4399 1569 4465 Diasat,
1599 4399 1846 4466 Philaas,
1878 4401 2081 4471 Diphaz
2101 4439 2118 4466 ,

533 4479 741 4546 Cellud,
769 4481 1041 4553 Thedom;
1074 4494 1129 4541 et
1155 4487 1386 4542 ﬁliarum
1413 4488 1559 4558 ejus,
1591 4487 1778 4543 Heruli
1798 4528 1813 4554 ,
1837 4488 1954 4553 Iaz,
1984 4488 2116 4544 Zeli.

533 4571 699 4627 Bosra
730 4574 841 4629 sive
876 4575 1045 4630 Bosor
1072 4577 1263 4633 civitas
1290 4586 1375 4632 est
1407 4578 1461 4632 in
1492 4577 1709 4633 deserto
1741 4587 1893 4635 trans
1919 4578 2114 4634 Iorda-

541 4677 684 4727 nem,
710 4679 828 4733 quze
856 4667 1053 4722 cecidit
1083 4667 1137 4722 in
1166 4678 1369 4722 sortem
1398 4668 1571 4722 tribus
1600 4668 1812 4734 Ruben,
1836 4669 1904 4725 ad
1930 4671 2115 4725 orien-

536 4750 695 4805 talem
725 4762 931 4822 partem
965 4755 1201 4821 Iericho,
1228 4757 1419 4811 civitas
1451 4759 1798 4815 sacerdotalis
1841 4769 1896 4814 et
1936 4759 2118 4831 fugiti-

530 4858 739 4899 vorum.
764 4845 890 4903 [hec
916 4855 998 4903 est
1019 4848 1183 4902 Bosra
1212 4848 1524 4917 metropolis
1548 4849 1781 4905 Arabiae.
1804 4851 2118 4922 Appellatur

535 4943 715 4988 autem
751 4945 805 4990 et
834 4937 939 4991 alia
966 4937 1157 5001 Bosor,
1186 4936 1378 4991 civitas
1404 4935 1546 4992 Esau
1564 4978 1579 5003 ,
1607 4938 1660 4993 in
1690 4942 1964 4998 montibus
1990 4942 2115 4997 ldu-

534 5040 699 5091 meae,
726 5028 880 5097 cujus
918 5028 1086 5082 Isaias
1118 5028 1463 5094 recordatur,
1490 5029 1674 5086 dicens
1710 5050 1722 5085 :
1757 5031 1886 5098 Quis
1916 5043 1990 5088 est
2020 5034 2117 5089 iste

528 5118 621 5186 qui
650 5118 782 5171 venit
809 5118 874 5172 de
905 5117 1106 5184 Edam,
1143 5118 1344 5188 {uivida
1379 5122 1681 5178 vestimenta
1707 5125 1822 5194 ejus
1849 5141 1915 5180 ex
1940 5124 2112 5181 Bosra

553 5206 664 5262 Isa.
691 5209 882 5279 mu)?

605 5296 837 5368 Cumque
877 5300 1045 5355 Jobab
1092 5304 1276 5372 fuisset
1317 5314 1592 5373 mortuus,
1637 5309 1866 5378 regnavit
1914 5326 2008 5380 pro
2054 5326 2113 5364 eo

537 5383 588 5437 II
594 5402 741 5441 usam
768 5388 832 5443 de
862 5400 1002 5445 terra
1029 5392 1429 5452 Themanorum.
1478 5399 1719 5455 Theman
1746 5401 1893 5468 regio
1916 5401 2117 5470 princi-

532 5490 662 5545 pum
693 5490 775 5533 est
803 5479 970 5537 Edom
990 5523 1006 5549 ,
1037 5484 1091 5538 in
1121 5494 1262 5543 terra
1290 5487 1605 5557 Gebalitica,
1648 5506 1679 5545 a
1710 5492 1972 5557 Theman,
2000 5493 2111 5549 ﬁlio

535 5564 780 5637 Eliphas,
808 5571 901 5627 lilii
939 5573 1098 5639 Esau,
1128 5579 1317 5633 sortita
1347 5580 1685 5635 vocabulum.
1719 5580 1825 5637 Sed
1860 5591 1913 5637 et
1941 5599 2110 5653 usque

533 5658 694 5713 hodie
739 5670 821 5717 est
863 5663 1017 5730 villa,
1052 5666 1292 5723 Theman
1336 5670 1580 5734 nomine,
1613 5671 1819 5726 distans
1864 5672 1933 5727 ab
1979 5675 2110 5731 urbe

536 5746 693 5806 Petra
722 5755 957 5828 quinque
983 5758 1216 5815 millibus
1239 5780 1252 5814 ;
1277 5761 1369 5815 ubi
1393 5770 1448 5816 et
1475 5761 1842 5819 Romanorum
1878 5765 2108 5821 militum

535 5843 838 5913 praesidium
875 5850 1034 5917 sedit,
1060 5851 1127 5908 de
1153 5868 1262 5922 quo
1295 5852 1412 5909 loco
1449 5851 1550 5909 fuit
1579 5854 1797 5926 Eliphas
1836 5872 1931 5913 rex
1963 5856 2107 5913 The-

2298 2012 2529 2086 Cumque
2567 2025 2614 2070 et
2652 2016 2803 2069 Adad
2839 2016 3020 2085 fuisset
3054 2026 3314 2081 mortuus,
3346 2018 3582 2087 regnavit
3622 2034 3724 2088 pro
3766 2034 3820 2072 eo

2228 2106 2405 2162 Semla
2450 2109 2514 2163 de
2557 2108 2817 2163 Masreca.
2847 2108 3089 2165 Masreca
3120 2109 3315 2165 civitas
3346 2117 3431 2165 est
3459 2111 3623 2182 regni
3656 2110 3822 2167 Edom

2228 2198 2375 2254 circa
2396 2198 2726 2255 Gabelenen.

2295 2290 2398 2344 Sed
2435 2301 2481 2345 et
2522 2289 2697 2346 Semla
2726 2300 2964 2347 mortuus
2990 2300 3101 2359 est,
3127 2300 3176 2348 et
3212 2294 3445 2363 regnavit
3472 2308 3571 2364 pro
3602 2309 3671 2347 eo
3697 2291 3823 2347 Seu!

2225 2383 2289 2437 de
2317 2382 2739 2455 Roboliotli,quaz
2753 2386 2913 2455 juxta
2938 2401 3141 2463 amnem
3167 2386 3268 2439 sita
3292 2395 3387 2440 est.
3411 2385 3678 2441 Robooth
3701 2386 3822 2439 urbs

2228 2482 2309 2528 est
2328 2471 2483 2541 juxta
2509 2474 2751 2541 ﬂuvium,
2772 2475 2862 2530 ubi
2893 2485 3009 2531 erat
3037 2493 3133 2532 rex
3161 2478 3352 2544 Edom,
3375 2485 3433 2533 et
3452 2493 3635 2547 usque
3667 2478 3823 2532 hodie

2225 2573 2308 2618 est
2337 2567 2643 2634 przesidium
2670 2568 2725 2621 in
2754 2569 2971 2639 regione
3001 2566 3296 2637 Gebalena,
3315 2578 3372 2625 et
3393 2570 3549 2624 vicus
3570 2569 3819 2640 grandis,

2227 2654 2319 2724 qui
2342 2656 2443 2709 hoc
2469 2656 2728 2713 vocabulo
2751 2670 3107 2729 nuncupatur.

2297 2746 2507 2800 Mortuo
2532 2764 2732 2819 quoque
2754 2746 2907 2814 Saul,
2930 2752 3158 2820 regnavit
3179 2767 3273 2821 pro
3298 2766 3359 2805 eo
3378 2749 3655 2813 Balanan,
3680 2752 3819 2819 ﬁlius

2226 2839 2483 2893 Arhobor.
2511 2838 2613 2894 Sed
2657 2850 2705 2894 et
2747 2843 2831 2895 hic
2875 2851 3111 2899 mortuus
3147 2854 3241 2909 est,
3269 2854 3318 2898 et
3348 2845 3576 2915 regnavit
3619 2862 3727 2914 pro
3766 2862 3819 2898 eo

2225 2929 2399 2993 Adad,
2428 2930 2581 2999 cujus
2613 2931 2756 2984 urbis
2788 2948 2972 2987 nomen
3000 2933 3098 3001 fuit
3126 2931 3282 2989 Phau
3314 2950 3335 2988 :
3366 2943 3414 2987 et
3441 2933 3724 3005 appellata
3751 2945 3818 2989 est

2227 3036 2360 3073 uxor
2393 3018 2662 3086 Meetabel,
2692 3021 2804 3089 ﬁlia
2837 3022 3064 3090 Matred,
3088 3023 3216 3095 ﬁlia:
3243 3025 3481 3080 Mezaab.
3513 3025 3695 3094 Cujus
3723 3044 3815 3081 no-

2224 3125 2347 3164 men
2375 3111 2763 3180 interpretatur
2791 3115 3086 3185 pra’cipuus
3114 3130 3132 3167 :
3162 3116 3402 3171 condidit
3433 3117 3625 3171 urbem
3668 3115 3818 3172 Phan

2227 3201 2281 3255 in
2304 3203 2521 3272 regione
2543 3202 2863 3271 Gabalitica,
2884 3213 2937 3259 et
2960 3207 3222 3278 appellata
3246 3218 3331 3265 est
3353 3224 3490 3265 uxor
3516 3209 3816 3277 Meetabet,

2227 3308 2347 3362 quae.
2375 3294 2764 3364 interpretatur
2791 3297 3075 3368 benignitas
3105 3298 3317 3354 Domini
3351 3318 3371 3355 :
3409 3301 3525 3355 haec
3562 3300 3674 3356 fuit
3711 3304 3815 3358 ﬁlia

2228 3383 2462 3451 Matred,
2495 3386 2600 3441 hoc
2631 3396 2747 3451 est,
2777 3388 3165 3458 dispensatricis
3185 3432 3201 3457 ,
3244 3391 3365 3447 ﬁliae
3403 3392 3629 3448 Mezaab
3649 3436 3666 3460 ,
3698 3412 3817 3466 qua:

2227 3474 2616 3546 interpretatur
2644 3479 2899 3547 auriﬁcis.
2931 3480 3059 3536 Duae
3094 3491 3297 3539 matres
3334 3499 3462 3555 ergo
3499 3486 3589 3541 hic
3635 3502 3815 3542 annu-

2226 3576 2537 3635 merantur,
2566 3570 2636 3625 ad
2677 3572 3085 3642 signiﬁcandum
3114 3577 3430 3648 mysterium
3464 3579 3567 3633 sub
3596 3579 3816 3635 diversa

2226 3659 2672 3729 interpretatione
2694 3667 2989 3731 nominum,
3009 3669 3113 3725 hoc
3131 3678 3234 3736 est,
3254 3680 3317 3725 ut
3337 3669 3545 3726 aurifex
3565 3675 3820 3741 genuerit

2224 3751 2692 3822 dispensatricem,
2720 3765 2775 3811 et
2817 3757 3180 3828 dispensatrix
3220 3761 3467 3831 genuerit
3504 3762 3819 3831 benignita-

2226 3850 2335 3897 tem
2369 3844 2464 3898 Dei
2507 3859 2522 3898 :
2560 3847 2684 3915 quia
2718 3862 2786 3901 ex
2826 3848 3191 3918 profunditate
3225 3866 3416 3908 sensus
3454 3853 3711 3907 nascitur
3742 3854 3818 3907 fa-

2226 3934 2400 3989 cunda
2430 3935 2653 4003 locutio,
2677 3954 2797 4008 qua:
2826 3940 3012 4006 ﬁdem,
3036 3942 3177 3997 unde
3205 3943 3379 4014 gratia
3405 3943 3502 3999 Dei
3529 3958 3817 4014 promere-

2224 4034 2334 4091 tur,
2358 4027 2528 4098 gignit
2554 4029 2607 4083 in
2634 4031 2886 4086 cordibus
2909 4034 3233 4088 auditorum.

2294 4116 2449 4171 Adad
2483 4128 2655 4173 autem
2696 4132 2930 4189 mortuo,
2960 4124 3117 4178 duces
3152 4141 3245 4195 pro
3286 4128 3490 4197 regibus
3532 4128 3593 4181 in
3636 4127 3813 4182 Edoni

2220 4222 2330 4260 esse
2359 4219 2616 4278 eruperunt
2640 4224 2658 4261 :
2692 4210 2803 4266 dua:
2834 4212 3088 4280 Thamna,
3117 4216 3227 4271 dua:
3255 4217 3440 4272 Alicha
3470 4217 3670 4291 [Alea],
3702 4222 3811 4274 dux

2220 4295 2421 4363 Iethet,
2451 4300 2562 4353 dux
2598 4298 2906 4370 Oolibama,
2935 4313 2992 4359 et
3032 4307 3256 4377 reliqua.
3292 4307 3634 4377 Notandum,
3663 4313 3809 4380 quod

2219 4387 2451 4455 primum
2491 4405 2644 4460 reges
2683 4393 2879 4448 dixerit
2917 4395 2982 4449 de
3020 4396 3222 4464 Edom,
3252 4408 3437 4470 postea
3476 4400 3645 4456 duces
3684 4419 3809 4457 cum

2219 4477 2452 4547 primum
2487 4480 2655 4537 duces
2690 4481 2892 4540 fuerint
2925 4493 2982 4541 et
3007 4495 3193 4558 postea
3229 4506 3407 4561 reges,
3439 4507 3675 4562 quorum
3710 4497 3810 4550 du-

2220 4583 2343 4624 cum
2373 4573 2633 4641 quasdam
2668 4585 2868 4633 matres
2898 4592 3093 4635 uxores
3126 4580 3266 4637 Esau
3303 4581 3393 4636 hic
3422 4584 3670 4638 nominat
3703 4604 3718 4637 :
3752 4597 3810 4638 ut

2218 4670 2302 4717 est
2328 4677 2469 4717 uxor
2498 4664 2640 4720 Esau
2669 4666 2977 4735 Oolibama,
3001 4679 3056 4725 et
3086 4672 3330 4728 Thamna
3359 4675 3661 4730 concubina
3692 4676 3805 4730 Eli-

2217 4752 2374 4822 phaz.
2395 4751 2527 4807 Alva
2548 4763 2724 4811 autem
2747 4756 2801 4811 in
2823 4757 3016 4815 Genesi
3039 4761 3234 4832 legitur
3254 4763 3406 4834 (Cap.
3421 4764 3637 4837 xxxvr),
3652 4768 3807 4835 cujus

2216 4842 2588 4912 interpretatio
2624 4855 2709 4901 est
2737 4847 2975 4903 elevatio.
3009 4851 3066 4905 lu
3104 4846 3549 4924 Paralipomenon
3586 4871 3805 4927 quoque

2216 4933 2430 5006 legitur,
2458 4936 2664 5007 Aliena,
2685 4949 2740 4996 et
2765 4942 3052 5015 signiﬁcat,
3076 4962 3231 5019 super
3254 4964 3389 5003 eam.

2846 5093 3072 5152 CAPUT
3105 5096 3168 5151 ll.

2216 5221 2297 5276 De
2339 5224 2668 5292 generatione
2712 5226 2989 5298 duodecim
3043 5229 3467 5298 patriarcharum
3515 5232 3581 5286 ab
3630 5232 3799 5289 Israel

2286 5303 2435 5374 patre
2462 5310 2658 5374 eorum.
2702 5294 2776 5350 De
2819 5294 3121 5374 genealogia
3166 5300 3324 5355 Iudae
3362 5303 3683 5372 patriarcha
3707 5321 3799 5374 per

2290 5362 2519 5417 diversos
2565 5364 2701 5433 filios
2733 5362 3019 5435 pro'ductw.

2289 5495 2343 5567 (Ι
2377 5495 2509 5551 Pan.
2543 5497 2628 5569 ιι.)
2669 5497 2796 5552 Filii
2836 5509 3010 5555 autem
3046 5501 3215 5557 Israel
3261 5515 3282 5555 :
3323 5503 3531 5570 Ruben,
3559 5504 3791 5571 Simeon,

2218 5587 2355 5651 Levi,
2383 5587 2415 5641 Ι
2425 5588 2549 5654 uda,
2581 5589 2850 5657 Issacliar,
2879 5590 3139 5660 Zabulon,
3170 5594 3313 5659 Dan,
3340 5595 3556 5667 Ioseph,
3591 5595 3793 5669 Benja-

2217 5680 2358 5744 min,
2390 5678 2756 5750 Nephtlialim,
2789 5680 2932 5747 Gad,
2964 5682 3113 5738 Aser.
3148 5685 3441 5741 Duodecim
3484 5686 3583 5742 lilii
3629 5687 3792 5744 Israel

2216 5769 2434 5823 fuerunt
2462 5788 2474 5823 :
2509 5771 2603 5825 sed
2631 5773 2820 5827 horum
2850 5780 2974 5829 octo
3001 5790 3067 5830 ex
3102 5774 3312 5843 liberis,
3351 5792 3417 5833 ac
3452 5787 3694 5848 quatuor
3727 5794 3793 5834 ex

2216 5859 2427 5914 ancillis
2469 5877 2481 5912 :
2519 5860 2622 5916 hoc
2655 5871 2758 5930 est,
2788 5862 2996 5933 Ruben,
3023 5864 3260 5935 Simeon,
3283 5866 3435 5936 Levi,
3460 5866 3622 5937 Juda,
3652 5869 3789 5926 Issa-
