3958 6466
117 385 230 444 889

1051 370 1404 431 COMMENT.
1444 370 1513 427 IN
1549 366 2101 444 PARALIPOMENA.
2137 398 2211 410 -—-
2243 370 2373 426 LIB.
2410 370 2451 426 Ι.

3286 373 3394 432 290

119 502 279 566 char,
306 494 565 563 Zabulon,
593 505 663 550 ex
704 490 803 548 Lia
846 507 1014 549 uxore
1047 493 1213 551 Jacob
1251 492 1471 549 fuerunt
1512 489 1709 563 geniti;
1739 486 1795 549 Α
1817 488 1933 559 ejus
1958 489 2254 543 amaritudo
2285 488 2691 560 interpretatur.
2715 487 2836 560 Ipsa
2862 488 3009 544 enim
3036 486 3267 545 Domino
3294 488 3400 545 fel-

117 590 327 661 Ioseph
368 601 583 659 quoque
627 592 684 640 et
731 581 1011 653 Beniamin
1061 599 1128 640 ex
1177 582 1381 640 Rachel
1432 602 1444 639 :
1494 582 1611 637 Dan
1660 589 1715 636 et

121 679 472 752 Nephthalim
499 692 566 732 ex
592 675 747 743 Bala,
774 675 966 731 anulla
993 675 1229 742 Rachel;
1257 673 1375 730 Gad
1401 681 1457 729 et
1482 672 1621 728 Aser
1646 686 1716 727 ex

122 773 356 843 Zelpha,
387 768 583 825 ancilla
625 768 735 824 Lia:
775 766 926 840 (Gen.
960 768 1145 841 xxxv).
1178 768 1257 823 Ex
1305 768 1391 823 his
1434 765 1717 822 duodecim

125 868 250 924 ﬁliis
294 864 462 921 lsrael
506 864 698 918 harum
742 878 912 934 genus
943 871 1115 918 totum
1144 869 1500 933 propagatum
1527 867 1632 925 est,
1664 865 1719 912 et

131 970 271 1014 terra
321 954 760 1026 repromissionis
811 952 1087 1025 (donante
1131 950 1399 1023 Domino)
1446 965 1715 1023 possessa.

126 1049 278 1106 Nunc
300 1057 485 1103 autem
504 1047 912 1103 consideremus
937 1045 1066 1116 quid
1088 1060 1270 1101 rerum
1300 1043 1723 1114 signiﬁcaverim

129 1149 359 1214 quatuor
384 1154 585 1196 uxores
614 1138 813 1205 Jacob;
845 1153 1077 1208 quarum
1118 1137 1237 1193 duae
1277 1136 1463 1192 liberae
1505 1144 1561 1191 et
1601 1136 1720 1191 duae

129 1230 334 1288 ancilla:
368 1227 607 1284 fuerunt.
643 1227 883 1284 Vidimus
911 1226 1056 1281 enim
1083 1224 1398 1296 Apostolum
1441 1220 1593 1296 (Gal.
1631 1222 1720 1294 ιν)

129 1327 183 1382 ἰιι
221 1325 393 1380 libera
436 1331 490 1379 et
531 1322 723 1377 ancilla
749 1363 764 1389 ,
802 1336 937 1392 quas
979 1319 1214 1375 habebat
1258 1318 1529 1374 Abraham
1556 1359 1571 1383 ,
1616 1316 1723 1372 duo

130 1417 478 1474 Testamenta
501 1413 832 1485 intelligere;
863 1413 958 1469 sed
980 1411 1054 1467 ibi
1083 1412 1140 1467 in
1164 1427 1274 1467 una
1299 1419 1355 1467 et
1374 1426 1481 1466 una
1507 1409 1724 1466 facilius

131 1516 352 1580 apparet
381 1506 527 1579 quod
559 1506 758 1561 dicitur
795 1523 809 1560 :
843 1505 933 1561 hic
965 1512 1148 1560 autem
1175 1504 1294 1559 dum
1322 1510 1450 1559 sunt
1484 1510 1539 1557 et
1581 1503 1720 1557 duae.

130 1599 325 1655 Deinde
367 1598 450 1653 ibi
493 1596 701 1653 ancillae
743 1596 887 1652 ﬁlius
927 1595 1449 1660 exhaereditabatur,
1478 1594 1567 1649 hic
1594 1608 1723 1649 vero

131 1688 451 1743 ancillarum
496 1687 591 1742 ﬁlii
636 1687 796 1742 simul
840 1702 965 1742 cum
1013 1686 1138 1741 ﬁliis
1182 1686 1476 1741 liberarum
1522 1691 1723 1739 terram

1817 580 1885 636 lis
1912 580 2161 651 poculum
2192 582 2359 637 dedit.
2389 580 2505 636 Duo
2533 588 2714 637 autem
2743 594 2940 652 genera
2973 580 3279 652 principum
3306 583 3402 652 qui

1819 689 1928 729 non
1956 680 2101 729 recte
2128 683 2422 744 operantur
2448 674 2505 729 in
2531 673 2686 743 plebe
2712 672 2901 745 (unum
2929 688 3117 729 eorum
3146 675 3239 744 qui
3267 677 3401 731 obe-

1819 772 1961 831 rant,
1992 765 2222 822 alterum
2254 780 2441 821 eorum
2466 766 2559 835 qui
2588 765 2719 821 nihil
2748 766 3061 837 proderant)
3093 766 3406 838 signiﬁcan-

1820 864 1910 911 tur
1939 857 1995 912 in
2025 856 2234 914 duobus
2272 857 2396 914 ﬁliis
2428 857 2579 914 Juda:
2617 877 2629 912 :
2668 873 2898 929 quorum
2928 875 3067 915 unus
3102 869 3219 915 erat
3247 860 3404 915 mali-

1822 966 1980 1022 gnus,
2008 949 2134 1006 licet
2156 967 2283 1007 reus
2308 959 2434 1007 ante
2462 951 2780 1016 Dominum;
2813 950 2950 1006 alter
2976 951 3032 1006 in
3061 961 3262 1008 terram
3288 952 3411 1008 fun-

1824 1043 2009 1110 debat,
2047 1058 2115 1099 ne
2159 1060 2347 1101 semen
2390 1046 2547 1100 daret
2597 1045 2667 1100 ad
2716 1044 3109 1101 fecundandam
3148 1046 3406 1103 Thamar.

1822 1126 1937 1189 Nec
1959 1144 2088 1191 sunt
2114 1137 2347 1208 amplius
2373 1152 2538 1207 quam
2566 1137 2673 1215 duo
2707 1152 2908 1208 genera
2934 1137 3218 1193 hominum
3247 1139 3413 1195 inuti-

1823 1225 1895 1283 lia
1923 1229 2110 1298 generi
2141 1229 2381 1285 humano
2408 1244 2425 1283 :
2448 1245 2614 1285 unum
2640 1230 2949 1286 nocentium
2966 1271 2980 1295 ,
3012 1230 3242 1285 alterum
3268 1248 3412 1303 prae-

1824 1326 1972 1376 stare
2001 1320 2331 1389 nolentium;
2361 1329 2416 1377 et
2440 1323 2487 1378 si
2515 1322 2643 1392 quid
2672 1322 2800 1378 boni
2829 1322 3062 1390 habent,
3088 1323 3145 1378 in
3176 1325 3278 1379 hac
3306 1333 3416 1379 ter-

1825 1426 1956 1466 rena
1984 1411 2096 1466 vita
2119 1413 2480 1483 perdentium,
2508 1421 2768 1484 tanquam
2797 1413 2852 1468 in
2880 1423 3025 1469 terra
3052 1413 3412 1470 fundentium.

1826 1501 1895 1556 Et
1923 1502 2051 1572 quia
2086 1503 2139 1556 in
2181 1504 2323 1559 malo
2353 1505 2504 1575 prior
2532 1502 2622 1561 ille
2653 1506 2745 1575 qui
2776 1517 2969 1573 nocet,
2998 1522 3161 1577 quam
3197 1506 3287 1561 ille
3321 1506 3414 1577 qui

1826 1610 1934 1650 non
1963 1596 2217 1666 prodest,
2248 1597 2453 1654 idcirco
2486 1597 2659 1668 major
2687 1599 2884 1655 dicitur
2912 1599 3212 1670 malignus;
3244 1607 3300 1655 et
3333 1612 3418 1655 se-

1825 1702 2016 1757 quens,
2046 1688 2141 1759 qui
2183 1686 2444 1745 fundebat
2487 1706 2671 1746 semen
2714 1690 2768 1746 in
2800 1699 3027 1758 terram,
3058 1691 3413 1747 detestabilis.

129 1779 508 1849 promissionis
550 1778 838 1850 accipiunt.
873 1778 1026 1835 Unde
1069 1778 1157 1834 hic
1191 1778 1380 1848 procul
1420 1776 1582 1833 dubio
1626 1776 1723 1831 ali—
1754 1855 1774 1856 ἡ
1826 1779 2036 1836 Nomen
2096 1782 2355 1853 majoris,
2405 1784 2497 1853 qui
2549 1792 2777 1840 vocatur
2826 1783 2976 1852 Her,
3028 1784 3420 1856 interpretatur

129 1870 250 1941 quid
276 1870 637 1941 signiﬁcatur.
662 1867 977 1939 Quanquam
1004 1870 1149 1924 enim
1176 1870 1294 1924 duae
1318 1869 1501 1924 liberte
1525 1883 1723 1925 uxores
1750 1855 1799 1916 Β
1828 1874 2075 1945 pelliceus
2119 1891 2138 1929 :
2183 1877 2434 1948 qualibus
2463 1879 2662 1935 tunicis
2690 1879 2864 1935 induti
2895 1888 3021 1935 sunt
3049 1881 3215 1952 primi
3245 1879 3421 1936 homi-

130 1957 287 2014 Jacob
330 1958 405 2013 ad
451 1957 661 2014 Novum
694 1958 1129 2026 Testamentum,
1159 1976 1266 2030 quo
1311 1957 1366 2015 in
1413 1960 1719 2015 libertatem

130 2051 301 2106 vocati
344 2066 571 2118 sumus,
610 2050 990 2106 existimentur
1029 2052 1337 2122 pertinere;
1384 2067 1491 2107 non
1540 2061 1755 2107 tamen-

130 2138 323 2196 frustra
349 2141 477 2196 dum
506 2148 653 2206 sunt,
674 2140 778 2195 nisi
806 2141 933 2211 quia
957 2141 1076 2196 duae
1102 2143 1225 2197 vitae
1252 2143 1408 2197 nobis
1439 2142 1494 2196 in
1522 2141 1723 2198 Christi

130 2246 348 2302 corpore
381 2232 756 2303 praedicantur
787 2247 803 2286 :
844 2248 951 2287 una
982 2233 1323 2303 temporalis,
1356 2234 1411 2289 in
1440 2250 1546 2305 qua
1576 2234 1724 2291 labo—

130 2340 337 2391 ramus;
370 2324 485 2379 alia
512 2331 735 2389 aeterna,
765 2323 820 2378 in
846 2339 953 2394 qua
984 2324 1327 2380 dilectionem
1357 2324 1452 2379 Dei
1482 2332 1725 2381 contem-

129 2419 354 2489 plamur.
384 2417 493 2473 Lia
524 2434 758 2489 namque
786 2419 1194 2491 interpretatur,
1218 2419 1498 2487 laborans;
1528 2420 1723 2476 Rachel

131 2519 306 2564 autem
332 2509 478 2564 risus
503 2509 818 2579 principium
844 2509 957 2564 sive
977 2508 1206 2564 verbum.
1224 2509 1381 2565 Actio
1410 2525 1540 2581 ergo
1564 2509 1722 2579 hujus

130 2599 279 2667 νίιω,
303 2600 357 2655 in
387 2616 504 2670 qua
526 2600 760 2655 vivimus
787 2616 854 2656 ex
884 2600 989 2657 ﬁde
1007 2643 1021 2669 ,
1048 2601 1316 2657 laboriosa
1348 2604 1509 2658 estin
1539 2604 1721 2674 operi-

130 2688 254 2755 bus,
297 2699 354 2745 et
405 2690 620 2745 incerta
658 2705 764 2761 quo
811 2692 960 2747 exitu
1003 2694 1283 2762 perveniat
1325 2695 1393 2749 ad
1434 2693 1722 2748 utilitatem

132 2795 313 2836 eorum
338 2782 541 2853 quibus
558 2783 842 2839 consulere
864 2785 1129 2842 volumus.
1163 2788 1282 2857 Ipsa
1312 2796 1395 2842 est
1424 2787 1543 2854 Lia,
1570 2788 1721 2858 prior

132 2885 264 2925 uxor
288 2861 494 2939 Iacob;
528 2881 583 2928 et
606 2889 704 2945 per
732 2875 835 2931 hoc
861 2884 916 2931 et
941 2877 1163 2947 inﬁrmis
1194 2878 1360 2933 oculis
1386 2880 1548 2949 fuisse
1576 2896 1724 2935 com-

134 2972 470 3018 memoratur
495 2962 647 3035 (Gen.
676 2966 848 3036 xxrx).
878 2966 1231 3041 Cogitationes
1257 2972 1394 3026 enim
1418 2974 1723 3026 mortalium

136 3056 328 3113 limidte
354 3069 403 3113 et
432 3060 643 3115 incerta:
667 3063 1019 3132 providentia!
1036 3074 1229 3120 nostrae
1255 3065 1419 3137 (Sap.
1448 3065 1557 3138 1x).
1588 3066 1725 3138 Spes

136 3162 262 3203 vero
286 3157 508 3204 aeternae
535 3153 1000 3223 contemplationis
1031 3155 1127 3211 Dei
1161 3156 1368 3212 habens
1402 3166 1605 3213 certam
1641 3159 1723 3214 in-

1829 1981 1959 2034 nes,
1986 1968 2040 2022 in
2080 1982 2243 2038 pinna
2274 1970 2640 2026 damnationis
2668 1986 2779 2026 suae
2808 1971 3017 2027 dimissi
3047 1985 3115 2026 ex
3145 1971 3417 2043 paradiso.

1831 2057 2119 2130 Sequentis
2159 2071 2341 2117 autem
2377 2052 2576 2119 nomen
2613 2063 2770 2119 Onan
2814 2065 3198 2135 interpretatur
3230 2082 3423 2120 maeror

1829 2167 2031 2206 eorum.
2057 2151 2335 2219 Quorum?
2363 2154 2468 2209 nisi
2496 2154 2694 2225 quibus
2719 2154 2855 2211 nihil
2883 2156 3132 2226 prodest,
3160 2172 3283 2212 cum
3320 2156 3423 2212 ha-

1828 2240 1956 2296 beat
1981 2243 2127 2298 unde
2152 2243 2411 2314 prodesse
2445 2246 2648 2316 possit,
2677 2254 2841 2317 atque
2871 2246 2923 2302 id
2953 2248 3143 2318 perdat
3170 2247 3227 2303 in
3251 2255 3420 2305 terra.

1830 2335 2001 2406 Majus
2022 2353 2187 2408 porro
2214 2338 2415 2394 malum
2442 2348 2528 2396 est
2552 2338 2751 2395 ablatio
2773 2340 2899 2395 vita:
2915 2380 2931 2405 ,
2956 2340 3100 2410 quod
3141 2340 3417 2412 significat

1829 2427 2010 2499 pellis,
2037 2445 2201 2498 quam
2239 2444 2348 2484 non
2384 2430 2453 2486 ad
2493 2429 2754 2504 [negatio]
2793 2431 2951 2498 vita},
2980 2432 3127 2502 quod
3154 2430 3427 2502 signiﬁcat

1828 2538 2021 2576 maeror
2061 2539 2263 2577 eorum.
2297 2524 2441 2579 Deus
2486 2531 2666 2579 tamen
2710 2527 2902 2580 ambos
2939 2525 3203 2580 occidisse
3246 2523 3428 2580 dictus

1831 2622 1917 2670 est
1946 2633 1959 2668 :
1995 2616 2086 2670 ubi
2112 2615 2378 2685 ﬁguratur
2407 2632 2634 2687 regnum
2664 2616 2866 2671 talibus
2894 2615 3205 2671 hominibus
3240 2616 3428 2671 abstu-

1830 2706 1976 2762 lisse.
2009 2706 2224 2761 Tertius
2252 2722 2383 2764 vero
2412 2707 2554 2762 ﬁlius
2580 2704 2731 2762 Judaa
2751 2748 2765 2771 ,
2795 2706 2889 2777 qui
2934 2707 3011 2762 illi
3058 2706 3272 2761 mulieri
3317 2721 3427 2760 non

1826 2798 2093 2870 jungitur,
2108 2799 2379 2871 signiﬁcat
2405 2808 2619 2869 tempus
2643 2815 2709 2854 ex
2731 2816 2839 2869 quo
2864 2815 3020 2871 reges
3048 2799 3187 2870 plebi
3216 2799 3429 2854 Judaao-

1832 2905 1951 2944 rum
1983 2897 2266 2959 coeperunt
2294 2890 2360 2943 de
2391 2890 2534 2945 tribu
2560 2888 2711 2945 Judae
2740 2905 2848 2945 non
2879 2888 3032 2954 ﬁeri;
3068 2896 3121 2942 et
3154 2888 3275 2944 ideo
3304 2896 3426 2943 erat

1832 2981 2051 3050 quidem
2082 2981 2224 3037 ﬁlius
2257 2981 2409 3037 Judaa
2431 3023 2447 3048 ,
2476 2982 2571 3038 sed
2607 2997 2733 3038 eum
2763 2982 3003 3037 Thamar
3030 2982 3283 3036 maritum
3319 2996 3427 3036 non

1834 3082 2138 3144 acceperat,
2166 3074 2293 3144 quia
2324 3074 2391 3130 de
2421 3076 2566 3130 tribu
2595 3073 2747 3130 Iudae
2776 3074 2983 3130 scilicet
3021 3074 3075 3128 in
3108 3073 3307 3144 populo
3331 3071 3428 3126 Ju-

1835 3166 2076 3221 dzeorum
2106 3181 2267 3222 nemo
2296 3166 2577 3238 regnabat.
2613 3165 2768 3222 Unde
2802 3175 2859 3221 et
2890 3180 3088 3220 nomen
3127 3163 3243 3233 ejus
3286 3164 3428 3219 idem

135 3237 489 3311 telligentiam
527 3242 806 3310 veritatis,
835 3244 951 3314 ipsa
994 3255 1078 3301 est
1115 3246 1313 3302 Rachel
1342 3263 1360 3302 .'
1392 3251 1534 3305 unde
1561 3251 1725 3307 etiam

1835 3257 1960 3315 Sela
2002 3234 2401 3329 interpretatur
2416 3259 2653 3313 dimissio
2685 3259 2819 3326 eius.
2849 3257 2967 3313 Non
2995 3256 3270 3328 pertinent
3301 3271 3432 3311 sane

137 3328 334 3385 dicitur
365 3330 502 3384 bona
527 3332 664 3401 {acie
692 3344 739 3388 et
764 3335 986 3405 pulchra
1009 3339 1176 3409 specie
1199 3337 1350 3410 (Gen.
1380 3341 1557 3415 xxnx).
1580 3343 1732 3400 Hanc

133 3422 279 3475 enim
304 3430 457 3476 amat
485 3425 661 3481 omnis
684 3427 772 3496 pie
801 3429 1094 3497 studiosus,
1120 3439 1175 3487 et
1196 3443 1419 3503 propter
1445 3435 1588 3492 hanc
1616 3453 1733 3493 ser-

134 3513 207 3568 vit
236 3516 432 3585 gratia:
463 3517 559 3573 Dei
593 3537 605 3572 :
640 3535 745 3591 qua
792 3532 1004 3592 peccata
1032 3535 1210 3581 nostra
1239 3530 1337 3582 etsi
1365 3528 1559 3598 fuerint
1595 3532 1729 3587 sicut

136 3604 453 3673 phoenicium
469 3648 484 3673 ,
507 3617 755 3681 tanquam
778 3614 870 3668 nia:
888 3615 1272 3673 dealbabuntur
1293 3619 1428 3691 (Isa.
1456 3620 1729 3694 1).Laban

139 3697 335 3769 quippe
386 3700 788 3772 interpretatur,
834 3707 1126 3777 dealbatio,
1163 3713 1250 3767 cui
1297 3715 1520 3769 servivit
1560 3714 1730 3772 Jacob

139 3798 358 3858 propter
403 3789 628 3849 Rachel.
661 3795 849 3868 Neque
889 3800 1035 3855 enim
1086 3817 1145 3857 se
1189 3805 1418 3876 quisque
1461 3808 1731 3864 convertit

142 3878 238 3933 sub
264 3882 441 3951 gratia
475 3886 811 3943 remissionis
842 3899 1192 3960 peccatorum
1230 3896 1436 3951 servire
1469 3896 1725 3967 justitize,

142 3968 242 4067 nisi
272 3981 331 4026 ut
356 3975 540 4044 quiete
566 3978 711 4033 vivat
740 3979 795 4033 in
829 3981 997 4037 verbo
1051 3999 1120 4039 ex
1148 4000 1258 4041 ouo
1286 3987 1501 4043 videtur
1526 3990 1729 4059 princi-

142 4065 282 4125 pium
317 4065 461 4132 quod
490 4072 575 4120 est
603 4066 763 4123 Deus.

208 4172 337 4231 Filii
361 4176 509 4234 Iuda
537 4194 556 4232 :
586 4180 720 4250 Her,
754 4183 939 4253 Onan,
972 4186 1118 4243 Sela.
1144 4189 1219 4243 Hi
1254 4207 1357 4246 tres
1388 4193 1498 4247 nati
1527 4204 1649 4250 sunt
1679 4196 1728 4250 ei

146 4263 205 4357 de
230 4266 338 4333 ﬁlia
378 4267 487 4324 Sue
526 4269 915 4332 Chananitidis.
940 4277 1071 4333 Fuit
1101 4291 1276 4336 autem
1307 4282 1447 4350 Her,
1470 4286 1729 4357 primoge-

148 4354 278 4411 nitus
318 4359 501 4429 Juda,
530 4363 701 4419 malus
745 4383 921 4422 coram
966 4369 1226 4438 Domino,
1255 4383 1304 4427 et
1352 4354 1539 4431 occidit
1586 4354 1725 4431 eum.

148 4443 218 4540 De
254 4448 375 4506 ﬁliis
405 4452 545 4510 Juda
581 4454 636 4510 in
674 4456 814 4515 libro
858 4459 1083 4519 Genesis
1116 4466 1327 4535 plenius
1358 4469 1617 4540 scriptum
1646 4479 1732 4526 est

148 4534 289 4609 (Cap.
318 4545 575 4618 xxxvm),
598 4550 725 4617 quia
753 4550 886 4607 duos
917 4534 1134 4623 priores
1152 4558 1360 4614 occisos
1396 4534 1517 4617 esse
1554 4577 1585 4616 a
1622 4562 1730 4618 Do-

1836 3351 1903 3406 ad
1933 3351 2077 3405 hanc
2103 3349 2555 3421 signiﬁcationem
2579 3350 2685 3405 viri
2711 3349 2884 3405 sancti
2913 3356 2969 3403 et
2990 3347 3157 3419 justi,
3185 3348 3274 3417 qui
3307 3346 3435 3402 licet

1833 3441 1924 3497 illo
1970 3454 2212 3512 tempore
2261 3442 2501 3509 fuerint,
2553 3442 2621 3497 ad
2669 3456 2868 3496 novum
2924 3448 3109 3493 tamen
3157 3438 3434 3509 pertinent

1834 3533 2275 3601 Testamentum,
2313 3537 2404 3605 qui
2441 3535 2818 3606 pr0phetando
2858 3533 3096 3589 scienter
3124 3532 3286 3588 utiles
3317 3526 3436 3588 fue-

1832 3634 1979 3693 runt,
2010 3625 2184 3696 qualis
2233 3625 2404 3681 David
2448 3626 2551 3681 l'uit
2597 3640 2662 3681 eo
2704 3641 2834 3682 sane
2878 3634 3134 3695 tempore,
3173 3640 3282 3695 quo
3317 3623 3432 3695 jam

1831 3716 2016 3773 Judzea
2043 3728 2286 3789 cmperat
2308 3735 2464 3791 reges
2490 3735 2597 3775 non
2624 3719 2846 3774 habere.
2864 3718 2982 3774 Non
3012 3726 3097 3774 est
3121 3725 3438 3787 computan-

1834 3811 1934 3867 dus
1963 3811 2204 3867 Herodes
2229 3812 2402 3882 major
2422 3813 2477 3867 in
2506 3813 2726 3885 regibus
2751 3809 2887 3881 ejus,
2917 3819 3169 3881 tanquam
3199 3809 3435 3864 maritus

1834 3903 2093 3959 Thamar.
2123 3905 2257 3959 Erat
2295 3906 2444 3960 enim
2489 3904 2821 3976 alienigena,
2850 3919 2953 3959 nec
2997 3903 3048 3960 ei
3089 3908 3436 3958 sacramento

1832 3993 1924 4049 illo
1966 3995 2191 4066 justitiae
2235 3996 2530 4063 unctionis,
2579 4004 2838 4066 tanquam
2889 3992 3155 4065 conjugali
3205 3991 3434 4060 laedere,

1832 4086 2169 4154 cohzerebat,
2201 4088 2326 4152 sed,
2363 4081 2621 4158 tanquam
2667 4096 2992 4154 extraneas,
3023 4087 3426 4152 dominabatur,

1831 4194 1993 4249 quam
2022 4188 2349 4250 potestatem
2380 4196 2411 4235 a
2438 4180 2698 4237 Romanis
2721 4188 2776 4237 et
2803 4196 2837 4235 a
2864 4180 3081 4236 Ctesare
3116 4188 3420 4250 acceperat.

1836 4270 1929 4325 Sic
1953 4280 2008 4325 et
2027 4271 2144 4341 ejus
2170 4272 2265 4328 ﬁlii
2290 4274 2597 4337 tetrarchae,
2630 4289 2860 4344 quorum
2884 4285 3002 4329 erat
3023 4290 3165 4330 unus
3189 4272 3429 4329 Herodes

1834 4363 2008 4433 patris
2035 4364 2253 4418 nomine
2284 4365 2602 4435 appellatus,
2631 4365 2723 4434 qui
2751 4380 2875 4419 cum
2902 4363 3076 4419 Pilato
3101 4365 3155 4418 in
3181 4364 3436 4435 passione

1836 4454 2048 4508 Domini
2079 4455 2430 4510 concordavil
2460 4453 2612 4527 (Luc.
2641 4454 2820 4527 xxm).
2848 4454 2941 4509 lsti
2967 4470 3097 4525 ergo
3124 4453 3436 4524 alienigena:

1836 4560 2008 4617 usque
2047 4547 2182 4602 adeo
2221 4563 2328 4602 non
2362 4546 2763 4616 deputabantur
2791 4546 2845 4601 in
2877 4562 3043 4617 regno
3077 4546 3308 4617 mystico
3335 4543 3434 4600 Ju-

156 4599 165 4606 .
239 4599 249 4609 .
532 4599 575 4618 ,.
605 4599 725 4617 γ---
757 4599 886 4607 --η
917 4599 1124 4623 νην-ν..
1153 4599 1360 4614 seu...”
1397 4599 1517 4617 που
1554 4599 1585 4616 α
1622 4599 1730 4618 υυ-
1881 4599 1894 4601 ἡ
1919 4599 1936 4617 ι
1965 4599 1998 4600 η
2051 4599 2174 4602 πη
2369 4599 2752 4616 η,
2880 4599 2984 4617 ηυγ
3020 4599 3031 4601 ἡ
3177 4599 3189 4601 -
3257 4599 3290 4600 η
3343 4599 3351 4600 κ

150 4631 286 4687 mino
307 4636 509 4693 ibidem
537 4652 823 4710 narratur;
854 4645 957 4701 hoc
985 4657 1088 4715 est,
1120 4648 1230 4705 Her
1257 4663 1312 4707 ει
1341 4652 1515 4720 Οῃδη,
1544 4664 1727 4711 oste"-
1750 4599 1806 4660 Β
1836 4640 2108 4707 daeorum,
2133 4647 2195 4694 ut
2224 4639 2324 4710 ipsi
2351 4637 2522 4694 Judmi
2550 4638 2764 4710 publice
2792 4638 3091 4694 clamarent
3120 4636 3433 4693 frendentes

151 4721 390 4797 diturque
424 4730 495 4786 ob
526 4747 689 4803 quam
723 4750 964 4793 causam.
997 4740 1138 4797 Dicit
1178 4745 1321 4798 enim
1363 4765 1376 4800 :
1408 4746 1543 4813 Quia
1581 4748 1725 4802 dedit

150 4816 307 4877 ludas
337 4843 553 4883 uxorem
587 4833 929 4903 primogenita
970 4853 1066 4891 suo
1100 4837 1213 4892 Her
1247 4858 1469 4911 nequam
1507 4844 1563 4897 in
1599 4860 1725 4897 con-

153 4925 316 5005 spectu
344 4918 580 4987 Domini,
603 4931 651 4976 et
680 4926 744 4977 ab
778 4942 837 4980 eo
865 4929 1065 4987 occisus
1101 4940 1195 4984 est.
1228 4930 1377 4986 Dixit
1402 4951 1522 5005 ergo
1550 4934 1589 4988 J
1592 4936 1724 4990 udas

154 5002 409 5096 adAOnam
447 5012 621 5081 ﬁlium
656 5031 809 5069 suum
837 5033 856 5071 :
883 5017 1166 5090 Ingredere
1194 5023 1263 5076 ad
1290 5002 1723 5096 uxorein‘fratris

158 5094 247 5160 lui,
275 5108 319 5151 et
358 5104 561 5158 sociare
595 5104 695 5173 illi,
729 5117 783 5160 ut
827 5110 1042 5165 suscites
1085 5129 1259 5167 semen
1291 5115 1448 5184 fratri
1478 5094 1589 5170 tuo.
1623 5118 1726 5174 Ille

158 5195 315 5272 autem
343 5197 513 5252 sciens
537 5215 639 5253 non
669 5199 767 5253 sibi
796 5204 940 5256 nasci
964 5204 1125 5272 ﬁlios,
1146 5206 1396 5263 introiens
1417 5209 1486 5263 ad
1510 5227 1727 5265 uxorem

162 5270 327 5338 l'alrt's
354 5286 438 5337 sui
470 5304 645 5343 semen
671 5289 920 5359 fundebat
948 5270 1004 5347 in
1035 5304 1250 5363 terram,
1276 5316 1339 5353 ne
1365 5298 1515 5355 liberi
1544 5302 1727 5373 fratris

164 5372 353 5427 nomine
377 5392 715 5436 nascerentur
748 5396 767 5434 :
801 5394 849 5438 et
884 5386 1080 5441 idcirco
1104 5392 1358 5460 percussit
1387 5410 1506 5448 eum
1537 5372 1725 5450 Dami-

166 5468 273 5524 nus,
294 5469 428 5534 quod
454 5487 563 5525 rem
589 5474 943 5529 detestabilem
972 5477 1187 5547 faceret.

230 5547 442 5613 Thamar
472 5575 643 5618 autem
665 5583 828 5622 nurus
848 5569 963 5638 ejus
985 5574 1178 5641 peperit
1201 5575 1248 5628 ei
1270 5572 1472 5633 Phares
1491 5586 1541 5633 et
1561 5577 1724 5636 Zara.

172 5633 348 5740 ρπξηεξ
371 5665 490 5721 ergo
519 5654 618 5723 ﬁlii
643 5656 789 5712 Iuda
815 5633 1058 5732 quinque.
1088 5661 1145 5716 In
1172 5662 1409 5721 Thamar
1432 5684 1562 5740 ergo

170 5721 307 5788 Iudae
331 5721 644 5817 intelligitur
673 5721 1029 5820 plebs'lud'aca
1049 5794 1063 5819 ,
1092 5754 1176 5809 cui
1205 5755 1272 5811 de
1299 5721 1731 5818 tribui

175 5831 287 5890 838,
317 5836 566 5904 tanquam
615 5842 827 5909 mariti,
866 5844 1255 5917 deﬁgebantur.
1289 5846 1478 5907 Merito
1530 5869 1729 5911 nomen

1836 4733 2095 4790 adversus
2134 4732 2414 4788 Christum
2456 4751 2471 4787 :
2517 4731 2630 4788 Nos
2672 4750 2777 4788 non
2814 4731 3063 4786 habemus
3110 4746 3301 4801 regem,
3327 4729 3431 4783 nisi

1834 4822 2097 4880 Ctesarem
2118 4825 2299 4897 (Joan.
2327 4823 2464 4897 xxx).
2492 4823 2676 4896 Neque
2698 4825 2801 4879 hoc
2828 4822 3162 4889 verum,nisi
3196 4821 3282 4875 illa
3303 4820 3430 4875 uni-

1831 4917 2031 4973 versali
2094 4918 2440 4973 damnatione
2501 4936 2515 4973 :
2581 4917 2948 4974 Romanorum
3012 4916 3209 4985 quippe
3265 4913 3431 4968 etiam

1832 5010 2016 5067 Caesar
2041 5027 2136 5068 rex
2163 5021 2299 5078 erat,
2327 5027 2435 5067 non
2462 5012 2681 5082 proprie
2704 5009 3035 5075 Iudaeorum,
3063 5008 3157 5062 sed
3190 5015 3250 5061 ut
3276 5004 3434 5061 Chri-

1834 5111 1973 5157 stum
2016 5112 2294 5174 negarent,
2327 5109 2378 5156 et
2421 5100 2567 5156 hunc
2606 5102 2785 5156 adhuc
2830 5100 3144 5162 adorarent,
3169 5095 3290 5151 ideo
3334 5093 3432 5149 tali

1828 5208 1964 5248 voce
2012 5192 2403 5247 clamaverunt.
2435 5192 2532 5247 Illo
2576 5192 2720 5247 enim
2771 5198 3014 5260 tempore
3059 5202 3167 5258 quo
3205 5185 3319 5255 jam
3363 5186 3432 5242 de

1830 5287 1974 5342 tribu
1998 5284 2136 5342 Juda
2158 5303 2386 5358 regnum
2416 5285 2709 5351 defecerat,
2730 5284 3051 5339 veniendum
3076 5291 3195 5338 erat
3215 5281 3431 5338 Christo

1830 5392 1962 5433 vero
1990 5376 2258 5433 Salvatori
2289 5376 2520 5433 Domino
2545 5384 2755 5443 nostro,
2783 5375 2875 5446 qui
2908 5390 3016 5431 non
3046 5374 3264 5431 obesset
3289 5370 3433 5427 mul-

1832 5473 2056 5539 tumque
2082 5469 2385 5540 prodesset.
2418 5467 2557 5524 Hinc
2593 5468 2739 5523 enim
2777 5466 2956 5524 fuerat
2994 5467 3372 5539 prophetatum
3412 5479 3428 5518 :

1837 5559 1963 5614 Non
1993 5560 2197 5630 deﬁciet
2226 5561 2464 5631 princeps
2494 5575 2559 5613 ea:
2584 5557 2752 5625 Iuda,
2778 5576 2940 5632 neque
2967 5559 3077 5615 dua:
3110 5558 3174 5612 de
3211 5552 3428 5627 femori-

1834 5650 1930 5705 bus
1956 5650 2094 5721 ejus,
2119 5649 2282 5704 donec
2308 5650 2478 5703 veniat
2502 5650 2591 5720 qui
2620 5650 2906 5705 mittendus
2936 5659 3013 5704 est
3050 5664 3068 5703 :
3101 5656 3150 5702 et
3185 5646 3295 5717 ipse
3329 5641 3431 5696 erit

1834 5741 2147 5807 exspectatio
2180 5740 2411 5812 gentium
2440 5738 2594 5813 (Gen.
2618 5741 2791 5814 xux).
2820 5741 2921 5798 Hic
2951 5754 3165 5812 quoque
3201 5733 3427 5805 conjun-

1832 5844 1956 5893 ctus
1979 5834 2219 5892 Thamar
2243 5833 2484 5905 speciali,
2510 5836 2613 5894 hoc
2640 5843 2743 5907 est,
2768 5835 2908 5909 plebi
2938 5834 3270 5899 Iudaeorum,
3288 5828 3427 5885 duos
