3958 6472
512 432 611 494 291

1158 424 1219 486 Β.
1255 426 1509 486 RABANI
1545 426 1764 486 MAURI
1797 427 2117 489 ARCHIEP.
2157 428 2469 491 MOGUNT.
2505 430 2793 489 OPERUM
2829 430 3010 489 PARS
3042 432 3085 488 Ι.

3680 433 3806 490 292

514 563 582 604 ex
615 563 681 605 ea
718 554 955 620 suscepit
988 561 1004 603 :
1039 562 1269 619 quorum
1298 548 1504 605 scilicet
1527 549 1738 619 primus
1767 550 1857 622 qui
1892 549 2089 607 dicitur
2114 553 2162 616 Α
2191 548 2436 618 Raddai,
2458 559 2661 606 sextum
2687 550 2872 616 Asom,
2897 549 3168 621 septimum
3196 545 3405 603 David:
3432 564 3673 621 quorum
3704 565 3803 603 so—

515 643 651 698 Zara
668 683 682 708 ,
709 658 826 696 cum
854 650 1022 697 essent
1047 641 1197 697 ambo
1221 642 1413 712 gemini
1450 642 1504 698 in
1540 653 1685 699 utero
1710 645 1925 711 matris,
1948 645 2090 700 misit

512 751 725 789 manum
749 750 901 788 suam
935 747 952 786 :
978 735 1064 788 cui
1090 735 1337 789 obstetrix
1360 734 1537 806 ligavit
1558 737 1826 792 coccinum
1854 750 1873 789 :
1905 737 2091 793 dehinc

510 823 601 877 illo
628 839 840 879 manum
867 824 1177 879 intrinsecus
1205 818 1515 891 re'trahente,
1534 827 1811 897 posterior,
1832 827 1922 898 qui
1946 844 2095 883 voca»

509 922 596 967 tur
620 912 845 980 Phares,
869 914 1129 969 nascendo
1156 917 1406 985 processit
1429 915 1585 986 (Gen.
1610 916 1873 991 xxxvm);
1901 917 2094 990 ﬁgura-

508 1003 632 1058 liter
662 1003 895 1059 innuens
924 1003 1069 1074 quod
1106 1005 1423 1074 extenderet
1457 1006 1625 1064 Israel
1664 1008 1720 1063 in
1756 1008 1892 1080 legis
1927 1024 2092 1080 opera

509 1111 729 1159 manum
757 1112 930 1161 suam,
954 1105 1010 1152 et
1033 1111 1152 1151 eam
1177 1098 1586 1171 prophetarum,
1609 1115 1821 1157 necnon
1848 1108 1904 1157 et
1928 1099 2094 1171 ipsius

513 1187 810 1244 Salvatoris
832 1187 1090 1259 pollutam
1117 1204 1312 1245 cruore
1340 1192 1674 1247 contraxerit
1702 1209 1717 1245 :
1749 1199 1937 1263 postea
1962 1206 2094 1247 vero

508 1280 815 1350 proruperit
844 1278 1070 1351 populus
1098 1281 1359 1351 gentium,
1384 1282 1611 1349 scilicet,
1636 1291 1695 1338 ut
1723 1281 1889 1339 futuri
1913 1289 2096 1343 essent

508 1370 792 1435 novissimi,
820 1369 912 1441 qui
938 1380 1094 1427 erant
1118 1374 1311 1444 primi;
1338 1382 1394 1431 et
1417 1375 1575 1446 primi
1603 1373 1776 1432 futuri
1799 1384 1982 1434 essent
2002 1375 2095 1448 qui

510 1470 665 1517 erant
686 1462 950 1518 novissimi
987 1462 1199 1535 (Matth.
1220 1464 1338 1537 xx).

581 1551 711 1607 Filii
740 1563 914 1607 autem
938 1551 1166 1623 Phares,
1189 1555 1393 1615 liesron
1420 1565 1468 1612 et
1491 1555 1714 1615 Hamul.
1735 1555 1864 1612 Filii
1890 1572 2094 1629 quoque

512 1628 682 1713 Zama,
710 1641 916 1711 Zamri,
946 1654 993 1699 et
1022 1645 1224 1714 Ethan,
1253 1657 1301 1703 et
1328 1644 1522 1713 Eman,
1556 1646 1774 1704 Calchal
1809 1628 2011 1722 quoque
2045 1658 2094 1705 et

510 1727 672 1797 Dura,
703 1731 860 1785 simul
886 1732 1130 1807 quinque.
1155 1732 1286 1790 Filii
1317 1736 1557 1803 Charmi,
1581 1740 1775 1806 Achar,
1797 1741 1887 1811 qui
1916 1740 2097 1795 turba—

506 1819 571 1874 vit
601 1818 774 1875 Israel
802 1830 851 1875 et
875 1825 1101 1893 peccavit
1127 1825 1181 1879 in
1206 1825 1350 1901 furto
1374 1828 1745 1897 anathgmatis.
1769 1828 1873 1884 Iste
1892 1828 2093 1897 Achar,

2192 656 2334 695 rores
2378 639 2590 708 [uerunt
2638 640 2827 697 Sarvia
2872 650 2921 697 et
2964 637 3190 710 Abigail.
3235 637 3540 709 Quaeritur,
3577 655 3689 695 cur
3740 640 3801 699 in

2190 730 2327 787 libro
2352 731 2559 807 Regum
2583 733 2845 805 scriptum
2868 732 2939 789 sit
2962 740 3085 787 octo
3111 730 3249 789 ﬁlios
3275 731 3474 791 habere
3500 733 3635 801 Isai,
3660 749 3799 791 cum

2190 823 2247 881 in
2282 824 2729 898 Paralipomenon
2757 841 2865 882 non
2894 825 3124 897 amplius
3148 841 3310 899 quam
3340 836 3552 900 septem
3592 827 3801 898 legan-

2192 922 2299 973 tur.
2333 915 2425 973 Sic
2456 918 2598 974 euim
2638 918 2712 975 ibi
2748 925 3008 991 scriptum
3035 926 3119 975 est
3166 936 3179 972 :
3226 917 3395 977 David
3436 929 3619 977 autem
3676 928 3799 975 erat

2190 1005 2334 1076 ﬁlius
2370 1006 2677 1078 Ephrathari
2714 1008 2779 1065 de
2814 1007 3080 1065 Bethleem
3116 1008 3283 1077 Iuda,
3308 1011 3395 1067 cui
3435 1027 3633 1067 nomen
3678 1021 3801 1065 erat

2193 1097 2339 1164 lsai,
2367 1100 2457 1171 qui
2490 1099 2712 1155 habebat
2740 1110 2855 1155 octo
2889 1101 3029 1173 ﬁlios
3063 1101 3125 1177 (Ι
3164 1101 3292 1175 Reg.
3329 1100 3493 1175 xvu).
3526 1101 3640 1157 Sed
3674 1103 3798 1158 haec

2193 1192 2421 1263 quaestio
2453 1192 2662 1250 scilicet
2686 1194 2831 1263 apud
2864 1192 3121 1253 Hebraeos
3147 1195 3222 1253 ita
3247 1193 3495 1260 solvitur,
3511 1203 3577 1253 ut
3600 1195 3801 1251 dicant

2193 1280 2404 1339 Nathan
2426 1286 2743 1357 prophetam
2778 1286 2947 1345 lilium
2979 1286 3230 1344 Semmaa
3264 1286 3360 1343 lilii
3394 1287 3500 1353 sui,
3531 1302 3709 1358 quem
3743 1287 3798 1341 in

2194 1375 2318 1434 loco
2347 1375 2445 1435 ﬁlii
2476 1380 2561 1435 sui
2588 1380 2914 1439 educaverat
2943 1388 3000 1435 et
3029 1381 3323 1448 nutrierat,
3350 1380 3491 1435 inter
3527 1379 3681 1437 ﬁlios
3719 1381 3799 1435 ibi

2195 1481 2628 1529 annumeratum.
2657 1470 2790 1527 Nam
2820 1481 2877 1529 et
2900 1488 3085 1531 coram
3122 1472 3373 1531 Samuele
3406 1480 3620 1545 septem
3672 1470 3798 1541 ejus

2193 1561 2291 1618 ﬁlii
2321 1562 2573 1634 leguntur
2602 1564 2820 1621 adducti
2848 1564 3012 1622 fuisse
3038 1564 3089 1637 (1
3126 1564 3255 1635 Reg.
3290 1564 3411 1635 xvi)
3431 1606 3447 1629 ,
3471 1573 3528 1621 et
3556 1570 3799 1620 octavus

2194 1668 2317 1711 esse
2353 1654 2407 1711 in
2437 1655 2684 1725 pascuis;
2716 1655 2858 1712 inter
2884 1672 3022 1731 quos
3058 1656 3270 1717 Nathau
3301 1654 3579 1729 adiectum
3618 1654 3799 1711 fuisse

2195 1742 2540 1802 manifestum
2574 1754 2676 1811 est,
2699 1746 2790 1817 qui
2814 1744 3079 1805 Jonatban
3109 1754 3354 1817 vocatur,
3381 1746 3448 1801 de
3473 1760 3589 1816 quo
3611 1746 3672 1800 in
3695 1760 3797 1799 ειο

2197 1843 2372 1895 trema
2400 1847 2556 1907 parte
2594 1836 2861 1895 Samuelis
2894 1840 3112 1908 dicitur,
3136 1856 3262 1897 cum
3298 1841 3365 1897 de
3405 1839 3800 1897 interfatione

506 1909 598 1979 qui
629 1909 810 2001 Achan
851 1912 1149 1983 appellatur
1178 1916 1230 1971 in
1260 1916 1398 1974 libro
1433 1915 1561 1973 Jesu
1593 1917 1740 1975 Nave
1769 1919 1916 1993 (Jos.
1949 1922 2090 1996 vn),
2120 1916 2169 1976 B
2196 1929 2431 2001 gigantis
2468 1940 2723 1986 narratur
2766 1949 2781 1986 :
2824 1929 3087 1987 Percussit
3126 1942 3301 1987 autem
3338 1948 3463 1991 eum
3485 1929 3795 1997 Jonathan,

503 2001 645 2056 lilius
690 2000 791 2056 fuit
827 2002 1077 2073 Charmi,
1105 2008 1196 2077 qui
1226 2008 1328 2064 fuit
1358 2010 1501 2066 ﬁlius
1529 2011 1683 2083 Zapti
1722 2013 1837 2068 sive
1878 2013 2089 2083 Zamri,

503 2093 594 2162 qui
634 2092 736 2148 fuit
772 2093 913 2152 ﬁlius
941 2096 1095 2155 Zarat
1125 2100 1190 2155 de
1220 2100 1361 2157 tribu
1388 2100 1549 2157 Juda.
1574 2102 1762 2161 Achan
1800 2113 1980 2159 autem
2011 2121 2096 2159 co-

503 2183 651 2239 luber
692 2186 951 2245 insidians
989 2190 1406 2264 interpretatur;
1446 2193 1646 2263 Achar,
1678 2197 1947 2263 turbatus;
1990 2197 2095 2253 hoc

501 2276 905 2336 demoustraute
948 2283 1178 2339 veritate
1224 2285 1503 2342 nominum
1547 2288 1689 2358 quod
1756 2289 1803 2343 is
1844 2289 1937 2360 qui
1996 2304 2094 2361 per

501 2372 788 2427 avaritiam
816 2375 1171 2433 insidiabatur
1195 2378 1261 2435 de
1284 2382 1629 2438 anathemate
1654 2382 1855 2456 aliquid
1879 2400 2092 2456 rapere,

502 2472 691 2534 captus
722 2466 776 2520 in
808 2467 1044 2537 scelere,
1076 2472 1328 2528 turbatus
1367 2483 1452 2531 est
1478 2474 1532 2529 in
1576 2476 1797 2532 sceleris
1838 2478 2040 2535 ultione
2074 2495 2092 2537 ;

502 2556 731 2626 mystice
775 2560 932 2618 nobis
964 2561 1195 2619 innuens
1222 2565 1366 2635 quod
1395 2566 1484 2623 ille
1513 2569 1605 2638 qui
1631 2578 1755 2643 post
1778 2571 1902 2626 lidei
1932 2573 2091 2631 indu-

503 2658 747 2703 mentum
799 2654 1228 2711 conversationis
1277 2658 1554 2717 szecularis
1610 2660 1813 2717 cultum
1863 2662 2091 2730 inducit,

503 2740 661 2811 quasi
702 2741 924 2813 pallium
971 2746 1037 2801 de
1075 2750 1422 2806 anathemate
1465 2753 1619 2808 tollit.
1650 2754 1758 2810 Sed
1796 2764 1851 2811 et
1894 2755 1984 2813 ille
2029 2758 2095 2813 dc

503 2832 850 2890 anathemate
879 2834 1097 2893 Jericho
1128 2838 1373 2909 fraudat,
1400 2844 1491 2915 qui
1522 2846 1579 2901 in
1604 2847 1888 2903 ecclesiam
1924 2848 2095 2905 haere-

503 2922 735 2979 ticorum
766 2926 929 2982 infert
954 2929 1223 3003 dogmata,
1247 2935 1331 2989 vel
1355 2938 1729 3008 superstitiosa
1756 2941 2095 2999 saecularium

500 3010 806 3069 litterarum
838 3018 1036 3073 studia.
1066 3020 1195 3077 Haec
1220 3025 1364 3083 enim
1398 3035 1482 3082 est
1510 3030 1692 3102 regula
1718 3047 1914 3100 aurea,
1943 3033 2094 3092 lucu-

501 3103 653 3196 lento
701 3124 951 3167 sermone
1001 3123 1206 3183 aptata.
1247 3116 1400 3178 Hanc
1442 3121 1677 3179 fraudati
1725 3134 1853 3185 sunt
1897 3126 2089 3196 Arius,

501 3195 741 3255 Marcion
787 3210 843 3257 et
885 3203 1189 3275 Basilides;
1234 3208 1397 3267 furati
1429 3224 1554 3270 sunt
1582 3217 1727 3275 enim
1756 3218 1846 3277 isti
1876 3222 2092 3292 regulas

504 3307 702 3350 aureas
732 3296 798 3351 de
826 3295 1065 3368 Iericho,
1087 3309 1144 3356 et
1170 3304 1612 3378 philosophorum
1641 3321 1845 3367 sectam
1869 3328 1976 3369 non
2007 3328 2092 3369 re-

500 3395 644 3442 ctam
670 3383 725 3442 in
753 3388 1053 3448 Ecclesiam
1078 3397 1259 3452 conati
1284 3407 1409 3455 sunt
1437 3400 1801 3472 introducere,
1824 3413 1881 3462 et
1904 3421 2093 3462 macu-

497 3475 614 3533 lare
658 3495 874 3536 omnem
920 3483 1218 3543 Ecclesium
1258 3489 1502 3560 Domini,
1533 3495 1608 3551 ita
1640 3505 1701 3551 ut
1730 3498 2092 3568 perderentur

500 3567 655 3623 multi
682 3586 783 3665 per
807 3588 922 3628 eos.
944 3574 1175 3647 Ideoque
1200 3579 1393 3651 abjecti
1418 3600 1519 3654 pro
1547 3567 1911 3658 anathemate,
1936 3591 2091 3665 quasi

500 3675 698 3717 acervo
728 3663 991 3736 lapidum,
1019 3669 1095 3725 ita
1122 3673 1467 3732 multitudine
1495 3688 1836 3748 peccatorum
1864 3663 2088 3741 suarum

499 3753 744 3824 oppressi
770 3763 933 3826 atque
957 3759 1212 3817 exstincti
1239 3772 1384 3818 sunt.

571 3842 704 3899 Filii
729 3858 905 3902 autent
942 3847 1149 3906 Hesron
1187 3855 1275 3926 qui
1321 3857 1429 3912 nati
1471 3867 1595 3912 sunt
1633 3860 1701 3927 ei,
1732 3857 2014 3930 Jerameel,
2037 3873 2088 3920 et

498 3931 656 4000 Ram,
688 3948 733 3990 et
765 3935 972 3993 Calubi.
998 3940 1185 3999 Calubi
1214 3945 1327 4017 ipse
1359 3957 1441 4002 est
1466 3946 1648 4016 Caleb,
1675 3968 1815 4008 unus
1842 3964 1929 4011 est
1952 3956 2090 4011 duo-

496 4024 672 4081 decim
702 4029 1138 4099 cxploratoribus
1173 4038 1266 4106 qui
1306 4038 1457 4095 missi
1496 4040 1718 4097 fuerunt
1746 4059 1777 4097 a
1812 4044 1992 4117 Moyse
2018 4062 2088 4102 ex

498 4118 713 4173 deserto
745 4120 798 4174 in
832 4130 1029 4178 terram
1067 4125 1324 4183 Chanaan
1362 4131 1431 4184 ad
1467 4132 1747 4191 videndam
1778 4143 1975 4193 terram
2004 4153 2090 4193 re-

500 4211 880 4281 promissionis
912 4214 1101 4288 (Num.
1130 4219 1284 4294 xui);
1319 4222 1569 4295 idemque
1597 4243 1717 4280 cum
1751 4226 1947 4297 Josue,
1977 4231 2087 4286 ﬁlio

494 4299 636 4368 Nun,
656 4303 801 4361 solus
825 4322 893 4361 ex
918 4311 1167 4366 omnibus
1190 4312 1321 4369 viris
1346 4317 1437 4389 qui
1466 4317 1531 4373 de
1556 4316 1790 4391 {Egypto
1815 4321 2084 4388 exierunt,

494 4390 551 4446 in
611 4401 815 4451 terram
870 4402 1306 4471 repromissionis
1354 4406 1617 4476 intravit,
1666 4390 1721 4465 ct
1777 4413 2085 4469 suburbana

494 4480 713 4540 Behron
746 4487 797 4541 in
831 4494 1228 4560 possessionem
1263 4499 1484 4571 recepit.
1517 4500 1654 4557 Nam
1690 4502 1908 4572 Calubi,
1943 4506 2087 4577 quod

495 4574 550 4667 in
583 4576 1033 4651 Paralipomenon
1069 4586 1285 4659 legitur,
1311 4594 1456 4648 canis
1493 4612 1638 4649 meus
1678 4574 2081 4667 interpretatur.

2194 2021 2337 2090 ﬁlius
2365 2021 2614 2078 Semmaa
2648 2024 2832 2093 fratris
2860 2024 3031 2081 David
3058 2024 3143 2097 (II
3172 2025 3297 2096 Reg.
3323 2025 3461 2096 xu).
3484 2023 3559 2081 Ει
3593 2034 3797 2081 noun-

2195 2114 2319 2171 dum
2345 2154 2362 2181 ,
2410 2113 2552 2184 quod
2601 2114 2905 2186 ubicunque
2955 2117 3211 2188 propheta
3258 2125 3518 2177 vocatu.
3564 2115 3796 2173 Nutha

2196 2202 2472 2268 scribitur,
2495 2218 2622 2271 non,
2644 2202 2936 2261 Jonathan.
3165 2227 3169 2231 υ

2267 2295 2398 2353 Filii
2442 2294 2646 2352 Sarviw
2671 2311 2690 2349 :
2716 2296 2917 2365 Abisai,
2947 2296 3082 2355 Joab
3109 2306 3159 2353 et
3186 2297 3342 2353 Aeaei
3363 2338 3379 2363 ,
3406 2307 3535 2357 tres.
3577 2296 3797 2368 Abigcil

2195 2398 2368 2443 autem
2389 2390 2569 2461 genuit
2598 2387 2815 2456 Amasti,
2852 2389 3002 2460 cujus
3022 2398 3173 2461 pater
3194 2388 3297 2459 fuit
3337 2388 3523 2449 lether
3544 2389 3797 2444 Ismahe—

2195 2479 2334 2535 lites.
2365 2479 2520 2547 Quod
2549 2481 2604 2536 iu
2629 2481 2859 2553 Paralip.
2904 2480 3099 2552 legitur
3135 2480 3334 2537 Amasa
3368 2482 3512 2539 ﬁlius
3536 2497 3673 2537 esse
3698 2483 3795 2537 Je-

2196 2572 2311 2626 ther
2358 2570 2698 2639 Ismahelitis,
2723 2574 2859 2629 etin
2886 2574 3115 2645 Regum,
3161 2574 3345 2633 lethra
3383 2574 3663 2633 lsraelitis
3706 2573 3794 2647 (ll

2196 2660 2326 2734 Reg.
2357 2664 2522 2736 xvn);
2554 2674 2775 2736 propter
2824 2666 3143 2723 meritorum
3186 2666 3503 2736 qualitatem
3551 2668 3682 2723 haec
3716 2668 3796 2723 die

2196 2753 2426 2812 versitas
2476 2755 2754 2811 nominum
2794 2765 2919 2813 nata
2947 2764 3050 2812 est.
3084 2755 3216 2811 Nam
3242 2754 3450 2823 Jetlira,
3484 2758 3792 2821 residuum,

2196 2844 2600 2919 interpretatur,
2644 2845 2833 2903 Jether
2878 2864 3026 2915 vero,
3072 2850 3337 2905 modicum
3376 2849 3701 2915 residem;
3738 2860 3794 2907 et

2201 2938 2417 2993 residue
2446 2938 2691 3010 jungitur
2721 2938 3011 3008 Israelitis;
3065 2941 3383 3012 modicoque
3441 2941 3677 3001 residuo
3720 2941 3796 2997 Is-

2198 3031 2452 3088 maelitis.

2267 3118 2425 3177 Caleb
2461 3137 2598 3189 vero,
2629 3121 2772 3191 [ilius
2804 3122 3030 3192 Hesron,
3065 3125 3261 3197 accepit
3298 3142 3537 3192 mrem,
3570 3128 3794 3182 nonin

2198 3210 2401 3278 Azuba,
2436 3213 2504 3269 de
2534 3231 2641 3285 qua
2681 3218 2857 3287 genuit
2896 3216 3132 3282 Jeriolh;
3178 3217 3394 3288 [urunt
3433 3233 3647 3289 quo”
3686 3218 3791 3289 ﬂii

2119 3284 2165 3354 Ο
2195 3302 2310 3374 ejus
2333 3302 2494 3363 laser
2521 3284 2568 3360 et
2597 3284 2767 3361 Sohab
2792 3316 2842 3361 et
2868 3307 3068 3363 Ardon.
3099 3284 3333 3379 Cumque
3358 3284 3569 3365 mortuo
3594 3284 3792 3378 {uisset

2192 3395 2391 3463 Azuba,
2417 3400 2614 3469 accepit
2639 3414 2859 3454 uxorem
2886 3398 3042 3455 Caleb
3071 3399 3332 3472 Ephrata,
3366 3417 3483 3472 quae
3504 3403 3722 3471 peperit
3740 3404 3791 3457 ei

2193 3489 2337 3559 Hur,
2369 3499 2423 3549 et
2455 3492 2611 3562 reliq.
2645 3491 2886 3562 Ephrata
2928 3495 3040 3565 ipsa
3073 3502 3159 3551 est
3188 3494 3356 3551 Maria
3379 3509 3539 3553 soror
3570 3492 3787 3565 Hoysi;

2192 3582 2640 3654 quaefpostquam
2672 3594 2885 3641 mortua
2914 3586 3013 3641 luit
3030 3584 3238 3653 Azuba,
3253 3586 3437 3657 nupsit
3456 3584 3647 3651 (hleb,
3665 3602 3789 3656 qu

2191 3676 2401 3746 peperit
2427 3676 2478 3733 ei
2511 3676 2645 3743 Ilur,
2676 3686 2886 3748 patrem
2919 3678 3032 3744 Uri,
3076 3694 3236 3734 avum
3259 3678 3521 3745 Bezeleel,
3545 3679 3639 3747 qui
3669 3694 3790 3734 ms-

2191 3767 2363 3839 gister
2405 3768 2674 3827 artiﬁcum
2740 3768 2843 3825 fuit
2886 3770 2940 3825 in
2987 3771 3387 3829 constructione
3440 3770 3787 3827 ωεωωιιιί

2193 3858 2247 3912 in
2273 3859 2488 3917 deserto
2512 3861 2654 3916 sicut
2684 3877 2738 3915 ιιι
2765 3861 2952 3919 Exodo
2975 3862 3173 3935 legitur
3194 3861 3395 3933 (Exod.
3424 3878 3579 3929 un,
3606 3877 3787 3929 xxxv,

2191 3968 2357 4009 xxxv:
2379 3964 2427 4008 et
2452 3954 2685 4026 xxxvii).

2262 4046 2432 4102 Porro
2465 4048 2605 4103 llur.
2652 4050 2770 4118 Ipse
2817 4057 2901 4104 est
2950 4050 3017 4105 de
3068 4065 3175 4120 quo
3226 4049 3511 4121 Scriptura
3563 4058 3782 4113 narrat.

2191 4141 2352 4213 quod,
2411 4142 2628 4212 quando
2675 4140 2856 4207 Josue,
2907 4142 3048 4198 ﬁlius
3097 4141 3239 4210 Nun,
3294 4143 3544 4198 minister
3606 4141 3783 4213 Moysi

2189 4233 2510 4305 pugnaverit
2538 4252 2660 4290 cum
2693 4234 2815 4289 ﬁliis
2840 4235 3003 4291 Israel
3032 4245 3219 4293 contra
3243 4236 3527 4302 Amalech;
3563 4246 3784 4291 susten-

2192 4334 2369 4382 tarent
2393 4344 2584 4385 manus
2614 4327 2780 4401 Moysi
2810 4329 2991 4385 Aaron
3021 4338 3073 4386 et
3107 4330 3241 4396 llur,
3274 4332 3492 4386 sedente
3516 4345 3586 4384 eo
3612 4347 3782 4401 super

2191 4417 2451 4487 lapidem;
2485 4428 2539 4475 et
2580 4419 2782 4477 lactant
2829 4432 2940 4488 est,
2980 4429 3038 4475 ut
3070 4437 3264 4477 manus
3302 4422 3470 4492 ipsius
3514 4438 3625 4477 non
3671 4422 3787 4477 las-

2191 4522 2444 4566 sarentur
2472 4528 2642 4583 usque
2668 4512 2734 4567 ad
2763 4529 3014 4569 occasum
3046 4514 3175 4570 solis
3201 4513 3399 4585 (Exod.
3427 4516 3583 4585 xvu).

2252 4602 2377 4657 Post
2392 4605 2501 4659 hrec
2522 4606 2783 4676 ingressus
2800 4616 2875 4659 est
2893 4605 3099 4661 Ilesron
3111 4606 3179 4660 ad
3194 4605 3361 4674 ﬁliam
3378 4602 3434 4659 Μ
3436 4605 3589 4659 αεΙιὶν
3609 4607 3782 4676 patris

495 4665 703 4766 N-om-cn
748 4689 879 4729 vero
926 4674 1104 4745 Caleb,
1137 4685 1278 4753 quod
1323 4685 1579 4758 ineptatio
1627 4688 1743 4761 (sic)
1788 4692 2082 4763 invenitur,
2111 4666 2165 4726 Β
2193 4691 2422 4762 Galaad,
2466 4704 2513 4749 et
2556 4697 2751 4766 accepit
2800 4712 2936 4763 eam,
2979 4714 3096 4751 cum
3136 4706 3267 4757 esset
3312 4713 3572 4752 annorum
3623 4714 3783 4753 sexe-

497 4756 743 4817 absolute
768 4764 913 4820 canis
940 4767 1159 4824 dicitur.
1190 4771 1300 4828 Nec
1330 4756 1435 4837 non
1465 4788 1519 4832 et
1550 4756 1676 4833 illud
1706 4756 1793 4835 hic
1820 4756 2084 4838 intimam-

494 4851 621 4906 dum
652 4862 757 4920 est,
787 4858 929 4927 quod
956 4858 1167 4919 Hesron
1195 4877 1249 4921 et
1272 4866 1511 4943 Jephone
1543 4873 1701 4930 unius
1730 4875 1964 4933 hominis
1989 4895 2088 4935 n0-

494 4945 641 5001 mina
680 4960 827 5004 sunt.
854 4951 1007 5010 Unde
1037 4956 1323 5029 aliquando
1352 4962 1514 5018 Caleb
1544 4965 1686 5021 ﬁlius
1717 4966 1923 5025 Hesron
1944 5010 1959 5037 ,
1984 4970 2087 5029 ali-

496 5039 713 5128 quando
742 5052 921 5099 autem
950 5046 1093 5104 ﬁlius
1118 5049 1359 5124 Jephone
1384 5070 1504 5111 esse
1530 5056 1744 5128 legitur.

570 5126 743 5189 Porro
793 5134 929 5192 Ram
985 5146 1160 5213 genuit
1210 5145 1527 5203 Aminadob.
1570 5126 1865 5208 dminadab
1910 5164 2085 5213 autem

495 5226 672 5293 genuit
701 5226 988 5289 Nahasson
1021 5237 1307 5309 principem
1337 5240 1573 5307 ﬁliorum
1602 5243 1767 5299 ludo.
1803 5245 2086 5305 Nalmsson

496 5332 698 5388 quoque
727 5325 903 5392 genuit
933 5324 1150 5395 Salma,
1177 5328 1240 5381 de
1268 5345 1371 5398 quo
1404 5341 1547 5388 ortus
1583 5344 1657 5390 est
1692 5333 1858 5393 Boos.
1883 5336 2087 5397 Notan-

497 5407 624 5501 dum
653 5423 833 5470 autem
864 5418 1010 5489 quod
1041 5419 1094 5473 in
1123 5419 1571 5494 Paralipomenon
1603 5426 1785 5489 Salma
1807 5447 1923 5501 par,
1949 5434 2085 5491 scri-

493 5496 671 5594 bitur;
718 5504 773 5560 in
820 5507 965 5565 Ruth
1011 5524 1141 5568 vero
1190 5508 1409 5575 Salmon
1462 5514 1648 5591 (Ruth.
1679 5520 1777 5593 tv),
1804 5496 2081 5594 paciﬁcus,

496 5588 916 5655 demonstratur.

567 5684 715 5744 Booz
738 5707 855 5747 vero
881 5693 1060 5765 genuit
1085 5692 1253 5765 Obed,
1278 5702 1369 5773 qui
1395 5711 1443 5758 et
1467 5704 1576 5779 ipse
1598 5705 1781 5777 genuit
1810 5706 1946 5766 Isai.
1969 5709 2084 5767 Isai

495 5792 669 5837 autem
704 5786 877 5854 genuit
915 5790 1314 5863 primogenitum
1349 5795 1525 5864 Eliab,
1548 5802 1832 5858 secundant
1864 5804 2083 5862 Amina-

494 5869 624 5941 ϐαι),
650 5876 855 5931 tertium
898 5878 1169 5950 Simma’a,
1197 5897 1439 5954 quartum
1491 5889 1809 5963 Nat/immol,
1838 5898 2079 5967 quintum

2190 4788 2354 4859 ginta,
2379 4803 2494 4861 qua:
2518 4789 2711 4859 peperit
2734 4790 2781 4842 ei
2805 4788 2995 4860 Segub.
3030 4790 3136 4844 Sed
3158 4800 3207 4844 et
3229 4788 3402 4860 Segub
3427 4791 3605 4861 genuit
3630 4789 3777 4855 Jair,

2190 4888 2236 4934 et
2266 4879 2493 4948 possedit
2509 4878 2711 4949 .viginli
2739 4890 2840 4935 tres
2872 4881 3103 4935 civitates
3155 4882 3210 4935 in
3253 4891 3392 4937 terra
3443 4878 3677 4948 Galaad,
3722 4894 3777 4938 et

2192 4972 2348 5043 reliq.
2393 4970 2519 5026 Post
2546 4974 2677 5039 Iuro,
2716 4973 2863 5038 dicit,
2895 4973 2997 5028 hcc
3031 4981 3135 5040 est,
3175 4984 3460 5044 postquam
3490 4990 3557 5030 ex
3586 4974 3776 5029 Azuha

2190 5070 2244 5120 et
2270 5062 2508 5135 Ephrata
2545 5065 2782 5136 sus‘cepit
2811 5064 2973 5130 ﬁlios,
3014 5066 3290 5138 ingressus
3327 5073 3413 5121 est
3454 5064 3665 5121 ﬂesron
3704 5066 3773 5123 ad

2189 5155 2354 5211 ﬁliam
2381 5154 2588 5213 Machir
2624 5159 2795 5229 patris
2834 5158 3056 5217 Galaad.
3102 5160 3309 5215 Machir
3349 5175 3476 5219 vero
3508 5160 3652 5217 ﬁlius
3673 5160 3777 5215 fuit

2188 5248 2434 5304 Manasse
2470 5240 2569 5305 lilii
2597 5247 2834 5323 Joseph:
2887 5252 2976 5320 qui
3022 5251 3160 5309 ultra
3197 5249 3491 5308 Jordanem
3532 5254 3776 5323 suscepit

2188 5340 2576 5409 hatreditatem,
2606 5341 2784 5413 Moyse
2813 5343 3083 5399 tribuente
3113 5343 3169 5398 in
3198 5351 3339 5399 term
3362 5344 3585 5401 Galaad.
3619 5345 3775 5402 Unde

2187 5435 2242 5490 in
2265 5434 2405 5491 libro
2430 5430 2789 5491 Numerorum
2812 5437 3073 5507 scriptum
3098 5445 3184 5492 est
3207 5454 3221 5494 :
3254 5436 3410 5495 Dedit
3433 5437 3772 5508 ergolloyses

2187 5537 2382 5585 terram
2408 5526 2617 5582 Galaad
2647 5526 2857 5581 Μαι-Ην
2897 5527 3011 5599 ﬁlio
3059 5527 3328 5596 Manasse,
3373 5531 3467 5600 qui
3516 5529 3774 5585 habitavit

2186 5619 2244 5672 in
2273 5635 2354 5673 ea.
2385 5617 2507 5673 Jair
2536 5628 2711 5674 autent
2731 5618 2876 5688 [ilius
2909 5618 3155 5677 Manasse
3175 5621 3301 5675 abiit
3325 5630 3374 5675 et
3398 5621 3671 5691 occupavit
3702 5622 3776 5676 ri-

2188 5728 2275 5766 cos
2305 5712 2456 5783 ejus,
2509 5728 2639 5784 quos
2686 5710 2962 5783 appellavit
2993 5710 3200 5769 Havoth
3240 5712 3362 5768 Jair
3400 5710 3596 5786 [villas
3622 5710 3770 5783 Jair]

2190 5801 2379 5874 (Num.
2406 5802 2600 5877 xxxn).
2623 5803 2701 5859 Ex
2727 5803 3034 5860 nominibus
3059 5819 3190 5879 ergo
3212 5804 3474 5877 majorum
3493 5807 3774 5881 possessio

2190 5892 2423 5949 ﬁliorum
2457 5912 2648 5951 nomen
2676 5897 2901 5966 accepit.
2933 5894 3038 5954 Sed
3071 5899 3251 5954 ethoc
3277 5899 3592 5966 notandum,
3626 5894 3771 5970 quod
