3958 6478
204 406 313 470 293

1130 414 1481 475 COMMENT.
1519 418 1590 476 IN
1624 414 2173 480 PARALIPOMEHA.
2208 452 2280 465 --
2310 421 2436 479 LIB.
2475 422 2514 480 l.

3357 432 3463 496 294

202 532 312 581 iste
336 518 630 597 Jairjudex
659 516 762 579 fuit
778 531 901 597 post
926 522 1118 596 Thola,
1155 539 1204 585 et
1222 531 1481 601 judicavit
1509 531 1679 588 Israel
1700 551 1793 606 per
1818 543 1865 602 Α
1965 535 2119 608 ΕρΙια
2146 545 2341 606 autem,
2390 537 2678 593 concubina
2725 534 2905 611 Caleb,
2941 544 3137 618 peperit
3185 542 3373 607 Haran
3412 565 3462 611 et

199 615 276 672 22
308 632 497 681 anncs,
541 615 735 672 habens
773 616 842 671 50
870 617 1011 688 ﬁlios
1049 622 1281 679 sedentes
1319 642 1475 699 super
1511 626 1581 681 50
1614 626 1785 698 pullos
1890 625 2040 685 Mosa
2068 639 2115 684 et
2140 628 2326 686 σείει.
2374 628 2545 685 Porro
2592 632 2778 688 tiaran
2802 615 2977 706 genuit
3006 615 3199 707 'Gezez,
3227 652 3333 699 etc.
3358 646 3463 702 Ge-

196 707 499 773 asinarum,
530 716 579 761 et
604 707 842 781 princeps
882 709 952 765 50
994 711 1279 782 civitatum,
1324 731 1445 786 qua:
1475 733 1542 773 ex
1568 718 1787 773 nomine
1888 737 1981 776 zez
2037 723 2424 795 interpretatur
2468 736 2666 781 tonsor.
2726 728 2876 784 Unde
2913 745 2943 785 a
2990 729 3198 791 Judaeis'
3239 746 3458 810 putatur

194 797 320 869 ejus
363 797 645 871 appellatae.
683 808 834 870 sunt,
872 801 1011 859 sicut
1052 803 1109 859 in
1147 803 1287 862 libro
1315 805 1564 864 iudicum
1590 808 1785 882 legitur
1886 811 2002 882 ipse
2024 827 2143 868 esse
2164 814 2331 871 Nabal
2355 816 2653 885 Carmelus,
2688 820 2779 890 qui
2810 823 3022 892 quando
3053 797 3308 885 tondebat
3330 846 3457 890 oves

194 887 353 962 (Iud.
386 888 463 963 ι).

1886 922 2031 975 suas,
2080 911 2296 966 nuntios
2338 911 2506 969 David
2550 914 2616 969 ad
2660 929 2719 970 se
2762 914 2958 973 missos
2985 918 3194 993 ingrate
3222 926 3459 997 suscepit

271 980 405 1036 Cum
455 990 632 1038 autem
672 993 911 1041 mortuus
960 996 1091 1043 esset
1143 982 1374 1058 Hesron,
1410 992 1673 1063 ingressus
1706 1003 1782 1049 est
1886 997 1938 1071 (1
1962 998 2091 1071 Reg.
2121 1002 2271 1073 xxv).

190 1069 356 1126 Caleb
397 1072 467 1127 ad
510 1071 772 1145 Ephrata.
821 1076 1023 1133 Ilabuit
1065 1097 1267 1155 quoque
1314 1080 1521 1139 Hesron
1567 1102 1781 1139 uxorem

1956 1089 2031 1144 Ili
2055 1103 2201 1147 erant
2228 1093 2327 1164 ﬁlii
2366 1092 2542 1151 Caleb.
2583 1094 2736 1153 Tunc
2770 1100 3093 1170 recapitulat
3128 1102 3323 1162 iterum
3364 1125 3456 1180 ge-

186 1164 350 1231 Abia,
382 1182 501 1237 qua:
541 1171 757 1271 peperit.
788 1171 850 1271 ei.
874 1170 1072 1271 Afh_ur,
1120 1185 1322 1271 patrem
1376 1174 1598 1234 Thecue.
1654 1177 1783 1234 Post
1882 1187 2219 1242 nerationem
2255 1188 2419 1244 Caleb
2454 1188 2519 1245 de
2556 1189 2816 1263 Ephrata,
2862 1164 3023 1267 quam
3072 1206 3196 1254 ante
3233 1164 3456 1271 dimisit,

184 1266 427 1312 mortem
447 1258 620 1329 patris
640 1259 888 1334 conjugio
901 1262 1063 1321 Caleb
1084 1264 1187 1321 sibi
1209 1268 1499 1328 associavit
1517 1269 1777 1340 Ephrata,

185 1350 293 1406 sed
337 1360 521 1411 utrum
558 1355 615 1411 in
654 1352 910 1430 Egypto,
941 1373 1010 1412 an
1040 1358 1095 1413 in
1130 1361 1365 1428 deserto,
1395 1378 1504 1417 non
1535 1373 1775 1435 apparet.

185 1439 406 1498 Hesron
440 1453 622 1502 autem
652 1455 903 1519 quartam
946 1449 1136 1506 habuit
1181 1468 1408 1508 uxorem
1453 1453 1613 1521 Abia,
1656 1470 1779 1526 quae

1883 1279 2097 1349 quando
2126 1279 2241 1335 Ilur
2261 1282 2325 1337 de
2348 1298 2406 1339 se
2434 1284 2673 1355 genitum
2702 1285 2768 1342 de
2798 1285 3057 1359 prrata,
3089 1290 3194 1347 hoc
3216 1301 3318 1360 est,
3348 1294 3458 1351 Ma-

1883 1366 1963 1423 ria
1997 1384 2184 1425 sorore
2208 1370 2400 1443 Moysi,
2425 1375 2683 1429 narravit.

1952 1458 2085 1515 Filii
2108 1459 2233 1516 Hur
2253 1465 2583 1535 primogeniti
2610 1464 2866 1538 Ephrata,
2894 1468 3058 1525 Sobal
3082 1480 3233 1545 pater
3270 1472 3457 1530 Caria-

182 1538 404 1608 peperit
431 1539 480 1596 ei
509 1538 708 1608 Ashur,
738 1550 946 1617 patrem
976 1543 1195 1603 Thecue
1223 1546 1309 1622 (II
1334 1547 1464 1621 Reg.
1498 1550 1633 1624 xxv).
1672 1550 1779 1607 Sed
1880 1552 2117 1620 thiarim,
2151 1552 2335 1609 Salma
2367 1565 2517 1626 pater
2551 1554 2877 1626 Bethlehem,
2919 1538 3093 1632 Ariph'
3115 1573 3267 1634 pater
3293 1565 3450 1620 Beth-

183 1639 375 1686 utrum
406 1631 463 1691 in
486 1643 733 1702 caateras,
783 1651 851 1692 an
889 1645 1015 1707 post
1040 1646 1266 1696 exteras
1294 1655 1508 1711 uxores,
1532 1658 1638 1701 non
1667 1642 1780 1698 evi-

182 1721 382 1780 denter
405 1728 726 1785 ostenditur.
759 1730 975 1789 Tbecue
996 1734 1188 1791 civitas
1216 1742 1300 1791 est
1324 1738 1391 1792 de
1413 1753 1519 1809 qua
1547 1739 1777 1810 sumpsit

1877 1644 2061 1716 gader.
2108 1644 2486 1701 Cariathiarim
2529 1655 2583 1701 et
2606 1647 2918 1705 Bethlehem
2945 1661 3000 1707 et
3026 1652 3327 1725 Bethgader
3354 1674 3453 1712 no-

1880 1736 2031 1791 mina
2059 1735 2305 1792 locorum
2340 1744 2503 1809 atque
2529 1740 2809 1795 civitatum
2851 1751 2993 1810 sunt,
3038 1745 3104 1800 ab
3143 1748 3454 1803 auctoribus

177 1810 323 1869 Joab
364 1816 647 1875 mulierem
688 1822 1005 1893 sapientem,
1031 1840 1151 1894 qua:
1175 1841 1300 1883 cum
1327 1843 1454 1900 rege
1480 1828 1655 1885 David
1679 1846 1778 1901 per
1880 1827 1993 1883 suis
2015 1844 2079 1884 ac
2107 1830 2513 1899 possessoribus
2538 1842 2864 1903 nuncupata.
2894 1834 3029 1890 Nam
3052 1836 3452 1908 Cariatbiarim,

179 1904 597 1967 similitudinem
630 1909 726 1968 ﬁlii
764 1914 847 1969 sui
881 1914 1174 1986 paciﬁcare
1199 1919 1408 1977 studuit
1428 1918 1774 1989 Absalonem,
1804 1922 1854 1984 B
1882 1936 2001 1991 qua:
2030 1930 2086 1976 et
2109 1921 2392 1977 Cariadbal
2434 1922 2651 1991 dicitur,
2698 1925 2800 1981 hoc
2844 1934 2926 1983 est
2973 1929 3155 1983 civitas
3202 1904 3452 2000 saltuum,

178 1995 327 2051 sicut
350 1997 405 2054 in
434 1998 574 2056 libro
599 2002 808 2074 Regum
833 2004 1050 2079 legitur.

261 2088 396 2144 Nati
418 2102 541 2146 sunt
570 2104 745 2150 autem
772 2096 873 2167 ﬁlii
892 2096 1149 2154 Jeramiel
1170 2100 1502 2172 primogeniti
1527 2099 1734 2156 Hesron
1754 2117 1774 2156 :

181 2179 354 2249 Ram,
394 2185 773 2256 primogenitus
802 2189 938 2260 ejus,
967 2199 1014 2244 et
1038 2190 1192 2247 Buna
1218 2201 1267 2248 et
1293 2191 1440 2247 Aran
1466 2202 1515 2246 et
1539 2192 1701 2247 Asum
1727 2200 1775 2248 et

172 2272 373 2330 Achia.
415 2274 690 2335 Hactenus
728 2295 859 2353 ergo
892 2282 1125 2352 scriptor
1152 2284 1393 2339 historiae
1421 2286 1593 2340 texuit
1611 2299 1775 2357 gene-

170 2365 448 2423 rationem
489 2367 721 2425 duorum
749 2372 983 2428 ﬁliorum
1014 2374 1224 2431 liesron
1249 2376 1635 2447 posteriorum,
1672 2376 1776 2433 hoc

168 2466 265 2514 cst
306 2458 441 2516 Ram
480 2471 534 2517 et
570 2461 754 2519 Caleh.
810 2464 891 2522 De
919 2468 1115 2538 quibus
1156 2468 1277 2523 ideo
1314 2469 1467 2541 prius
1508 2470 1770 2535 narravit,

167 2550 308 2621 quia
332 2552 536 2626 regiam
556 2562 612 2611 et
635 2557 1027 2615 sacerdotalem
1048 2559 1231 2632 aliquo
1252 2562 1412 2618 modo
1433 2560 1774 2618 innotescere

167 2642 353 2698 voluit
392 2645 733 2718 dignitatem.
778 2648 934 2708 Nunc
972 2661 1153 2709 autem
1182 2655 1248 2711 ad
1273 2655 1641 2728 primogeniti,
1668 2656 1774 2712 hoc

167 2745 281 2801 est,
308 2735 570 2797 Jerameel
599 2744 986 2814 genealogiam,
1028 2762 1193 2819 quam
1219 2757 1377 2807 antea
1406 2751 1596 2818 tacuit,
1632 2750 1774 2807 redit

166 2827 610 2898 exprimendam.

232 2919 398 2977 Duxit
415 2941 617 2999 quoque
630 2944 847 2985 uxorem
861 2932 1081 2988 alteram
1096 2933 1380 3004 Jerameel,
1394 2937 1602 2993 nomine
1613 2937 1774 2993 Atha-

168 3030 263 3081 ra,
291 3032 407 3088 quia
431 3016 530 3088 {uit
559 3031 726 3077 mater
753 3022 944 3079 Onam.
981 3025 1156 3081 Onam
1187 3028 1331 3084 ﬁlius
1354 3027 1638 3093 Jerameel,
1675 3027 1771 3082 ﬁlii

162 3102 409 3178 Hesron,
436 3126 632 3169 nomen
660 3117 869 3188 accepit
899 3119 966 3174 ab
985 3117 1138 3177 Onan
1163 3121 1274 3179 ﬁlio
1308 3120 1489 3190 Judre,
1514 3122 1605 3192 qui
1631 3136 1774 3176 mor-

164 3209 305 3258 tuus
337 3213 454 3273 est;
482 3209 577 3263 sed
626 3210 681 3265 in
721 3226 787 3269 eo
826 3212 1101 3283 dilierunt,
1138 3218 1283 3289 quod
1331 3218 1473 3276 ﬁlius
1515 3216 1666 3275 Iudae
1714 3217 1769 3272 in

161 3291 408 3352 Hebraeo
429 3312 525 3369 per
550 3299 699 3368 Nun,
719 3301 861 3359 ﬁlius
881 3319 1014 3361 vero
1034 3304 1300 3366 Jerameel
1323 3324 1422 3382 per
1447 3307 1613 3364 Onem
1637 3308 1771 3365 scri—
1796 3290 1842 3353 Ο

158 3385 400 3442 buntur.

250 3476 400 3533 Nam
431 3490 606 3537 autem
647 3482 830 3538 habuit
863 3484 1005 3557 filios
1047 3485 1219 3545 Semei
1246 3498 1296 3545 et
1316 3488 1481 3545 Jada.
1515 3488 1646 3545 Filii
1672 3507 1770 3546 au-

161 3579 278 3622 tem
320 3568 530 3639 Semei,
567 3572 763 3629 Nadab
804 3586 853 3631 et
896 3578 1108 3634 Abisur.
1164 3580 1372 3637 Nomen
1418 3600 1535 3637 vero
1586 3585 1769 3639 uxoris

161 3658 393 3726 Abisur,
426 3663 638 3734 Abigail
682 3684 801 3738 qua:
853 3672 1048 3741 peperit
1087 3673 1136 3727 ei
1183 3674 1436 3729 Ahobban
1481 3687 1529 3730 et
1572 3674 1763 3731 Molid.

167 3749 312 3806 Filii
336 3764 509 3809 autent
550 3756 746 3812 Nadab
785 3759 998 3830 fuerunt
1034 3762 1195 3818 Saled
1231 3775 1278 3819 et
1306 3767 1584 3837 Apphaim.
1615 3768 1765 3823 Mor-

167 3854 298 3898 tuus
337 3855 413 3900 est
452 3857 629 3903 autem
668 3848 827 3907 Suled
865 3854 1059 3928 absque
1085 3854 1283 3911 liberis.
1318 3856 1496 3913 Filius
1518 3877 1637 3914 vero
1660 3861 1766 3932 Ap-

164 3937 374 4007 phaim,
400 3938 535 4007 Jesi,
564 3944 654 4013 qui
682 3942 796 3998 Jesi
820 3949 997 4016 genuit
1030 3945 1217 4003 Sesan.
1263 3948 1434 4005 Porro
1475 3952 1641 4008 Sesan
1681 3971 1769 4024 ge-

169 4029 293 4082 nuit
343 4029 557 4099 Oholai,
590 4042 643 4089 et
674 4037 829 4107 reliq.
877 4039 1120 4111 Denique
1170 4041 1331 4097 istum
1371 4041 1562 4099 Oholai
1598 4045 1768 4102 ﬁlium

167 4120 320 4175 Esau
351 4122 545 4193 Sesan,
575 4128 667 4197 qui
709 4128 810 4185 fuit
849 4130 990 4188 ﬁlius
1033 4131 1165 4200 Jesi,
1217 4134 1310 4190 ﬁlii
1354 4134 1643 4206 Appbaim,
1672 4139 1766 4195 ﬁlii

166 4214 383 4284 Nadab,
428 4219 521 4273 ﬁlii
558 4219 761 4288 Semei,
804 4224 899 4278 ﬁlii
929 4224 1119 4291 Onam,
1156 4226 1249 4283 ﬁlii
1276 4225 1541 4285 Jerameel
1568 4231 1769 4301 primo-

165 4309 342 4380 geniti
390 4308 621 4378 llesron,
655 4314 750 4368 ﬁlii
778 4315 999 4383 Phares,
1034 4317 1129 4372 lilii
1155 4314 1310 4385 Juda,
1340 4320 1523 4374 dicunt
1559 4321 1769 4376 Hebraei

166 4419 296 4461 esse
341 4404 659 4476 Elimeleéb,
713 4411 889 4466 virum
940 4411 1149 4480 Noemi,
1198 4424 1410 4484 patrem
1457 4414 1667 4471 Maalon
1713 4425 1769 4471 et

166 4500 359 4556 Celiou
386 4518 399 4568 ;
433 4511 487 4558 et
510 4502 630 4558 ideo
655 4505 916 4576 scriptum
941 4506 997 4561 in
1017 4509 1388 4580 sequentibus,
1422 4510 1565 4582 quod
1594 4510 1765 4566 Sesan

1876 2028 1980 2066 una
2009 2022 2095 2069 est
2118 2012 2185 2069 de
2213 2014 2437 2070 urbibus
2482 2014 2927 2086 Gabaonitarum,
2965 2021 3243 2091 pertinens
3269 2025 3335 2078 ad
3361 2026 3458 2079 tri-
3494 2050 3503 2054 ν

1873 2104 2003 2161 bum
2027 2104 2184 2174 Juda,
2213 2108 2465 2164 euntibus
2512 2110 2580 2164 ab
2623 2109 2739 2166 Elia
2788 2111 3079 2184 Diospolim
3108 2115 3161 2168 in
3207 2115 3456 2173 uiilliario

1875 2214 2040 2254 nono.
2092 2198 2185 2255 Sic
2230 2211 2284 2257 et
2324 2201 2637 2258 Bethlehem
2688 2204 2878 2263 civitas
2916 2217 2999 2262 est
3027 2207 3193 2264 David
3228 2210 3280 2264 in
3310 2220 3456 2268 sorte

1877 2293 2051 2348 tribus
2085 2291 2255 2358 Judze,
2292 2296 2345 2349 in
2382 2311 2487 2367 qua
2514 2294 2773 2353 Dominus
2802 2307 2988 2353 noster
3016 2309 3070 2354 et
3095 2299 3342 2357 Salvator
3362 2320 3456 2357 na-

1875 2395 1963 2445 tus
1989 2396 2074 2444 est
2108 2388 2324 2459 (Matth.
2356 2388 2439 2461 n),
2478 2389 2533 2444 in
2558 2398 2713 2446 sexto
2740 2392 2806 2445 ab
2836 2391 2950 2446 Elia
2979 2392 3229 2448 milliario
3266 2404 3455 2450 contra

1874 2479 2257 2535 Meriadianam
2284 2478 2517 2549 plagam,
2543 2479 2699 2551 juxta
2730 2481 2873 2536 viam
2901 2498 3019 2553 quae
3042 2482 3187 2538 ducit
3212 2482 3454 2552 Hebron,

1873 2571 1966 2626 ubi
1998 2580 2053 2628 et
2075 2570 2386 2641 sepulcrum
2415 2569 2567 2627 Iesse
2597 2581 2653 2627 et
2684 2571 2853 2627 David
2879 2574 3204 2643 ostenditur,
3232 2573 3457 2630 et'mille

1874 2663 2092 2718 circiter
2138 2662 2389 2733 passibus
2434 2663 2621 2733 procul
2666 2664 2834 2719 turris
2873 2663 3055 2731 Adar,
3111 2682 3232 2738 qua:
3283 2667 3455 2723 inter-

1870 2762 2119 2826 pretatur
2169 2755 2330 2808 turris
2372 2756 2541 2825 gregis
2584 2768 2605 2808 :
2650 2756 2921 2825 quondam
2971 2757 3228 2814 vaticinia
3272 2767 3457 2831 pasto-

1874 2858 1964 2900 res
1991 2843 2291 2899 nativitatis
2318 2843 2612 2900 Dominicze
2633 2844 2881 2901 conscios
2901 2855 3026 2902 ante
3048 2846 3379 2918 signiﬁcans.

1943 2955 2184 3013 Fuerunt
2204 2968 2382 3013 autem
2408 2956 2510 3028 ﬁlii
2537 2958 2702 3015 Sobal
2720 2960 2888 3032 patris
2922 2959 3327 3029 Cariatlsiarim,
3358 2963 3450 3034 qui

1873 3050 2080 3106 videbat
2110 3052 2391 3107 dimidium
2424 3053 2823 3125 requietionum,
2849 3065 2898 3110 et
2928 3055 2992 3111 de
3015 3054 3323 3129 cognatione
3349 3052 3454 3110 Gtt-

1876 3142 2175 3199 riathiarim
2199 3143 2403 3200 Jethrei
2428 3156 2483 3201 et
2508 3147 2736 3218 Aphut'ei
2754 3156 2803 3203 et
2827 3146 3098 3203 Semathei
3120 3156 3171 3203 et
3199 3146 3452 3202 Masarei.

1875 3232 1964 3289 Ex
1991 3234 2074 3288 his
2097 3237 2290 3304 egressi
2314 3247 2435 3291 sunt
2464 3237 2697 3294 Saraitaz
2726 3248 2775 3293 et
2802 3237 3133 3293 Esthaolitw.
3162 3235 3333 3306 Hujus
3353 3237 3458 3293 loci

1874 3326 2145 3399 geminam
2171 3326 2275 3399 legi
2298 3328 2714 3397 expositionem.
2735 3328 2840 3385 Alii
2862 3328 3079 3399 quidem
3102 3327 3289 3385 dicunt
3314 3328 3457 3399 quod

1874 3418 2039 3474 Sobal
2068 3427 2224 3490 pater
2253 3419 2635 3476 Cariathiarim
2672 3420 2866 3477 viderit
2900 3420 3183 3477 dimidium
3238 3420 3455 3491 requie-

1872 3510 2113 3577 tionum,
2147 3512 2250 3567 hoc
2272 3520 2378 3578 est,
2404 3520 2607 3569 sortem
2638 3512 2868 3569 mediam
2902 3511 3057 3583 juxta
3084 3510 3333 3583 sepulcra
3351 3526 3452 3582 pa-

1872 3604 2256 3670 triarcharum,
2288 3619 2407 3674 qua:
2428 3603 2649 3661 fuerunt
2671 3606 2726 3660 in
2746 3604 3120 3671 Cariatbarbe,
3144 3603 3450 3675 acceperit:

1871 3704 1927 3752 et
1956 3694 2115 3766 hujus
2142 3695 2238 3751 ﬁlii
2267 3695 2485 3753 luerunt
2510 3695 2721 3753 Jethrei
2740 3706 2797 3753 et
2820 3695 3053 3766 Aphutei
3070 3704 3127 3751 et
3152 3694 3447 3761 Semathei,

1870 3800 1927 3846 et
1956 3791 2211 3847 Marserei
2239 3810 2250 3845 :
2280 3807 2347 3847 ex
2395 3791 2587 3861 hisque
2629 3790 2836 3862 egressi
2871 3791 2982 3846 sint
3021 3790 3247 3846 Saraitae
3274 3797 3330 3843 et
3362 3787 3459 3843 Es-

1874 3882 2133 3949 thaolitre,
2175 3882 2266 3952 qui
2304 3883 2525 3938 nomina
2566 3882 2808 3938 locorum
2848 3880 3030 3938 sortiti
3074 3887 3221 3945 sunt,
3261 3877 3315 3933 id
3349 3883 3454 3944 est,

1872 3973 2044 4030 Saraa
2072 3983 2126 4030 et
2151 3974 2395 4040 Estbaol,
2437 3974 2526 4029 ubi
2554 3974 2794 4044 sepultus
2818 3982 2901 4028 est
2931 3972 3199 4038 Samson;
3243 3969 3459 4040 requie-

1871 4065 2074 4121 tionem
2109 4066 2255 4123 enim
2287 4064 2592 4136 sepulcrum
2630 4065 2852 4136 intelligi
2884 4063 3190 4121 volnean
3220 4061 3327 4125 Alii
3354 4077 3451 4115 au-

1873 4168 1982 4213 tem
2013 4167 2265 4214 asserunt
2306 4158 2591 4213 dimidium
2626 4158 3022 4228 requietionum
3061 4165 3274 4226 tempus
3298 4155 3456 4210 dimi-

1872 4251 2022 4305 dium
2066 4252 2291 4320 intelligi
2332 4252 2553 4315 debere,
2585 4266 2693 4320 quo
2722 4250 2817 4304 ﬁlii
2844 4249 3008 4305 lsrael
3037 4258 3321 4320 emperunt
3352 4258 3460 4304 ter-

1873 4358 1992 4397 ram
2021 4343 2461 4413 repromissionis
2489 4343 2788 4413 possidere,
2828 4342 2934 4396 hoc
2964 4350 3069 4406 est,
3114 4344 3181 4397 ab
3211 4357 3275 4396 eo
3319 4350 3456 4395 tctu-

1873 4449 2009 4505 pore
2049 4451 2158 4505 quo
2200 4436 2410 4505 Moyses
2433 4436 2579 4489 dedit
2609 4443 2808 4488 terram
2844 4433 3046 4488 Galaad
3085 4434 3227 4487 ultra
3266 4433 3467 4488 larda-.

1872 4542 1996 4581 nem
2026 4526 2213 4581 Ruben
2237 4534 2291 4580 et
2313 4523 2450 4591 Gad,
2480 4534 2536 4579 et
2555 4523 2790 4578 dimidim
2813 4523 2971 4579 tribui
2998 4522 3239 4577 Manasse
3262 4522 3454 4592 (Num.

167 4608 284 4648 non
315 4592 505 4649 habuit
529 4594 722 4663 ﬁlium,
755 4598 849 4653 sed
876 4599 1041 4667 ﬁlios,
1073 4602 1329 4671 quoniam
1350 4603 1455 4660 duo
1476 4604 1765 4659 memorati
1792 4664 1847 4690 ῃ
1870 4616 2070 4690 χχχιι),
2124 4632 2295 4687 usque
2338 4616 2405 4671 ad
2460 4615 2590 4670 illud
2640 4623 2851 4685 tempus
2889 4630 2998 4686 quo
3018 4624 3229 4671 aeterm
3284 4616 3457 4669 tribus

166 4689 255 4744 sui
282 4688 379 4744 ﬁlii
405 4689 610 4761 absque
632 4691 818 4748 liberis
841 4697 1040 4749 mortui
1069 4706 1214 4751 sunt.

244 4780 380 4836 Filii
413 4793 589 4838 autem
627 4782 785 4841 Caleb
817 4786 1000 4857 fratris
1038 4787 1302 4847 Jerameel
1323 4804 1341 4844 :
1385 4790 1533 4847 Mesa
1558 4792 1768 4863 primo-

166 4875 381 4945 genitus
410 4875 526 4946 ejus
549 4891 568 4930 .'
595 4878 705 4948 ipse
734 4892 807 4935 est
844 4892 993 4951 pater
1020 4874 1178 4954 Ziph,
1230 4893 1279 4939 et
1322 4884 1422 4955 ﬁlii
1465 4886 1677 4941 Maresa
1716 4895 1767 4941 et

168 4968 341 5037 patris
386 4967 623 5037 Hebron,
666 4980 723 5027 et
768 4972 923 5044 reliq.
976 4974 1109 5044 Ziph
1141 4990 1338 5031 nomen
1362 4974 1463 5030 loci
1487 4985 1572 5030 est
1604 4992 1634 5030 a
1659 4991 1767 5046 quo

169 5060 395 5117 fuerunt
422 5061 645 5134 Zipbmi,
674 5066 767 5134 qui
798 5076 1059 5122 venerunt
1093 5072 1162 5123 ad
1190 5067 1319 5122 Saul
1350 5068 1399 5142 (Ι
1425 5067 1555 5140 Reg.
1582 5073 1762 5143 χχιιι).

173 5154 443 5212 Similiter
462 5165 518 5213 et
541 5156 755 5214 Hebron
779 5159 930 5215 locus
966 5162 1057 5216 ubi
1092 5161 1338 5232 regnavit
1363 5161 1534 5216 David
1556 5172 1763 5233 septem

172 5249 358 5316 annis,
390 5258 681 5320 antequam
718 5261 972 5323 regnaret
1001 5254 1055 5309 in
1083 5252 1385 5311 Jerusalem
1417 5255 1499 5328 (ll
1527 5257 1652 5327 Reg.
1683 5257 1759 5330 v).

170 5342 421 5414 Namque
454 5347 587 5402 dicit
609 5347 676 5404 de
711 5348 855 5403 Mesa
893 5350 1255 5422 primOgenito
1295 5351 1565 5411 Jerameel
1593 5368 1608 5407 :
1641 5354 1765 5425 Ipse

169 5448 249 5493 est
274 5448 427 5508 pater
446 5437 581 5509 Ziph
604 5451 653 5496 et
678 5441 805 5511 ﬁliis
836 5441 1053 5498 Maresa
1073 5446 1241 5515 patris
1270 5444 1524 5501 Hebron:
1557 5445 1765 5516 signiﬁ-

171 5539 265 5584 cat
302 5532 561 5600 prtedicta
604 5534 725 5590 loca
767 5537 1113 5604 postmodum
1155 5539 1375 5593 nomina
1416 5538 1689 5609 accepisse
1732 5553 1765 5591 a

170 5623 413 5692 posteris
441 5623 628 5694 Caleb,
683 5628 834 5697 quia,
882 5628 1023 5684 sicut
1070 5629 1128 5685 in
1181 5628 1309 5685 Jesu
1372 5630 1518 5685 Nave
1568 5629 1768 5700 legitur

173 5713 335 5786 (Ias.
391 5714 517 5791 xxv)
543 5758 559 5785 ,
608 5719 752 5775 idem
807 5718 974 5777 Caleb
1038 5720 1259 5778 Hebron
1331 5731 1388 5778 et
1456 5722 1767 5777 suburbana

173 5805 296 5876 dus
356 5807 417 5866 in
468 5819 673 5869 sortem
730 5813 980 5885 recepit;
1038 5823 1096 5870 et
1153 5814 1297 5872 ﬁlius
1352 5814 1576 5870 Enacim
1641 5813 1768 5868 inde

176 5904 356 5971 ejeeit.

1792 4664 1847 4724 D

1872 4720 2049 4766 sortes
2090 4726 2238 4775 suas,
2279 4710 2442 4764 .losue
2473 4709 2766 4776 dividente,
2817 4718 3162 4779 acceperunt.
3210 4709 3266 4764 lu
3296 4709 3455 4780 hujus

1872 4818 2003 4873 ergo
2031 4801 2289 4870 temporis
2317 4801 2604 4856 medietate
2632 4800 2794 4857 Sobal
2816 4801 2999 4857 dicunt
3019 4816 3140 4857 esse
3163 4810 3450 4863 mortuum,

1870 4902 1929 4950 et
1975 4894 2047 4947 ita
2098 4892 2381 4947 dimidium
2422 4892 2816 4961 requietionum
2860 4893 3074 4957 vidisse,
3117 4893 3221 4947 hoc
3258 4900 3343 4946 est
3385 4891 3453 4945 ad

1874 4989 2221 5045 medietatem
2262 4990 2406 5045 illius
2446 4991 2703 5060 temporis
2728 4991 3061 5060 pervenisse.
3096 4986 3318 5058 Mystice
3353 5001 3451 5039 au-

1875 5091 1986 5138 tem
2022 5082 2183 5138 Sobal
2218 5084 2340 5149 iste,
2374 5084 2464 5153 qui
2500 5070 2891 5153 interpretatur
2922 5100 3055 5138 uana
3090 5089 3337 5142 uetustas,
3371 5077 3455 5133 vel

1875 5184 2039 5230 vestes
2060 5174 2134 5228 ad
2162 5164 2499 5246 portandum,
2526 5173 2741 5230 Judzeos
2770 5172 3059 5245 signiﬁcat,
3099 5171 3191 5241 qui
3221 5170 3455 5239 antiqui-

1871 5276 1967 5322 tus
1993 5267 2210 5322 nomine
2238 5268 2493 5337 pepulum
2536 5267 2932 5330 vocitabautur,
2974 5273 3031 5319 et
3068 5264 3226 5333 primi
3276 5262 3453 5332 legem

1872 5359 2069 5415 littera
2108 5360 2305 5414 tabulis
2340 5359 2564 5430 lapideis
2589 5358 2955 5427 conscriptam
2987 5358 3055 5413 ab
3084 5355 3203 5429 ipso
3233 5369 3455 5424 accepe-

1873 5461 2022 5509 runt.
2052 5452 2118 5507 lli
2145 5453 2310 5508 etiam
2346 5453 2511 5508 libros
2545 5451 2682 5522 legis
2714 5458 2773 5505 et
2810 5449 3199 5521 prophetam
3226 5447 3455 5503 volumi-

1872 5546 2035 5602 nibus
2061 5548 2399 5615 conscriptos
2421 5544 2686 5609 ferebant,
2714 5544 2810 5599 sed
2846 5542 3162 5614 mysterium
3201 5541 3453 5597 incarn-

1870 5638 2039 5693 tionis
2073 5637 2303 5703 Christi,
2349 5637 2495 5706 quod
2519 5636 2574 5690 in
2615 5636 2697 5692 eis
2735 5636 3048 5702 resonabat,
3097 5634 3244 5691 nullo
3288 5632 3452 5687 nscio

1873 5730 2174 5800 intelligam
2217 5729 2491 5784 valebant.
2541 5728 2696 5785 Unde
2732 5729 3013 5786 dimidium
3052 5724 3449 5797 reguiotionam

1874 5820 2147 5886 videatut,
2177 5819 2303 5889 quia
2332 5819 2612 5875 historiam
2640 5819 3014 5877 tanmmmodo
3046 5819 3313 5890 legerunt,
3352 5811 3457 5868 sed

1874 5909 2188 5982 mysterium
2209 5910 2379 5984 ipsius
2396 5926 2691 5984 agnoscere
2709 5930 2815 5969 non
2838 5920 3169 5968 meruerunt.
3192 5907 3286 5964 Ille
3306 5904 3457 5974 enim
