3958 6474
496 388 606 448 205
703 399 714 411 ’

1168 375 1230 431 Β.
1272 369 1529 431 RABANI
1561 366 1784 425 MAURI
1817 361 2139 421 ARCHIEP.
2179 352 2490 415 MOGUNT.
2530 348 2817 410 OPERUM
2852 343 3034 403 PARS
3066 342 3114 400 1.

3657 333 3784 392 296

500 488 782 557 dimidium
824 490 1216 560 requietionum
1262 485 1431 551 videt,
1477 483 1568 552 qui
1610 480 1895 537 sabbatum
1936 476 2071 547 legis
2099 473 2152 536 Α
2173 472 2439 526 exsiccans
2482 466 2588 523 dici
2628 469 2806 535 potest
2849 472 3016 560 quam
3063 454 3208 512 idem
3248 450 3534 560 Media‘tor.
3558 447 3669 506 Dei
3727 456 3795 504 et

501 585 794 647 carnaliter
819 588 987 637 tenet.
1017 578 1122 634 Sed
1154 577 1242 631 ille
1268 576 1661 647 plenitudinem
1686 570 2082 641 requietionum

502 697 560 737 se
587 676 863 750 possidere
889 672 1107 745 gaudet,
1132 670 1224 741 qui
1250 677 1372 739 post
1393 670 1656 724 bonorum
1685 652 1910 735 operum
1935 662 2085 717 labo-

501 787 618 828 rem
639 776 854 824 aeternae
875 762 1228 820 beatitudinis
1257 760 1567 816 mercedem
1599 760 1655 813 in
1681 756 1889 813 coelesti
1916 769 2085 826 regno

503 860 788 933 percipiet.
821 857 976 913 Unde
1005 853 1206 909 Paulus
1247 851 1524 922 apostolus
1572 849 1814 905 scribens
1861 847 1930 901 ad
1976 843 2085 899 He-

500 952 676 1007 braeos
693 949 761 1003 ab
777 947 865 1001 illa
882 945 1228 1013 antiquorum
1244 942 1452 1012 requie,
1477 940 1788 996 introducto
1815 935 2087 993 versiculo

502 1037 915 1109 Psalmographi
953 1033 1150 1106 (Hodie
1179 1034 1225 1087 si
1251 1048 1425 1087 vocem
1456 1031 1570 1100 ejus
1598 1028 1894 1092 audieritis,
1928 1025 2087 1080 nolite

504 1134 765 1190 obdurare
790 1131 951 1186 corda
977 1138 1146 1185 vestra
1178 1125 1350 1182 lPsal.
1383 1123 1600 1197 χειή),
1624 1123 1764 1178 hanc
1786 1119 2087 1192 spiritalem

504 1226 768 1296 requiem,
820 1237 983 1292 quam
1027 1221 1297 1276 credimus
1340 1221 1394 1273 in
1433 1216 1652 1273 Christo
1676 1230 1772 1270 vos
1798 1220 2086 1284 perceptu-

507 1332 619 1382 ros,
668 1315 939 1381 secernit,
990 1312 1220 1369 dicens:
1254 1310 1395 1365 Nam
1448 1310 1493 1363 si
1536 1308 1612 1361 eis
1657 1305 1814 1360 Iesus
1864 1303 2090 1375 requiem

507 1412 857 1484 prwstitisset,
905 1423 1174 1479 nunquam
1219 1406 1284 1459 de
1314 1404 1421 1459 alia
1465 1402 1785 1475 loqueretur,
1828 1407 1946 1468 post
1991 1396 2091 1449 hac

507 1502 611 1555 die.
653 1500 843 1571 Itaque
877 1497 1191 1567 relinquitur
1224 1494 1573 1549 sabbatismus
1616 1488 1797 1561 populi
1831 1487 1952 1542 Dei.
1988 1484 2092 1549 Qui

506 1592 645 1648 enim
667 1592 932 1662 ingressus
954 1596 1026 1643 est
1046 1589 1102 1641 in
1124 1588 1353 1659 requiem
1374 1585 1511 1655 ejus,
1550 1592 1598 1636 et
1616 1583 1724 1652 ipse
1744 1577 1991 1649 requievit
2027 1574 2091 1628 ab

510 1682 753 1752 operibus
809 1682 920 1736 suis
965 1680 1156 1734 sicuta
1195 1677 1303 1732 suis
1335 1676 1476 1729 Deus
1524 1672 1713 1745 (Hebr.
1771 1670 1869 1742 tv).
1929 1667 2095 1722 Aliter

2181 562 2487 625 hominum,
2514 557 2609 629 qui
2633 572 2732 626 per
2751 550 3103 623 Evangelium
3128 561 3285 603 suum
3310 553 3365 600 et
3390 543 3638 616 Spiritus
3659 558 3798 597 san-

2181 656 2257 709 cti
2301 652 2531 723 gratiam
2569 648 2774 703 ﬂuxum
2803 642 3104 701 carnalium
3131 640 3487 711 cupiditatum
3517 638 3573 692 in
3604 636 3797 692 ﬁdeli—

2180 746 2285 802 bus
2310 761 2422 801 SlllS
2450 740 2751 799 exsiccavit
2788 745 2952 809 atque
2991 733 3283 790 restinxit?
3328 730 3496 799 Cujus
3542 745 3655 799 Ope
3705 728 3799 782 in-

2186 837 2373 909 spirati
2416 843 2544 891 sunt
2581 833 2880 905 prophetae,
2922 827 3101 885 edocti
3127 833 3254 883 sunt
3276 822 3533 897 apostoli,
3575 820 3799 877 eruditi

2186 939 2314 985 sunt
2354 926 2726 999 evangelistae,
2756 930 2813 978 et
2838 936 3030 978 omnes
3069 918 3161 989 qui
3201 915 3404 986 aliquid
3437 913 3507 970 de
3537 914 3661 968 Deo
3688 912 3801 966 rite

2187 1013 2455 1097 sentiunt,
2510 1029 2676 1088 atque
2719 1016 3014 1073 salubriter
3060 1012 3309 1085 proferre
3357 1015 3618 1079 possunt,
3672 1007 3799 1077 ejus

2188 1112 2500 1171 scholastici
2551 1110 2829 1166 dicuntur.
2874 1106 3065 1172 Cinaei,
3114 1106 3219 1161 hoc
3248 1111 3354 1167 est,
3385 1100 3656 1168 possessio
3680 1099 3801 1152 sive

2187 1205 2532 1278 possidentes,
2567 1215 2758 1256 omnes
2786 1198 3041 1254 videlicet
3086 1194 3268 1259 electi,
3304 1192 3397 1262 qui
3427 1189 3568 1245 'sunt
3598 1189 3657 1243 in
3696 1188 3804 1243 Ec-

2189 1296 2359 1352 clesia
2406 1292 2676 1349 catholica
2723 1305 2823 1360 per
2874 1297 3046 1343 totum
3100 1287 3289 1341 orbem
3335 1281 3553 1346 diffusa,
3588 1281 3662 1335 de
3692 1296 3803 1350 qua

2192 1388 2306 1458 ipse
2337 1385 2599 1442 Dominus
2628 1398 2727 1453 per
2750 1380 2948 1436 Isaiam
2976 1378 3299 1450 prophetam
3330 1375 3407 1430 ait
3434 1393 3446 1427 :
3480 1372 3803 1428 Hrereditas

2192 1496 2307 1535 mea
2337 1477 2509 1533 Israel
2550 1475 2707 1548 (lsai.
2755 1472 2892 1544 xix).
2936 1471 3004 1526 Et
3035 1470 3103 1525 ad
3137 1483 3300 1539 quem
3343 1467 3484 1521 alius
3519 1465 3803 1535 propheta

2192 1589 2262 1629 ex
2287 1585 2519 1644 persona
2549 1568 2721 1638 ipsius
2751 1564 3007 1620 Ecclesiae
3037 1562 3113 1616 ait
3138 1602 3150 1615 .
3181 1559 3321 1614 Pars
3352 1574 3471 1612 mea
3500 1556 3801 1619 Dominus,

2194 1664 2330 1719 dixit
2369 1664 2549 1717 animo
2576 1676 2692 1715 mea
2724 1656 2941 1731 (Thren.
2974 1653 3082 1727 ιιι).
3114 1654 3183 1709 Et
3210 1651 3502 1708 Psalmista
3532 1668 3547 1703 :
3580 1645 3803 1706 Poma.

506 1740 792 1826 dimidium
850 1770 1244 1841 requietionum
1294 1766 1459 1829 videt,
1516 1740 1607 1832 qui
1650 1769 1767 1832 post
1810 1740 2094 1831 praesentis
2197 1756 2394 1826 inquit,
2438 1770 2592 1819 mea,
2634 1750 2880 1813 Domine,
2928 1747 3064 1812 dixi,
3120 1743 3385 1799 custodire
3431 1740 3605 1811 legem
3651 1749 3804 1790 tum

507 1864 633 1918 vitae
681 1829 945 1919 laborem.
975 1859 1349 1916 tantummodo
1385 1857 1441 1912 in
1476 1829 1666 1910 anima
1697 1829 1936 1923 quietem
1972 1865 2093 1906 sen-
2120 1839 2169 1899 B
2198 1845 2375 1919 (Psal.
2405 1842 2620 1915 cxvtn).
2649 1841 2899 1898 Possidet
2924 1839 3123 1908 quippe
3166 1834 3257 1891 ille
3306 1833 3640 1897 Ecclesiam,
3672 1829 3804 1899 quia

508 1956 628 2010 tiet.
675 1954 831 2010 Tunc
856 1961 1036 2009 autem
1076 1950 1463 2022 perfectionem
1512 1946 1907 2018 requietionum
1958 1957 2086 1997 con-

509 2047 823 2118 templatur,
848 2045 1064 2116 quando
1089 2042 1333 2113 corporis
1352 2038 1755 2107 incorruptione
1784 2034 1945 2090 simul
1968 2048 2094 2089 cum

508 2139 703 2194 animae
733 2136 1144 2192 immortalitate
1177 2142 1394 2188 aeterna:
1418 2131 1543 2185 vitae
1570 2128 1901 2200 perfruetur.
1943 2124 2096 2179 Nunc

510 2231 658 2286 enim
685 2238 812 2285 ante
832 2229 976 2286 diem
999 2226 1206 2299 judicii,
1243 2226 1536 2281 secundum
1566 2222 1849 2278 scientiam
1875 2218 2098 2273 Joannis

507 2323 749 2392 Apostoli
780 2323 964 2393 (Apoc.
998 2320 1098 2394 vr),
1137 2319 1330 2374 anima:
1367 2324 1677 2372 sanctorum
1719 2312 1958 2383 singulas
1990 2319 2101 2365 sto-

508 2414 590 2469 las
620 2414 920 2484 accipiunt,
957 2422 1086 2468 tunc
1128 2420 1310 2466 autem
1348 2409 1492 2465 binis
1532 2407 1685 2463 stolis
1724 2420 1912 2460 omnes
1943 2402 2101 2458 electi

511 2506 611 2561 Dei
637 2507 1067 2570 honorabuntur,
1108 2504 1199 2574 qui
1227 2511 1339 2557 tam
1367 2501 1569 2564 anima,
1603 2514 1765 2569 quam
1795 2498 1955 2551 etiam
1984 2510 2103 2551 cor-

513 2613 645 2670 pore
663 2597 892 2669 permcti
921 2596 976 2651 in
1003 2604 1207 2652 aeterna
1230 2593 1326 2649 Dei
1356 2591 1813 2662 contemplatione
1852 2589 1971 2644 sine
1996 2586 2102 2641 ﬁne

514 2689 753 2761 gaudere
780 2696 1077 2742 merentur.

590 2778 722 2834 Filii
754 2777 935 2834 Salma
958 2776 1255 2832 Bethlehem
1280 2784 1328 2830 et
1359 2775 1658 2847 Netophati,
1684 2787 1890 2827 corona:
1915 2770 2102 2825 domus

512 2868 650 2926 Joab
694 2879 741 2925 et
795 2870 1073 2924 dimidium
1124 2868 1458 2941 requietionis
1503 2864 1680 2920 Sarai.
1740 2863 1862 2919 Filii
1920 2862 2106 2931 itaque

516 2964 723 3032 Saluta,
754 2965 850 3020 ﬁlii
876 2963 1012 3032 Hur,
1049 2962 1271 3019 fuerunt
1292 2971 1347 3019 et
1370 2961 1674 3033 Netopbati.
1716 2961 1793 3017 De
1822 2960 2017 3030 quibus
2048 2957 2104 3012 in

515 3056 829 3128 Regnorum
854 3055 1014 3122 libro,
1052 3056 1146 3111 ubi
1175 3063 1457 3111 enumerat
1482 3054 1649 3109 fortes
1668 3053 1814 3107 viros
1837 3051 1929 3121 qui
1956 3050 2107 3121 adju-

513 3155 712 3203 verunt
734 3147 924 3214 David,
965 3154 1027 3202 ut
1066 3155 1319 3217 regnaret
1342 3160 1504 3215 super
1525 3143 1712 3210 Israel,
1740 3143 1816 3197 ita
1841 3141 2104 3211 scriptum

517 3248 603 3296 est
627 3258 640 3294 :
665 3240 841 3307 Asael,
883 3239 1048 3310 frater
1084 3238 1243 3306 Joab,
1286 3245 1398 3292 erat
1436 3238 1573 3291 inter
1596 3235 1815 3305 triginta
1839 3244 1885 3287 et
1909 3231 2106 3286 Eleha-

520 3348 650 3398 nan,
678 3331 822 3403 ﬁlius
847 3332 1024 3403 patrui
1048 3330 1165 3401 ejus
1196 3331 1261 3384 de
1282 3327 1605 3384 Bethlehem.
1646 3327 1716 3382 Et
1750 3326 1911 3396 paulo
1936 3331 2059 3395 post
2089 3340 2102 3377 :

525 3421 718 3489 Heled,
740 3422 885 3492 ﬁlius
914 3422 1101 3477 Baana
1127 3421 1491 3492 Netophatites
1515 3418 1567 3492 (Ι
1574 3419 1602 3473 1
1630 3417 1761 3489 Reg.
1786 3416 1970 3489 xxm).
2004 3414 2109 3482 Qui

522 3512 727 3568 idcirco
754 3513 1068 3568 scribuntur
1093 3524 1310 3566 coronae
1336 3525 1457 3565 esse
1482 3509 1675 3563 domus
1698 3506 1853 3572 loab,
1884 3512 2110 3575 propter

519 3603 859 3669 societatem,
889 3618 996 3673 qua
1037 3610 1226 3656 mutuo
1267 3602 1323 3655 in
1369 3598 1567 3670 praeliis
1610 3598 1921 3652 utebantur.
1957 3593 2112 3661 Quod

525 3704 707 3751 autem
755 3694 1003 3753 subditur
1045 3694 1111 3749 de
1158 3692 1472 3749 Bethlehem
1518 3700 1574 3755 et
1616 3688 1927 3760 Netophati,
1968 3683 2112 3756 quod

520 3786 743 3843 fuerunt
793 3786 1075 3842 dimidium
1110 3784 1468 3855 requietionis
1510 3782 1686 3847 Sarai,
1726 3780 1996 3851 signiﬁcat
2019 3794 2114 3834 eos

520 3878 579 3935 in
602 3880 720 3935 loco
742 3880 834 3950 qui
860 3880 1061 3935 dicitur
1082 3878 1389 3950 sepulcrum
1415 3876 1593 3942 Sarai,
1616 3875 1990 3947 possessiones
2008 3873 2108 3927 ha-

522 3973 675 4029 bere.
706 3973 784 4029 De
809 3988 918 4043 quo
947 3972 1065 4028 loco
1097 3987 1261 4043 supra
1312 3979 1795 4027 commemoratum
1833 3976 1946 4035 est,
1986 3968 2113 4038 quia

521 4060 751 4118 Saraita:
777 4070 835 4117 et
859 4062 1173 4119 Esthaolitae
1215 4062 1436 4118 nomina
1478 4061 1719 4116 locorum
1761 4059 1939 4115 sortiti
1965 4064 2111 4113 sunt.

600 4153 948 4225 Cognationes
978 4172 1180 4227 quoque
1211 4154 1505 4210 scribarum
1533 4152 1892 4206 habitantium
1928 4148 2113 4215 labes,

527 4257 774 4301 canentes
802 4255 956 4318 atque
989 4258 1309 4311 resonantes,
1345 4254 1392 4300 et
1420 4245 1477 4298 in
1501 4240 1858 4298 tabernaculis
1883 4255 2115 4295 commo-

527 4346 724 4391 rantes.
761 4336 831 4391 Hi
870 4348 990 4392 sunt
1026 4337 1212 4403 Cinwi,
1242 4338 1332 4409 qui
1374 4345 1621 4391 venerunt
1649 4335 1714 4389 de
1740 4333 1917 4389 calore
1946 4333 2115 4403 patris

529 4432 715 4485 domus
754 4429 980 4486 Rechab.
1016 4429 1201 4497 labes,
1233 4429 1405 4485 ﬁlium
1444 4428 1682 4495 Zobeda,
1714 4428 1781 4482 de
1807 4442 1916 4497 quo
1947 4427 2001 4481 in
2033 4440 2117 4481 se-

526 4523 820 4591 quentibus
860 4520 1142 4592 Scriptura
1188 4521 1377 4586 refert,
1411 4520 1633 4575 tradunt
1672 4518 1889 4574 Hebraei
1930 4517 2117 4573 docto-

528 4628 646 4667 rem
670 4628 792 4669 esse
826 4612 960 4685 legis
986 4613 1081 4668 Dei
1107 4612 1516 4683 peritissimum,
1550 4612 1607 4665 in
1636 4610 1792 4680 cujus
1820 4618 2112 4679 conspectu

528 4704 793 4759 sedebant
832 4704 926 4758 lilii
964 4704 1154 4767 Cinaei,
1208 4702 1301 4772 qui
1332 4711 1387 4756 et
1429 4700 1582 4757 Obab
1629 4700 1846 4765 dicitur,
1898 4701 2115 4770 cognati

529 4793 721 4867 Moysi.
771 4794 839 4850 Hi
885 4811 1016 4867 ergo
1056 4796 1113 4849 in
1153 4794 1291 4849 libro
1337 4793 1522 4848 scriba:
1561 4801 1845 4859 vocantur,
1888 4792 2116 4863 ideoque

533 4894 777 4939 canentes
821 4894 869 4938 et
919 4893 1220 4938 resonantes
1256 4884 1587 4950 scribuntur,
1629 4883 1758 4954 quia
1797 4883 2014 4940 assidue
2058 4886 2117 4940 in

530 4974 651 5046 lege
682 4975 798 5041 Dei,
842 4982 898 5030 et
935 4975 989 5029 in
1031 4976 1422 5045 prophetarum
1463 4975 1693 5032 lectione
1733 4978 2113 5033 versabantur.

531 5065 597 5123 ln
625 5066 989 5123 tabernaculis
1018 5082 1113 5124 eos
1139 5083 1614 5135 commemorasse,
1646 5076 1700 5125 et
1721 5069 1928 5141 Regum
1957 5071 2124 5127 histo-

535 5156 619 5211 ria
647 5165 852 5211 narrat.
888 5157 983 5214 lsti
1008 5159 1075 5214 de
1105 5160 1285 5215 calore
1322 5161 1496 5230 patris
1537 5161 1729 5215 domus
1770 5160 1993 5216 Rechab
2029 5176 2124 5217 ve-

535 5245 682 5300 nisse
730 5246 1006 5316 dicuntur,
1052 5251 1178 5319 quia
1216 5252 1283 5305 de
1331 5252 1499 5322 stirpe
1533 5252 1752 5308 Rechab
1784 5251 2008 5308 fuerunt
2031 5268 2123 5325 ge-

533 5339 668 5407 niti;
716 5342 782 5397 de
817 5344 1015 5415 quibus
1040 5354 1097 5402 et
1128 5344 1393 5403 leremias
1430 5349 1689 5419 propheta
1737 5350 1792 5404 in
1830 5349 1972 5405 libro
2023 5365 2124 5406 suo

536 5439 746 5487 narrat.
770 5432 992 5507 Mystice
1016 5446 1197 5494 autem
1219 5436 1382 5496 labes
1402 5440 1505 5496 iste
1532 5441 1788 5512 magister
1816 5440 2123 5497 scribarum

538 5531 703 5594 atque
723 5536 1004 5585 cantorum
1020 5546 1183 5601 quem
1201 5533 1395 5590 melius
1420 5533 1731 5605 signiﬁcare
1756 5541 1936 5605 potest
1959 5550 2122 5604 quam

538 5614 958 5689 Redemptorem
986 5630 1251 5691 nostrum,
1288 5624 1379 5695 qui
1411 5634 1496 5681 est
1522 5640 1687 5680 verus
1713 5625 1973 5697 magister
1999 5643 2122 5682 san-

539 5713 751 5763 ctorum
796 5713 1099 5781 doctorum,
1151 5724 1208 5771 et
1244 5715 1347 5770 rite
1392 5715 1504 5772 Deo
1541 5715 1730 5772 laudes
1774 5718 2123 5774 canentium?

538 5796 935 5872 Interpretatur
960 5815 1141 5862 autem
1168 5804 1330 5863 labes
1362 5808 1654 5863 excit-cans.
1683 5806 1754 5863 Et
1781 5807 1904 5878 quis
1923 5809 2121 5868 melius

2139 4567 2193 4628 D

2197 1938 2315 2009 ejus
2354 1952 2554 2010 sponsa
2596 1945 2654 1991 et
2696 1931 2987 1991 haereditas
3031 1938 3146 1996 est;
3193 1927 3506 1999 possidetur
3543 1924 3620 1977 ab
3660 1922 3802 1991 ipsa,

2200 2031 2329 2102 quia
2371 2028 2490 2098 ejus
2538 2026 2722 2081 futura
2759 2024 2817 2078 in
2869 2022 3022 2078 caelis
3062 2028 3372 2075 sanctorum
3424 2014 3809 2070 remuneratio

2200 2123 2307 2178 erit
2332 2127 2615 2194 perpetua.
2656 2117 2747 2173 Isti
2773 2129 2990 2187 quoque
3021 2113 3232 2168 venisse
3253 2111 3509 2165 dicuntur
3528 2107 3603 2162 de
3625 2105 3811 2161 calore

2202 2216 2397 2270 domus
2430 2213 2607 2284 patris
2644 2210 2887 2266 Rechab.
2949 2199 3156 2261 Rechab
3205 2204 3350 2259 enim
3402 2204 3809 2272 interpretatur

2200 2307 2487 2379 quadriga,
2544 2305 2660 2359 sive
2705 2299 3065 2366 ascendentes,
3114 2297 3240 2368 quia
3268 2295 3493 2351 aPatre
3535 2294 3809 2349 luminum

2203 2399 2380 2470 gratia
2410 2395 2647 2467 Spiritus
2674 2392 2848 2449 sancti
2884 2390 3147 2445 ﬂammati
3192 2398 3355 2459 atque
3397 2384 3691 2450 illustrati,
3720 2398 3812 2455 per

2206 2491 2526 2562 quadrigam
2570 2489 2833 2543 virtutum
2874 2486 2929 2540 in
2969 2484 3138 2540 cmlos
3187 2481 3482 2537 ascendere
3530 2479 3811 2542 nituntur,

2208 2592 2476 2655 quatenus
2520 2581 2595 2636 ibi
2632 2581 2903 2636 adunetur
2946 2576 3113 2647 capiti
3159 2589 3277 2637 suo,
3332 2572 3488 2642 cujus
3539 2567 3813 2639 sanguine

2207 2692 2266 2733 se
2292 2676 2599 2746 redemptos
2624 2687 2749 2729 esse
2776 2676 3096 2742 agnoscunt.
3124 2666 3280 2724 Unde
3305 2665 3425 2736 ipsa
3452 2663 3680 2719 Veritas
3707 2661 3810 2715 ait:

2210 2767 2379 2823 Nemo
2408 2767 2540 2822 venit
2567 2766 2636 2820 ad
2663 2781 2765 2832 me,
2805 2765 2907 2818 nisi
2947 2762 3111 2817 Pater
3155 2774 3323 2825 meus,
3362 2755 3454 2828 qui
3500 2754 3659 2807 misit
3708 2768 3809 2818 nte,

2208 2862 2433 2918 traxerit
2471 2876 2591 2914 eum
2634 2858 2817 2931 (loan.
2852 2856 2951 2929 v1).
2980 2855 3049 2911 Et
3076 2851 3367 2924 Apostolus
3401 2868 3415 2904 :
3452 2848 3813 2918 Quicunque,

2209 2954 2403 3024 inquit,
2435 2952 2639 3023 Spiritu
2674 2950 2772 3005 Dei
2804 2958 3056 3021 aguntur,
3104 2946 3159 3000 hi
3185 2944 3287 3016 ﬁlii
3322 2950 3445 2999 sunt
3487 2939 3589 2995 Dei
3622 2937 3812 3011 (Rom.

2208 3050 2349 3121 Vill).
2376 3049 2531 3116 Quod
2552 3056 2733 3103 autem
2754 3046 2905 3112 dicit,
2934 3044 3144 3100 Cinaeos
3170 3042 3227 3097 in
3258 3037 3634 3097 tabernaculis
3662 3051 3815 3092 com-

2215 3149 2545 3197 memoratos
2590 3153 2733 3206 esse,
2780 3136 3050 3207 signiﬁcat
3093 3134 3281 3190 ﬁdeles
3330 3145 3575 3202 quosque
3616 3128 3684 3184 in
3717 3129 3816 3183 hac

2209 3233 2646 3307 peregrinatione
2670 3230 2957 3303 praesentis
2977 3230 3126 3294 vitae,
3149 3226 3307 3299 quasi
3330 3224 3386 3279 in
3411 3221 3812 3284 tabernaculis,

2210 3343 2473 3393 manere;
2506 3335 2564 3381 at
2589 3327 2634 3382 si
2663 3340 2904 3397 przesens
2927 3323 3039 3377 vita
3071 3321 3227 3375 ﬁnita
3274 3317 3457 3382 fuerit,
3501 3324 3638 3370 tunc
3687 3328 3817 3383 gauo

2210 3423 2415 3479 debunt
2447 3437 2506 3477 se
2532 3421 2691 3493 plene
2716 3420 2773 3475 in
2816 3416 3029 3474 caelesti
3072 3413 3383 3487 percepisse
3420 3407 3624 3481 patria,
3673 3404 3816 3477 quod

2212 3516 2386 3571 instar
2435 3529 2495 3570 se
2539 3512 2910 3569 meminerunt
2961 3510 3017 3564 in
3064 3504 3505 3579 peregrinatione
3564 3498 3819 3556 terrestri

2214 3607 2493 3679 quaesisse.

2836 3691 3067 3752 CAPUT
3102 3691 3191 3748 111.

2212 3813 2305 3869 De
2335 3813 2504 3868 David
2547 3828 2665 3884 rege
2705 3825 2754 3870 et
2785 3824 2912 3884 _sua
2957 3806 3211 3884 progenie
3242 3819 3334 3875 per
3378 3815 3586 3884 regum.
3607 3813 3821 3884 suras:

2287 3888 2457 3940 siones
2505 3869 2670 3955 usque
2724 3869 2795 3935 ad
2847 3869 3366 3947 transmigratio'nem
3414 3869 3718 3939 Babylonis
3772 3876 3819 3921 et

2285 3955 2447 4011 ultra.

2291 4067 2333 4138 (l
2363 4067 2498 4121 Pan.
2530 4064 2638 4135 ιιι.)
2680 4063 2853 4120 David
2897 4077 3018 4117 vero
3064 4060 3160 4115 hos
3207 4057 3391 4112 habuit
3432 4056 3599 4126 ﬁlios,
3647 4055 3749 4126 qui
3775 4055 3820 4109 ei

2216 4159 2328 4215 nati
2361 4168 2481 4213 sunt
2530 4159 2587 4212 in
2623 4156 2839 4211 Hebron
2860 4169 2878 4209 .'
2901 4152 3309 4226 primogenitum
3338 4150 3550 4204 Amnon
3571 4165 3640 4203 ea:
3659 4150 3823 4202 Achi-

2215 4268 2372 4306 noam
2403 4248 2801 4316 Jezrahelitide,
2829 4254 2885 4302 et
2910 4245 3065 4316 reliq.
3097 4243 3253 4301 Nunc
3280 4240 3423 4297 redit
3443 4241 3511 4295 ad
3536 4239 3821 4311 explican-

2214 4342 2341 4398 dam
2366 4341 2702 4413 progeniem,
2730 4354 2894 4409 quam
2928 4346 3053 4392 ante
3083 4332 3308 4399 dimisit,
3334 4332 3551 4402 quando
3574 4331 3819 4387 sobolem

2216 4432 2374 4502 Ram,
2405 4432 2501 4487 ﬁlii
2530 4431 2763 4496 Hesron,
2798 4428 2893 4483 lilii
2919 4428 3147 4492 Phares,
3187 4424 3281 4479 ﬁlii
3318 4421 3482 4488 luda,
3524 4436 3819 4477 enumera-

2219 4527 2329 4592 vit;
2355 4534 2412 4581 et
2437 4523 2688 4595 pervenit
2714 4536 2885 4591 usque
2913 4520 2982 4574 ad
3007 4518 3135 4584 lsai,
3167 4526 3224 4572 et
3253 4517 3370 4587 ejus
3397 4514 3538 4570 ﬁlios
3569 4522 3818 4585 septem,

2226 4633 2459 4688 quorum
2509 4615 2836 4671 novissimus
2885 4611 2989 4667 fuit
3036 4610 3227 4674 David,
3271 4608 3365 4679 qui
3392 4605 3819 4677 primogenitum

2231 4710 2424 4766 habuit
2464 4708 2679 4763 Amnon
2707 4723 2776 4762 ex
2794 4705 3095 4761 Achinoam
3121 4699 3521 4758 lezrahelitide.
3566 4695 3822 4753 lezrahel

2232 4802 2377 4858 enim
2425 4802 2578 4857 locus
2624 4808 2729 4866 est,
2786 4799 2843 4853 in
2892 4811 3001 4868 quo
3049 4792 3330 4851 habitabat
3379 4788 3619 4856 Nabotb,
3654 4803 3820 4860 quem

2224 4893 2477 4948 occidere
2496 4892 2662 4961 jussit
2705 4889 2872 4960 impia
2912 4885 3155 4952 lezabel,
3187 4898 3326 4940 uxor
3350 4881 3538 4938 Achab
3560 4882 3711 4953 regis
3744 4880 3819 4935 ls-

2224 4986 2339 5041 rael
2368 4984 2486 5057 (III
2517 4983 2646 5055 Reg.
2679 4983 2818 5053 xxx).

2298 5076 2599 5133 Secundum
2629 5072 2820 5130 Daniel
2842 5073 2907 5127 de
2933 5067 3143 5142 Abigail
3173 5065 3533 5132 Carmelitide,
3564 5080 3691 5134 quae
3718 5063 3821 5117 fuit

2226 5181 2363 5222 uxor
2385 5165 2556 5220 Nabal
2583 5164 2839 5247 Cgrmeli.
2880 5163 3034 5218 Hunc
3065 5161 3212 5216 enim
3240 5159 3428 5214 Daniel
3454 5158 3510 5213 in
3544 5157 3687 5212 libro
3712 5156 3820 5212 Re-

2225 5273 2353 5330 gum
2383 5256 2620 5329 appellat
2655 5255 2894 5312 Cheleab
2928 5252 3017 5327 (II
3049 5251 3180 5323 Reg.
3210 5250 3316 5324 ιιι),
3351 5250 3445 5320 qui
3485 5249 3819 5321 interpreta-

2226 5358 2316 5405 tur
2344 5350 2597 5421 judicans
2629 5357 2852 5419 patrem.
2883 5346 3055 5415 Quem
3087 5344 3299 5401 llebraei
3334 5344 3460 5399 ideo
3497 5343 3577 5398 ita
3606 5356 3818 5397 nuncu-

2226 5449 2414 5515 patum
2454 5448 2757 5507 autumant,
2787 5455 2855 5497 eo
2879 5440 3025 5511 quod
3050 5440 3359 5509 disceptans
3385 5452 3512 5493 cum
3550 5435 3819 5507 Miphibo-

2227 5536 2350 5591 seth
2372 5534 2439 5589 de
2468 5533 2859 5603 quaestionibus
2894 5531 3030 5603 legis
3074 5532 3250 5586 victor
3292 5536 3603 5599 appareret,
3632 5539 3691 5583 et
3721 5541 3817 5597 pr

2226 5634 2366 5681 trem
2396 5625 2451 5679 in
2474 5640 2541 5681 eo
2567 5624 2758 5680 ulcisci
2780 5623 3084 5689 videbatur,
3107 5638 3177 5678 ne
3198 5622 3519 5678 irrideretur
3542 5622 3600 5676 iu
3629 5620 3816 5691 dispu-

2226 5720 2391 5775 tando
2415 5719 2484 5774 ab
2512 5717 2731 5774 homine
2755 5715 2918 5771 debili
2946 5718 3029 5770 vir
3049 5714 3353 5771 bellicosus.

2302 5811 2507 5867 Tertius
2531 5810 2675 5880 ﬁlius
2709 5808 2881 5865 David
2908 5809 3010 5879 fuit
3047 5807 3315 5875 Absalom,
3352 5824 3503 5879 quem
3532 5805 3723 5862 habuit
3745 5802 3811 5859 ds
