3958 6472
134 443 241 502 297

1052 440 1404 498 counmrr.
1441 441 1518 525 IN_
1547 437 2099 497 PABALIPOMENA.
2135 466 2207 478 --
2242 435 2372 493 LIB.
2401 437 2446 491 ι.

3289 431 3397 488 298

138 554 365 610 Maaclta
393 553 508 621 ﬁlia
540 551 814 606 lelomai
852 553 986 622 regis
1027 550 1244 616 Gessur,
1277 559 1522 622 quartum
1572 549 1716 604 Ado-
1740 552 1794 611 Α
1819 548 1912 602 vid
1949 547 2063 603 nati
2097 554 2223 602 sunt
2265 545 2505 611 Hebron,
2544 545 2636 601 ubi
2695 545 2944 616 regnavit
2996 552 3203 614 septem
3239 543 3398 599 annis

138 647 279 700 niam
293 643 463 714 ﬁlium
491 643 709 714 Aggitlt;
731 644 970 716 quintum
983 641 1291 712 Saphatiam
1310 643 1480 711 ﬁlium
1495 641 1669 696 Abital
1689 685 1705 708 ,

133 749 337 794 sextum
359 753 561 808 quoque
589 735 922 803 Jethraltam,
953 753 1105 806 quem
1134 737 1308 808 genuit
1339 738 1386 790 ei
1412 735 1548 806 Egla
1573 751 1711 789 uxor

134 849 230 886 sua
260 828 345 900 (II
370 828 500 899 Reg.
523 829 630 900 ιιι).
655 828 944 896 Quaeritur,
995 846 1119 886 cum
1152 829 1282 886 aliae
1313 844 1512 885 uxores
1540 829 1710 885 David

135 935 296 992 supra
322 927 521 975 notata:
542 921 668 985 sint,
693 931 749 976 et
772 937 880 978 non
904 921 1155 978 dicantur
1175 935 1374 977 uxores
1396 921 1586 988 David,
1612 935 1710 976 cur

134 1013 220 1068 hic
264 1011 375 1068 sola
414 1012 544 1084 Egla
583 1027 721 1068 uxor
761 1014 972 1068 dicatur
1007 1008 1212 1069 David?
1249 1013 1380 1085 Egla
1418 1012 1563 1068 enim
1592 1014 1709 1084 ipsa

133 1112 214 1161 est
235 1102 452 1159 Michol.
486 1103 616 1171 Quae
642 1103 763 1159 ideo
793 1120 929 1160 uxor
953 1103 1069 1172 ejus
1099 1105 1189 1160 hic
1214 1104 1328 1160 sola
1360 1112 1604 1170 vocatur,
1642 1119 1708 1160 eo

133 1194 272 1266 quod
300 1193 355 1248 in
385 1193 748 1250 adolescentia
789 1195 1024 1264 primum
1068 1195 1238 1265 ipsam
1283 1195 1508 1252 sortitus
1545 1194 1710 1251 fuerit

131 1288 185 1343 in
229 1301 455 1342 uxorem
480 1326 496 1353 ,
549 1302 670 1358 quae
709 1287 877 1343 etiam
923 1297 1082 1359 partu
1127 1289 1447 1344 occubuisse
1486 1289 1704 1344 dicitur.

130 1380 263 1452 Egla
298 1380 486 1450 itaque
526 1380 914 1452 interpretatur
939 1380 1122 1435 vitula.
1158 1380 1217 1436 Si
1241 1381 1363 1451 quis
1393 1382 1707 1453 mysterium

130 1474 228 1528 hoc
267 1471 507 1527 nominis
540 1471 681 1526 scire
707 1471 957 1538 voluerit,
1003 1481 1262 1544 agnoscat
1302 1472 1484 1527 vitulae
1510 1487 1707 1529 nomen

129 1564 261 1618 bene
288 1561 583 1618 convenire
613 1561 912 1634 Synagogze
940 1563 1249 1619 Judaeorum
1277 1571 1500 1634 propter
1517 1561 1707 1635 jugum

127 1654 276 1725 legis,
323 1654 474 1724 quod
515 1657 841 1724 portandum
885 1666 1217 1727 susceperat,
1260 1657 1354 1712 sed
1381 1656 1708 1713 lasciviendo

127 1755 462 1815 corruperat.
489 1744 566 1801 De
589 1761 696 1816 qua
719 1762 818 1818 per
845 1749 983 1803 Osee
1002 1747 1201 1802 dicitur
1227 1765 1239 1801 :
1268 1747 1522 1817 Ephraim
1547 1747 1707 1803 vitula

126 1835 272 1888 docta
296 1835 520 1907 diligere
544 1838 810 1905 trituram,
847 1847 896 1893 et
930 1856 1024 1909 ego
1055 1840 1272 1894 transivi
1299 1856 1456 1908 super
1479 1838 1708 1910 pulchri—

1813 649 1869 698 et
1913 658 2010 697 sex
2052 642 2353 697 mensibus.
2394 638 2533 708 Quid
2569 655 2700 711 ergo
2743 656 2841 712 per
2884 640 3053 694 David
3084 655 3309 710 regnum
3340 641 3396 697 in

1813 733 2050 800 Hebron,
2088 734 2193 788 nisi
2219 731 2418 788 Christi
2451 745 2676 802 regnum
2705 731 2762 786 in
2790 731 3017 797 sanctis,
3050 732 3143 801 qui
3175 731 3397 788 fuerunt

1812 825 1880 880 ab
1914 825 2068 880 initio
2094 824 2280 880 mundi
2319 839 2492 894 usque
2521 823 2589 878 ad
2634 823 2924 878 adventum
2972 821 3091 894 ejus
3119 825 3175 878 in
3204 839 3396 889 carne,

1810 914 2152 974 insinuatur?
2181 914 2352 969 David
2376 929 2523 986 ergo,
2553 914 2646 983 qui
2679 913 3106 982 manufortis,vel
3132 913 3397 968 desidera-

1811 1005 1953 1072 bilis,
1978 1006 2368 1077 interpretatur
2388 1005 2666 1061 Christum
2713 1003 3021 1075 signiﬁcare
3055 1003 3260 1073 liquido
3285 1020 3399 1060 om-

1810 1097 1972 1152 nibus
2004 1106 2174 1168 patet,
2205 1098 2330 1168 quia
2386 1099 2440 1152 in
2468 1097 2720 1168 passione
2747 1111 2846 1152 sua
2873 1095 3062 1151 mundi
3094 1095 3398 1165 principem

1809 1191 1962 1258 vicit,
1979 1199 2034 1245 et
2059 1191 2114 1245 in
2129 1191 2542 1247 resurrectionis
2569 1189 2738 1263 gloria
2759 1187 3033 1260 discipulis
3057 1188 3168 1243 suis
3187 1187 3400 1243 desided

1811 1283 1998 1338 rabilis
2032 1284 2297 1355 apparuit.
2339 1282 2556 1340 Hebron
2607 1289 2787 1338 autem
2842 1281 3227 1350 interpretatur
3272 1295 3396 1331 con-

1801 1374 2036 1444 jugium,
2071 1375 2156 1430 vel
2182 1384 2244 1430 ut
2288 1374 2369 1447 (ut
2393 1375 2484 1429 alii
2514 1373 2720 1446 volunt)
2747 1372 3093 1445 participatio
3141 1369 3393 1434 tristitie,

1809 1469 1924 1520 sive
1953 1466 2295 1536 fortitudinis.
2319 1466 2464 1523 Bene
2486 1468 2715 1538 conjugii
2746 1466 2963 1522 nomine
2982 1473 3166 1535 patres
3183 1462 3399 1518 Veteris

1812 1557 2145 1614 Testamenti
2168 1559 2377 1615 censeri
2391 1567 2618 1629 possunt
2629 1557 2945 1629 nuncupati,
2961 1557 3053 1627 qui
3073 1555 3274 1626 partim
3293 1554 3398 1608 cir-

1809 1653 2174 1718 cumcisione,
2221 1653 2422 1723 partim
2483 1653 2739 1707 mandato
2773 1691 2788 1717 ,
2840 1648 3039 1720 partim
3092 1646 3396 1702 hostiarum

1809 1741 2080 1798 oblatione
2129 1742 2205 1797 illi
2260 1742 2501 1813 copulari
2530 1748 2861 1796 meruerunt.
2905 1739 3112 1816 Quibus
3158 1736 3285 1792 licet
3339 1735 3396 1790 in

1811 1843 1937 1906 typo
1965 1842 2127 1904 atque
2153 1835 2207 1888 in
2229 1834 2421 1903 ﬁgura,
2452 1842 2636 1889 tamen
2665 1832 2790 1886 ﬁdei
2820 1846 2933 1886 sua:
2954 1830 3202 1884 notitiam
3225 1843 3396 1898 quan-

125 1927 352 1982 tudinem
388 1928 510 1982 colli
537 1930 654 2000 ejus
687 1927 860 2002 (Osee.
894 1930 973 2003 ι).
1017 1931 1144 1988 Haec
1178 1932 1298 1988 ideo
1325 1932 1492 1988 David
1519 1940 1705 1988 nostro
1732 1916 1780 1974 Β
1809 1941 1923 1986 ιιιιιι
1948 1930 2051 1986 sibi
2074 1939 2436 2002 opportunum
2462 1929 2767 1992 videbatur,
2791 1924 2999 1980 tribuit.
3024 1923 3131 1978 Sed
3150 1921 3400 1993 quamvis

125 2018 318 2087 nupsit,
348 2019 571 2088 quando
607 2035 726 2075 eam
757 2029 1082 2078 testamento
1116 2024 1242 2078 dato
1276 2024 1378 2079 sibi
1410 2024 1702 2094 copulavit,

125 2109 216 2164 sed
260 2110 382 2180 ipsa
431 2111 485 2165 in
519 2121 677 2182 partu
708 2115 982 2180 occubuit,
1031 2115 1157 2185 quia
1203 2124 1493 2186 apparente
1543 2115 1706 2171 Verbi

125 2199 214 2254 Dei
262 2200 646 2257 incarnatione
685 2211 739 2258 et
778 2204 1128 2276 Evangelium
1171 2206 1225 2259 in
1271 2207 1469 2261 mundo
1513 2206 1707 2277 praedi-

125 2298 292 2356 cante,
325 2293 552 2362 quando
585 2309 684 2363 per
718 2294 877 2349 ﬁdem
923 2305 1126 2350 rectam
1170 2285 1438 2352 bonorum
1483 2312 1706 2367 operum

125 2380 352 2435 sobolem
398 2382 620 2453 gignere
661 2384 878 2451 debuit,
925 2385 1291 2441 scandalizata
1344 2387 1401 2442 in
1457 2388 1708 2458 passione

123 2471 252 2542 ejus,
281 2480 507 2527 aeterna:
528 2474 889 2531 damnationis
918 2487 1150 2532 mortem
1182 2478 1391 2533 ascivit.

190 2563 293 2619 Sex
313 2581 444 2636 ergo
475 2566 584 2620 nati
608 2576 730 2621 sunt
748 2567 796 2621 ei
819 2569 874 2622 in
896 2567 1132 2635 Hebron,
1158 2570 1245 2623 ubi
1267 2571 1496 2641 regnavit
1513 2581 1707 2642 septem

123 2658 268 2711 annis
292 2668 340 2712 et
361 2676 461 2713 sea:
482 2659 764 2714 mensibus.
786 2659 1025 2732 Triginta
1046 2663 1211 2716 tribus
1226 2667 1381 2717 annis
1401 2665 1632 2734 regnavit
1653 2665 1707 2718 in

124 2747 438 2807 Jerusalem.
487 2752 756 2824 Scriptum
797 2763 880 2809 est
925 2755 980 2809 in
1026 2757 1399 2826 sequentibus,
1429 2757 1521 2813 ubi
1549 2773 1710 2813 omne

125 2851 331 2913 tempus
360 2845 511 2914 quod
544 2845 715 2900 David
744 2848 1053 2918 regnaverit
1092 2863 1254 2918 super
1285 2849 1451 2904 Israel
1487 2865 1710 2906 enume-

127 2943 272 2988 ratur
298 2954 310 2988 :
342 2935 523 3006 Igitur
561 2935 754 3004 David,
801 2937 945 3007 ﬁlius
977 2937 1112 3006 Isai,
1140 2941 1369 3010 regnavit
1403 2957 1559 3012 super
1591 2941 1711 2995 uni—

127 3039 323 3078 versum
369 3024 563 3094 Israel,
595 3038 641 3082 et
669 3029 802 3094 dies,
834 3029 1022 3100 quibus
1059 3031 1294 3100 regnavit
1324 3047 1481 3102 super
1516 3030 1707 3098 Israel,

127 3115 333 3185 [uerunt
382 3121 738 3192 quadraginta
779 3123 926 3176 anni.
972 3122 1042 3177 In
1073 3122 1286 3178 Hebron
1326 3124 1560 3195 regnavit
1598 3142 1712 3196 sep-

127 3215 221 3260 tem
249 3211 428 3275 annis,
463 3211 516 3264 in
541 3211 838 3267 Jerusalem
869 3215 1021 3268 annis
1051 3214 1264 3285 triginta
1299 3215 1464 3268 tribus
1491 3213 1544 3285 (I
1574 3213 1704 3268 Par.

126 3301 293 3372 ιιιι).
349 3303 490 3358 1-1ἰιιε
535 3305 766 3374 quaestio
816 3305 1040 3361 oritur:
1075 3322 1173 3361 cur
1218 3322 1344 3362 nam
1393 3307 1449 3361 in
1498 3321 1708 3362 summa
1735 3275 1781 3338 Ω

124 3394 481 3465 quadraginta
510 3396 638 3449 anni
680 3397 833 3466 regni
875 3396 1019 3452 illius
1052 3396 1285 3453 exclusis
1312 3413 1406 3452 sex
1432 3397 1708 3453 mensibus

125 3487 592 3540 annumerentur?
634 3485 786 3554 Quod
811 3488 877 3542 ab
928 3487 1168 3543 Hebraeis
1222 3489 1429 3544 duobus
1482 3489 1710 3544 solvitur

125 3577 314 3632 modis.
350 3577 550 3633 Dicunt
573 3579 720 3634 enim
748 3579 874 3649 quia
900 3577 1070 3634 David
1099 3595 1193 3635 sex
1230 3579 1509 3635 mensibus
1539 3581 1707 3636 Absa-

126 3665 228 3723 lom
265 3669 438 3724 ﬁlium
487 3686 642 3725 suum
682 3670 891 3742 fugeret
921 3685 936 3725 :
965 3672 1163 3727 merito
1191 3671 1410 3726 eosdem
1439 3685 1534 3726 sex
1558 3687 1708 3727 nien-

129 3774 210 3815 ses
237 3776 268 3814 a
294 3776 507 3816 summa
536 3762 687 3834 regni
717 3762 862 3817 illius
885 3778 1005 3818 esse
1024 3763 1291 3819 exclusos.
1325 3763 1520 3818 Dicunt
1546 3764 1709 3818 etiam

131 3849 300 3917 aliter,
329 3854 474 3922 quod
499 3869 592 3909 sex
619 3854 896 3910 mensibus
941 3854 995 3909 in
1039 3853 1258 3910 Hebron
1280 3854 1450 3910 David
1477 3855 1709 3926 quadam

133 3939 436 3999 inﬁrmitate
477 3945 734 4015 temporis
779 3944 1130 4011 laboraverit,
1176 3954 1230 4001 et
1262 3946 1468 4000 idcirco
1491 3945 1710 4001 eosdem

134 4043 219 4084 sex
240 4047 454 4089 menses
482 4050 590 4089 non
615 4035 892 4104 supputari
919 4035 974 4088 in
1007 4050 1171 4106 regno
1198 4033 1332 4104 ejus.
1360 4035 1441 4090 Ex
1467 4050 1532 4091 eo
1560 4052 1713 4090 nam-

136 4139 230 4192 que
281 4135 527 4198 tempore
562 4128 713 4182 illum
751 4143 1008 4198 regnasse
1040 4129 1092 4182 in
1123 4126 1362 4195 Hebron,
1393 4144 1460 4184 ex
1486 4145 1594 4198 quo
1621 4130 1712 4184 de-

136 4218 281 4273 victis
305 4219 642 4286 Amalecitis,
679 4221 746 4276 de
773 4221 958 4292 spoliis
987 4237 1176 4276 eorum
1202 4221 1351 4276 misit
1373 4222 1512 4277 dona
1535 4223 1712 4278 senio-

139 4308 273 4365 ribus
308 4310 465 4378 Juda,
508 4313 595 4368 his
637 4312 728 4382 qui
773 4321 928 4367 erant
971 4313 1028 4366 in
1070 4312 1318 4378 Hebron,
1370 4321 1424 4367 et
1457 4313 1573 4379 his,
1618 4312 1711 4382 qui

138 4410 280 4455 erant
312 4402 365 4457 in
403 4403 615 4468 Bethel,
654 4412 708 4456 et
748 4402 1007 4474 reliquis,
1040 4404 1133 4472 qui
1176 4411 1332 4458 erant
1358 4403 1411 4458 in
1442 4403 1527 4458 his
1557 4403 1709 4468 locis,

142 4489 188 4543 in
239 4495 428 4562 quibus
485 4504 858 4552 commoratus
905 4495 1082 4551 fuerat
1136 4497 1308 4552 David
1351 4497 1468 4566 ipse
1510 4504 1566 4553 et
1609 4498 1713 4552 viri

141 4578 244 4646 ejus
270 4584 320 4653 (I
344 4585 472 4658 Reg.
499 4587 656 4659 xxx).

207 4669 367 4729 Porro
407 4679 463 4733 in
501 4677 804 4735 Jerusalem
845 4681 956 4734 nati
1002 4689 1123 4734 sunt
1149 4681 1197 4734 ei
1227 4680 1368 4750 ﬁlii:
1395 4679 1631 4737 Simmaa
1659 4691 1707 4735 et

147 4758 299 4818 Sobab
339 4776 385 4820 et
429 4769 652 4825 Nat/tan
673 4780 721 4825 et
749 4769 1018 4835 Salomon,
1051 4781 1280 4842 quatuor
1315 4772 1380 4826 de
1424 4771 1708 4828 Betltsabee

146 4849 245 4912 ﬁlia
285 4855 526 4927 Ammiel,
556 4861 753 4916 Jebaar
790 4881 990 4934 quoque
1019 4873 1066 4918 et
1097 4864 1335 4918 Elisama
1364 4875 1411 4918 et
1443 4864 1706 4936 Eliphalet

149 4950 189 4993 et
216 4942 353 5017 Noge
383 4961 430 5004 et
479 4949 698 5024 Nepheg
748 4964 795 5007 et
834 4953 1030 5024 Japhia
1069 4972 1088 5009 :
1129 4973 1326 5010 necnon
1372 4955 1610 5010 Elisama
1660 4966 1709 5010 et

149 5030 344 5106 Eliada,
377 5053 425 5096 et
455 5043 774 5115 Eliphaleth,
812 5065 1010 5101 novem.
1054 5047 1146 5104 Isti
1183 5048 1278 5103 ﬁlii
1307 5049 1491 5112 David,
1521 5063 1712 5118 excep-

152 5122 213 5177 tis
257 5129 480 5201 duabus,
527 5137 779 5192 similiter
823 5138 877 5192 in
925 5138 1061 5194 libro
1109 5139 1317 5210 Regum
1355 5147 1708 5194 numerantur

155 5211 227 5280 (Π
252 5215 373 5291 Reg.
404 5226 479 5295 v).
508 5227 657 5299 Noge
683 5245 812 5284 vero
845 5238 899 5284 et
936 5231 1241 5300 Eliphaleth
1287 5232 1360 5287 ibi
1403 5249 1509 5287 non
1555 5233 1708 5286 inve-

157 5303 358 5400 niuntur
384 5320 741 5374 annumerati.
771 5321 971 5376 Verum
1000 5323 1144 5391 quod
1173 5323 1239 5377 de
1268 5338 1433 5393 regno
1463 5324 1629 5381 David
1654 5324 1710 5378 in

158 5399 360 5482 Singulis
402 5403 534 5464 locis
577 5425 740 5482 supra
791 5410 1105 5466 distinctum
1157 5421 1437 5468 narratum
1469 5423 1571 5480 est,
1603 5431 1711 5470 non

162 5481 338 5547 frustra
380 5481 749 5558 arbitrandum
775 5513 859 5560 est
887 5520 1100 5561 sacram
1131 5504 1466 5576 Scripturam
1498 5515 1711 5578 tempus

164 5581 295 5672 regni
320 5585 481 5645 David
507 5595 840 5652 numerando
869 5611 1114 5652 seorsum
1135 5595 1386 5668 colligere
1412 5613 1582 5654 annos
1606 5613 1714 5669 quo

166 5677 213 5758 tu
238 5665 440 5734 Hchron
463 5687 725 5755 regnavit,
761 5695 815 5743 et
847 5702 1088 5743 seorsum
1120 5687 1241 5742 illos
1268 5705 1375 5758 quo
1405 5688 1458 5742 in
1487 5687 1710 5745 Jerusa-

169 5746 258 5850 ιςω
293 5778 447 5835 super
498 5781 662 5832 totum
718 5778 881 5834 Israel
924 5779 1321 5850 imperaverat;
1371 5781 1464 5836 sed
1513 5791 1710 5853 myste-

170 5853 294 5904 mun
332 5867 686 5923 venerandum
732 5870 885 5926 nobis
922 5871 1115 5926 innuit.
1156 5871 1264 5927 Sex
1304 5887 1431 5944 ergo
1471 5873 1567 5929 ﬁlii
1606 5877 1736 5941 Da-.

531 5957 814 6030 Panos.
852 5963 1018 6027 CIX.

1805 2022 2128 2078 credulitate
2182 2022 2408 2076 fuissent
2479 2020 2648 2075 fortes
2676 2058 2693 2086 ,
2746 2027 2927 2073 tamen
2986 2013 3400 2086 participatione

1809 2116 2064 2181 tristitim,
2115 2131 2224 2185 qua
2273 2130 2334 2169 se
2392 2121 2516 2184 post
2563 2119 2794 2167 mortem
2825 2110 2892 2163 ad
2921 2106 3125 2162 inferos
3172 2105 3398 2161 descen-

1809 2222 1966 2262 suros
2003 2221 2111 2262 non
2137 2206 2503 2277 ambigebant,
2554 2219 2743 2259 carere
2765 2201 2911 2256 nullo
2938 2201 3098 2254 modo
3123 2205 3394 2268 poterant.

1806 2297 1884 2353 Ibi
1914 2313 2046 2369 ergo
2092 2297 2262 2351 David
2289 2306 2476 2352 nostro
2507 2303 2768 2367 regnante
2799 2301 3006 2362 septem
3045 2289 3201 2343 annis
3222 2296 3278 2342 et
3302 2301 3398 2342 sex

1807 2390 2086 2445 mensibus
2114 2397 2337 2459 propter
2369 2389 2652 2443 sabbatum
2680 2395 2736 2440 et
2766 2400 2861 2440 sex
2889 2384 3100 2438 dierum
3133 2379 3399 2449 operatio-

1807 2497 1954 2546 nem,
1985 2497 2105 2551 quae
2134 2481 2239 2536 illis
2274 2480 2606 2550 temporibus
2634 2489 2750 2532 tam
2784 2477 3014 2532 lectione
3043 2490 3207 2544 quam
3232 2474 3397 2527 etiam

1807 2573 2184 2628 observatione
2218 2573 2502 2628 celerrima
2547 2568 2993 2644 [celeberrima?]
3027 2568 3266 2632 fuerunt,
3303 2581 3399 2621 sex

1810 2663 1907 2718 ﬁlii
1944 2663 2057 2718 nati
2088 2672 2214 2720 sunt
2241 2664 2313 2730 ei,
2360 2665 2462 2719 hoc
2487 2673 2593 2729 est,
2627 2663 2704 2717 illi
2725 2663 2818 2733 qui
2847 2661 3004 2716 bonis
3039 2659 3294 2730 operibus
3335 2672 3402 2712 ac

1810 2755 2053 2811 custodia
2096 2757 2474 2811 mandatorum
2511 2755 2631 2827 Dei]
2651 2755 2949 2824 perfectam
2996 2753 3159 2806 vitam
3201 2750 3401 2805 ducere

1808 2861 1907 2917 pro
1930 2847 2138 2901 viribus
2177 2847 2479 2902 certabant.
2512 2845 2594 2900 An
2627 2861 2734 2900 non
2779 2845 2846 2899 ad
2882 2845 3026 2900 illius
3065 2842 3400 2899 consortium

1809 2937 2119 3008 pertinebat
2141 2939 2234 3007 qui
2257 2939 2333 2992 ait
2362 2953 2376 2992 :
2407 2937 2542 2991 Mihi
2571 2947 2744 2992 autem
2775 2936 3043 2990 adhaerere
3069 2934 3178 2988 Deo
3207 2933 3399 2986 bonum

1811 3043 1884 3087 est
1915 3030 2085 3104 (Psal.
2117 3033 2310 3103 Lxxu).
2343 3033 2410 3086 Et
2440 3033 2568 3086 item
2597 3047 2612 3084 :
2638 3030 2874 3085 Adhaesit
2905 3029 3085 3082 anima
3140 3042 3257 3079 mea
3284 3033 3400 3094 post

1811 3135 1880 3189 te,
1913 3140 1993 3178 me
2020 3125 2243 3194 suscepit
2273 3129 2489 3178 dextera
2518 3134 2609 3176 tua
2638 3121 2659 3194 (
2689 3121 2838 3176 Psal.
2871 3119 3026 3190 Lxu).
3057 3117 3323 3173 Similiter
3345 3122 3403 3169 et

1815 3217 1952 3271 alius
1981 3218 2243 3287 propheta
2277 3218 2343 3272 ad
2373 3217 2551 3285 ipsum
2589 3215 2878 3270 Dominum
2908 3213 3020 3266 ait:
3049 3211 3186 3264 Ecce
3214 3209 3402 3263 Domi-

1812 3325 1908 3362 nus
1935 3319 2107 3361 noster
2127 3309 2243 3360 iste.
2259 3305 2684 3375 Exspectaeimus
2705 3320 2844 3369 eum,
2859 3314 2906 3357 et
2918 3301 3137 3357 salvabit
3160 3317 3253 3354 nos
3265 3316 3284 3364 ;
3306 3300 3402 3352 iste

1810 3399 2093 3464 Dominus,
2107 3399 2453 3452 sustinuimus
2474 3414 2615 3462 eum,
2636 3396 3015 3451 exsultabimus
3034 3405 3081 3450 et
3103 3393 3403 3450 lwtabimur

1810 3493 1868 3546 in
1890 3490 2113 3545 salutari
2140 3491 2254 3561 ejus
2291 3489 2448 3560 (Isai.
2484 3505 2632 3561 xxv].
2672 3489 2912 3555 Domine,
2950 3488 3294 3542 sustinuimus
3316 3496 3400 3552 te;

1812 3598 1999 3636 nomen
2029 3591 2179 3635 tuum
2203 3590 2251 3634 et
2275 3580 2611 3635 memorabile
2635 3589 2781 3634 tuum
2813 3581 2869 3634 in
2899 3580 3160 3634 desiderio
3183 3580 3394 3633 animm.

1811 3672 2055 3724 Animam
2077 3687 2138 3725 ea
2155 3670 2464 3726 desideravit
2485 3682 2534 3726 te
2553 3673 2607 3726 in
2630 3680 2794 3734 nocte,
2818 3671 2909 3724 sed
2931 3680 2979 3724 et
3002 3671 3188 3740 spiritu
3211 3685 3324 3722 meo
3342 3669 3400 3724 in

1809 3763 2113 3835 prwcordiis
2127 3764 2272 3827 meis,
2291 3771 2396 3818 etc.
2414 3762 2568 3834 (Isai.
2586 3761 2759 3833 xxvr.)
2775 3761 2913 3817 Hinc
2935 3770 2991 3816 et
3001 3777 3096 3830 per
3107 3761 3400 3817 Jeremiam

1813 3853 1880 3908 ad
1907 3851 2100 3908 Judam
2121 3854 2238 3923 ipse
2261 3853 2524 3909 Dominus
2549 3855 2626 3908 ait
2657 3872 2670 3906 :
2695 3853 3018 3908 Recordatus
3037 3871 3153 3908 sum
3181 3853 3276 3919 tui,
3299 3853 3401 3906 mi-

1811 3963 1994 4000 serans
2032 3945 2440 4000 adolescentiam
2483 3957 2648 4009 tuam,
2697 3956 2745 4000 et
2775 3946 3084 3999 charitatem
3116 3945 3400 4015 desponsa-

1810 4037 1968 4091 tionis
1993 4045 2121 4101 tuae,
2151 4036 2362 4106 quando
2407 4046 2585 4090 secuta
2631 4053 2685 4090 es
2711 4053 2793 4090 me
2819 4037 2874 4089 in
2919 4036 3142 4102 deserto,
3170 4036 3224 4088 in
3257 4045 3400 4090 terra

1810 4145 1928 4199 qua:
1952 4145 2056 4182 non
2084 4129 2390 4184 seminatur.
2437 4125 2662 4183 Sanctus
2689 4127 2860 4182 Israel
2882 4128 3129 4194 Domino,
3152 4128 3400 4197 primitia:

1813 4221 2028 4291 frugum
2053 4221 2190 4290 ejus.
2235 4219 2449 4286 Omnes,
2481 4223 2570 4291 qui
2595 4205 2842 4276 devorant
2885 4239 3025 4289 eum,
3051 4223 3354 4294 delinquunt
3380 4240 3399 4287 ,-

1810 4315 1956 4369 mala
2013 4317 2214 4370 uenient
2267 4332 2424 4384 super
2471 4333 2578 4381 eos,
2631 4315 2760 4369 dicit
2810 4317 3067 4370 Dominus
3121 4317 3254 4386 (Jer.
3312 4316 3395 4382 ιι).

1811 4407 1983 4463 Porro
2026 4424 2253 4478 regnum
2280 4407 2450 4462 David
2479 4409 2534 4462 in
2561 4406 2883 4474 Jerusalem,
2917 4401 3006 4462 ubi
3035 4423 3197 4476 super
3226 4415 3399 4461 totum

1813 4499 1979 4556 Israel
2017 4501 2263 4571 regnavit
2293 4541 2308 4567 ,
2341 4500 2608 4570 signiﬁcat
2657 4509 2866 4571 tempus
2890 4509 3013 4572 post
3068 4502 3402 4556 incarnatio—

1735 4627 1790 4688 D
1817 4612 1942 4651 nem
1988 4595 2221 4661 Domini,
2254 4595 2562 4667 passionem
2593 4604 2648 4650 et
2700 4595 3075 4651 ascensionem
3120 4596 3174 4651 in
3211 4596 3397 4664 caelos,

1815 4686 2031 4757 quando
2057 4687 2299 4756 gentium
2344 4687 2589 4743 Ecclesia
2620 4689 2689 4742 ad
2737 4689 2895 4744 ﬁdem
2941 4688 3142 4744 Christi
3171 4699 3400 4744 ventura

1814 4786 1952 4843 erat,
1983 4779 2049 4833 de
2100 4794 2208 4848 qua
2245 4779 2360 4847 ipse
2415 4778 2470 4832 in
2511 4779 2804 4850 Evangelio
2834 4781 2910 4834 ait
2949 4799 2962 4834 :
3002 4780 3070 4834 Et
3113 4780 3247 4836 alias
3279 4798 3400 4837 oves

1815 4871 2002 4937 habeo,
2023 4887 2142 4942 qua:
2164 4887 2267 4925 non
2314 4881 2435 4926 sunt
2464 4889 2530 4927 ea:
2583 4872 2679 4927 hoc
2731 4873 2890 4938 ovili;
2919 4883 2968 4927 et
3028 4873 3150 4928 illas
3199 4883 3399 4944 oportet

1815 4978 1896 5016 me
1933 4961 2220 5026 adducere,
2244 4970 2293 5015 et
2340 4967 2511 5016 uocem
2557 4981 2725 5018 meum
2766 4965 3014 5030 audient;
3045 4973 3093 5018 et
3120 4964 3208 5032 ﬁet
3233 4981 3398 5017 unum

1817 5053 1970 5117 ovile,
1992 5062 2039 5105 et
2064 5069 2200 5105 unus
2225 5061 2404 5122 pastor
2433 5052 2614 5115 (Joan.
2651 5055 2740 5125 x);
2774 5056 2988 5124 quando
3014 5056 3121 5124 ipse
3145 5096 3159 5121 ,
3183 5055 3275 5123 qui
3315 5064 3400 5110 est

1811 5160 1917 5214 pax
1973 5153 2174 5208 nostra,
2213 5143 2332 5212 fecit
2393 5153 2612 5216 utraque
2654 5162 2840 5211 unum,
2881 5154 2931 5199 et
2964 5161 3050 5199 eos
3109 5147 3199 5215 qui
3245 5145 3397 5216 longe

1816 5244 1962 5289 erant
1987 5234 2105 5304 fecit
2135 5252 2293 5306 prope
2323 5236 2377 5289 in
2428 5238 2683 5306 sanguine
2711 5253 2830 5302 suo,
2856 5235 3183 5306 mediumque
3225 5236 3400 5306 parie-

1816 5336 1917 5381 tem
1939 5329 2184 5382 maceria:
2223 5329 2410 5394 diruit,
2433 5329 2633 5383 solvens
2679 5329 2984 5383 inimicitias
3014 5331 3067 5383 in
3093 5346 3250 5383 carne
3273 5345 3396 5394 sua,

1817 5417 1978 5489 legem
2005 5419 2376 5472 mandatorum
2395 5420 2611 5473 decretis
2642 5435 2918 5485 evacuans,
2945 5429 3000 5473 ut
3039 5420 3172 5474 duos
3203 5420 3398 5474 conde-

1819 5520 1893 5564 ret
1919 5512 1974 5565 in
1994 5512 2266 5582 semetipso
2289 5512 2343 5565 in
2371 5528 2532 5564 unum
2563 5527 2751 5565 novum
2770 5511 3051 5579 hominem,
3086 5512 3286 5580 faciens
3307 5527 3401 5581 pa—

1816 5618 1948 5667 cem,
1973 5612 2022 5657 et
2067 5602 2424 5657 reconciliaret
2467 5602 2646 5656 ambos
2688 5603 2743 5656 in
2771 5619 2876 5658 uno
2913 5619 3127 5674 corpore
3154 5602 3266 5658 Deo
3305 5617 3401 5674 per

1815 5694 2057 5760 Crucem,
2093 5693 2411 5762 interﬁciens
2459 5695 2763 5750 inimicitias
2792 5697 2845 5750 in
2874 5697 3146 5766 semetipso
3177 5695 3392 5766 (Ephes.

1815 5787 1896 5858 ιι).
1928 5784 2195 5841 Numerus
2217 5801 2346 5857 ergo
2359 5802 2624 5843 annorum
2652 5790 2804 5860 regni
2826 5790 2991 5846 David
3015 5791 3065 5844 in
3092 5786 3394 5844 Jerusalem

1814 5879 2034 5935 fuerunt
2053 5878 2273 5950 triginta
2313 5887 2425 5936 tres
2454 5881 2599 5937 anni.
2646 5882 2713 5938 Et
2741 5884 2869 5954 quid
2899 5901 2993 5953 per
3043 5877 3395 5937 tricenarium
