  <div class='ocr_page' id='page_1' title='image "/cluster/home/n/w/nwhite01/storage/ocr_20150623/109/hvd.32044015466857/155.png"; bbox 0 0 3958 6540; ppageno 0'>
   <div class='ocr_carea' id='block_1_1' title="bbox 1140 437 3081 498">
    <p class='ocr_par' dir='ltr' id='par_1_1' title="bbox 1140 437 3081 498">
     <span class='ocr_line' id='line_1_1' title="bbox 1140 437 3081 498; baseline 0.001 -6"><span class='ocrx_word' id='word_1_1' title='bbox 1140 440 1201 492; x_wconf 86' lang='grc' dir='ltr'><strong>Β.</strong></span> <span class='ocrx_word' id='word_1_2' title='bbox 1241 438 1497 496; x_wconf 81' lang='lat' dir='ltr'><strong>RABANI</strong></span> <span class='ocrx_word' id='word_1_3' title='bbox 1533 439 1754 496; x_wconf 82' lang='lat' dir='ltr'><strong>MAURI</strong></span> <span class='ocrx_word' id='word_1_4' title='bbox 1789 437 2108 495; x_wconf 76' lang='lat' dir='ltr'><strong>ARCHIEP.</strong></span> <span class='ocrx_word' id='word_1_5' title='bbox 2149 438 2460 498; x_wconf 83' lang='lat' dir='ltr'><strong>MOGUNT.</strong></span> <span class='ocrx_word' id='word_1_6' title='bbox 2501 438 2789 498; x_wconf 82' lang='lat' dir='ltr'><strong>OPERUM</strong></span> <span class='ocrx_word' id='word_1_7' title='bbox 2824 438 3005 497; x_wconf 82' lang='lat' dir='ltr'><strong>PARS</strong></span> <span class='ocrx_word' id='word_1_8' title='bbox 3038 439 3081 494; x_wconf 87' lang='grc' dir='ltr'><strong>Ι.</strong></span> 
     </span>
    </p>
   </div>
   <div class='ocr_carea' id='block_1_2' title="bbox 3664 442 3777 499">
    <p class='ocr_par' dir='ltr' id='par_1_2' title="bbox 3664 442 3777 499">
     <span class='ocr_line' id='line_1_2' title="bbox 3664 442 3777 499; baseline 0.009 -1"><span class='ocrx_word' id='word_1_9' title='bbox 3664 442 3777 499; x_wconf 66' lang='grc' dir='ltr'><strong>εει</strong></span> 
     </span>
    </p>
   </div>
   <div class='ocr_carea' id='block_1_3' title="bbox 503 547 3778 620">
    <p class='ocr_par' dir='ltr' id='par_1_3' title="bbox 503 547 3778 620">
     <span class='ocr_line' id='line_1_3' title="bbox 503 547 3778 620; baseline 0 -14"><span class='ocrx_word' id='word_1_10' title='bbox 503 551 684 606; x_wconf 79' lang='grc' dir='ltr'><em>Ηαιαα</em></span> <span class='ocrx_word' id='word_1_11' title='bbox 710 559 760 606; x_wconf 91' lang='lat' dir='ltr'><strong>et</strong></span> <span class='ocrx_word' id='word_1_12' title='bbox 799 549 1006 604; x_wconf 87' lang='lat' dir='ltr'><strong>Naara.</strong></span> <span class='ocrx_word' id='word_1_13' title='bbox 1055 548 1224 615; x_wconf 80' lang='lat' dir='ltr'><strong>Assur</strong></span> <span class='ocrx_word' id='word_1_14' title='bbox 1278 549 1380 604; x_wconf 89' lang='lat' dir='ltr'><strong>iste</strong></span> <span class='ocrx_word' id='word_1_15' title='bbox 1409 549 1548 605; x_wconf 85' lang='lat' dir='ltr'><strong>ﬁlius</strong></span> <span class='ocrx_word' id='word_1_16' title='bbox 1588 549 1692 604; x_wconf 87' lang='lat' dir='ltr'><strong>fuit</strong></span> <span class='ocrx_word' id='word_1_17' title='bbox 1724 548 1948 605; x_wconf 84' lang='lat' dir='ltr'><strong>Hesrom</strong></span> <span class='ocrx_word' id='word_1_18' title='bbox 1967 589 1980 615; x_wconf 95' lang='lat'><strong>,</strong></span> <span class='ocrx_word' id='word_1_19' title='bbox 2016 566 2082 604; x_wconf 87' lang='lat' dir='ltr'><strong>ex</strong></span> <span class='ocrx_word' id='word_1_20' title='bbox 2109 557 2164 617; x_wconf 75' lang='grc' dir='ltr'><strong>Α</strong></span> <span class='ocrx_word' id='word_1_21' title='bbox 2188 550 2416 606; x_wconf 89' lang='lat' dir='ltr'><strong>virtutes</strong></span> <span class='ocrx_word' id='word_1_22' title='bbox 2443 558 2498 605; x_wconf 92' lang='lat' dir='ltr'><strong>et</strong></span> <span class='ocrx_word' id='word_1_23' title='bbox 2523 549 2804 606; x_wconf 90' lang='lat' dir='ltr'><strong>miracula.</strong></span> <span class='ocrx_word' id='word_1_24' title='bbox 2843 549 3069 620; x_wconf 92' lang='lat' dir='ltr'><strong>lpseque</strong></span> <span class='ocrx_word' id='word_1_25' title='bbox 3095 547 3262 604; x_wconf 90' lang='lat' dir='ltr'><strong>Paulo</strong></span> <span class='ocrx_word' id='word_1_26' title='bbox 3290 557 3447 616; x_wconf 90' lang='lat' dir='ltr'><strong>teste,</strong></span> <span class='ocrx_word' id='word_1_27' title='bbox 3470 550 3646 606; x_wconf 81' lang='lat' dir='ltr'><strong>virtus</strong></span> <span class='ocrx_word' id='word_1_28' title='bbox 3675 551 3778 608; x_wconf 85' lang='lat' dir='ltr'><strong>Dei</strong></span> 
     </span>
    </p>
   </div>
   <div class='ocr_carea' id='block_1_4' title="bbox 501 640 2077 718">
    <p class='ocr_par' dir='ltr' id='par_1_4' title="bbox 501 640 2077 718">
     <span class='ocr_line' id='line_1_4' title="bbox 501 640 2077 718; baseline -0.001 -21"><span class='ocrx_word' id='word_1_29' title='bbox 501 643 608 698; x_wconf 90' lang='lat' dir='ltr'><strong>alia</strong></span> <span class='ocrx_word' id='word_1_30' title='bbox 650 651 824 697; x_wconf 90' lang='lat' dir='ltr'><strong>matre</strong></span> <span class='ocrx_word' id='word_1_31' title='bbox 857 640 1106 718; x_wconf 71' lang='lat' dir='ltr'><strong>genitus,</strong></span> <span class='ocrx_word' id='word_1_32' title='bbox 1138 640 1280 696; x_wconf 86' lang='lat' dir='ltr'><strong>sicut</strong></span> <span class='ocrx_word' id='word_1_33' title='bbox 1306 655 1469 712; x_wconf 86' lang='lat' dir='ltr'><strong>supra</strong></span> <span class='ocrx_word' id='word_1_34' title='bbox 1507 640 1934 698; x_wconf 80' lang='lat' dir='ltr'><strong>demonstratum</strong></span> <span class='ocrx_word' id='word_1_35' title='bbox 1961 648 2077 707; x_wconf 98' lang='grc' dir='ltr'>εει,</span> 
     </span>
    </p>
   </div>
   <div class='ocr_carea' id='block_1_5' title="bbox 501 732 881 789">
    <p class='ocr_par' dir='ltr' id='par_1_5' title="bbox 501 732 881 789">
     <span class='ocr_line' id='line_1_5' title="bbox 501 732 881 789; baseline -0.008 0"><span class='ocrx_word' id='word_1_36' title='bbox 501 733 672 789; x_wconf 83' lang='lat' dir='ltr'><strong>l‘rater</strong></span> <span class='ocrx_word' id='word_1_37' title='bbox 698 732 881 788; x_wconf 87' lang='lat' dir='ltr'><strong>Caleb.</strong></span> 
     </span>
    </p>
   </div>
   <div class='ocr_carea' id='block_1_6' title="bbox 573 831 2081 918">
    <p class='ocr_par' dir='ltr' id='par_1_6' title="bbox 573 831 2081 918">
     <span class='ocr_line' id='line_1_6' title="bbox 573 831 2081 918; baseline -0.002 -18"><span class='ocrx_word' id='word_1_38' title='bbox 573 846 781 918; x_wconf 80' lang='lat' dir='ltr'><strong>Peperit</strong></span> <span class='ocrx_word' id='word_1_39' title='bbox 809 857 983 903; x_wconf 89' lang='lat' dir='ltr'><strong>autem</strong></span> <span class='ocrx_word' id='word_1_40' title='bbox 1009 857 1060 903; x_wconf 91' lang='lat' dir='ltr'><strong>et</strong></span> <span class='ocrx_word' id='word_1_41' title='bbox 1087 831 1276 903; x_wconf 82' lang='lat' dir='ltr'><strong>Naara</strong></span> <span class='ocrx_word' id='word_1_42' title='bbox 1319 847 1518 904; x_wconf 77' lang='lat' dir='ltr'><strong>Oozam</strong></span> <span class='ocrx_word' id='word_1_43' title='bbox 1543 856 1591 902; x_wconf 90' lang='lat' dir='ltr'><strong>et</strong></span> <span class='ocrx_word' id='word_1_44' title='bbox 1626 845 1828 917; x_wconf 81' lang='lat' dir='ltr'><strong>Hepher</strong></span> <span class='ocrx_word' id='word_1_45' title='bbox 1856 852 1902 898; x_wconf 90' lang='lat' dir='ltr'><strong>et</strong></span> <span class='ocrx_word' id='word_1_46' title='bbox 1949 843 2081 898; x_wconf 87' lang='lat' dir='ltr'><strong>The-</strong></span> 
     </span>
    </p>
   </div>
   <div class='ocr_carea' id='block_1_7' title="bbox 500 935 2080 1009">
    <p class='ocr_par' dir='ltr' id='par_1_7' title="bbox 500 935 2080 1009">
     <span class='ocr_line' id='line_1_7' title="bbox 500 935 2080 1009; baseline -0.003 -18"><span class='ocrx_word' id='word_1_47' title='bbox 500 955 639 992; x_wconf 89' lang='lat' dir='ltr'><strong>mam</strong></span> <span class='ocrx_word' id='word_1_48' title='bbox 663 949 710 994; x_wconf 89' lang='lat' dir='ltr'><strong>et</strong></span> <span class='ocrx_word' id='word_1_49' title='bbox 734 937 1019 994; x_wconf 85' lang='lat' dir='ltr'><strong>Hastharei</strong></span> <span class='ocrx_word' id='word_1_50' title='bbox 1056 956 1072 994; x_wconf 90' lang='lat'><strong><em>:</em></strong></span> <span class='ocrx_word' id='word_1_51' title='bbox 1107 941 1194 994; x_wconf 73' lang='lat' dir='ltr'><strong>isti</strong></span> <span class='ocrx_word' id='word_1_52' title='bbox 1225 948 1347 994; x_wconf 86' lang='lat' dir='ltr'><strong>sunt</strong></span> <span class='ocrx_word' id='word_1_53' title='bbox 1375 938 1474 1009; x_wconf 82' lang='lat' dir='ltr'><strong>ﬁlii</strong></span> <span class='ocrx_word' id='word_1_54' title='bbox 1510 937 1715 992; x_wconf 90' lang='lat' dir='ltr'><strong>Naara.</strong></span> <span class='ocrx_word' id='word_1_55' title='bbox 1765 936 1934 989; x_wconf 88' lang='lat' dir='ltr'><strong>Porro</strong></span> <span class='ocrx_word' id='word_1_56' title='bbox 1981 935 2080 1003; x_wconf 82' lang='lat' dir='ltr'><strong>ﬁlii</strong></span> 
     </span>
    </p>
   </div>
   <div class='ocr_carea' id='block_1_8' title="bbox 506 1025 2081 1100">
    <p class='ocr_par' dir='ltr' id='par_1_8' title="bbox 506 1025 2081 1100">
     <span class='ocr_line' id='line_1_8' title="bbox 506 1025 2081 1100; baseline -0.002 -17"><span class='ocrx_word' id='word_1_57' title='bbox 506 1028 685 1083; x_wconf 84' lang='lat' dir='ltr'><strong>Halaa</strong></span> <span class='ocrx_word' id='word_1_58' title='bbox 730 1031 942 1100; x_wconf 82' lang='lat' dir='ltr'><strong>fuerunt</strong></span> <span class='ocrx_word' id='word_1_59' title='bbox 973 1030 1192 1097; x_wconf 88' lang='lat' dir='ltr'><strong>Sereth,</strong></span> <span class='ocrx_word' id='word_1_60' title='bbox 1230 1030 1389 1085; x_wconf 87' lang='lat' dir='ltr'><strong>Isaar</strong></span> <span class='ocrx_word' id='word_1_61' title='bbox 1411 1038 1459 1083; x_wconf 90' lang='lat' dir='ltr'><strong>et</strong></span> <span class='ocrx_word' id='word_1_62' title='bbox 1484 1029 1714 1082; x_wconf 89' lang='lat' dir='ltr'><strong>Ethnan.</strong></span> <span class='ocrx_word' id='word_1_63' title='bbox 1757 1025 1858 1081; x_wconf 89' lang='lat' dir='ltr'><strong>Cos</strong></span> <span class='ocrx_word' id='word_1_64' title='bbox 1906 1036 2081 1080; x_wconf 86' lang='lat' dir='ltr'><strong>autem</strong></span> 
     </span>
    </p>
   </div>
   <div class='ocr_carea' id='block_1_9' title="bbox 499 1113 2080 1189">
    <p class='ocr_par' dir='ltr' id='par_1_9' title="bbox 499 1113 2080 1189">
     <span class='ocr_line' id='line_1_9' title="bbox 499 1113 2080 1189; baseline -0.004 -17"><span class='ocrx_word' id='word_1_65' title='bbox 499 1120 674 1189; x_wconf 79' lang='lat' dir='ltr'><strong>genuit</strong></span> <span class='ocrx_word' id='word_1_66' title='bbox 701 1119 850 1174; x_wconf 86' lang='lat' dir='ltr'><strong>Anob</strong></span> <span class='ocrx_word' id='word_1_67' title='bbox 889 1129 938 1174; x_wconf 85' lang='lat' dir='ltr'><strong>et</strong></span> <span class='ocrx_word' id='word_1_68' title='bbox 965 1119 1197 1186; x_wconf 90' lang='lat' dir='ltr'><strong>Soboba,</strong></span> <span class='ocrx_word' id='word_1_69' title='bbox 1223 1129 1273 1173; x_wconf 91' lang='lat' dir='ltr'><strong>et</strong></span> <span class='ocrx_word' id='word_1_70' title='bbox 1314 1118 1673 1188; x_wconf 79' lang='lat' dir='ltr'><strong>cognationem</strong></span> <span class='ocrx_word' id='word_1_71' title='bbox 1699 1113 1958 1169; x_wconf 85' lang='lat' dir='ltr'><strong>Aharehel</strong></span> <span class='ocrx_word' id='word_1_72' title='bbox 1980 1113 2080 1184; x_wconf 76' lang='lat' dir='ltr'><strong>ﬁlii</strong></span> 
     </span>
    </p>
   </div>
   <div class='ocr_carea' id='block_1_10' title="bbox 499 1205 2076 1279">
    <p class='ocr_par' dir='ltr' id='par_1_10' title="bbox 499 1205 2076 1279">
     <span class='ocr_line' id='line_1_10' title="bbox 499 1205 2076 1279; baseline -0.003 -17"><span class='ocrx_word' id='word_1_73' title='bbox 499 1211 684 1263; x_wconf 84' lang='lat' dir='ltr'><strong>Arum.</strong></span> <span class='ocrx_word' id='word_1_74' title='bbox 710 1207 842 1263; x_wconf 86' lang='lat' dir='ltr'><strong>Fuit</strong></span> <span class='ocrx_word' id='word_1_75' title='bbox 869 1218 1042 1264; x_wconf 88' lang='lat' dir='ltr'><strong>autem</strong></span> <span class='ocrx_word' id='word_1_76' title='bbox 1089 1207 1248 1264; x_wconf 75' lang='lat' dir='ltr'><strong>labes</strong></span> <span class='ocrx_word' id='word_1_77' title='bbox 1291 1208 1513 1279; x_wconf 77' lang='lat' dir='ltr'><strong>inclytus</strong></span> <span class='ocrx_word' id='word_1_78' title='bbox 1539 1223 1649 1278; x_wconf 69' lang='lat' dir='ltr'><strong>prce</strong></span> <span class='ocrx_word' id='word_1_79' title='bbox 1667 1207 1918 1277; x_wconf 72' lang='lat' dir='ltr'><strong>fratribus</strong></span> <span class='ocrx_word' id='word_1_80' title='bbox 1947 1205 2076 1259; x_wconf 86' lang='lat' dir='ltr'><strong>suis.</strong></span> 
     </span>
    </p>
   </div>
   <div class='ocr_carea' id='block_1_11' title="bbox 499 1299 2080 1371">
    <p class='ocr_par' dir='ltr' id='par_1_11' title="bbox 499 1299 2080 1371">
     <span class='ocr_line' id='line_1_11' title="bbox 499 1299 2080 1371; baseline -0.001 -17"><span class='ocrx_word' id='word_1_81' title='bbox 499 1300 724 1355; x_wconf 79' lang='lat' dir='ltr'><strong>V&#39;idetur</strong></span> <span class='ocrx_word' id='word_1_82' title='bbox 751 1301 840 1356; x_wconf 90' lang='lat' dir='ltr'><strong>hic</strong></span> <span class='ocrx_word' id='word_1_83' title='bbox 867 1301 1126 1358; x_wconf 81' lang='lat' dir='ltr'><strong>confusus</strong></span> <span class='ocrx_word' id='word_1_84' title='bbox 1143 1316 1263 1358; x_wconf 88' lang='lat' dir='ltr'><strong>esse</strong></span> <span class='ocrx_word' id='word_1_85' title='bbox 1285 1303 1418 1358; x_wconf 86' lang='lat' dir='ltr'><strong>ordo</strong></span> <span class='ocrx_word' id='word_1_86' title='bbox 1466 1300 1790 1371; x_wconf 68' lang='lat' dir='ltr'><strong>Scripturae;</strong></span> <span class='ocrx_word' id='word_1_87' title='bbox 1823 1299 1948 1369; x_wconf 87' lang='lat' dir='ltr'><strong>quia</strong></span> <span class='ocrx_word' id='word_1_88' title='bbox 1981 1315 2080 1352; x_wconf 89' lang='lat' dir='ltr'><strong>nu-</strong></span> 
     </span>
    </p>
   </div>
   <div class='ocr_carea' id='block_1_12' title="bbox 503 1392 2080 1460">
    <p class='ocr_par' dir='ltr' id='par_1_12' title="bbox 503 1392 2080 1460">
     <span class='ocr_line' id='line_1_12' title="bbox 503 1392 2080 1460; baseline -0.001 -14"><span class='ocrx_word' id='word_1_89' title='bbox 503 1395 725 1449; x_wconf 88' lang='lat' dir='ltr'><strong>meratis</strong></span> <span class='ocrx_word' id='word_1_90' title='bbox 772 1393 898 1450; x_wconf 90' lang='lat' dir='ltr'><strong>ﬁliis</strong></span> <span class='ocrx_word' id='word_1_91' title='bbox 940 1394 1106 1449; x_wconf 85' lang='lat' dir='ltr'><strong>Halaa</strong></span> <span class='ocrx_word' id='word_1_92' title='bbox 1137 1405 1192 1450; x_wconf 91' lang='lat' dir='ltr'><strong>et</strong></span> <span class='ocrx_word' id='word_1_93' title='bbox 1219 1393 1418 1460; x_wconf 89' lang='lat' dir='ltr'><strong>Naara,</strong></span> <span class='ocrx_word' id='word_1_94' title='bbox 1461 1394 1640 1449; x_wconf 90' lang='lat' dir='ltr'><strong>subito</strong></span> <span class='ocrx_word' id='word_1_95' title='bbox 1669 1392 1960 1448; x_wconf 87' lang='lat' dir='ltr'><strong>introducit</strong></span> <span class='ocrx_word' id='word_1_96' title='bbox 1989 1406 2080 1445; x_wconf 91' lang='lat' dir='ltr'><strong>co-</strong></span> 
     </span>
    </p>
   </div>
   <div class='ocr_carea' id='block_1_13' title="bbox 503 1483 2080 1553">
    <p class='ocr_par' dir='ltr' id='par_1_13' title="bbox 503 1483 2080 1553">
     <span class='ocr_line' id='line_1_13' title="bbox 503 1483 2080 1553; baseline 0.001 -18"><span class='ocrx_word' id='word_1_97' title='bbox 503 1483 810 1553; x_wconf 84' lang='lat' dir='ltr'><strong>gnationem</strong></span> <span class='ocrx_word' id='word_1_98' title='bbox 829 1484 1120 1550; x_wconf 90' lang='lat' dir='ltr'><strong>Aharehel,</strong></span> <span class='ocrx_word' id='word_1_99' title='bbox 1146 1484 1243 1538; x_wconf 87' lang='lat' dir='ltr'><strong>ﬁlii</strong></span> <span class='ocrx_word' id='word_1_100' title='bbox 1263 1485 1452 1549; x_wconf 88' lang='lat' dir='ltr'><strong>Arum,</strong></span> <span class='ocrx_word' id='word_1_101' title='bbox 1476 1486 1662 1553; x_wconf 86' lang='lat' dir='ltr'><strong>sicque</strong></span> <span class='ocrx_word' id='word_1_102' title='bbox 1686 1489 2080 1552; x_wconf 87' lang='lat' dir='ltr'><strong>consequenter</strong></span> 
     </span>
    </p>
   </div>
   <div class='ocr_carea' id='block_1_14' title="bbox 503 1575 2075 1644">
    <p class='ocr_par' dir='ltr' id='par_1_14' title="bbox 503 1575 2075 1644">
     <span class='ocr_line' id='line_1_14' title="bbox 503 1575 2075 1644; baseline 0.001 -17"><span class='ocrx_word' id='word_1_103' title='bbox 503 1585 690 1630; x_wconf 88' lang='lat' dir='ltr'><strong>narrat</strong></span> <span class='ocrx_word' id='word_1_104' title='bbox 714 1576 780 1631; x_wconf 90' lang='lat' dir='ltr'><strong>de</strong></span> <span class='ocrx_word' id='word_1_105' title='bbox 801 1575 980 1631; x_wconf 88' lang='lat' dir='ltr'><strong>labes.</strong></span> <span class='ocrx_word' id='word_1_106' title='bbox 1005 1576 1173 1644; x_wconf 87' lang='lat' dir='ltr'><strong>Quem</strong></span> <span class='ocrx_word' id='word_1_107' title='bbox 1204 1577 1382 1632; x_wconf 89' lang='lat' dir='ltr'><strong>locum</strong></span> <span class='ocrx_word' id='word_1_108' title='bbox 1416 1575 1627 1631; x_wconf 69' lang='lat' dir='ltr'><strong>Hebraei</strong></span> <span class='ocrx_word' id='word_1_109' title='bbox 1647 1576 1723 1630; x_wconf 88' lang='lat' dir='ltr'><strong>ita</strong></span> <span class='ocrx_word' id='word_1_110' title='bbox 1751 1576 2075 1641; x_wconf 84' lang='lat' dir='ltr'><strong>edisserunt,</strong></span> 
     </span>
    </p>
   </div>
   <div class='ocr_carea' id='block_1_15' title="bbox 499 1665 2079 1738">
    <p class='ocr_par' dir='ltr' id='par_1_15' title="bbox 499 1665 2079 1738">
     <span class='ocr_line' id='line_1_15' title="bbox 499 1665 2079 1738; baseline 0.001 -20"><span class='ocrx_word' id='word_1_111' title='bbox 499 1665 640 1732; x_wconf 82' lang='lat' dir='ltr'><strong>quod</strong></span> <span class='ocrx_word' id='word_1_112' title='bbox 678 1665 846 1721; x_wconf 83' lang='lat' dir='ltr'><strong>Assur</strong></span> <span class='ocrx_word' id='word_1_113' title='bbox 898 1682 1058 1738; x_wconf 86' lang='lat' dir='ltr'><strong>super</strong></span> <span class='ocrx_word' id='word_1_114' title='bbox 1094 1667 1316 1722; x_wconf 83' lang='lat' dir='ltr'><strong>Halaam</strong></span> <span class='ocrx_word' id='word_1_115' title='bbox 1364 1682 1590 1722; x_wconf 87' lang='lat' dir='ltr'><strong>uxorem</strong></span> <span class='ocrx_word' id='word_1_116' title='bbox 1635 1681 1788 1721; x_wconf 91' lang='lat' dir='ltr'><strong>suam</strong></span> <span class='ocrx_word' id='word_1_117' title='bbox 1832 1665 2079 1736; x_wconf 79' lang='lat' dir='ltr'><strong>genuerit</strong></span> 
     </span>
    </p>
   </div>
   <div class='ocr_carea' id='block_1_16' title="bbox 498 1755 2080 1830">
    <p class='ocr_par' dir='ltr' id='par_1_16' title="bbox 498 1755 2080 1830">
     <span class='ocr_line' id='line_1_16' title="bbox 498 1755 2080 1830; baseline -0.001 -22"><span class='ocrx_word' id='word_1_118' title='bbox 498 1755 731 1822; x_wconf 85' lang='lat' dir='ltr'><strong>Ethnan,</strong></span> <span class='ocrx_word' id='word_1_119' title='bbox 755 1766 812 1812; x_wconf 92' lang='lat' dir='ltr'><strong>et</strong></span> <span class='ocrx_word' id='word_1_120' title='bbox 837 1755 1050 1812; x_wconf 90' lang='lat' dir='ltr'><strong>Ethnan</strong></span> <span class='ocrx_word' id='word_1_121' title='bbox 1077 1758 1322 1830; x_wconf 80' lang='lat' dir='ltr'><strong>genuerit</strong></span> <span class='ocrx_word' id='word_1_122' title='bbox 1350 1758 1474 1822; x_wconf 88' lang='lat' dir='ltr'><strong>Cos,</strong></span> <span class='ocrx_word' id='word_1_123' title='bbox 1504 1757 1608 1812; x_wconf 89' lang='lat' dir='ltr'><strong>Cos</strong></span> <span class='ocrx_word' id='word_1_124' title='bbox 1627 1765 1807 1811; x_wconf 89' lang='lat' dir='ltr'><strong>autem</strong></span> <span class='ocrx_word' id='word_1_125' title='bbox 1834 1755 2080 1826; x_wconf 83' lang='lat' dir='ltr'><strong>genuerit</strong></span> 
     </span>
    </p>
   </div>
   <div class='ocr_carea' id='block_1_17' title="bbox 501 1844 2079 1919">
    <p class='ocr_par' dir='ltr' id='par_1_17' title="bbox 501 1844 2079 1919">
     <span class='ocr_line' id='line_1_17' title="bbox 501 1844 2079 1919; baseline 0 -19"><span class='ocrx_word' id='word_1_126' title='bbox 501 1844 737 1912; x_wconf 87' lang='lat' dir='ltr'><strong>Sobaba,</strong></span> <span class='ocrx_word' id='word_1_127' title='bbox 789 1845 1004 1903; x_wconf 88' lang='lat' dir='ltr'><strong>Sobaba</strong></span> <span class='ocrx_word' id='word_1_128' title='bbox 1068 1849 1313 1919; x_wconf 79' lang='lat' dir='ltr'><strong>genuerit</strong></span> <span class='ocrx_word' id='word_1_129' title='bbox 1357 1847 1537 1916; x_wconf 86' lang='lat' dir='ltr'><strong>labes,</strong></span> <span class='ocrx_word' id='word_1_130' title='bbox 1587 1849 1679 1918; x_wconf 87' lang='lat' dir='ltr'><strong>qui</strong></span> <span class='ocrx_word' id='word_1_131' title='bbox 1740 1846 1842 1901; x_wconf 86' lang='lat' dir='ltr'><strong>fuit</strong></span> <span class='ocrx_word' id='word_1_132' title='bbox 1889 1847 2079 1902; x_wconf 90' lang='lat' dir='ltr'><strong>doctor</strong></span> 
     </span>
    </p>
   </div>
   <div class='ocr_carea' id='block_1_18' title="bbox 2181 640 3781 712">
    <p class='ocr_par' dir='ltr' id='par_1_18' title="bbox 2181 640 3781 712">
     <span class='ocr_line' id='line_1_18' title="bbox 2181 640 3781 712; baseline 0 -16"><span class='ocrx_word' id='word_1_133' title='bbox 2181 650 2231 696; x_wconf 89' lang='lat' dir='ltr'><strong>et</strong></span> <span class='ocrx_word' id='word_1_134' title='bbox 2279 643 2560 712; x_wconf 75' lang='lat' dir='ltr'><strong>sapientia,</strong></span> <span class='ocrx_word' id='word_1_135' title='bbox 2603 659 2697 712; x_wconf 91' lang='lat' dir='ltr'><strong>per</strong></span> <span class='ocrx_word' id='word_1_136' title='bbox 2735 656 2887 712; x_wconf 84' lang='lat' dir='ltr'><strong>quem</strong></span> <span class='ocrx_word' id='word_1_137' title='bbox 2922 640 3133 694; x_wconf 87' lang='lat' dir='ltr'><strong>condita</strong></span> <span class='ocrx_word' id='word_1_138' title='bbox 3178 650 3298 694; x_wconf 89' lang='lat' dir='ltr'><strong>sunt</strong></span> <span class='ocrx_word' id='word_1_139' title='bbox 3332 641 3511 696; x_wconf 85' lang='lat' dir='ltr'><strong>omnia</strong></span> <span class='ocrx_word' id='word_1_140' title='bbox 3551 658 3677 711; x_wconf 73' lang='lat' dir='ltr'><strong>qua:</strong></span> <span class='ocrx_word' id='word_1_141' title='bbox 3721 643 3781 696; x_wconf 80' lang='lat' dir='ltr'><strong>in</strong></span> 
     </span>
    </p>
   </div>
   <div class='ocr_carea' id='block_1_19' title="bbox 2181 731 3778 804">
    <p class='ocr_par' dir='ltr' id='par_1_19' title="bbox 2181 731 3778 804">
     <span class='ocr_line' id='line_1_19' title="bbox 2181 731 3778 804; baseline 0.001 -18"><span class='ocrx_word' id='word_1_142' title='bbox 2181 732 2322 788; x_wconf 73' lang='lat' dir='ltr'><strong>caelis</strong></span> <span class='ocrx_word' id='word_1_143' title='bbox 2342 743 2462 787; x_wconf 86' lang='lat' dir='ltr'><strong>sunt</strong></span> <span class='ocrx_word' id='word_1_144' title='bbox 2485 740 2666 804; x_wconf 72' lang='lat' dir='ltr'><strong>etquo:</strong></span> <span class='ocrx_word' id='word_1_145' title='bbox 2692 734 2748 786; x_wconf 89' lang='lat' dir='ltr'><strong>in</strong></span> <span class='ocrx_word' id='word_1_146' title='bbox 2773 743 2914 786; x_wconf 90' lang='lat' dir='ltr'><strong>terra</strong></span> <span class='ocrx_word' id='word_1_147' title='bbox 2937 732 2986 804; x_wconf 88' lang='lat'><strong>(1</strong></span> <span class='ocrx_word' id='word_1_148' title='bbox 3013 731 3134 787; x_wconf 88' lang='lat' dir='ltr'><strong>Cor.</strong></span> <span class='ocrx_word' id='word_1_149' title='bbox 3168 748 3222 800; x_wconf 88' lang='lat' dir='ltr'><strong>l;</strong></span> <span class='ocrx_word' id='word_1_150' title='bbox 3255 732 3368 788; x_wconf 84' lang='lat' dir='ltr'><strong>Col.</strong></span> <span class='ocrx_word' id='word_1_151' title='bbox 3401 733 3463 804; x_wconf 90' lang='grc' dir='ltr'>ι).</span> <span class='ocrx_word' id='word_1_152' title='bbox 3487 731 3588 789; x_wconf 83' lang='lat' dir='ltr'><strong>Cui</strong></span> <span class='ocrx_word' id='word_1_153' title='bbox 3613 732 3778 788; x_wconf 86' lang='lat' dir='ltr'><strong>mali-</strong></span> 
     </span>
    </p>
   </div>
   <div class='ocr_carea' id='block_1_20' title="bbox 2181 822 3780 894">
    <p class='ocr_par' dir='ltr' id='par_1_20' title="bbox 2181 822 3780 894">
     <span class='ocr_line' id='line_1_20' title="bbox 2181 822 3780 894; baseline 0 -16"><span class='ocrx_word' id='word_1_154' title='bbox 2181 823 2254 878; x_wconf 90' lang='lat' dir='ltr'><strong>tia</strong></span> <span class='ocrx_word' id='word_1_155' title='bbox 2286 823 2593 879; x_wconf 89' lang='lat' dir='ltr'><strong>invidorum</strong></span> <span class='ocrx_word' id='word_1_156' title='bbox 2611 839 2805 878; x_wconf 88' lang='lat' dir='ltr'><strong>nocere</strong></span> <span class='ocrx_word' id='word_1_157' title='bbox 2833 838 2938 877; x_wconf 90' lang='lat' dir='ltr'><strong>non</strong></span> <span class='ocrx_word' id='word_1_158' title='bbox 2973 822 3168 894; x_wconf 90' lang='lat' dir='ltr'><strong>potuit,</strong></span> <span class='ocrx_word' id='word_1_159' title='bbox 3199 839 3298 879; x_wconf 90' lang='lat' dir='ltr'><strong>nec</strong></span> <span class='ocrx_word' id='word_1_160' title='bbox 3328 822 3578 879; x_wconf 85' lang='lat' dir='ltr'><strong>diabolus</strong></span> <span class='ocrx_word' id='word_1_161' title='bbox 3603 822 3780 878; x_wconf 88' lang='lat' dir='ltr'><strong>ullum</strong></span> 
     </span>
    </p>
   </div>
   <div class='ocr_carea' id='block_1_21' title="bbox 2181 913 3781 985">
    <p class='ocr_par' dir='ltr' id='par_1_21' title="bbox 2181 913 3781 985">
     <span class='ocr_line' id='line_1_21' title="bbox 2181 913 3781 985; baseline 0.001 -16"><span class='ocrx_word' id='word_1_162' title='bbox 2181 913 2323 971; x_wconf 90' lang='lat' dir='ltr'><strong>ineo</strong></span> <span class='ocrx_word' id='word_1_163' title='bbox 2365 916 2554 971; x_wconf 84' lang='lat' dir='ltr'><strong>habuit</strong></span> <span class='ocrx_word' id='word_1_164' title='bbox 2604 916 2974 981; x_wconf 88' lang='lat' dir='ltr'><strong>dominatum,</strong></span> <span class='ocrx_word' id='word_1_165' title='bbox 3003 915 3131 985; x_wconf 88' lang='lat' dir='ltr'><strong>quia</strong></span> <span class='ocrx_word' id='word_1_166' title='bbox 3185 914 3388 970; x_wconf 90' lang='lat' dir='ltr'><strong>nullum</strong></span> <span class='ocrx_word' id='word_1_167' title='bbox 3431 915 3506 970; x_wconf 90' lang='lat' dir='ltr'><strong>ibi</strong></span> <span class='ocrx_word' id='word_1_168' title='bbox 3567 915 3781 970; x_wconf 79' lang='lat' dir='ltr'><strong>invenit</strong></span> 
     </span>
    </p>
   </div>
   <div class='ocr_carea' id='block_1_22' title="bbox 2181 1003 3780 1078">
    <p class='ocr_par' dir='ltr' id='par_1_22' title="bbox 2181 1003 3780 1078">
     <span class='ocr_line' id='line_1_22' title="bbox 2181 1003 3780 1078; baseline -0.003 -17"><span class='ocrx_word' id='word_1_169' title='bbox 2181 1015 2483 1077; x_wconf 91' lang='lat' dir='ltr'><strong>peccatum.</strong></span> <span class='ocrx_word' id='word_1_170' title='bbox 2511 1006 2664 1063; x_wconf 90' lang='lat' dir='ltr'><strong>Unde</strong></span> <span class='ocrx_word' id='word_1_171' title='bbox 2686 1007 2803 1078; x_wconf 89' lang='lat' dir='ltr'><strong>ipse</strong></span> <span class='ocrx_word' id='word_1_172' title='bbox 2826 1006 2892 1061; x_wconf 91' lang='lat' dir='ltr'><strong>de</strong></span> <span class='ocrx_word' id='word_1_173' title='bbox 2918 1005 2976 1062; x_wconf 85' lang='lat' dir='ltr'><strong>se</strong></span> <span class='ocrx_word' id='word_1_174' title='bbox 2999 1006 3076 1060; x_wconf 87' lang='lat' dir='ltr'><strong>ait</strong></span> <span class='ocrx_word' id='word_1_175' title='bbox 3105 1024 3118 1060; x_wconf 90' lang='lat'><strong>:</strong></span> <span class='ocrx_word' id='word_1_176' title='bbox 3159 1003 3310 1059; x_wconf 74' lang='lat' dir='ltr'><strong>Venit</strong></span> <span class='ocrx_word' id='word_1_177' title='bbox 3329 1006 3570 1074; x_wconf 82' lang='lat' dir='ltr'><strong>princeps</strong></span> <span class='ocrx_word' id='word_1_178' title='bbox 3586 1004 3780 1057; x_wconf 85' lang='lat' dir='ltr'><strong>mundi</strong></span> 
     </span>
    </p>
   </div>
   <div class='ocr_carea' id='block_1_23' title="bbox 2183 1095 3781 1169">
    <p class='ocr_par' dir='ltr' id='par_1_23' title="bbox 2183 1095 3781 1169">
     <span class='ocr_line' id='line_1_23' title="bbox 2183 1095 3781 1169; baseline 0.001 -19"><span class='ocrx_word' id='word_1_179' title='bbox 2183 1097 2362 1168; x_wconf 84' lang='lat' dir='ltr'><strong>hujus,</strong></span> <span class='ocrx_word' id='word_1_180' title='bbox 2386 1108 2434 1152; x_wconf 92' lang='lat' dir='ltr'><strong>et</strong></span> <span class='ocrx_word' id='word_1_181' title='bbox 2461 1098 2516 1152; x_wconf 87' lang='lat' dir='ltr'><strong>in</strong></span> <span class='ocrx_word' id='word_1_182' title='bbox 2545 1114 2626 1152; x_wconf 91' lang='lat' dir='ltr'><strong>me</strong></span> <span class='ocrx_word' id='word_1_183' title='bbox 2650 1115 2753 1152; x_wconf 87' lang='lat' dir='ltr'><strong>non</strong></span> <span class='ocrx_word' id='word_1_184' title='bbox 2774 1096 2925 1152; x_wconf 85' lang='lat' dir='ltr'><strong>habet</strong></span> <span class='ocrx_word' id='word_1_185' title='bbox 2947 1096 3235 1169; x_wconf 82' lang='lat' dir='ltr'><strong>quidquam</strong></span> <span class='ocrx_word' id='word_1_186' title='bbox 3264 1095 3446 1168; x_wconf 82' lang='lat' dir='ltr'><strong>(loan.</strong></span> <span class='ocrx_word' id='word_1_187' title='bbox 3477 1096 3618 1168; x_wconf 71' lang='lat' dir='ltr'><strong>xxv).</strong></span> <span class='ocrx_word' id='word_1_188' title='bbox 3654 1095 3781 1151; x_wconf 67' lang='lat' dir='ltr'><strong>Hauc</strong></span> 
     </span>
    </p>
   </div>
   <div class='ocr_carea' id='block_1_24' title="bbox 2181 1187 3779 1262">
    <p class='ocr_par' dir='ltr' id='par_1_24' title="bbox 2181 1187 3779 1262">
     <span class='ocr_line' id='line_1_24' title="bbox 2181 1187 3779 1262; baseline 0 -20"><span class='ocrx_word' id='word_1_189' title='bbox 2181 1202 2310 1262; x_wconf 90' lang='lat' dir='ltr'><strong>ergo</strong></span> <span class='ocrx_word' id='word_1_190' title='bbox 2361 1197 2760 1259; x_wconf 56' lang='lat' dir='ltr'><strong>praecesserunt</strong></span> <span class='ocrx_word' id='word_1_191' title='bbox 2789 1190 2844 1243; x_wconf 91' lang='lat' dir='ltr'><strong>in</strong></span> <span class='ocrx_word' id='word_1_192' title='bbox 2871 1190 3049 1258; x_wconf 84' lang='lat' dir='ltr'><strong>capite</strong></span> <span class='ocrx_word' id='word_1_193' title='bbox 3077 1207 3089 1242; x_wconf 91' lang='lat'><strong>:</strong></span> <span class='ocrx_word' id='word_1_194' title='bbox 3123 1196 3380 1243; x_wconf 67' lang='lat' dir='ltr'><strong>caeterum</strong></span> <span class='ocrx_word' id='word_1_195' title='bbox 3412 1187 3556 1242; x_wconf 91' lang='lat' dir='ltr'><strong>dono</strong></span> <span class='ocrx_word' id='word_1_196' title='bbox 3603 1187 3779 1256; x_wconf 87' lang='lat' dir='ltr'><strong>ipsius</strong></span> 
     </span>
    </p>
   </div>
   <div class='ocr_carea' id='block_1_25' title="bbox 2179 1279 3781 1351">
    <p class='ocr_par' dir='ltr' id='par_1_25' title="bbox 2179 1279 3781 1351">
     <span class='ocr_line' id='line_1_25' title="bbox 2179 1279 3781 1351; baseline -0.005 -12"><span class='ocrx_word' id='word_1_197' title='bbox 2179 1282 2567 1339; x_wconf 88' lang='lat' dir='ltr'><strong>benedicentur</strong></span> <span class='ocrx_word' id='word_1_198' title='bbox 2600 1282 2845 1336; x_wconf 87' lang='lat' dir='ltr'><strong>membra</strong></span> <span class='ocrx_word' id='word_1_199' title='bbox 2872 1279 2988 1350; x_wconf 91' lang='lat' dir='ltr'><strong>ejus</strong></span> <span class='ocrx_word' id='word_1_200' title='bbox 3016 1289 3070 1336; x_wconf 91' lang='lat' dir='ltr'><strong>et</strong></span> <span class='ocrx_word' id='word_1_201' title='bbox 3099 1295 3317 1351; x_wconf 88' lang='lat' dir='ltr'><strong>corpus,</strong></span> <span class='ocrx_word' id='word_1_202' title='bbox 3353 1280 3492 1350; x_wconf 89' lang='lat' dir='ltr'><strong>quod</strong></span> <span class='ocrx_word' id='word_1_203' title='bbox 3523 1288 3611 1335; x_wconf 91' lang='lat' dir='ltr'><strong>est</strong></span> <span class='ocrx_word' id='word_1_204' title='bbox 3633 1279 3781 1333; x_wconf 83' lang='lat' dir='ltr'><strong>scili-</strong></span> 
     </span>
    </p>
   </div>
   <div class='ocr_carea' id='block_1_26' title="bbox 2181 1370 3781 1442">
    <p class='ocr_par' dir='ltr' id='par_1_26' title="bbox 2181 1370 3781 1442">
     <span class='ocr_line' id='line_1_26' title="bbox 2181 1370 3781 1442; baseline -0.004 -11"><span class='ocrx_word' id='word_1_205' title='bbox 2181 1385 2268 1432; x_wconf 89' lang='lat' dir='ltr'><strong>cet</strong></span> <span class='ocrx_word' id='word_1_206' title='bbox 2321 1384 2506 1430; x_wconf 88' lang='lat' dir='ltr'><strong>sancta</strong></span> <span class='ocrx_word' id='word_1_207' title='bbox 2533 1373 2796 1437; x_wconf 88' lang='lat' dir='ltr'><strong>Ecclesia,</strong></span> <span class='ocrx_word' id='word_1_208' title='bbox 2840 1371 2994 1442; x_wconf 89' lang='lat' dir='ltr'><strong>cujus</strong></span> <span class='ocrx_word' id='word_1_209' title='bbox 3031 1371 3292 1430; x_wconf 89' lang='lat' dir='ltr'><strong>terminos</strong></span> <span class='ocrx_word' id='word_1_210' title='bbox 3343 1371 3485 1426; x_wconf 90' lang='lat' dir='ltr'><strong>Deus</strong></span> <span class='ocrx_word' id='word_1_211' title='bbox 3527 1370 3781 1426; x_wconf 72' lang='lat' dir='ltr'><strong>dilatavit</strong></span> 
     </span>
    </p>
   </div>
   <div class='ocr_carea' id='block_1_27' title="bbox 2182 1464 3780 1538">
    <p class='ocr_par' dir='ltr' id='par_1_27' title="bbox 2182 1464 3780 1538">
     <span class='ocr_line' id='line_1_27' title="bbox 2182 1464 3780 1538; baseline -0.003 -16"><span class='ocrx_word' id='word_1_212' title='bbox 2182 1482 2355 1538; x_wconf 89' lang='lat' dir='ltr'><strong>usque</strong></span> <span class='ocrx_word' id='word_1_213' title='bbox 2375 1468 2445 1522; x_wconf 89' lang='lat' dir='ltr'><strong>ad</strong></span> <span class='ocrx_word' id='word_1_214' title='bbox 2471 1467 2608 1522; x_wconf 88' lang='lat' dir='ltr'><strong>ﬁnes</strong></span> <span class='ocrx_word' id='word_1_215' title='bbox 2637 1475 2817 1522; x_wconf 62' lang='lat' dir='ltr'><strong>terrai.</strong></span> <span class='ocrx_word' id='word_1_216' title='bbox 2845 1465 2944 1520; x_wconf 87' lang='lat' dir='ltr'><strong>Cui</strong></span> <span class='ocrx_word' id='word_1_217' title='bbox 2971 1480 3068 1536; x_wconf 90' lang='lat' dir='ltr'><strong>per</strong></span> <span class='ocrx_word' id='word_1_218' title='bbox 3095 1465 3288 1521; x_wconf 84' lang='lat' dir='ltr'><strong>Isaiam</strong></span> <span class='ocrx_word' id='word_1_219' title='bbox 3319 1467 3510 1520; x_wconf 86' lang='lat' dir='ltr'><strong>dicitur</strong></span> <span class='ocrx_word' id='word_1_220' title='bbox 3545 1486 3557 1518; x_wconf 92' lang='lat'>:</span> <span class='ocrx_word' id='word_1_221' title='bbox 3591 1464 3780 1518; x_wconf 78' lang='lat' dir='ltr'><strong>Dilata</strong></span> 
     </span>
    </p>
   </div>
   <div class='ocr_carea' id='block_1_28' title="bbox 2181 1557 3781 1629">
    <p class='ocr_par' dir='ltr' id='par_1_28' title="bbox 2181 1557 3781 1629">
     <span class='ocr_line' id='line_1_28' title="bbox 2181 1557 3781 1629; baseline -0.001 -16"><span class='ocrx_word' id='word_1_222' title='bbox 2181 1559 2356 1615; x_wconf 91' lang='lat' dir='ltr'><strong>locum</strong></span> <span class='ocrx_word' id='word_1_223' title='bbox 2415 1559 2624 1614; x_wconf 88' lang='lat' dir='ltr'><strong>tentorii</strong></span> <span class='ocrx_word' id='word_1_224' title='bbox 2680 1560 2793 1626; x_wconf 89' lang='lat' dir='ltr'><strong>tui,</strong></span> <span class='ocrx_word' id='word_1_225' title='bbox 2851 1569 2897 1614; x_wconf 88' lang='lat' dir='ltr'><strong>et</strong></span> <span class='ocrx_word' id='word_1_226' title='bbox 2937 1557 3094 1629; x_wconf 87' lang='lat' dir='ltr'><strong>pelles</strong></span> <span class='ocrx_word' id='word_1_227' title='bbox 3143 1558 3606 1612; x_wconf 83' lang='lat' dir='ltr'><strong>tabernaculorum</strong></span> <span class='ocrx_word' id='word_1_228' title='bbox 3665 1567 3781 1612; x_wconf 76' lang='lat' dir='ltr'><strong>tuo-</strong></span> 
     </span>
    </p>
   </div>
   <div class='ocr_carea' id='block_1_29' title="bbox 2181 1647 3778 1721">
    <p class='ocr_par' dir='ltr' id='par_1_29' title="bbox 2181 1647 3778 1721">
     <span class='ocr_line' id='line_1_29' title="bbox 2181 1647 3778 1721; baseline -0.001 -17"><span class='ocrx_word' id='word_1_229' title='bbox 2181 1667 2298 1705; x_wconf 90' lang='lat' dir='ltr'><strong>rum</strong></span> <span class='ocrx_word' id='word_1_230' title='bbox 2353 1651 2588 1716; x_wconf 70' lang='lat' dir='ltr'><strong>extende,</strong></span> <span class='ocrx_word' id='word_1_231' title='bbox 2640 1667 2704 1705; x_wconf 89' lang='lat' dir='ltr'><strong>ne</strong></span> <span class='ocrx_word' id='word_1_232' title='bbox 2729 1667 2940 1721; x_wconf 87' lang='lat' dir='ltr'><strong>parcas,</strong></span> <span class='ocrx_word' id='word_1_233' title='bbox 2991 1648 3171 1721; x_wconf 89' lang='lat' dir='ltr'><strong>longos</strong></span> <span class='ocrx_word' id='word_1_234' title='bbox 3204 1647 3289 1718; x_wconf 81' lang='lat' dir='ltr'><strong>fac</strong></span> <span class='ocrx_word' id='word_1_235' title='bbox 3335 1648 3601 1718; x_wconf 80' lang='lat' dir='ltr'><strong>funiculos</strong></span> <span class='ocrx_word' id='word_1_236' title='bbox 3635 1658 3778 1713; x_wconf 83' lang='lat' dir='ltr'><strong>tuos,</strong></span> 
     </span>
    </p>
   </div>
   <div class='ocr_carea' id='block_1_30' title="bbox 2179 1741 3781 1800">
    <p class='ocr_par' dir='ltr' id='par_1_30' title="bbox 2179 1741 3781 1800">
     <span class='ocr_line' id='line_1_30' title="bbox 2179 1741 3781 1800; baseline -0.002 0"><span class='ocrx_word' id='word_1_237' title='bbox 2179 1755 2228 1800; x_wconf 87' lang='lat' dir='ltr'><strong>et</strong></span> <span class='ocrx_word' id='word_1_238' title='bbox 2267 1743 2438 1799; x_wconf 85' lang='lat' dir='ltr'><strong>clavos</strong></span> <span class='ocrx_word' id='word_1_239' title='bbox 2491 1752 2607 1798; x_wconf 91' lang='lat' dir='ltr'><strong>tuos</strong></span> <span class='ocrx_word' id='word_1_240' title='bbox 2655 1743 2942 1799; x_wconf 86' lang='lat' dir='ltr'><strong>consolida.</strong></span> <span class='ocrx_word' id='word_1_241' title='bbox 2999 1742 3080 1796; x_wconf 79' lang='lat' dir='ltr'><strong>Ad</strong></span> <span class='ocrx_word' id='word_1_242' title='bbox 3125 1742 3364 1797; x_wconf 76' lang='lat' dir='ltr'><strong>dextram</strong></span> <span class='ocrx_word' id='word_1_243' title='bbox 3418 1743 3560 1796; x_wconf 87' lang='lat' dir='ltr'><strong>enim</strong></span> <span class='ocrx_word' id='word_1_244' title='bbox 3601 1753 3652 1796; x_wconf 85' lang='lat' dir='ltr'><strong>et</strong></span> <span class='ocrx_word' id='word_1_245' title='bbox 3689 1741 3781 1796; x_wconf 71' lang='lat' dir='ltr'><strong>ltr-</strong></span> 
     </span>
    </p>
   </div>
   <div class='ocr_carea' id='block_1_31' title="bbox 2180 1833 3776 1906">
    <p class='ocr_par' dir='ltr' id='par_1_31' title="bbox 2180 1833 3776 1906">
     <span class='ocr_line' id='line_1_31' title="bbox 2180 1833 3776 1906; baseline -0.003 -17"><span class='ocrx_word' id='word_1_246' title='bbox 2180 1852 2297 1889; x_wconf 86' lang='lat' dir='ltr'><strong>vam</strong></span> <span class='ocrx_word' id='word_1_247' title='bbox 2350 1835 2667 1906; x_wconf 90' lang='lat' dir='ltr'><strong>penetrabis,</strong></span> <span class='ocrx_word' id='word_1_248' title='bbox 2697 1845 2743 1888; x_wconf 90' lang='lat' dir='ltr'><strong>et</strong></span> <span class='ocrx_word' id='word_1_249' title='bbox 2790 1851 2963 1889; x_wconf 85' lang='lat' dir='ltr'><strong>semen</strong></span> <span class='ocrx_word' id='word_1_250' title='bbox 3006 1845 3154 1888; x_wconf 86' lang='lat' dir='ltr'><strong>tuum</strong></span> <span class='ocrx_word' id='word_1_251' title='bbox 3190 1842 3363 1904; x_wconf 79' lang='lat' dir='ltr'><strong>gentes</strong></span> <span class='ocrx_word' id='word_1_252' title='bbox 3416 1833 3776 1896; x_wconf 74' lang='lat' dir='ltr'><strong>hwreditabit,</strong></span> 
     </span>
    </p>
   </div>
   <div class='ocr_carea' id='block_1_32' title="bbox 501 1925 3778 2008">
    <p class='ocr_par' dir='ltr' id='par_1_32' title="bbox 501 1925 3778 2008">
     <span class='ocr_line' id='line_1_32' title="bbox 501 1925 3778 2008; baseline -0.004 -17"><span class='ocrx_word' id='word_1_253' title='bbox 501 1936 824 2004; x_wconf 73' lang='lat' dir='ltr'><strong>scribarum,</strong></span> <span class='ocrx_word' id='word_1_254' title='bbox 849 1940 990 1993; x_wconf 86' lang='lat' dir='ltr'><strong>sicut</strong></span> <span class='ocrx_word' id='word_1_255' title='bbox 1025 1939 1274 2008; x_wconf 90' lang='lat' dir='ltr'><strong>superius</strong></span> <span class='ocrx_word' id='word_1_256' title='bbox 1315 1940 1742 1995; x_wconf 89' lang='lat' dir='ltr'><strong>demonstratum</strong></span> <span class='ocrx_word' id='word_1_257' title='bbox 1778 1948 1878 1994; x_wconf 87' lang='lat' dir='ltr'><strong>est.</strong></span> <span class='ocrx_word' id='word_1_258' title='bbox 1925 1936 2078 2006; x_wconf 86' lang='lat' dir='ltr'><strong>Quod</strong></span> <span class='ocrx_word' id='word_1_259' title='bbox 2106 1927 2152 1987; x_wconf 90' lang='lat' dir='ltr'><strong>B</strong></span> <span class='ocrx_word' id='word_1_260' title='bbox 2180 1928 2479 1984; x_wconf 62' lang='lat' dir='ltr'><strong>et‘civitates</strong></span> <span class='ocrx_word' id='word_1_261' title='bbox 2505 1926 2735 1984; x_wconf 84' lang='lat' dir='ltr'><strong>desertas</strong></span> <span class='ocrx_word' id='word_1_262' title='bbox 2781 1927 3087 1982; x_wconf 89' lang='lat' dir='ltr'><strong>inhabitabit</strong></span> <span class='ocrx_word' id='word_1_263' title='bbox 3137 1925 3291 1998; x_wconf 84' lang='lat' dir='ltr'><strong>(lsai.</strong></span> <span class='ocrx_word' id='word_1_264' title='bbox 3325 1925 3458 1998; x_wconf 79' lang='lat' dir='ltr'><strong>Liv).</strong></span> <span class='ocrx_word' id='word_1_265' title='bbox 3493 1925 3635 1980; x_wconf 91' lang='lat' dir='ltr'><strong>Cum</strong></span> <span class='ocrx_word' id='word_1_266' title='bbox 3675 1942 3778 1996; x_wconf 86' lang='lat' dir='ltr'><strong>qua</strong></span> 
     </span>
    </p>
   </div>
   <div class='ocr_carea' id='block_1_33' title="bbox 498 2028 2078 2103">
    <p class='ocr_par' dir='ltr' id='par_1_33' title="bbox 498 2028 2078 2103">
     <span class='ocr_line' id='line_1_33' title="bbox 498 2028 2078 2103; baseline 0.004 -23"><span class='ocrx_word' id='word_1_267' title='bbox 498 2043 626 2082; x_wconf 88' lang='lat' dir='ltr'><strong>vero</strong></span> <span class='ocrx_word' id='word_1_268' title='bbox 678 2028 819 2085; x_wconf 90' lang='lat' dir='ltr'><strong>inter</strong></span> <span class='ocrx_word' id='word_1_269' title='bbox 845 2029 951 2085; x_wconf 90' lang='lat' dir='ltr'><strong>Cos</strong></span> <span class='ocrx_word' id='word_1_270' title='bbox 990 2038 1045 2085; x_wconf 91' lang='lat' dir='ltr'><strong>et</strong></span> <span class='ocrx_word' id='word_1_271' title='bbox 1079 2030 1240 2087; x_wconf 87' lang='lat' dir='ltr'><strong>labes</strong></span> <span class='ocrx_word' id='word_1_272' title='bbox 1289 2031 1705 2088; x_wconf 88' lang='lat' dir='ltr'><strong>introducuntur</strong></span> <span class='ocrx_word' id='word_1_273' title='bbox 1731 2032 2078 2103; x_wconf 71' lang='lat' dir='ltr'><strong>cognationes</strong></span> 
     </span>
    </p>
   </div>
   <div class='ocr_carea' id='block_1_34' title="bbox 497 2118 2079 2194">
    <p class='ocr_par' dir='ltr' id='par_1_34' title="bbox 497 2118 2079 2194">
     <span class='ocr_line' id='line_1_34' title="bbox 497 2118 2079 2194; baseline 0 -20"><span class='ocrx_word' id='word_1_274' title='bbox 497 2118 786 2187; x_wconf 82' lang='lat' dir='ltr'><strong>Aharebel,</strong></span> <span class='ocrx_word' id='word_1_275' title='bbox 811 2120 908 2176; x_wconf 86' lang='lat' dir='ltr'><strong>ﬁlii</strong></span> <span class='ocrx_word' id='word_1_276' title='bbox 933 2121 1122 2190; x_wconf 83' lang='lat' dir='ltr'><strong>Arum,</strong></span> <span class='ocrx_word' id='word_1_277' title='bbox 1157 2125 1274 2179; x_wconf 69' lang='lat' dir='ltr'><strong>haec</strong></span> <span class='ocrx_word' id='word_1_278' title='bbox 1299 2140 1465 2179; x_wconf 91' lang='lat' dir='ltr'><strong>causa</strong></span> <span class='ocrx_word' id='word_1_279' title='bbox 1495 2131 1597 2188; x_wconf 88' lang='lat' dir='ltr'><strong>est,</strong></span> <span class='ocrx_word' id='word_1_280' title='bbox 1621 2123 1766 2194; x_wconf 85' lang='lat' dir='ltr'><strong>quod</strong></span> <span class='ocrx_word' id='word_1_281' title='bbox 1805 2121 2079 2177; x_wconf 84' lang='lat' dir='ltr'><strong>Aharehel</strong></span> 
     </span>
    </p>
   </div>
   <div class='ocr_carea' id='block_1_35' title="bbox 497 2210 2080 2285">
    <p class='ocr_par' dir='ltr' id='par_1_35' title="bbox 497 2210 2080 2285">
     <span class='ocr_line' id='line_1_35' title="bbox 497 2210 2080 2285; baseline 0.004 -21"><span class='ocrx_word' id='word_1_282' title='bbox 497 2210 610 2281; x_wconf 89' lang='lat' dir='ltr'><strong>ipse</strong></span> <span class='ocrx_word' id='word_1_283' title='bbox 648 2212 720 2266; x_wconf 88' lang='lat' dir='ltr'><strong>sit</strong></span> <span class='ocrx_word' id='word_1_284' title='bbox 754 2211 905 2269; x_wconf 88' lang='lat' dir='ltr'><strong>Obab</strong></span> <span class='ocrx_word' id='word_1_285' title='bbox 943 2213 1084 2270; x_wconf 89' lang='lat' dir='ltr'><strong>ﬁlius</strong></span> <span class='ocrx_word' id='word_1_286' title='bbox 1122 2215 1291 2282; x_wconf 81' lang='lat' dir='ltr'><strong>Arari,</strong></span> <span class='ocrx_word' id='word_1_287' title='bbox 1327 2216 1428 2271; x_wconf 90' lang='lat' dir='ltr'><strong>hoc</strong></span> <span class='ocrx_word' id='word_1_288' title='bbox 1462 2223 1566 2282; x_wconf 91' lang='lat' dir='ltr'><strong>est,</strong></span> <span class='ocrx_word' id='word_1_289' title='bbox 1604 2213 1791 2271; x_wconf 88' lang='lat' dir='ltr'><strong>lethro</strong></span> <span class='ocrx_word' id='word_1_290' title='bbox 1819 2222 2080 2285; x_wconf 88' lang='lat' dir='ltr'><strong>cognatus</strong></span> 
     </span>
    </p>
   </div>
   <div class='ocr_carea' id='block_1_36' title="bbox 497 2297 2080 2378">
    <p class='ocr_par' dir='ltr' id='par_1_36' title="bbox 497 2297 2080 2378">
     <span class='ocr_line' id='line_1_36' title="bbox 497 2297 2080 2378; baseline 0.003 -23"><span class='ocrx_word' id='word_1_291' title='bbox 497 2297 682 2375; x_wconf 84' lang='lat' dir='ltr'><strong>Moysi.</strong></span> <span class='ocrx_word' id='word_1_292' title='bbox 716 2303 852 2371; x_wconf 85' lang='lat' dir='ltr'><strong>Quia</strong></span> <span class='ocrx_word' id='word_1_293' title='bbox 882 2321 1011 2378; x_wconf 90' lang='lat' dir='ltr'><strong>ergo</strong></span> <span class='ocrx_word' id='word_1_294' title='bbox 1036 2304 1201 2362; x_wconf 88' lang='lat' dir='ltr'><strong>labes</strong></span> <span class='ocrx_word' id='word_1_295' title='bbox 1252 2307 1480 2363; x_wconf 87' lang='lat' dir='ltr'><strong>docebat</strong></span> <span class='ocrx_word' id='word_1_296' title='bbox 1519 2321 1612 2362; x_wconf 91' lang='lat' dir='ltr'><strong>eos</strong></span> <span class='ocrx_word' id='word_1_297' title='bbox 1658 2306 1968 2362; x_wconf 86' lang='lat' dir='ltr'><strong>habitantes</strong></span> <span class='ocrx_word' id='word_1_298' title='bbox 2023 2307 2080 2360; x_wconf 90' lang='lat' dir='ltr'><strong>in</strong></span> 
     </span>
    </p>
   </div>
   <div class='ocr_carea' id='block_1_37' title="bbox 497 2395 2081 2469">
    <p class='ocr_par' dir='ltr' id='par_1_37' title="bbox 497 2395 2081 2469">
     <span class='ocr_line' id='line_1_37' title="bbox 497 2395 2081 2469; baseline 0.004 -21"><span class='ocrx_word' id='word_1_299' title='bbox 497 2395 763 2462; x_wconf 85' lang='lat' dir='ltr'><strong>tentoriis,</strong></span> <span class='ocrx_word' id='word_1_300' title='bbox 788 2397 933 2452; x_wconf 87' lang='lat' dir='ltr'><strong>sicut</strong></span> <span class='ocrx_word' id='word_1_301' title='bbox 959 2399 1206 2469; x_wconf 83' lang='lat' dir='ltr'><strong>superius</strong></span> <span class='ocrx_word' id='word_1_302' title='bbox 1227 2398 1342 2468; x_wconf 88' lang='lat' dir='ltr'><strong>jam</strong></span> <span class='ocrx_word' id='word_1_303' title='bbox 1371 2400 1576 2454; x_wconf 91' lang='lat' dir='ltr'><strong>dictum</strong></span> <span class='ocrx_word' id='word_1_304' title='bbox 1618 2407 1731 2465; x_wconf 90' lang='lat' dir='ltr'><strong>est,</strong></span> <span class='ocrx_word' id='word_1_305' title='bbox 1763 2398 1881 2453; x_wconf 92' lang='lat' dir='ltr'><strong>ideo</strong></span> <span class='ocrx_word' id='word_1_306' title='bbox 1909 2399 2081 2454; x_wconf 90' lang='lat' dir='ltr'><strong>intro-</strong></span> 
     </span>
    </p>
   </div>
   <div class='ocr_carea' id='block_1_38' title="bbox 496 2485 2079 2562">
    <p class='ocr_par' dir='ltr' id='par_1_38' title="bbox 496 2485 2079 2562">
     <span class='ocr_line' id='line_1_38' title="bbox 496 2485 2079 2562; baseline 0.005 -22"><span class='ocrx_word' id='word_1_307' title='bbox 496 2485 769 2542; x_wconf 90' lang='lat' dir='ltr'><strong>ducuntur</strong></span> <span class='ocrx_word' id='word_1_308' title='bbox 796 2488 852 2543; x_wconf 92' lang='lat' dir='ltr'><strong>in</strong></span> <span class='ocrx_word' id='word_1_309' title='bbox 897 2489 1018 2561; x_wconf 87' lang='lat' dir='ltr'><strong>ejus</strong></span> <span class='ocrx_word' id='word_1_310' title='bbox 1057 2491 1334 2562; x_wconf 72' lang='lat' dir='ltr'><strong>progenie,</strong></span> <span class='ocrx_word' id='word_1_311' title='bbox 1363 2492 1517 2562; x_wconf 91' lang='lat' dir='ltr'><strong>quasi</strong></span> <span class='ocrx_word' id='word_1_312' title='bbox 1555 2507 1587 2546; x_wconf 90' lang='lat' dir='ltr'><strong>a</strong></span> <span class='ocrx_word' id='word_1_313' title='bbox 1626 2492 1925 2562; x_wconf 86' lang='lat' dir='ltr'><strong>majoribus</strong></span> <span class='ocrx_word' id='word_1_314' title='bbox 1963 2490 2079 2560; x_wconf 89' lang='lat' dir='ltr'><strong>ejus</strong></span> 
     </span>
    </p>
   </div>
   <div class='ocr_carea' id='block_1_39' title="bbox 495 2577 2082 2653">
    <p class='ocr_par' dir='ltr' id='par_1_39' title="bbox 495 2577 2082 2653">
     <span class='ocr_line' id='line_1_39' title="bbox 495 2577 2082 2653; baseline 0.006 -25"><span class='ocrx_word' id='word_1_315' title='bbox 495 2577 760 2646; x_wconf 77' lang='lat' dir='ltr'><strong>progeniti</strong></span> <span class='ocrx_word' id='word_1_316' title='bbox 780 2578 907 2633; x_wconf 88' lang='lat' dir='ltr'><strong>sint.</strong></span> <span class='ocrx_word' id='word_1_317' title='bbox 932 2579 1087 2646; x_wconf 86' lang='lat' dir='ltr'><strong>Quod</strong></span> <span class='ocrx_word' id='word_1_318' title='bbox 1105 2589 1286 2635; x_wconf 90' lang='lat' dir='ltr'><strong>autem</strong></span> <span class='ocrx_word' id='word_1_319' title='bbox 1307 2581 1466 2636; x_wconf 90' lang='lat' dir='ltr'><strong>labes</strong></span> <span class='ocrx_word' id='word_1_320' title='bbox 1489 2581 1686 2637; x_wconf 91' lang='lat' dir='ltr'><strong>dicitur</strong></span> <span class='ocrx_word' id='word_1_321' title='bbox 1708 2582 1942 2653; x_wconf 86' lang='lat' dir='ltr'><strong>inclytus</strong></span> <span class='ocrx_word' id='word_1_322' title='bbox 1961 2597 2082 2638; x_wconf 89' lang='lat' dir='ltr'><strong>esse</strong></span> 
     </span>
    </p>
   </div>
   <div class='ocr_carea' id='block_1_40' title="bbox 501 2669 2081 2744">
    <p class='ocr_par' dir='ltr' id='par_1_40' title="bbox 501 2669 2081 2744">
     <span class='ocr_line' id='line_1_40' title="bbox 501 2669 2081 2744; baseline 0.005 -23"><span class='ocrx_word' id='word_1_323' title='bbox 501 2683 613 2737; x_wconf 74' lang='lat' dir='ltr'><strong>pra:</strong></span> <span class='ocrx_word' id='word_1_324' title='bbox 638 2669 896 2726; x_wconf 85' lang='lat' dir='ltr'><strong>fratribus</strong></span> <span class='ocrx_word' id='word_1_325' title='bbox 953 2672 1084 2738; x_wconf 90' lang='lat' dir='ltr'><strong>suis,</strong></span> <span class='ocrx_word' id='word_1_326' title='bbox 1131 2673 1358 2743; x_wconf 85' lang='lat' dir='ltr'><strong>mystice</strong></span> <span class='ocrx_word' id='word_1_327' title='bbox 1387 2675 1622 2729; x_wconf 86' lang='lat' dir='ltr'><strong>ostendit</strong></span> <span class='ocrx_word' id='word_1_328' title='bbox 1665 2672 2081 2744; x_wconf 80' lang='lat' dir='ltr'><strong>Redemptorem</strong></span> 
     </span>
    </p>
   </div>
   <div class='ocr_carea' id='block_1_41' title="bbox 496 2765 2080 2835">
    <p class='ocr_par' dir='ltr' id='par_1_41' title="bbox 496 2765 2080 2835">
     <span class='ocr_line' id='line_1_41' title="bbox 496 2765 2080 2835; baseline 0.003 -20"><span class='ocrx_word' id='word_1_329' title='bbox 496 2768 741 2832; x_wconf 87' lang='lat' dir='ltr'><strong>nostrum</strong></span> <span class='ocrx_word' id='word_1_330' title='bbox 771 2778 933 2834; x_wconf 88' lang='lat' dir='ltr'><strong>supra</strong></span> <span class='ocrx_word' id='word_1_331' title='bbox 973 2778 1190 2820; x_wconf 91' lang='lat' dir='ltr'><strong>omnem</strong></span> <span class='ocrx_word' id='word_1_332' title='bbox 1242 2765 1580 2822; x_wconf 87' lang='lat' dir='ltr'><strong>altitudinem</strong></span> <span class='ocrx_word' id='word_1_333' title='bbox 1631 2775 1944 2822; x_wconf 87' lang='lat' dir='ltr'><strong>sanctorum</strong></span> <span class='ocrx_word' id='word_1_334' title='bbox 1985 2780 2080 2835; x_wconf 93' lang='lat' dir='ltr'><strong>po-</strong></span> 
     </span>
    </p>
   </div>
   <div class='ocr_carea' id='block_1_42' title="bbox 498 2853 2079 2928">
    <p class='ocr_par' dir='ltr' id='par_1_42' title="bbox 498 2853 2079 2928">
     <span class='ocr_line' id='line_1_42' title="bbox 498 2853 2079 2928; baseline 0.003 -20"><span class='ocrx_word' id='word_1_335' title='bbox 498 2853 668 2908; x_wconf 88' lang='lat' dir='ltr'><strong>tentia</strong></span> <span class='ocrx_word' id='word_1_336' title='bbox 712 2853 928 2910; x_wconf 91' lang='lat' dir='ltr'><strong>virtutis</strong></span> <span class='ocrx_word' id='word_1_337' title='bbox 957 2871 1067 2912; x_wconf 76' lang='lat' dir='ltr'><strong>suae</strong></span> <span class='ocrx_word' id='word_1_338' title='bbox 1116 2855 1431 2924; x_wconf 82' lang='lat' dir='ltr'><strong>exaltatum,</strong></span> <span class='ocrx_word' id='word_1_339' title='bbox 1453 2857 1520 2912; x_wconf 89' lang='lat' dir='ltr'><strong>de</strong></span> <span class='ocrx_word' id='word_1_340' title='bbox 1558 2871 1668 2928; x_wconf 90' lang='lat' dir='ltr'><strong>quo</strong></span> <span class='ocrx_word' id='word_1_341' title='bbox 1701 2857 1973 2928; x_wconf 81' lang='lat' dir='ltr'><strong>PrOpheta</strong></span> <span class='ocrx_word' id='word_1_342' title='bbox 1995 2858 2079 2913; x_wconf 91' lang='lat' dir='ltr'><strong>di-</strong></span> 
     </span>
    </p>
   </div>
   <div class='ocr_carea' id='block_1_43' title="bbox 494 2944 2081 3020">
    <p class='ocr_par' dir='ltr' id='par_1_43' title="bbox 494 2944 2081 3020">
     <span class='ocr_line' id='line_1_43' title="bbox 494 2944 2081 3020; baseline 0.003 -22"><span class='ocrx_word' id='word_1_343' title='bbox 494 2945 612 2999; x_wconf 91' lang='lat' dir='ltr'><strong>cit:</strong></span> <span class='ocrx_word' id='word_1_344' title='bbox 645 2944 921 3016; x_wconf 87' lang='lat' dir='ltr'><strong>Speciosus</strong></span> <span class='ocrx_word' id='word_1_345' title='bbox 969 2948 1141 3018; x_wconf 81' lang='lat' dir='ltr'><strong>forma</strong></span> <span class='ocrx_word' id='word_1_346' title='bbox 1181 2964 1290 3020; x_wconf 77' lang='lat' dir='ltr'><strong>pne</strong></span> <span class='ocrx_word' id='word_1_347' title='bbox 1333 2947 1461 3017; x_wconf 80' lang='lat' dir='ltr'><strong>ﬁliis</strong></span> <span class='ocrx_word' id='word_1_348' title='bbox 1517 2949 1788 3003; x_wconf 81' lang='lat' dir='ltr'><strong>hominum</strong></span> <span class='ocrx_word' id='word_1_349' title='bbox 1815 2989 1830 3014; x_wconf 94' lang='lat'><strong>,</strong></span> <span class='ocrx_word' id='word_1_350' title='bbox 1883 2949 2081 3018; x_wconf 73' lang='lat' dir='ltr'><strong>cli/fusa</strong></span> 
     </span>
    </p>
   </div>
   <div class='ocr_carea' id='block_1_44' title="bbox 493 3026 2081 3112">
    <p class='ocr_par' dir='ltr' id='par_1_44' title="bbox 493 3026 2081 3112">
     <span class='ocr_line' id='line_1_44' title="bbox 493 3026 2081 3112; baseline 0.003 -24"><span class='ocrx_word' id='word_1_351' title='bbox 493 3044 570 3088; x_wconf 88' lang='lat' dir='ltr'><strong>est</strong></span> <span class='ocrx_word' id='word_1_352' title='bbox 609 3038 783 3106; x_wconf 87' lang='lat' dir='ltr'><strong>gratia</strong></span> <span class='ocrx_word' id='word_1_353' title='bbox 827 3038 884 3092; x_wconf 88' lang='lat' dir='ltr'><strong>in</strong></span> <span class='ocrx_word' id='word_1_354' title='bbox 917 3037 1069 3093; x_wconf 79' lang='lat' dir='ltr'><strong>labiis</strong></span> <span class='ocrx_word' id='word_1_355' title='bbox 1113 3026 1216 3094; x_wconf 63' lang='lat' dir='ltr'><strong>tuii</strong></span> <span class='ocrx_word' id='word_1_356' title='bbox 1266 3038 1438 3111; x_wconf 88' lang='lat' dir='ltr'><strong>(Psal.</strong></span> <span class='ocrx_word' id='word_1_357' title='bbox 1472 3039 1640 3112; x_wconf 73' lang='lat' dir='ltr'><strong>Iuv).</strong></span> <span class='ocrx_word' id='word_1_358' title='bbox 1680 3039 1746 3094; x_wconf 88' lang='lat' dir='ltr'><strong>Et</strong></span> <span class='ocrx_word' id='word_1_359' title='bbox 1773 3039 1902 3094; x_wconf 91' lang='lat' dir='ltr'><strong>item</strong></span> <span class='ocrx_word' id='word_1_360' title='bbox 1937 3057 1949 3092; x_wconf 91' lang='lat'>:</span> <span class='ocrx_word' id='word_1_361' title='bbox 1986 3039 2081 3092; x_wconf 88' lang='lat' dir='ltr'><strong>Di-</strong></span> 
     </span>
    </p>
   </div>
   <div class='ocr_carea' id='block_1_45' title="bbox 494 3124 2082 3203">
    <p class='ocr_par' dir='ltr' id='par_1_45' title="bbox 494 3124 2082 3203">
     <span class='ocr_line' id='line_1_45' title="bbox 494 3124 2082 3203; baseline 0.005 -25"><span class='ocrx_word' id='word_1_362' title='bbox 494 3124 692 3194; x_wconf 75' lang='lat' dir='ltr'><strong>lexisti,</strong></span> <span class='ocrx_word' id='word_1_363' title='bbox 735 3127 941 3198; x_wconf 90' lang='lat' dir='ltr'><strong>inquit,</strong></span> <span class='ocrx_word' id='word_1_364' title='bbox 960 3130 1252 3200; x_wconf 86' lang='lat' dir='ltr'><strong>justitiam,</strong></span> <span class='ocrx_word' id='word_1_365' title='bbox 1294 3140 1343 3185; x_wconf 89' lang='lat' dir='ltr'><strong>et</strong></span> <span class='ocrx_word' id='word_1_366' title='bbox 1377 3131 1534 3186; x_wconf 87' lang='lat' dir='ltr'><strong>odisti</strong></span> <span class='ocrx_word' id='word_1_367' title='bbox 1571 3131 1931 3203; x_wconf 85' lang='lat' dir='ltr'><strong>iniquitatem;</strong></span> <span class='ocrx_word' id='word_1_368' title='bbox 1964 3148 2082 3202; x_wconf 87' lang='lat' dir='ltr'><strong>pro-</strong></span> 
     </span>
    </p>
   </div>
   <div class='ocr_carea' id='block_1_46' title="bbox 492 3221 2078 3296">
    <p class='ocr_par' dir='ltr' id='par_1_46' title="bbox 492 3221 2078 3296">
     <span class='ocr_line' id='line_1_46' title="bbox 492 3221 2078 3296; baseline 0.004 -24"><span class='ocrx_word' id='word_1_369' title='bbox 492 3229 667 3288; x_wconf 87' lang='lat' dir='ltr'><strong>pterea</strong></span> <span class='ocrx_word' id='word_1_370' title='bbox 690 3223 840 3276; x_wconf 68' lang='lat' dir='ltr'><strong>unxit</strong></span> <span class='ocrx_word' id='word_1_371' title='bbox 866 3230 914 3278; x_wconf 87' lang='lat' dir='ltr'><strong>te</strong></span> <span class='ocrx_word' id='word_1_372' title='bbox 938 3221 1102 3292; x_wconf 88' lang='lat' dir='ltr'><strong>Deus,</strong></span> <span class='ocrx_word' id='word_1_373' title='bbox 1137 3222 1274 3279; x_wconf 87' lang='lat' dir='ltr'><strong>Deus</strong></span> <span class='ocrx_word' id='word_1_374' title='bbox 1302 3233 1444 3293; x_wconf 85' lang='lat' dir='ltr'><strong>tuus,</strong></span> <span class='ocrx_word' id='word_1_375' title='bbox 1467 3223 1582 3280; x_wconf 87' lang='lat' dir='ltr'><strong>oleo</strong></span> <span class='ocrx_word' id='word_1_376' title='bbox 1601 3223 1800 3281; x_wconf 67' lang='lat' dir='ltr'><strong>latitia:</strong></span> <span class='ocrx_word' id='word_1_377' title='bbox 1817 3241 1929 3296; x_wconf 80' lang='lat' dir='ltr'><strong>pra:</strong></span> <span class='ocrx_word' id='word_1_378' title='bbox 1955 3241 2078 3296; x_wconf 90' lang='lat' dir='ltr'><strong>par-</strong></span> 
     </span>
    </p>
   </div>
   <div class='ocr_carea' id='block_1_47' title="bbox 495 3311 888 3383">
    <p class='ocr_par' dir='ltr' id='par_1_47' title="bbox 495 3311 888 3383">
     <span class='ocr_line' id='line_1_47' title="bbox 495 3311 888 3383; baseline 0.013 -19"><span class='ocrx_word' id='word_1_379' title='bbox 495 3311 736 3383; x_wconf 84' lang='lat' dir='ltr'><strong>ticipibus</strong></span> <span class='ocrx_word' id='word_1_380' title='bbox 766 3315 888 3369; x_wconf 86' lang='lat' dir='ltr'><strong>tuis.</strong></span> 
     </span>
    </p>
   </div>
   <div class='ocr_carea' id='block_1_48' title="bbox 563 3421 2072 3498">
    <p class='ocr_par' dir='ltr' id='par_1_48' title="bbox 563 3421 2072 3498">
     <span class='ocr_line' id='line_1_48' title="bbox 563 3421 2072 3498; baseline 0.005 -21"><span class='ocrx_word' id='word_1_381' title='bbox 563 3421 634 3477; x_wconf 84' lang='lat' dir='ltr'><strong>Et</strong></span> <span class='ocrx_word' id='word_1_382' title='bbox 656 3435 823 3480; x_wconf 82' lang='lat' dir='ltr'><strong>mater</strong></span> <span class='ocrx_word' id='word_1_383' title='bbox 841 3428 1037 3482; x_wconf 80' lang='lat' dir='ltr'><strong>vocavit</strong></span> <span class='ocrx_word' id='word_1_384' title='bbox 1065 3443 1251 3483; x_wconf 89' lang='lat' dir='ltr'><strong>nomen</strong></span> <span class='ocrx_word' id='word_1_385' title='bbox 1297 3427 1441 3483; x_wconf 86' lang='lat' dir='ltr'><strong>illius</strong></span> <span class='ocrx_word' id='word_1_386' title='bbox 1466 3427 1659 3498; x_wconf 65' lang='lat' dir='ltr'><strong>flabes,</strong></span> <span class='ocrx_word' id='word_1_387' title='bbox 1685 3430 1862 3485; x_wconf 84' lang='lat' dir='ltr'><strong>dicens</strong></span> <span class='ocrx_word' id='word_1_388' title='bbox 1886 3443 1906 3482; x_wconf 90' lang='lat'><strong><em>:</em></strong></span> <span class='ocrx_word' id='word_1_389' title='bbox 1932 3429 2072 3496; x_wconf 84' lang='lat' dir='ltr'><strong>Quia</strong></span> 
     </span>
    </p>
   </div>
   <div class='ocr_carea' id='block_1_49' title="bbox 493 3519 2074 3594">
    <p class='ocr_par' dir='ltr' id='par_1_49' title="bbox 493 3519 2074 3594">
     <span class='ocr_line' id='line_1_49' title="bbox 493 3519 2074 3594; baseline 0.006 -25"><span class='ocrx_word' id='word_1_390' title='bbox 493 3519 670 3587; x_wconf 83' lang='lat' dir='ltr'><strong>peperi</strong></span> <span class='ocrx_word' id='word_1_391' title='bbox 696 3535 813 3572; x_wconf 88' lang='lat' dir='ltr'><strong>eum</strong></span> <span class='ocrx_word' id='word_1_392' title='bbox 835 3519 892 3574; x_wconf 88' lang='lat' dir='ltr'><strong>in</strong></span> <span class='ocrx_word' id='word_1_393' title='bbox 919 3519 1118 3576; x_wconf 87' lang='lat' dir='ltr'><strong>dolore.</strong></span> <span class='ocrx_word' id='word_1_394' title='bbox 1151 3521 1376 3576; x_wconf 87' lang='lat' dir='ltr'><strong>Matrem</strong></span> <span class='ocrx_word' id='word_1_395' title='bbox 1408 3522 1497 3578; x_wconf 90' lang='lat' dir='ltr'><strong>hic</strong></span> <span class='ocrx_word' id='word_1_396' title='bbox 1533 3539 1641 3580; x_wconf 91' lang='lat' dir='ltr'><strong>non</strong></span> <span class='ocrx_word' id='word_1_397' title='bbox 1665 3522 1890 3578; x_wconf 83' lang='lat' dir='ltr'><strong>Mariam</strong></span> <span class='ocrx_word' id='word_1_398' title='bbox 1915 3524 2074 3594; x_wconf 89' lang='lat' dir='ltr'><strong>virgi-</strong></span> 
     </span>
    </p>
   </div>
   <div class='ocr_carea' id='block_1_50' title="bbox 496 3609 2072 3688">
    <p class='ocr_par' dir='ltr' id='par_1_50' title="bbox 496 3609 2072 3688">
     <span class='ocr_line' id='line_1_50' title="bbox 496 3609 2072 3688; baseline 0.007 -27"><span class='ocrx_word' id='word_1_399' title='bbox 496 3622 620 3662; x_wconf 89' lang='lat' dir='ltr'><strong>nem</strong></span> <span class='ocrx_word' id='word_1_400' title='bbox 647 3609 905 3666; x_wconf 89' lang='lat' dir='ltr'><strong>debemus</strong></span> <span class='ocrx_word' id='word_1_401' title='bbox 929 3611 1249 3683; x_wconf 82' lang='lat' dir='ltr'><strong>intelligere,</strong></span> <span class='ocrx_word' id='word_1_402' title='bbox 1277 3629 1398 3684; x_wconf 84' lang='lat' dir='ltr'><strong>quae</strong></span> <span class='ocrx_word' id='word_1_403' title='bbox 1424 3615 1734 3688; x_wconf 90' lang='lat' dir='ltr'><strong>incorrupta</strong></span> <span class='ocrx_word' id='word_1_404' title='bbox 1755 3626 1813 3672; x_wconf 90' lang='lat' dir='ltr'><strong>et</strong></span> <span class='ocrx_word' id='word_1_405' title='bbox 1847 3617 2072 3673; x_wconf 81' lang='lat' dir='ltr'><strong>inteme-</strong></span> 
     </span>
    </p>
   </div>
   <div class='ocr_carea' id='block_1_51' title="bbox 495 3699 2070 3782">
    <p class='ocr_par' dir='ltr' id='par_1_51' title="bbox 495 3699 2070 3782">
     <span class='ocr_line' id='line_1_51' title="bbox 495 3699 2070 3782; baseline 0.006 -31"><span class='ocrx_word' id='word_1_406' title='bbox 495 3705 619 3753; x_wconf 91' lang='lat' dir='ltr'><strong>rata</strong></span> <span class='ocrx_word' id='word_1_407' title='bbox 647 3699 765 3757; x_wconf 89' lang='lat' dir='ltr'><strong>sine</strong></span> <span class='ocrx_word' id='word_1_408' title='bbox 790 3700 976 3758; x_wconf 90' lang='lat' dir='ltr'><strong>dolore</strong></span> <span class='ocrx_word' id='word_1_409' title='bbox 1006 3712 1194 3774; x_wconf 90' lang='lat' dir='ltr'><strong>partus</strong></span> <span class='ocrx_word' id='word_1_410' title='bbox 1237 3706 1421 3782; x_wconf 80' lang='lat' dir='ltr'><strong>genuit</strong></span> <span class='ocrx_word' id='word_1_411' title='bbox 1446 3709 1604 3764; x_wconf 88' lang='lat' dir='ltr'><strong>nobis</strong></span> <span class='ocrx_word' id='word_1_412' title='bbox 1627 3707 1914 3764; x_wconf 92' lang='lat' dir='ltr'><strong>Dominum</strong></span> <span class='ocrx_word' id='word_1_413' title='bbox 1952 3707 2070 3763; x_wconf 89' lang='lat' dir='ltr'><strong>Sal-</strong></span> 
     </span>
    </p>
   </div>
   <div class='ocr_carea' id='block_1_52' title="bbox 491 3792 2072 3869">
    <p class='ocr_par' dir='ltr' id='par_1_52' title="bbox 491 3792 2072 3869">
     <span class='ocr_line' id='line_1_52' title="bbox 491 3792 2072 3869; baseline 0.006 -26"><span class='ocrx_word' id='word_1_414' title='bbox 491 3798 754 3859; x_wconf 89' lang='lat' dir='ltr'><strong>vatorem,</strong></span> <span class='ocrx_word' id='word_1_415' title='bbox 785 3794 880 3848; x_wconf 87' lang='lat' dir='ltr'><strong>sed</strong></span> <span class='ocrx_word' id='word_1_416' title='bbox 931 3792 1273 3867; x_wconf 84' lang='lat' dir='ltr'><strong>Synagogam</strong></span> <span class='ocrx_word' id='word_1_417' title='bbox 1321 3795 1646 3862; x_wconf 66' lang='lat' dir='ltr'><strong>ludaeorum,</strong></span> <span class='ocrx_word' id='word_1_418' title='bbox 1678 3800 1744 3854; x_wconf 92' lang='lat' dir='ltr'><strong>de</strong></span> <span class='ocrx_word' id='word_1_419' title='bbox 1797 3814 1905 3869; x_wconf 90' lang='lat' dir='ltr'><strong>qua</strong></span> <span class='ocrx_word' id='word_1_420' title='bbox 1956 3798 2072 3868; x_wconf 92' lang='lat' dir='ltr'><strong>ipse</strong></span> 
     </span>
    </p>
   </div>
   <div class='ocr_carea' id='block_1_53' title="bbox 492 3882 2072 3959">
    <p class='ocr_par' dir='ltr' id='par_1_53' title="bbox 492 3882 2072 3959">
     <span class='ocr_line' id='line_1_53' title="bbox 492 3882 2072 3959; baseline 0.006 -26"><span class='ocrx_word' id='word_1_421' title='bbox 492 3891 710 3934; x_wconf 90' lang='lat' dir='ltr'><strong>carnem</strong></span> <span class='ocrx_word' id='word_1_422' title='bbox 763 3882 1037 3953; x_wconf 91' lang='lat' dir='ltr'><strong>suscipere</strong></span> <span class='ocrx_word' id='word_1_423' title='bbox 1081 3884 1328 3955; x_wconf 87' lang='lat' dir='ltr'><strong>dignatus</strong></span> <span class='ocrx_word' id='word_1_424' title='bbox 1375 3894 1482 3943; x_wconf 89' lang='lat' dir='ltr'><strong>est.</strong></span> <span class='ocrx_word' id='word_1_425' title='bbox 1523 3887 1650 3943; x_wconf 66' lang='lat' dir='ltr'><strong>Haec</strong></span> <span class='ocrx_word' id='word_1_426' title='bbox 1691 3904 1822 3959; x_wconf 84' lang='lat' dir='ltr'><strong>ergo</strong></span> <span class='ocrx_word' id='word_1_427' title='bbox 1865 3888 2072 3958; x_wconf 87' lang='lat' dir='ltr'><strong>peperit</strong></span> 
     </span>
    </p>
   </div>
   <div class='ocr_carea' id='block_1_54' title="bbox 491 3971 2072 4049">
    <p class='ocr_par' dir='ltr' id='par_1_54' title="bbox 491 3971 2072 4049">
     <span class='ocr_line' id='line_1_54' title="bbox 491 3971 2072 4049; baseline 0.008 -26"><span class='ocrx_word' id='word_1_428' title='bbox 491 3983 614 4024; x_wconf 92' lang='lat' dir='ltr'><strong>eum</strong></span> <span class='ocrx_word' id='word_1_429' title='bbox 635 3971 690 4025; x_wconf 91' lang='lat' dir='ltr'><strong>in</strong></span> <span class='ocrx_word' id='word_1_430' title='bbox 716 3971 922 4039; x_wconf 89' lang='lat' dir='ltr'><strong>dolore,</strong></span> <span class='ocrx_word' id='word_1_431' title='bbox 951 3974 1077 4045; x_wconf 88' lang='lat' dir='ltr'><strong>quia</strong></span> <span class='ocrx_word' id='word_1_432' title='bbox 1109 3975 1175 4031; x_wconf 92' lang='lat' dir='ltr'><strong>de</strong></span> <span class='ocrx_word' id='word_1_433' title='bbox 1201 3977 1432 4032; x_wconf 86' lang='lat' dir='ltr'><strong>adventu</strong></span> <span class='ocrx_word' id='word_1_434' title='bbox 1458 3977 1574 4046; x_wconf 89' lang='lat' dir='ltr'><strong>ejus</strong></span> <span class='ocrx_word' id='word_1_435' title='bbox 1593 3988 1815 4049; x_wconf 90' lang='lat' dir='ltr'><strong>propter</strong></span> <span class='ocrx_word' id='word_1_436' title='bbox 1843 3977 2072 4034; x_wconf 87' lang='lat' dir='ltr'><strong>inﬁdeli-</strong></span> 
     </span>
    </p>
   </div>
   <div class='ocr_carea' id='block_1_55' title="bbox 490 4063 2066 4141">
    <p class='ocr_par' dir='ltr' id='par_1_55' title="bbox 490 4063 2066 4141">
     <span class='ocr_line' id='line_1_55' title="bbox 490 4063 2066 4141; baseline 0.007 -25"><span class='ocrx_word' id='word_1_437' title='bbox 490 4069 653 4118; x_wconf 89' lang='lat' dir='ltr'><strong>tatem</strong></span> <span class='ocrx_word' id='word_1_438' title='bbox 678 4063 920 4120; x_wconf 84' lang='lat' dir='ltr'><strong>dolorem</strong></span> <span class='ocrx_word' id='word_1_439' title='bbox 946 4068 1240 4124; x_wconf 85' lang='lat' dir='ltr'><strong>maximum</strong></span> <span class='ocrx_word' id='word_1_440' title='bbox 1264 4079 1429 4140; x_wconf 88' lang='lat' dir='ltr'><strong>atque</strong></span> <span class='ocrx_word' id='word_1_441' title='bbox 1449 4072 1754 4141; x_wconf 88' lang='lat' dir='ltr'><strong>angustiam</strong></span> <span class='ocrx_word' id='word_1_442' title='bbox 1779 4073 2066 4127; x_wconf 80' lang='lat' dir='ltr'><strong>contraxit.</strong></span> 
     </span>
    </p>
   </div>
   <div class='ocr_carea' id='block_1_56' title="bbox 491 4151 2071 4235">
    <p class='ocr_par' dir='ltr' id='par_1_56' title="bbox 491 4151 2071 4235">
     <span class='ocr_line' id='line_1_56' title="bbox 491 4151 2071 4235; baseline 0.006 -27"><span class='ocrx_word' id='word_1_443' title='bbox 491 4151 646 4209; x_wconf 88' lang='lat' dir='ltr'><strong>Unde</strong></span> <span class='ocrx_word' id='word_1_444' title='bbox 698 4155 962 4212; x_wconf 88' lang='lat' dir='ltr'><strong>bonorum</strong></span> <span class='ocrx_word' id='word_1_445' title='bbox 1013 4173 1235 4229; x_wconf 92' lang='lat' dir='ltr'><strong>operum</strong></span> <span class='ocrx_word' id='word_1_446' title='bbox 1285 4161 1430 4217; x_wconf 90' lang='lat' dir='ltr'><strong>illius</strong></span> <span class='ocrx_word' id='word_1_447' title='bbox 1465 4162 1666 4218; x_wconf 86' lang='lat' dir='ltr'><strong>invidia</strong></span> <span class='ocrx_word' id='word_1_448' title='bbox 1693 4161 1891 4230; x_wconf 78' lang='lat' dir='ltr'><strong>aﬁ‘ecti,</strong></span> <span class='ocrx_word' id='word_1_449' title='bbox 1924 4163 2071 4235; x_wconf 88' lang='lat' dir='ltr'><strong>cogi-</strong></span> 
     </span>
    </p>
   </div>
   <div class='ocr_carea' id='block_1_57' title="bbox 489 4236 2069 4406">
    <p class='ocr_par' dir='ltr' id='par_1_57' title="bbox 489 4236 2069 4406">
     <span class='ocr_line' id='line_1_57' title="bbox 493 4236 2069 4325; baseline 0.008 -29"><span class='ocrx_word' id='word_1_450' title='bbox 493 4236 679 4298; x_wconf 87' lang='lat' dir='ltr'><strong>tabant</strong></span> <span class='ocrx_word' id='word_1_451' title='bbox 723 4244 1027 4304; x_wconf 88' lang='lat' dir='ltr'><strong>interﬁcere</strong></span> <span class='ocrx_word' id='word_1_452' title='bbox 1065 4248 1214 4305; x_wconf 91' lang='lat' dir='ltr'><strong>illum</strong></span> <span class='ocrx_word' id='word_1_453' title='bbox 1244 4250 1483 4307; x_wconf 82' lang='lat' dir='ltr'><strong>dicentes</strong></span> <span class='ocrx_word' id='word_1_454' title='bbox 1520 4266 1536 4306; x_wconf 88' lang='lat'><strong>:</strong></span> <span class='ocrx_word' id='word_1_455' title='bbox 1576 4250 1773 4309; x_wconf 87' lang='lat' dir='ltr'><strong>Locum</strong></span> <span class='ocrx_word' id='word_1_456' title='bbox 1798 4263 1846 4309; x_wconf 89' lang='lat' dir='ltr'><strong>et</strong></span> <span class='ocrx_word' id='word_1_457' title='bbox 1869 4264 2069 4325; x_wconf 86' lang='lat' dir='ltr'><strong>gentem</strong></span> 
     </span>
     <span class='ocr_line' id='line_1_58' title="bbox 489 4333 794 4406; baseline 0.016 -17"><span class='ocrx_word' id='word_1_458' title='bbox 489 4333 669 4406; x_wconf 84' lang='lat' dir='ltr'><strong>(Joan.</strong></span> <span class='ocrx_word' id='word_1_459' title='bbox 695 4336 794 4406; x_wconf 76' lang='lat' dir='ltr'><strong>xi).</strong></span> 
     </span>
    </p>
   </div>
   <div class='ocr_carea' id='block_1_58' title="bbox 549 4336 794 4411">
    <p class='ocr_par' dir='ltr' id='par_1_58' title="bbox 549 4336 794 4411">
     <span class='ocr_line' id='line_1_59' title="bbox 549 4336 794 4411; baseline 0.016 -21"><span class='ocrx_word' id='word_1_460' title='bbox 549 4351 669 4390; x_wconf 90' lang='lat' dir='ltr'><strong>oan.</strong></span> <span class='ocrx_word' id='word_1_461' title='bbox 695 4336 794 4411; x_wconf 76' lang='lat' dir='ltr'><strong>xi).</strong></span> 
     </span>
    </p>
   </div>
   <div class='ocr_carea' id='block_1_59' title="bbox 557 4466 2070 4547">
    <p class='ocr_par' dir='ltr' id='par_1_59' title="bbox 557 4466 2070 4547">
     <span class='ocr_line' id='line_1_60' title="bbox 557 4466 2070 4547; baseline 0.009 -24"><span class='ocrx_word' id='word_1_462' title='bbox 557 4466 828 4527; x_wconf 83' lang='lat' dir='ltr'><strong>Invocabit</strong></span> <span class='ocrx_word' id='word_1_463' title='bbox 852 4491 970 4530; x_wconf 76' lang='lat' dir='ltr'><strong>vero</strong></span> <span class='ocrx_word' id='word_1_464' title='bbox 1005 4476 1165 4532; x_wconf 80' lang='lat' dir='ltr'><strong>labes</strong></span> <span class='ocrx_word' id='word_1_465' title='bbox 1205 4477 1490 4533; x_wconf 77' lang='lat' dir='ltr'><strong>Dominum</strong></span> <span class='ocrx_word' id='word_1_466' title='bbox 1515 4479 1719 4547; x_wconf 87' lang='lat' dir='ltr'><strong>Israel,</strong></span> <span class='ocrx_word' id='word_1_467' title='bbox 1746 4481 1923 4537; x_wconf 89' lang='lat' dir='ltr'><strong>dicens</strong></span> <span class='ocrx_word' id='word_1_468' title='bbox 1948 4495 1966 4534; x_wconf 90' lang='lat'><strong><em>:</em></strong></span> <span class='ocrx_word' id='word_1_469' title='bbox 2007 4481 2070 4538; x_wconf 90' lang='lat' dir='ltr'><strong>Si</strong></span> 
     </span>
    </p>
   </div>
   <div class='ocr_carea' id='block_1_60' title="bbox 427 4557 2068 4636">
    <p class='ocr_par' dir='ltr' id='par_1_60' title="bbox 427 4557 2068 4636">
     <span class='ocr_line' id='line_1_61' title="bbox 427 4557 2068 4636; baseline 0.012 -25"><span class='ocrx_word' id='word_1_470' title='bbox 427 4589 430 4594; x_wconf 91' lang='lat'><strong><em>-</em></strong></span> <span class='ocrx_word' id='word_1_471' title='bbox 486 4557 789 4618; x_wconf 85' lang='lat' dir='ltr'><strong>benedicens</strong></span> <span class='ocrx_word' id='word_1_472' title='bbox 839 4567 1161 4624; x_wconf 73' lang='lat' dir='ltr'><strong>benedixeris</strong></span> <span class='ocrx_word' id='word_1_473' title='bbox 1211 4571 1356 4636; x_wconf 86' lang='lat' dir='ltr'><strong>mihi,</strong></span> <span class='ocrx_word' id='word_1_474' title='bbox 1381 4581 1429 4626; x_wconf 89' lang='lat' dir='ltr'><strong>et</strong></span> <span class='ocrx_word' id='word_1_475' title='bbox 1467 4572 1770 4628; x_wconf 79' lang='lat' dir='ltr'><strong>dilataueris</strong></span> <span class='ocrx_word' id='word_1_476' title='bbox 1819 4577 2068 4630; x_wconf 89' lang='lat' dir='ltr'><strong>terminos</strong></span> 
     </span>
    </p>
   </div>
   <div class='ocr_carea' id='block_1_61' title="bbox 2179 2022 3778 2097">
    <p class='ocr_par' dir='ltr' id='par_1_61' title="bbox 2179 2022 3778 2097">
     <span class='ocr_line' id='line_1_62' title="bbox 2179 2022 3778 2097; baseline -0.004 -15"><span class='ocrx_word' id='word_1_477' title='bbox 2179 2035 2265 2083; x_wconf 90' lang='lat' dir='ltr'><strong>est</strong></span> <span class='ocrx_word' id='word_1_478' title='bbox 2293 2042 2486 2083; x_wconf 90' lang='lat' dir='ltr'><strong>manus</strong></span> <span class='ocrx_word' id='word_1_479' title='bbox 2514 2027 2728 2082; x_wconf 89' lang='lat' dir='ltr'><strong>Domini</strong></span> <span class='ocrx_word' id='word_1_480' title='bbox 2754 2043 2767 2080; x_wconf 85' lang='lat'><strong>:</strong></span> <span class='ocrx_word' id='word_1_481' title='bbox 2793 2027 2920 2097; x_wconf 89' lang='lat' dir='ltr'><strong>quia</strong></span> <span class='ocrx_word' id='word_1_482' title='bbox 2948 2025 3005 2080; x_wconf 90' lang='lat' dir='ltr'><strong>in</strong></span> <span class='ocrx_word' id='word_1_483' title='bbox 3026 2025 3143 2097; x_wconf 90' lang='lat' dir='ltr'><strong>ipsa</strong></span> <span class='ocrx_word' id='word_1_484' title='bbox 3171 2032 3429 2095; x_wconf 88' lang='lat' dir='ltr'><strong>operatur</strong></span> <span class='ocrx_word' id='word_1_485' title='bbox 3452 2022 3629 2078; x_wconf 89' lang='lat' dir='ltr'><strong>Filius</strong></span> <span class='ocrx_word' id='word_1_486' title='bbox 3657 2023 3778 2088; x_wconf 85' lang='lat' dir='ltr'><strong>Dei,</strong></span> 
     </span>
    </p>
   </div>
   <div class='ocr_carea' id='block_1_62' title="bbox 2181 2116 3779 2191">
    <p class='ocr_par' dir='ltr' id='par_1_62' title="bbox 2181 2116 3779 2191">
     <span class='ocr_line' id='line_1_63' title="bbox 2181 2116 3779 2191; baseline -0.003 -17"><span class='ocrx_word' id='word_1_487' title='bbox 2181 2121 2272 2191; x_wconf 92' lang='lat' dir='ltr'><strong>qui</strong></span> <span class='ocrx_word' id='word_1_488' title='bbox 2296 2129 2351 2175; x_wconf 91' lang='lat' dir='ltr'><strong>et</strong></span> <span class='ocrx_word' id='word_1_489' title='bbox 2376 2120 2660 2176; x_wconf 89' lang='lat' dir='ltr'><strong>brachium</strong></span> <span class='ocrx_word' id='word_1_490' title='bbox 2707 2127 2762 2174; x_wconf 89' lang='lat' dir='ltr'><strong>et</strong></span> <span class='ocrx_word' id='word_1_491' title='bbox 2791 2118 3017 2173; x_wconf 88' lang='lat' dir='ltr'><strong>dextera</strong></span> <span class='ocrx_word' id='word_1_492' title='bbox 3069 2116 3473 2187; x_wconf 89' lang='lat' dir='ltr'><strong>Omnipotentis</strong></span> <span class='ocrx_word' id='word_1_493' title='bbox 3501 2125 3630 2180; x_wconf 88' lang='lat' dir='ltr'><strong>est;</strong></span> <span class='ocrx_word' id='word_1_494' title='bbox 3660 2132 3779 2186; x_wconf 78' lang='lat' dir='ltr'><strong>qua:</strong></span> 
     </span>
    </p>
   </div>
   <div class='ocr_carea' id='block_1_63' title="bbox 2182 2207 3779 2282">
    <p class='ocr_par' dir='ltr' id='par_1_63' title="bbox 2182 2207 3779 2282">
     <span class='ocr_line' id='line_1_64' title="bbox 2182 2207 3779 2282; baseline -0.003 -16"><span class='ocrx_word' id='word_1_495' title='bbox 2182 2212 2391 2266; x_wconf 88' lang='lat' dir='ltr'><strong>malitia</strong></span> <span class='ocrx_word' id='word_1_496' title='bbox 2445 2219 2854 2282; x_wconf 91' lang='lat' dir='ltr'><strong>persecutorum</strong></span> <span class='ocrx_word' id='word_1_497' title='bbox 2900 2218 3064 2281; x_wconf 90' lang='lat' dir='ltr'><strong>atque</strong></span> <span class='ocrx_word' id='word_1_498' title='bbox 3111 2209 3495 2265; x_wconf 67' lang='lat' dir='ltr'><strong>hazreticorum</strong></span> <span class='ocrx_word' id='word_1_499' title='bbox 3539 2207 3779 2280; x_wconf 87' lang='lat' dir='ltr'><strong>opprimi</strong></span> 
     </span>
    </p>
   </div>
   <div class='ocr_carea' id='block_1_64' title="bbox 2182 2299 3780 2372">
    <p class='ocr_par' dir='ltr' id='par_1_64' title="bbox 2182 2299 3780 2372">
     <span class='ocr_line' id='line_1_65' title="bbox 2182 2299 3780 2372; baseline -0.003 -13"><span class='ocrx_word' id='word_1_500' title='bbox 2182 2319 2288 2359; x_wconf 92' lang='lat' dir='ltr'><strong>non</strong></span> <span class='ocrx_word' id='word_1_501' title='bbox 2325 2303 2563 2372; x_wconf 87' lang='lat' dir='ltr'><strong>poterit:</strong></span> <span class='ocrx_word' id='word_1_502' title='bbox 2590 2302 2718 2372; x_wconf 90' lang='lat' dir='ltr'><strong>quia</strong></span> <span class='ocrx_word' id='word_1_503' title='bbox 2755 2301 2875 2372; x_wconf 91' lang='lat' dir='ltr'><strong>ipsa</strong></span> <span class='ocrx_word' id='word_1_504' title='bbox 2902 2300 3116 2356; x_wconf 71' lang='lat' dir='ltr'><strong>Veritas</strong></span> <span class='ocrx_word' id='word_1_505' title='bbox 3156 2311 3343 2371; x_wconf 88' lang='lat' dir='ltr'><strong>portas</strong></span> <span class='ocrx_word' id='word_1_506' title='bbox 3396 2299 3562 2355; x_wconf 84' lang='lat' dir='ltr'><strong>inferi</strong></span> <span class='ocrx_word' id='word_1_507' title='bbox 3596 2300 3780 2354; x_wconf 75' lang='lat' dir='ltr'><strong>adver-</strong></span> 
     </span>
    </p>
   </div>
   <div class='ocr_carea' id='block_1_65' title="bbox 2181 2392 3777 2466">
    <p class='ocr_par' dir='ltr' id='par_1_65' title="bbox 2181 2392 3777 2466">
     <span class='ocr_line' id='line_1_66' title="bbox 2181 2392 3777 2466; baseline -0.004 -13"><span class='ocrx_word' id='word_1_508' title='bbox 2181 2413 2274 2453; x_wconf 88' lang='lat' dir='ltr'><strong>sus</strong></span> <span class='ocrx_word' id='word_1_509' title='bbox 2305 2412 2428 2451; x_wconf 91' lang='lat' dir='ltr'><strong>eum</strong></span> <span class='ocrx_word' id='word_1_510' title='bbox 2477 2395 2778 2466; x_wconf 60' lang='lat' dir='ltr'><strong>praevalere</strong></span> <span class='ocrx_word' id='word_1_511' title='bbox 2819 2411 2926 2452; x_wconf 91' lang='lat' dir='ltr'><strong>non</strong></span> <span class='ocrx_word' id='word_1_512' title='bbox 2975 2409 3134 2465; x_wconf 91' lang='lat' dir='ltr'><strong>posse</strong></span> <span class='ocrx_word' id='word_1_513' title='bbox 3184 2393 3330 2450; x_wconf 89' lang='lat' dir='ltr'><strong>ﬁdeli</strong></span> <span class='ocrx_word' id='word_1_514' title='bbox 3397 2392 3610 2447; x_wconf 84' lang='lat' dir='ltr'><strong>famulo</strong></span> <span class='ocrx_word' id='word_1_515' title='bbox 3657 2408 3777 2458; x_wconf 87' lang='lat' dir='ltr'><strong>suo,</strong></span> 
     </span>
    </p>
   </div>
   <div class='ocr_carea' id='block_1_66' title="bbox 2182 2485 3777 2558">
    <p class='ocr_par' dir='ltr' id='par_1_66' title="bbox 2182 2485 3777 2558">
     <span class='ocr_line' id='line_1_67' title="bbox 2182 2485 3777 2558; baseline -0.002 -15"><span class='ocrx_word' id='word_1_516' title='bbox 2182 2488 2342 2546; x_wconf 89' lang='lat' dir='ltr'><strong>Petro</strong></span> <span class='ocrx_word' id='word_1_517' title='bbox 2372 2488 2621 2546; x_wconf 85' lang='lat' dir='ltr'><strong>videlicet</strong></span> <span class='ocrx_word' id='word_1_518' title='bbox 2669 2488 2935 2558; x_wconf 88' lang='lat' dir='ltr'><strong>apostolo,</strong></span> <span class='ocrx_word' id='word_1_519' title='bbox 2966 2487 3217 2558; x_wconf 63' lang='lat' dir='ltr'><strong>praedixit</strong></span> <span class='ocrx_word' id='word_1_520' title='bbox 3245 2485 3464 2557; x_wconf 80' lang='lat' dir='ltr'><strong>(Matth.</strong></span> <span class='ocrx_word' id='word_1_521' title='bbox 3494 2486 3638 2557; x_wconf 79' lang='lat' dir='ltr'><strong>xvr).</strong></span> <span class='ocrx_word' id='word_1_522' title='bbox 3668 2485 3777 2540; x_wconf 83' lang='lat' dir='ltr'><strong>Nec</strong></span> 
     </span>
    </p>
   </div>
   <div class='ocr_carea' id='block_1_67' title="bbox 2182 2579 3778 2650">
    <p class='ocr_par' dir='ltr' id='par_1_67' title="bbox 2182 2579 3778 2650">
     <span class='ocr_line' id='line_1_68' title="bbox 2182 2579 3778 2650; baseline -0.003 -13"><span class='ocrx_word' id='word_1_523' title='bbox 2182 2581 2427 2637; x_wconf 89' lang='lat' dir='ltr'><strong>diabolus</strong></span> <span class='ocrx_word' id='word_1_524' title='bbox 2450 2582 2502 2636; x_wconf 92' lang='lat' dir='ltr'><strong>ei</strong></span> <span class='ocrx_word' id='word_1_525' title='bbox 2529 2581 2896 2636; x_wconf 88' lang='lat' dir='ltr'><strong>dominabitur</strong></span> <span class='ocrx_word' id='word_1_526' title='bbox 2927 2598 2940 2634; x_wconf 89' lang='lat'>:</span> <span class='ocrx_word' id='word_1_527' title='bbox 2969 2580 3094 2650; x_wconf 89' lang='lat' dir='ltr'><strong>quia</strong></span> <span class='ocrx_word' id='word_1_528' title='bbox 3121 2580 3246 2634; x_wconf 84' lang='lat' dir='ltr'><strong>data</strong></span> <span class='ocrx_word' id='word_1_529' title='bbox 3296 2587 3381 2634; x_wconf 89' lang='lat' dir='ltr'><strong>est</strong></span> <span class='ocrx_word' id='word_1_530' title='bbox 3407 2579 3487 2632; x_wconf 90' lang='lat' dir='ltr'><strong>illi</strong></span> <span class='ocrx_word' id='word_1_531' title='bbox 3532 2587 3778 2650; x_wconf 83' lang='lat' dir='ltr'><strong>potestas</strong></span> 
     </span>
    </p>
   </div>
   <div class='ocr_carea' id='block_1_68' title="bbox 2183 2672 3778 2742">
    <p class='ocr_par' dir='ltr' id='par_1_68' title="bbox 2183 2672 3778 2742">
     <span class='ocr_line' id='line_1_69' title="bbox 2183 2672 3778 2742; baseline -0.004 -14"><span class='ocrx_word' id='word_1_532' title='bbox 2183 2689 2214 2728; x_wconf 91' lang='lat' dir='ltr'><strong>a</strong></span> <span class='ocrx_word' id='word_1_533' title='bbox 2234 2673 2463 2728; x_wconf 90' lang='lat' dir='ltr'><strong>Domino</strong></span> <span class='ocrx_word' id='word_1_534' title='bbox 2490 2672 2734 2726; x_wconf 88' lang='lat' dir='ltr'><strong>calcandi</strong></span> <span class='ocrx_word' id='word_1_535' title='bbox 2761 2688 2914 2742; x_wconf 83' lang='lat' dir='ltr'><strong>super</strong></span> <span class='ocrx_word' id='word_1_536' title='bbox 2945 2679 3207 2741; x_wconf 85' lang='lat' dir='ltr'><strong>serpentes</strong></span> <span class='ocrx_word' id='word_1_537' title='bbox 3248 2680 3408 2740; x_wconf 87' lang='lat' dir='ltr'><strong>atque</strong></span> <span class='ocrx_word' id='word_1_538' title='bbox 3435 2686 3602 2740; x_wconf 87' lang='lat' dir='ltr'><strong>super</strong></span> <span class='ocrx_word' id='word_1_539' title='bbox 3639 2685 3778 2722; x_wconf 87' lang='lat' dir='ltr'><strong>scor-</strong></span> 
     </span>
    </p>
   </div>
   <div class='ocr_carea' id='block_1_69' title="bbox 2181 2759 3774 2835">
    <p class='ocr_par' dir='ltr' id='par_1_69' title="bbox 2181 2759 3774 2835">
     <span class='ocr_line' id='line_1_70' title="bbox 2181 2759 3774 2835; baseline -0.003 -17"><span class='ocrx_word' id='word_1_540' title='bbox 2181 2765 2396 2835; x_wconf 84' lang='lat' dir='ltr'><strong>piones,</strong></span> <span class='ocrx_word' id='word_1_541' title='bbox 2440 2772 2488 2818; x_wconf 88' lang='lat' dir='ltr'><strong>et</strong></span> <span class='ocrx_word' id='word_1_542' title='bbox 2541 2780 2696 2833; x_wconf 82' lang='lat' dir='ltr'><strong>super</strong></span> <span class='ocrx_word' id='word_1_543' title='bbox 2756 2779 2957 2818; x_wconf 89' lang='lat' dir='ltr'><strong>omnem</strong></span> <span class='ocrx_word' id='word_1_544' title='bbox 3021 2763 3263 2817; x_wconf 84' lang='lat' dir='ltr'><strong>virtutem</strong></span> <span class='ocrx_word' id='word_1_545' title='bbox 3333 2762 3535 2816; x_wconf 88' lang='lat' dir='ltr'><strong>inimici</strong></span> <span class='ocrx_word' id='word_1_546' title='bbox 3597 2759 3774 2832; x_wconf 80' lang='lat' dir='ltr'><strong>(Luc.</strong></span> 
     </span>
    </p>
   </div>
   <div class='ocr_carea' id='block_1_70' title="bbox 2182 2852 3777 2928">
    <p class='ocr_par' dir='ltr' id='par_1_70' title="bbox 2182 2852 3777 2928">
     <span class='ocr_line' id='line_1_71' title="bbox 2182 2852 3777 2928; baseline -0.003 -19"><span class='ocrx_word' id='word_1_547' title='bbox 2182 2856 2279 2928; x_wconf 88' lang='lat' dir='ltr'><strong>x).</strong></span> <span class='ocrx_word' id='word_1_548' title='bbox 2319 2855 2578 2910; x_wconf 73' lang='lat' dir='ltr'><strong>Pmrstitit</strong></span> <span class='ocrx_word' id='word_1_549' title='bbox 2613 2869 2744 2925; x_wconf 89' lang='lat' dir='ltr'><strong>ergo</strong></span> <span class='ocrx_word' id='word_1_550' title='bbox 2788 2855 2930 2909; x_wconf 89' lang='lat' dir='ltr'><strong>Deus</strong></span> <span class='ocrx_word' id='word_1_551' title='bbox 2978 2852 3141 2909; x_wconf 87' lang='lat' dir='ltr'><strong>labes</strong></span> <span class='ocrx_word' id='word_1_552' title='bbox 3188 2861 3376 2910; x_wconf 88' lang='lat' dir='ltr'><strong>nostro</strong></span> <span class='ocrx_word' id='word_1_553' title='bbox 3408 2853 3625 2914; x_wconf 88' lang='lat' dir='ltr'><strong>omnia,</strong></span> <span class='ocrx_word' id='word_1_554' title='bbox 3659 2867 3777 2921; x_wconf 69' lang='lat' dir='ltr'><strong>quae</strong></span> 
     </span>
    </p>
   </div>
   <div class='ocr_carea' id='block_1_71' title="bbox 2181 2945 3775 3018">
    <p class='ocr_par' dir='ltr' id='par_1_71' title="bbox 2181 2945 3775 3018">
     <span class='ocr_line' id='line_1_72' title="bbox 2181 2945 3775 3018; baseline -0.004 -15"><span class='ocrx_word' id='word_1_555' title='bbox 2181 2947 2500 3018; x_wconf 87' lang='lat' dir='ltr'><strong>deprecatus</strong></span> <span class='ocrx_word' id='word_1_556' title='bbox 2545 2955 2668 3013; x_wconf 91' lang='lat' dir='ltr'><strong>est,</strong></span> <span class='ocrx_word' id='word_1_557' title='bbox 2710 2947 2837 3016; x_wconf 89' lang='lat' dir='ltr'><strong>quia</strong></span> <span class='ocrx_word' id='word_1_558' title='bbox 2868 2946 3016 3002; x_wconf 89' lang='lat' dir='ltr'><strong>dedit</strong></span> <span class='ocrx_word' id='word_1_559' title='bbox 3058 2945 3137 3000; x_wconf 92' lang='lat' dir='ltr'><strong>illi</strong></span> <span class='ocrx_word' id='word_1_560' title='bbox 3175 2961 3392 3000; x_wconf 90' lang='lat' dir='ltr'><strong>omnem</strong></span> <span class='ocrx_word' id='word_1_561' title='bbox 3443 2952 3775 3014; x_wconf 86' lang='lat' dir='ltr'><strong>potestatem</strong></span> 
     </span>
    </p>
   </div>
   <div class='ocr_carea' id='block_1_72' title="bbox 2181 3036 3777 3110">
    <p class='ocr_par' dir='ltr' id='par_1_72' title="bbox 2181 3036 3777 3110">
     <span class='ocr_line' id='line_1_73' title="bbox 2181 3036 3777 3110; baseline -0.005 -16"><span class='ocrx_word' id='word_1_562' title='bbox 2181 3040 2238 3094; x_wconf 91' lang='lat' dir='ltr'><strong>in</strong></span> <span class='ocrx_word' id='word_1_563' title='bbox 2265 3039 2401 3094; x_wconf 72' lang='lat' dir='ltr'><strong>coelo</strong></span> <span class='ocrx_word' id='word_1_564' title='bbox 2429 3047 2485 3094; x_wconf 91' lang='lat' dir='ltr'><strong>et</strong></span> <span class='ocrx_word' id='word_1_565' title='bbox 2525 3039 2582 3094; x_wconf 91' lang='lat' dir='ltr'><strong>in</strong></span> <span class='ocrx_word' id='word_1_566' title='bbox 2634 3046 2777 3093; x_wconf 88' lang='lat' dir='ltr'><strong>terra</strong></span> <span class='ocrx_word' id='word_1_567' title='bbox 2833 3037 3062 3110; x_wconf 75' lang='lat' dir='ltr'><strong>(Matth.</strong></span> <span class='ocrx_word' id='word_1_568' title='bbox 3101 3036 3316 3108; x_wconf 87' lang='lat' dir='ltr'><strong>xxvm),</strong></span> <span class='ocrx_word' id='word_1_569' title='bbox 3364 3044 3421 3090; x_wconf 88' lang='lat' dir='ltr'><strong>ut</strong></span> <span class='ocrx_word' id='word_1_570' title='bbox 3459 3037 3529 3105; x_wconf 24' lang='lat' dir='ltr'><strong>in.</strong></span> <span class='ocrx_word' id='word_1_571' title='bbox 3567 3037 3777 3089; x_wconf 80' lang='lat' dir='ltr'><strong>nomine</strong></span> 
     </span>
    </p>
   </div>
   <div class='ocr_carea' id='block_1_73' title="bbox 2181 3127 3775 3200">
    <p class='ocr_par' dir='ltr' id='par_1_73' title="bbox 2181 3127 3775 3200">
     <span class='ocr_line' id='line_1_74' title="bbox 2181 3127 3775 3200; baseline -0.005 -16"><span class='ocrx_word' id='word_1_572' title='bbox 2181 3130 2296 3200; x_wconf 87' lang='lat' dir='ltr'><strong>ejus</strong></span> <span class='ocrx_word' id='word_1_573' title='bbox 2318 3145 2470 3184; x_wconf 88' lang='lat' dir='ltr'><strong>omne</strong></span> <span class='ocrx_word' id='word_1_574' title='bbox 2491 3145 2627 3200; x_wconf 88' lang='lat' dir='ltr'><strong>genu</strong></span> <span class='ocrx_word' id='word_1_575' title='bbox 2653 3130 2896 3198; x_wconf 75' lang='lat' dir='ltr'><strong>ﬂectatur</strong></span> <span class='ocrx_word' id='word_1_576' title='bbox 2925 3127 3228 3192; x_wconf 69' lang='lat' dir='ltr'><strong>caelestium,</strong></span> <span class='ocrx_word' id='word_1_577' title='bbox 3257 3127 3591 3180; x_wconf 87' lang='lat' dir='ltr'><strong>terrestrium</strong></span> <span class='ocrx_word' id='word_1_578' title='bbox 3627 3135 3775 3196; x_wconf 72' lang='lat' dir='ltr'><strong>atque</strong></span> 
     </span>
    </p>
   </div>
   <div class='ocr_carea' id='block_1_74' title="bbox 2181 3203 3774 3290">
    <p class='ocr_par' dir='ltr' id='par_1_74' title="bbox 2181 3203 3774 3290">
     <span class='ocr_line' id='line_1_75' title="bbox 2181 3203 3774 3290; baseline -0.003 -17"><span class='ocrx_word' id='word_1_579' title='bbox 2181 3220 2532 3290; x_wconf 78' lang='lat' dir='ltr'><strong>infernorum,</strong></span> <span class='ocrx_word' id='word_1_580' title='bbox 2555 3228 2604 3273; x_wconf 88' lang='lat' dir='ltr'><strong>et</strong></span> <span class='ocrx_word' id='word_1_581' title='bbox 2624 3218 2792 3273; x_wconf 88' lang='lat' dir='ltr'><strong>omnis</strong></span> <span class='ocrx_word' id='word_1_582' title='bbox 2813 3217 2994 3289; x_wconf 85' lang='lat' dir='ltr'><strong>lingua</strong></span> <span class='ocrx_word' id='word_1_583' title='bbox 3021 3203 3333 3285; x_wconf 82' lang='lat' dir='ltr'><strong>conﬁteatur</strong></span> <span class='ocrx_word' id='word_1_584' title='bbox 3356 3217 3483 3272; x_wconf 89' lang='lat' dir='ltr'><strong>auia</strong></span> <span class='ocrx_word' id='word_1_585' title='bbox 3517 3215 3774 3270; x_wconf 78' lang='lat' dir='ltr'><strong>Dominus</strong></span> 
     </span>
    </p>
   </div>
   <div class='ocr_carea' id='block_1_75' title="bbox 2096 3297 3336 3383">
    <p class='ocr_par' dir='ltr' id='par_1_75' title="bbox 2096 3297 3336 3383">
     <span class='ocr_line' id='line_1_76' title="bbox 2096 3297 3336 3383; baseline -0.007 -12"><span class='ocrx_word' id='word_1_586' title='bbox 2096 3306 2142 3371; x_wconf 85' lang='lat' dir='ltr'><strong>C</strong></span> <span class='ocrx_word' id='word_1_587' title='bbox 2172 3311 2328 3367; x_wconf 71' lang='lat' dir='ltr'><strong>Iesus</strong></span> <span class='ocrx_word' id='word_1_588' title='bbox 2349 3313 2404 3366; x_wconf 89' lang='lat' dir='ltr'><strong>in</strong></span> <span class='ocrx_word' id='word_1_589' title='bbox 2431 3310 2602 3383; x_wconf 88' lang='lat' dir='ltr'><strong>gloria</strong></span> <span class='ocrx_word' id='word_1_590' title='bbox 2623 3319 2700 3365; x_wconf 91' lang='lat' dir='ltr'><strong>est</strong></span> <span class='ocrx_word' id='word_1_591' title='bbox 2728 3310 2824 3364; x_wconf 91' lang='lat' dir='ltr'><strong>Dei</strong></span> <span class='ocrx_word' id='word_1_592' title='bbox 2836 3297 3027 3365; x_wconf 32' lang='lat' dir='ltr'><strong>‘Patris</strong></span> <span class='ocrx_word' id='word_1_593' title='bbox 3057 3310 3224 3380; x_wconf 86' lang='lat' dir='ltr'><strong>(Phil.</strong></span> <span class='ocrx_word' id='word_1_594' title='bbox 3255 3310 3336 3382; x_wconf 92' lang='grc' dir='ltr'>ιι).</span> 
     </span>
    </p>
   </div>
   <div class='ocr_carea' id='block_1_76' title="bbox 2246 3397 3775 3470">
    <p class='ocr_par' dir='ltr' id='par_1_76' title="bbox 2246 3397 3775 3470">
     <span class='ocr_line' id='line_1_77' title="bbox 2246 3397 3775 3470; baseline -0.003 -16"><span class='ocrx_word' id='word_1_595' title='bbox 2246 3398 2402 3455; x_wconf 89' lang='lat' dir='ltr'><strong>Caleb</strong></span> <span class='ocrx_word' id='word_1_596' title='bbox 2430 3409 2627 3465; x_wconf 86' lang='lat' dir='ltr'><strong>autem,</strong></span> <span class='ocrx_word' id='word_1_597' title='bbox 2677 3400 2844 3469; x_wconf 80' lang='lat' dir='ltr'><strong>frater</strong></span> <span class='ocrx_word' id='word_1_598' title='bbox 2873 3399 3005 3464; x_wconf 89' lang='lat' dir='ltr'><strong>Sua,</strong></span> <span class='ocrx_word' id='word_1_599' title='bbox 3056 3399 3233 3470; x_wconf 86' lang='lat' dir='ltr'><strong>genuit</strong></span> <span class='ocrx_word' id='word_1_600' title='bbox 3283 3397 3481 3463; x_wconf 83' lang='lat' dir='ltr'><strong>Mahir,</strong></span> <span class='ocrx_word' id='word_1_601' title='bbox 3535 3400 3636 3468; x_wconf 86' lang='lat' dir='ltr'><strong>qui</strong></span> <span class='ocrx_word' id='word_1_602' title='bbox 3683 3398 3775 3466; x_wconf 76' lang='lat' dir='ltr'><strong>fuit</strong></span> 
     </span>
    </p>
   </div>
   <div class='ocr_carea' id='block_1_77' title="bbox 2170 3489 3772 3563">
    <p class='ocr_par' dir='ltr' id='par_1_77' title="bbox 2170 3489 3772 3563">
     <span class='ocr_line' id='line_1_78' title="bbox 2170 3489 3772 3563; baseline -0.001 -17"><span class='ocrx_word' id='word_1_603' title='bbox 2170 3502 2312 3563; x_wconf 75' lang='lat' dir='ltr'><strong>pater</strong></span> <span class='ocrx_word' id='word_1_604' title='bbox 2371 3492 2590 3547; x_wconf 87' lang='lat' dir='ltr'><strong>Esthon.</strong></span> <span class='ocrx_word' id='word_1_605' title='bbox 2644 3489 2815 3547; x_wconf 88' lang='lat' dir='ltr'><strong>Porro</strong></span> <span class='ocrx_word' id='word_1_606' title='bbox 2867 3492 3070 3547; x_wconf 87' lang='lat' dir='ltr'><strong>Esthon</strong></span> <span class='ocrx_word' id='word_1_607' title='bbox 3113 3493 3290 3563; x_wconf 89' lang='lat' dir='ltr'><strong>genuit</strong></span> <span class='ocrx_word' id='word_1_608' title='bbox 3343 3490 3680 3561; x_wconf 82' lang='lat' dir='ltr'><strong>Bethrapha,</strong></span> <span class='ocrx_word' id='word_1_609' title='bbox 3729 3502 3772 3544; x_wconf 79' lang='lat' dir='ltr'><strong>et</strong></span> 
     </span>
    </p>
   </div>
   <div class='ocr_carea' id='block_1_78' title="bbox 2173 3581 3774 3654">
    <p class='ocr_par' dir='ltr' id='par_1_78' title="bbox 2173 3581 3774 3654">
     <span class='ocr_line' id='line_1_79' title="bbox 2173 3581 3774 3654; baseline 0.001 -19"><span class='ocrx_word' id='word_1_610' title='bbox 2173 3581 2392 3649; x_wconf 86' lang='lat' dir='ltr'><strong>Phesse,</strong></span> <span class='ocrx_word' id='word_1_611' title='bbox 2426 3592 2475 3637; x_wconf 90' lang='lat' dir='ltr'><strong>et</strong></span> <span class='ocrx_word' id='word_1_612' title='bbox 2508 3582 2761 3648; x_wconf 86' lang='lat' dir='ltr'><strong>Thehina,</strong></span> <span class='ocrx_word' id='word_1_613' title='bbox 2797 3592 2999 3654; x_wconf 87' lang='lat' dir='ltr'><strong>patrem</strong></span> <span class='ocrx_word' id='word_1_614' title='bbox 3023 3582 3165 3637; x_wconf 85' lang='lat' dir='ltr'><strong>urbis</strong></span> <span class='ocrx_word' id='word_1_615' title='bbox 3190 3581 3358 3636; x_wconf 86' lang='lat' dir='ltr'><strong>Naas.</strong></span> <span class='ocrx_word' id='word_1_616' title='bbox 3395 3581 3666 3652; x_wconf 85' lang='lat' dir='ltr'><strong>Legimus</strong></span> <span class='ocrx_word' id='word_1_617' title='bbox 3692 3597 3774 3636; x_wconf 84' lang='lat' dir='ltr'><strong>su-</strong></span> 
     </span>
    </p>
   </div>
   <div class='ocr_carea' id='block_1_79' title="bbox 2171 3673 3772 3745">
    <p class='ocr_par' dir='ltr' id='par_1_79' title="bbox 2171 3673 3772 3745">
     <span class='ocr_line' id='line_1_80' title="bbox 2171 3673 3772 3745; baseline -0.001 -17"><span class='ocrx_word' id='word_1_618' title='bbox 2171 3690 2268 3745; x_wconf 91' lang='lat' dir='ltr'><strong>pra</strong></span> <span class='ocrx_word' id='word_1_619' title='bbox 2295 3673 2460 3729; x_wconf 85' lang='lat' dir='ltr'><strong>Caleb</strong></span> <span class='ocrx_word' id='word_1_620' title='bbox 2497 3689 2619 3729; x_wconf 90' lang='lat' dir='ltr'><strong>esse</strong></span> <span class='ocrx_word' id='word_1_621' title='bbox 2645 3674 2813 3729; x_wconf 91' lang='lat' dir='ltr'><strong>ﬁlium</strong></span> <span class='ocrx_word' id='word_1_622' title='bbox 2843 3675 3074 3740; x_wconf 84' lang='lat' dir='ltr'><strong>Hesron,</strong></span> <span class='ocrx_word' id='word_1_623' title='bbox 3115 3675 3268 3745; x_wconf 91' lang='lat' dir='ltr'><strong>cujus</strong></span> <span class='ocrx_word' id='word_1_624' title='bbox 3299 3673 3499 3730; x_wconf 83' lang='lat' dir='ltr'><strong>fratres</strong></span> <span class='ocrx_word' id='word_1_625' title='bbox 3553 3675 3772 3730; x_wconf 86' lang='lat' dir='ltr'><strong>fuerunt</strong></span> 
     </span>
    </p>
   </div>
   <div class='ocr_carea' id='block_1_80' title="bbox 2172 3762 3769 3836">
    <p class='ocr_par' dir='ltr' id='par_1_80' title="bbox 2172 3762 3769 3836">
     <span class='ocr_line' id='line_1_81' title="bbox 2172 3762 3769 3836; baseline 0.001 -19"><span class='ocrx_word' id='word_1_626' title='bbox 2172 3763 2309 3818; x_wconf 84' lang='lat' dir='ltr'><strong>Ram</strong></span> <span class='ocrx_word' id='word_1_627' title='bbox 2335 3774 2390 3819; x_wconf 91' lang='lat' dir='ltr'><strong>et</strong></span> <span class='ocrx_word' id='word_1_628' title='bbox 2413 3762 2678 3821; x_wconf 85' lang='lat' dir='ltr'><strong>lerameel</strong></span> <span class='ocrx_word' id='word_1_629' title='bbox 2725 3765 2892 3820; x_wconf 86' lang='lat' dir='ltr'><strong>Aiunt</strong></span> <span class='ocrx_word' id='word_1_630' title='bbox 2917 3781 3046 3836; x_wconf 87' lang='lat' dir='ltr'><strong>ergo</strong></span> <span class='ocrx_word' id='word_1_631' title='bbox 3090 3765 3302 3822; x_wconf 71' lang='lat' dir='ltr'><strong>Hebraei</strong></span> <span class='ocrx_word' id='word_1_632' title='bbox 3350 3765 3490 3819; x_wconf 84' lang='lat' dir='ltr'><strong>Ram</strong></span> <span class='ocrx_word' id='word_1_633' title='bbox 3541 3765 3769 3821; x_wconf 82' lang='lat' dir='ltr'><strong>fratrem</strong></span> 
     </span>
    </p>
   </div>
   <div class='ocr_carea' id='block_1_81' title="bbox 2171 3853 3773 3926">
    <p class='ocr_par' dir='ltr' id='par_1_81' title="bbox 2171 3853 3773 3926">
     <span class='ocr_line' id='line_1_82' title="bbox 2171 3853 3773 3926; baseline 0.001 -17"><span class='ocrx_word' id='word_1_634' title='bbox 2171 3853 2335 3910; x_wconf 90' lang='lat' dir='ltr'><strong>Caleb</strong></span> <span class='ocrx_word' id='word_1_635' title='bbox 2365 3855 2527 3910; x_wconf 90' lang='lat' dir='ltr'><strong>Sicha</strong></span> <span class='ocrx_word' id='word_1_636' title='bbox 2553 3855 2644 3910; x_wconf 89' lang='lat' dir='ltr'><strong>hic</strong></span> <span class='ocrx_word' id='word_1_637' title='bbox 2670 3855 2926 3925; x_wconf 89' lang='lat' dir='ltr'><strong>appellari</strong></span> <span class='ocrx_word' id='word_1_638' title='bbox 2955 3874 2968 3910; x_wconf 91' lang='lat'><strong>:</strong></span> <span class='ocrx_word' id='word_1_639' title='bbox 3001 3865 3058 3912; x_wconf 90' lang='lat' dir='ltr'><strong>et</strong></span> <span class='ocrx_word' id='word_1_640' title='bbox 3078 3857 3466 3926; x_wconf 90' lang='lat' dir='ltr'><strong>interpretatur</strong></span> <span class='ocrx_word' id='word_1_641' title='bbox 3506 3856 3650 3911; x_wconf 81' lang='lat' dir='ltr'><strong>Ram</strong></span> <span class='ocrx_word' id='word_1_642' title='bbox 3687 3874 3773 3911; x_wconf 68' lang='lat' dir='ltr'><strong>est-</strong></span> 
     </span>
    </p>
   </div>
   <div class='ocr_carea' id='block_1_82' title="bbox 2170 3945 3770 4018">
    <p class='ocr_par' dir='ltr' id='par_1_82' title="bbox 2170 3945 3770 4018">
     <span class='ocr_line' id='line_1_83' title="bbox 2170 3945 3770 4018; baseline 0.004 -18"><span class='ocrx_word' id='word_1_643' title='bbox 2170 3945 2356 4013; x_wconf 87' lang='lat' dir='ltr'><strong>celsus,</strong></span> <span class='ocrx_word' id='word_1_644' title='bbox 2407 3945 2569 4002; x_wconf 88' lang='lat' dir='ltr'><strong>Sicha</strong></span> <span class='ocrx_word' id='word_1_645' title='bbox 2611 3963 2825 4017; x_wconf 89' lang='lat' dir='ltr'><strong>quoque</strong></span> <span class='ocrx_word' id='word_1_646' title='bbox 2870 3947 3103 4004; x_wconf 83' lang='lat' dir='ltr'><strong>humilis.</strong></span> <span class='ocrx_word' id='word_1_647' title='bbox 3153 3949 3304 4018; x_wconf 89' lang='lat' dir='ltr'><strong>Quod</strong></span> <span class='ocrx_word' id='word_1_648' title='bbox 3361 3952 3499 4005; x_wconf 86' lang='lat' dir='ltr'><strong>bene</strong></span> <span class='ocrx_word' id='word_1_649' title='bbox 3553 3949 3770 4006; x_wconf 72' lang='lat' dir='ltr'><strong>Iudaici</strong></span> 
     </span>
    </p>
   </div>
   <div class='ocr_carea' id='block_1_83' title="bbox 2168 4039 3767 4115">
    <p class='ocr_par' dir='ltr' id='par_1_83' title="bbox 2168 4039 3767 4115">
     <span class='ocr_line' id='line_1_84' title="bbox 2168 4039 3767 4115; baseline 0.003 -21"><span class='ocrx_word' id='word_1_650' title='bbox 2168 4039 2351 4110; x_wconf 91' lang='lat' dir='ltr'><strong>populi</strong></span> <span class='ocrx_word' id='word_1_651' title='bbox 2381 4048 2563 4111; x_wconf 85' lang='lat' dir='ltr'><strong>typum</strong></span> <span class='ocrx_word' id='word_1_652' title='bbox 2591 4049 2768 4110; x_wconf 88' lang='lat' dir='ltr'><strong>potest</strong></span> <span class='ocrx_word' id='word_1_653' title='bbox 2797 4043 3101 4112; x_wconf 84' lang='lat' dir='ltr'><strong>exprimere</strong></span> <span class='ocrx_word' id='word_1_654' title='bbox 3133 4059 3232 4114; x_wconf 92' lang='lat' dir='ltr'><strong>per</strong></span> <span class='ocrx_word' id='word_1_655' title='bbox 3277 4043 3592 4115; x_wconf 86' lang='lat' dir='ltr'><strong>allegoriam</strong></span> <span class='ocrx_word' id='word_1_656' title='bbox 3628 4060 3645 4096; x_wconf 90' lang='lat'><strong>:</strong></span> <span class='ocrx_word' id='word_1_657' title='bbox 3679 4044 3767 4114; x_wconf 89' lang='lat' dir='ltr'><strong>qui</strong></span> 
     </span>
    </p>
   </div>
   <div class='ocr_carea' id='block_1_84' title="bbox 2171 4130 3768 4204">
    <p class='ocr_par' dir='ltr' id='par_1_84' title="bbox 2171 4130 3768 4204">
     <span class='ocr_line' id='line_1_85' title="bbox 2171 4130 3768 4204; baseline 0.004 -20"><span class='ocrx_word' id='word_1_658' title='bbox 2171 4130 2442 4199; x_wconf 88' lang='lat' dir='ltr'><strong>quondam</strong></span> <span class='ocrx_word' id='word_1_659' title='bbox 2469 4131 2716 4188; x_wconf 77' lang='lat' dir='ltr'><strong>excelsus</strong></span> <span class='ocrx_word' id='word_1_660' title='bbox 2755 4130 2857 4187; x_wconf 80' lang='lat' dir='ltr'><strong>fuit</strong></span> <span class='ocrx_word' id='word_1_661' title='bbox 2903 4133 2960 4187; x_wconf 89' lang='lat' dir='ltr'><strong>in</strong></span> <span class='ocrx_word' id='word_1_662' title='bbox 3013 4133 3221 4189; x_wconf 92' lang='lat' dir='ltr'><strong>cultura</strong></span> <span class='ocrx_word' id='word_1_663' title='bbox 3271 4135 3430 4191; x_wconf 89' lang='lat' dir='ltr'><strong>unius</strong></span> <span class='ocrx_word' id='word_1_664' title='bbox 3460 4135 3557 4189; x_wconf 74' lang='lat' dir='ltr'><strong>Dei</strong></span> <span class='ocrx_word' id='word_1_665' title='bbox 3586 4145 3650 4190; x_wconf 87' lang='lat' dir='ltr'><strong>et</strong></span> <span class='ocrx_word' id='word_1_666' title='bbox 3676 4151 3768 4204; x_wconf 90' lang='lat' dir='ltr'><strong>po-</strong></span> 
     </span>
    </p>
   </div>
   <div class='ocr_carea' id='block_1_85' title="bbox 2172 4219 3768 4292">
    <p class='ocr_par' dir='ltr' id='par_1_85' title="bbox 2172 4219 3768 4292">
     <span class='ocr_line' id='line_1_86' title="bbox 2172 4219 3768 4292; baseline 0.004 -18"><span class='ocrx_word' id='word_1_667' title='bbox 2172 4219 2336 4274; x_wconf 82' lang='lat' dir='ltr'><strong>tentia</strong></span> <span class='ocrx_word' id='word_1_668' title='bbox 2361 4221 2531 4290; x_wconf 90' lang='lat' dir='ltr'><strong>regni,</strong></span> <span class='ocrx_word' id='word_1_669' title='bbox 2562 4221 2658 4277; x_wconf 91' lang='lat' dir='ltr'><strong>sed</strong></span> <span class='ocrx_word' id='word_1_670' title='bbox 2679 4222 2803 4292; x_wconf 89' lang='lat' dir='ltr'><strong>quia</strong></span> <span class='ocrx_word' id='word_1_671' title='bbox 2832 4221 3107 4278; x_wconf 89' lang='lat' dir='ltr'><strong>Christum</strong></span> <span class='ocrx_word' id='word_1_672' title='bbox 3136 4225 3204 4279; x_wconf 89' lang='lat' dir='ltr'><strong>ad</strong></span> <span class='ocrx_word' id='word_1_673' title='bbox 3225 4239 3284 4279; x_wconf 90' lang='lat' dir='ltr'><strong>se</strong></span> <span class='ocrx_word' id='word_1_674' title='bbox 3308 4225 3620 4280; x_wconf 86' lang='lat' dir='ltr'><strong>venientem</strong></span> <span class='ocrx_word' id='word_1_675' title='bbox 3648 4241 3768 4280; x_wconf 87' lang='lat' dir='ltr'><strong>sus-</strong></span> 
     </span>
    </p>
   </div>
   <div class='ocr_carea' id='block_1_86' title="bbox 2167 4310 3764 4386">
    <p class='ocr_par' dir='ltr' id='par_1_86' title="bbox 2167 4310 3764 4386">
     <span class='ocr_line' id='line_1_87' title="bbox 2167 4310 3764 4386; baseline 0.004 -21"><span class='ocrx_word' id='word_1_676' title='bbox 2167 4310 2348 4380; x_wconf 91' lang='lat' dir='ltr'><strong>cipere</strong></span> <span class='ocrx_word' id='word_1_677' title='bbox 2378 4312 2567 4378; x_wconf 89' lang='lat' dir='ltr'><strong>noluit,</strong></span> <span class='ocrx_word' id='word_1_678' title='bbox 2592 4313 2810 4369; x_wconf 88' lang='lat' dir='ltr'><strong>humilis</strong></span> <span class='ocrx_word' id='word_1_679' title='bbox 2830 4324 2991 4384; x_wconf 90' lang='lat' dir='ltr'><strong>atque</strong></span> <span class='ocrx_word' id='word_1_680' title='bbox 3020 4315 3144 4370; x_wconf 90' lang='lat' dir='ltr'><strong>vilis</strong></span> <span class='ocrx_word' id='word_1_681' title='bbox 3181 4314 3404 4371; x_wconf 79' lang='lat' dir='ltr'><strong>eﬁ&#39;ectus</strong></span> <span class='ocrx_word' id='word_1_682' title='bbox 3451 4326 3552 4380; x_wconf 88' lang='lat' dir='ltr'><strong>est,</strong></span> <span class='ocrx_word' id='word_1_683' title='bbox 3601 4316 3764 4386; x_wconf 86' lang='lat' dir='ltr'><strong>juxta</strong></span> 
     </span>
    </p>
   </div>
   <div class='ocr_carea' id='block_1_87' title="bbox 2169 4403 3764 4478">
    <p class='ocr_par' dir='ltr' id='par_1_87' title="bbox 2169 4403 3764 4478">
     <span class='ocr_line' id='line_1_88' title="bbox 2169 4403 3764 4478; baseline 0.004 -20"><span class='ocrx_word' id='word_1_684' title='bbox 2169 4403 2315 4459; x_wconf 88' lang='lat' dir='ltr'><strong>illam</strong></span> <span class='ocrx_word' id='word_1_685' title='bbox 2356 4405 2668 4476; x_wconf 91' lang='lat' dir='ltr'><strong>parabolam</strong></span> <span class='ocrx_word' id='word_1_686' title='bbox 2712 4406 3006 4476; x_wconf 86' lang='lat' dir='ltr'><strong>Evangelii,</strong></span> <span class='ocrx_word' id='word_1_687' title='bbox 3055 4422 3175 4476; x_wconf 76' lang='lat' dir='ltr'><strong>qua:</strong></span> <span class='ocrx_word' id='word_1_688' title='bbox 3214 4407 3346 4463; x_wconf 87' lang='lat' dir='ltr'><strong>dicit</strong></span> <span class='ocrx_word' id='word_1_689' title='bbox 3382 4407 3587 4478; x_wconf 89' lang='lat' dir='ltr'><strong>primos</strong></span> <span class='ocrx_word' id='word_1_690' title='bbox 3641 4424 3764 4464; x_wconf 81' lang='lat' dir='ltr'><strong>esse</strong></span> 
     </span>
    </p>
   </div>
   <div class='ocr_carea' id='block_1_88' title="bbox 2167 4481 3761 4569">
    <p class='ocr_par' dir='ltr' id='par_1_88' title="bbox 2167 4481 3761 4569">
     <span class='ocr_line' id='line_1_89' title="bbox 2167 4481 3761 4569; baseline 0.001 -18"><span class='ocrx_word' id='word_1_691' title='bbox 2167 4495 2512 4563; x_wconf 89' lang='lat' dir='ltr'><strong>novissimos,</strong></span> <span class='ocrx_word' id='word_1_692' title='bbox 2536 4504 2590 4552; x_wconf 91' lang='lat' dir='ltr'><strong>et</strong></span> <span class='ocrx_word' id='word_1_693' title='bbox 2620 4497 2944 4552; x_wconf 90' lang='lat' dir='ltr'><strong>novissimos</strong></span> <span class='ocrx_word' id='word_1_694' title='bbox 2969 4497 3172 4568; x_wconf 90' lang='lat' dir='ltr'><strong>primos</strong></span> <span class='ocrx_word' id='word_1_695' title='bbox 3192 4497 3417 4568; x_wconf 77' lang='lat' dir='ltr'><strong>(Matth.</strong></span> <span class='ocrx_word' id='word_1_696' title='bbox 3441 4513 3513 4551; x_wconf 83' lang='lat' dir='ltr'><strong>xx</strong></span> <span class='ocrx_word' id='word_1_697' title='bbox 3525 4481 3554 4569; x_wconf 68' lang='grc'>’)</span> <span class='ocrx_word' id='word_1_698' title='bbox 3580 4516 3592 4551; x_wconf 76' lang='grc' dir='ltr'><strong>ε</strong></span> <span class='ocrx_word' id='word_1_699' title='bbox 3621 4498 3761 4564; x_wconf 88' lang='lat' dir='ltr'><strong>Quia</strong></span> 
     </span>
    </p>
   </div>
   <div class='ocr_carea' id='block_1_89' title="bbox 2167 4584 3762 4657">
    <p class='ocr_par' dir='ltr' id='par_1_89' title="bbox 2167 4584 3762 4657">
     <span class='ocr_line' id='line_1_90' title="bbox 2167 4584 3762 4657; baseline 0.003 -17"><span class='ocrx_word' id='word_1_700' title='bbox 2167 4584 2336 4642; x_wconf 68' lang='lat' dir='ltr'><strong>ludasi</strong></span> <span class='ocrx_word' id='word_1_701' title='bbox 2364 4603 2485 4642; x_wconf 90' lang='lat' dir='ltr'><strong>cum</strong></span> <span class='ocrx_word' id='word_1_702' title='bbox 2517 4586 2715 4641; x_wconf 89' lang='lat' dir='ltr'><strong>dudum</strong></span> <span class='ocrx_word' id='word_1_703' title='bbox 2741 4587 2942 4643; x_wconf 82' lang='lat' dir='ltr'><strong>fuerint</strong></span> <span class='ocrx_word' id='word_1_704' title='bbox 2987 4590 3148 4657; x_wconf 89' lang='lat' dir='ltr'><strong>primi</strong></span> <span class='ocrx_word' id='word_1_705' title='bbox 3191 4590 3290 4644; x_wconf 89' lang='lat' dir='ltr'><strong>sub</strong></span> <span class='ocrx_word' id='word_1_706' title='bbox 3336 4590 3515 4645; x_wconf 83' lang='lat' dir='ltr'><strong>Veteri</strong></span> <span class='ocrx_word' id='word_1_707' title='bbox 3567 4589 3762 4644; x_wconf 81' lang='lat' dir='ltr'><strong>Testa—</strong></span> 
     </span>
    </p>
   </div>
   <div class='ocr_carea' id='block_1_90' title="bbox 485 4656 2072 4752">
    <p class='ocr_par' dir='ltr' id='par_1_90' title="bbox 485 4656 2059 4735">
     <span class='ocr_line' id='line_1_91' title="bbox 485 4656 2059 4735; baseline 0.012 -32"><span class='ocrx_word' id='word_1_708' title='bbox 485 4665 648 4720; x_wconf 85' lang='lat' dir='ltr'><strong>meos,</strong></span> <span class='ocrx_word' id='word_1_709' title='bbox 686 4663 734 4708; x_wconf 86' lang='lat' dir='ltr'><strong>et</strong></span> <span class='ocrx_word' id='word_1_710' title='bbox 781 4656 938 4725; x_wconf 79' lang='lat' dir='ltr'><strong>fuerit</strong></span> <span class='ocrx_word' id='word_1_711' title='bbox 975 4675 1164 4716; x_wconf 85' lang='lat' dir='ltr'><strong>manus</strong></span> <span class='ocrx_word' id='word_1_712' title='bbox 1199 4670 1290 4715; x_wconf 88' lang='lat' dir='ltr'><strong>tua</strong></span> <span class='ocrx_word' id='word_1_713' title='bbox 1336 4679 1558 4731; x_wconf 89' lang='lat' dir='ltr'><strong>mecum,</strong></span> <span class='ocrx_word' id='word_1_714' title='bbox 1594 4675 1643 4720; x_wconf 89' lang='lat' dir='ltr'><strong>et</strong></span> <span class='ocrx_word' id='word_1_715' title='bbox 1694 4665 1876 4735; x_wconf 79' lang='lat' dir='ltr'><strong>feceris</strong></span> <span class='ocrx_word' id='word_1_716' title='bbox 1915 4684 1996 4722; x_wconf 90' lang='lat' dir='ltr'><strong>me</strong></span> <span class='ocrx_word' id='word_1_717' title='bbox 2025 4685 2059 4722; x_wconf 91' lang='lat' dir='ltr'><strong>a</strong></span> 
     </span>
    </p>
   </div>
   <div class='ocr_carea' id='block_1_91' title="bbox 2175 4656 3761 4752">
    <p class='ocr_par' dir='ltr' id='par_1_91' title="bbox 2175 4680 3761 4752">
     <span class='ocr_line' id='line_1_92' title="bbox 2175 4680 3761 4752; baseline 0.003 -20"><span class='ocrx_word' id='word_1_718' title='bbox 2175 4687 2369 4744; x_wconf 85' lang='lat' dir='ltr'><strong>mento,</strong></span> <span class='ocrx_word' id='word_1_719' title='bbox 2398 4693 2542 4732; x_wconf 91' lang='lat' dir='ltr'><strong>nunc</strong></span> <span class='ocrx_word' id='word_1_720' title='bbox 2568 4687 2692 4733; x_wconf 89' lang='lat' dir='ltr'><strong>sunt</strong></span> <span class='ocrx_word' id='word_1_721' title='bbox 2738 4680 3018 4734; x_wconf 89' lang='lat' dir='ltr'><strong>novissimi</strong></span> <span class='ocrx_word' id='word_1_722' title='bbox 3062 4681 3117 4734; x_wconf 90' lang='lat' dir='ltr'><strong>in</strong></span> <span class='ocrx_word' id='word_1_723' title='bbox 3162 4682 3334 4752; x_wconf 85' lang='lat' dir='ltr'><strong>gratia</strong></span> <span class='ocrx_word' id='word_1_724' title='bbox 3383 4680 3519 4736; x_wconf 84' lang='lat' dir='ltr'><strong>Novi</strong></span> <span class='ocrx_word' id='word_1_725' title='bbox 3566 4680 3761 4736; x_wconf 85' lang='lat' dir='ltr'><strong>Testa-</strong></span> 
     </span>
    </p>
   </div>
   <div class='ocr_carea' id='block_1_92' title="bbox 485 4739 2061 4824">
    <p class='ocr_par' dir='ltr' id='par_1_92' title="bbox 485 4739 2061 4824">
     <span class='ocr_line' id='line_1_93' title="bbox 485 4739 2061 4824; baseline 0.013 -31"><span class='ocrx_word' id='word_1_726' title='bbox 485 4739 692 4797; x_wconf 86' lang='lat' dir='ltr'><strong>malitia</strong></span> <span class='ocrx_word' id='word_1_727' title='bbox 722 4760 826 4798; x_wconf 90' lang='lat' dir='ltr'><strong>non</strong></span> <span class='ocrx_word' id='word_1_728' title='bbox 856 4747 1100 4817; x_wconf 89' lang='lat' dir='ltr'><strong>opprimi,</strong></span> <span class='ocrx_word' id='word_1_729' title='bbox 1126 4757 1182 4805; x_wconf 88' lang='lat' dir='ltr'><strong>et</strong></span> <span class='ocrx_word' id='word_1_730' title='bbox 1222 4751 1378 4822; x_wconf 92' lang='lat' dir='ltr'><strong>reliq.</strong></span> <span class='ocrx_word' id='word_1_731' title='bbox 1430 4751 1557 4808; x_wconf 80' lang='lat' dir='ltr'><strong>Haec</strong></span> <span class='ocrx_word' id='word_1_732' title='bbox 1584 4754 1890 4824; x_wconf 88' lang='lat' dir='ltr'><strong>deprecatio</strong></span> <span class='ocrx_word' id='word_1_733' title='bbox 1922 4758 2061 4815; x_wconf 89' lang='lat' dir='ltr'><strong>bene</strong></span> 
     </span>
    </p>
   </div>
   <div class='ocr_carea' id='block_1_93' title="bbox 484 4836 2061 4915">
    <p class='ocr_par' dir='ltr' id='par_1_93' title="bbox 484 4836 2061 4915">
     <span class='ocr_line' id='line_1_94' title="bbox 484 4836 2061 4915; baseline 0.012 -28"><span class='ocrx_word' id='word_1_734' title='bbox 484 4837 738 4892; x_wconf 89' lang='lat' dir='ltr'><strong>convenit</strong></span> <span class='ocrx_word' id='word_1_735' title='bbox 773 4836 936 4894; x_wconf 85' lang='lat' dir='ltr'><strong>labes</strong></span> <span class='ocrx_word' id='word_1_736' title='bbox 964 4841 1258 4909; x_wconf 88' lang='lat' dir='ltr'><strong>spirituali,</strong></span> <span class='ocrx_word' id='word_1_737' title='bbox 1304 4861 1464 4915; x_wconf 90' lang='lat' dir='ltr'><strong>quem</strong></span> <span class='ocrx_word' id='word_1_738' title='bbox 1503 4846 1664 4902; x_wconf 90' lang='lat' dir='ltr'><strong>Pater</strong></span> <span class='ocrx_word' id='word_1_739' title='bbox 1703 4850 2061 4907; x_wconf 85' lang='lat' dir='ltr'><strong>sanctiﬁcavit</strong></span> 
     </span>
    </p>
   </div>
   <div class='ocr_carea' id='block_1_94' title="bbox 483 4927 2061 5012">
    <p class='ocr_par' dir='ltr' id='par_1_94' title="bbox 483 4927 2061 5012">
     <span class='ocr_line' id='line_1_95' title="bbox 483 4927 2061 5012; baseline 0.012 -34"><span class='ocrx_word' id='word_1_740' title='bbox 483 4933 539 4979; x_wconf 92' lang='lat' dir='ltr'><strong>et</strong></span> <span class='ocrx_word' id='word_1_741' title='bbox 593 4927 741 4981; x_wconf 88' lang='lat' dir='ltr'><strong>misit</strong></span> <span class='ocrx_word' id='word_1_742' title='bbox 791 4928 846 4982; x_wconf 92' lang='lat' dir='ltr'><strong>in</strong></span> <span class='ocrx_word' id='word_1_743' title='bbox 893 4931 1148 4986; x_wconf 91' lang='lat' dir='ltr'><strong>mundum</strong></span> <span class='ocrx_word' id='word_1_744' title='bbox 1193 4933 1374 5004; x_wconf 83' lang='lat' dir='ltr'><strong>(Joan.</strong></span> <span class='ocrx_word' id='word_1_745' title='bbox 1402 4935 1491 5008; x_wconf 80' lang='lat' dir='ltr'><strong>x);</strong></span> <span class='ocrx_word' id='word_1_746' title='bbox 1549 4939 1641 5007; x_wconf 91' lang='lat' dir='ltr'><strong>qui</strong></span> <span class='ocrx_word' id='word_1_747' title='bbox 1694 4941 1838 4995; x_wconf 88' lang='lat' dir='ltr'><strong>venit</strong></span> <span class='ocrx_word' id='word_1_748' title='bbox 1882 4942 2061 5012; x_wconf 88' lang='lat' dir='ltr'><strong>ignem</strong></span> 
     </span>
    </p>
   </div>
   <div class='ocr_carea' id='block_1_95' title="bbox 483 5014 2062 5096">
    <p class='ocr_par' dir='ltr' id='par_1_95' title="bbox 483 5014 2062 5096">
     <span class='ocr_line' id='line_1_96' title="bbox 483 5014 2062 5096; baseline 0.012 -29"><span class='ocrx_word' id='word_1_749' title='bbox 483 5014 701 5071; x_wconf 86' lang='lat' dir='ltr'><strong>mittere</strong></span> <span class='ocrx_word' id='word_1_750' title='bbox 725 5016 781 5070; x_wconf 90' lang='lat' dir='ltr'><strong>in</strong></span> <span class='ocrx_word' id='word_1_751' title='bbox 805 5025 1006 5073; x_wconf 88' lang='lat' dir='ltr'><strong>terram</strong></span> <span class='ocrx_word' id='word_1_752' title='bbox 1029 5018 1179 5090; x_wconf 91' lang='lat' dir='ltr'><strong>(Luc.</strong></span> <span class='ocrx_word' id='word_1_753' title='bbox 1201 5024 1322 5096; x_wconf 82' lang='lat' dir='ltr'><strong>xu),</strong></span> <span class='ocrx_word' id='word_1_754' title='bbox 1350 5034 1410 5080; x_wconf 91' lang='lat' dir='ltr'><strong>ut</strong></span> <span class='ocrx_word' id='word_1_755' title='bbox 1429 5037 1681 5084; x_wconf 83' lang='lat' dir='ltr'><strong>exureret</strong></span> <span class='ocrx_word' id='word_1_756' title='bbox 1705 5038 1759 5084; x_wconf 91' lang='lat' dir='ltr'><strong>et</strong></span> <span class='ocrx_word' id='word_1_757' title='bbox 1780 5045 2062 5086; x_wconf 84' lang='lat' dir='ltr'><strong>consume-</strong></span> 
     </span>
    </p>
   </div>
   <div class='ocr_carea' id='block_1_96' title="bbox 483 5110 2060 5192">
    <p class='ocr_par' dir='ltr' id='par_1_96' title="bbox 483 5110 2060 5192">
     <span class='ocr_line' id='line_1_97' title="bbox 483 5110 2060 5192; baseline 0.013 -36"><span class='ocrx_word' id='word_1_758' title='bbox 483 5112 567 5157; x_wconf 89' lang='lat' dir='ltr'><strong>ret</strong></span> <span class='ocrx_word' id='word_1_759' title='bbox 606 5115 830 5172; x_wconf 88' lang='lat' dir='ltr'><strong>peccata</strong></span> <span class='ocrx_word' id='word_1_760' title='bbox 878 5110 1094 5180; x_wconf 86' lang='lat' dir='ltr'><strong>generis</strong></span> <span class='ocrx_word' id='word_1_761' title='bbox 1139 5111 1391 5181; x_wconf 90' lang='lat' dir='ltr'><strong>humani;</strong></span> <span class='ocrx_word' id='word_1_762' title='bbox 1424 5132 1583 5186; x_wconf 91' lang='lat' dir='ltr'><strong>quem</strong></span> <span class='ocrx_word' id='word_1_763' title='bbox 1611 5117 1846 5176; x_wconf 85' lang='lat' dir='ltr'><strong>Joannes</strong></span> <span class='ocrx_word' id='word_1_764' title='bbox 1891 5121 2060 5192; x_wconf 88' lang='lat' dir='ltr'><strong>digito</strong></span> 
     </span>
    </p>
   </div>
   <div class='ocr_carea' id='block_1_97' title="bbox 481 5193 2059 5283">
    <p class='ocr_par' dir='ltr' id='par_1_97' title="bbox 481 5193 2059 5283">
     <span class='ocr_line' id='line_1_98' title="bbox 481 5193 2059 5283; baseline 0.011 -33"><span class='ocrx_word' id='word_1_765' title='bbox 481 5193 861 5254; x_wconf 85' lang='lat' dir='ltr'><strong>demonstrans</strong></span> <span class='ocrx_word' id='word_1_766' title='bbox 885 5198 963 5254; x_wconf 86' lang='lat' dir='ltr'><strong>ait</strong></span> <span class='ocrx_word' id='word_1_767' title='bbox 987 5217 1000 5254; x_wconf 92' lang='lat'><strong>:</strong></span> <span class='ocrx_word' id='word_1_768' title='bbox 1032 5199 1168 5258; x_wconf 88' lang='lat' dir='ltr'><strong>Ecce</strong></span> <span class='ocrx_word' id='word_1_769' title='bbox 1196 5222 1362 5275; x_wconf 86' lang='lat' dir='ltr'><strong>agnus</strong></span> <span class='ocrx_word' id='word_1_770' title='bbox 1387 5207 1507 5276; x_wconf 91' lang='lat' dir='ltr'><strong>Dei,</strong></span> <span class='ocrx_word' id='word_1_771' title='bbox 1527 5226 1640 5264; x_wconf 88' lang='lat' dir='ltr'><strong>ecce</strong></span> <span class='ocrx_word' id='word_1_772' title='bbox 1661 5212 1750 5280; x_wconf 89' lang='lat' dir='ltr'><strong>qui</strong></span> <span class='ocrx_word' id='word_1_773' title='bbox 1777 5211 1912 5266; x_wconf 90' lang='lat' dir='ltr'><strong>tollit</strong></span> <span class='ocrx_word' id='word_1_774' title='bbox 1937 5231 2059 5283; x_wconf 91' lang='lat' dir='ltr'><strong>pec-</strong></span> 
     </span>
    </p>
   </div>
   <div class='ocr_carea' id='block_1_98' title="bbox 419 5289 2060 5374">
    <p class='ocr_par' dir='ltr' id='par_1_98' title="bbox 419 5289 2060 5374">
     <span class='ocr_line' id='line_1_99' title="bbox 419 5289 2060 5374; baseline 0.016 -37"><span class='ocrx_word' id='word_1_775' title='bbox 419 5313 424 5322; x_wconf 83' lang='lat'><strong><em>~</em></strong></span> <span class='ocrx_word' id='word_1_776' title='bbox 479 5293 602 5339; x_wconf 85' lang='lat' dir='ltr'><strong>cata</strong></span> <span class='ocrx_word' id='word_1_777' title='bbox 637 5289 820 5343; x_wconf 83' lang='lat' dir='ltr'><strong>mundi</strong></span> <span class='ocrx_word' id='word_1_778' title='bbox 845 5289 1028 5362; x_wconf 77' lang='lat' dir='ltr'><strong>(Joan.</strong></span> <span class='ocrx_word' id='word_1_779' title='bbox 1053 5293 1114 5368; x_wconf 89' lang='grc' dir='ltr'>ι).</span> <span class='ocrx_word' id='word_1_780' title='bbox 1141 5295 1422 5354; x_wconf 87' lang='lat' dir='ltr'><strong>Benedixit</strong></span> <span class='ocrx_word' id='word_1_781' title='bbox 1441 5317 1570 5374; x_wconf 89' lang='lat' dir='ltr'><strong>ergo</strong></span> <span class='ocrx_word' id='word_1_782' title='bbox 1591 5304 1730 5359; x_wconf 90' lang='lat' dir='ltr'><strong>Deus</strong></span> <span class='ocrx_word' id='word_1_783' title='bbox 1751 5305 1876 5360; x_wconf 89' lang='lat' dir='ltr'><strong>huic</strong></span> <span class='ocrx_word' id='word_1_784' title='bbox 1896 5304 2060 5362; x_wconf 90' lang='lat' dir='ltr'><strong>labes</strong></span> 
     </span>
    </p>
   </div>
   <div class='ocr_carea' id='block_1_99' title="bbox 481 5374 2056 5465">
    <p class='ocr_par' dir='ltr' id='par_1_99' title="bbox 481 5374 2056 5465">
     <span class='ocr_line' id='line_1_100' title="bbox 481 5374 2056 5465; baseline 0.016 -38"><span class='ocrx_word' id='word_1_785' title='bbox 481 5374 536 5428; x_wconf 88' lang='lat' dir='ltr'><strong>in</strong></span> <span class='ocrx_word' id='word_1_786' title='bbox 576 5375 1019 5449; x_wconf 86' lang='lat' dir='ltr'><strong>multiplicatione</strong></span> <span class='ocrx_word' id='word_1_787' title='bbox 1044 5385 1275 5442; x_wconf 87' lang='lat' dir='ltr'><strong>ﬁliorum</strong></span> <span class='ocrx_word' id='word_1_788' title='bbox 1305 5404 1548 5457; x_wconf 88' lang='lat' dir='ltr'><strong>suorum,</strong></span> <span class='ocrx_word' id='word_1_789' title='bbox 1571 5409 1708 5462; x_wconf 91' lang='lat' dir='ltr'><strong>quos</strong></span> <span class='ocrx_word' id='word_1_790' title='bbox 1735 5411 1832 5464; x_wconf 90' lang='lat' dir='ltr'><strong>per</strong></span> <span class='ocrx_word' id='word_1_791' title='bbox 1861 5411 2056 5465; x_wconf 90' lang='lat' dir='ltr'><strong>aquam</strong></span> 
     </span>
    </p>
   </div>
   <div class='ocr_carea' id='block_1_100' title="bbox 478 5465 2056 5553">
    <p class='ocr_par' dir='ltr' id='par_1_100' title="bbox 478 5465 2056 5553">
     <span class='ocr_line' id='line_1_101' title="bbox 478 5465 2056 5553; baseline 0.013 -32"><span class='ocrx_word' id='word_1_792' title='bbox 478 5465 816 5536; x_wconf 85' lang='lat' dir='ltr'><strong>baptismatis</strong></span> <span class='ocrx_word' id='word_1_793' title='bbox 836 5486 1176 5538; x_wconf 88' lang='lat' dir='ltr'><strong>sacrosancta</strong></span> <span class='ocrx_word' id='word_1_794' title='bbox 1215 5479 1292 5534; x_wconf 88' lang='lat' dir='ltr'><strong>illi</strong></span> <span class='ocrx_word' id='word_1_795' title='bbox 1339 5483 1485 5553; x_wconf 89' lang='lat' dir='ltr'><strong>parit</strong></span> <span class='ocrx_word' id='word_1_796' title='bbox 1507 5483 1770 5540; x_wconf 88' lang='lat' dir='ltr'><strong>Ecclesia.</strong></span> <span class='ocrx_word' id='word_1_797' title='bbox 1803 5486 2056 5542; x_wconf 89' lang='lat' dir='ltr'><strong>Dilatavit</strong></span> 
     </span>
    </p>
   </div>
   <div class='ocr_carea' id='block_1_101' title="bbox 416 5557 2054 5644">
    <p class='ocr_par' dir='ltr' id='par_1_101' title="bbox 416 5557 2054 5644">
     <span class='ocr_line' id='line_1_102' title="bbox 416 5557 2054 5644; baseline 0.009 -26"><span class='ocrx_word' id='word_1_798' title='bbox 416 5611 422 5618; x_wconf 94' lang='lat'><strong>.</strong></span> <span class='ocrx_word' id='word_1_799' title='bbox 479 5557 739 5617; x_wconf 79' lang='lat' dir='ltr'><strong>terminos</strong></span> <span class='ocrx_word' id='word_1_800' title='bbox 759 5561 892 5632; x_wconf 88' lang='lat' dir='ltr'><strong>ejus,</strong></span> <span class='ocrx_word' id='word_1_801' title='bbox 918 5568 1042 5635; x_wconf 88' lang='lat' dir='ltr'><strong>quia</strong></span> <span class='ocrx_word' id='word_1_802' title='bbox 1062 5570 1301 5626; x_wconf 90' lang='lat' dir='ltr'><strong>omnium</strong></span> <span class='ocrx_word' id='word_1_803' title='bbox 1329 5575 1573 5644; x_wconf 90' lang='lat' dir='ltr'><strong>gentium</strong></span> <span class='ocrx_word' id='word_1_804' title='bbox 1597 5576 1744 5631; x_wconf 88' lang='lat' dir='ltr'><strong>dedit</strong></span> <span class='ocrx_word' id='word_1_805' title='bbox 1774 5576 1849 5630; x_wconf 90' lang='lat' dir='ltr'><strong>illi</strong></span> <span class='ocrx_word' id='word_1_806' title='bbox 1882 5576 2054 5632; x_wconf 58' lang='lat' dir='ltr'><strong>hisre-</strong></span> 
     </span>
    </p>
   </div>
   <div class='ocr_carea' id='block_1_102' title="bbox 413 5645 2054 5733">
    <p class='ocr_par' dir='ltr' id='par_1_102' title="bbox 413 5645 2054 5733">
     <span class='ocr_line' id='line_1_103' title="bbox 413 5645 2054 5733; baseline 0.012 -32"><span class='ocrx_word' id='word_1_807' title='bbox 413 5684 418 5701; x_wconf 60' lang='grc' dir='ltr'><strong>ι</strong></span> <span class='ocrx_word' id='word_1_808' title='bbox 479 5645 702 5706; x_wconf 81' lang='lat' dir='ltr'><strong>ditatem</strong></span> <span class='ocrx_word' id='word_1_809' title='bbox 755 5649 929 5725; x_wconf 87' lang='lat' dir='ltr'><strong>(Psal.</strong></span> <span class='ocrx_word' id='word_1_810' title='bbox 969 5656 1052 5728; x_wconf 88' lang='grc' dir='ltr'>ιι),</span> <span class='ocrx_word' id='word_1_811' title='bbox 1093 5665 1148 5712; x_wconf 90' lang='grc' dir='ltr'><strong>ει</strong></span> <span class='ocrx_word' id='word_1_812' title='bbox 1189 5664 1585 5730; x_wconf 89' lang='lat' dir='ltr'><strong>possessionem</strong></span> <span class='ocrx_word' id='word_1_813' title='bbox 1639 5663 1758 5733; x_wconf 91' lang='lat' dir='ltr'><strong>ejus</strong></span> <span class='ocrx_word' id='word_1_814' title='bbox 1812 5667 2054 5723; x_wconf 78' lang='lat' dir='ltr'><strong>extendit</strong></span> 
     </span>
    </p>
   </div>
   <div class='ocr_carea' id='block_1_103' title="bbox 2166 4769 3760 4842">
    <p class='ocr_par' dir='ltr' id='par_1_103' title="bbox 2166 4769 3760 4842">
     <span class='ocr_line' id='line_1_104' title="bbox 2166 4769 3760 4842; baseline 0.003 -20"><span class='ocrx_word' id='word_1_815' title='bbox 2166 4769 2330 4822; x_wconf 91' lang='lat' dir='ltr'><strong>menti</strong></span> <span class='ocrx_word' id='word_1_816' title='bbox 2356 4786 2368 4820; x_wconf 93' lang='lat'>:</span> <span class='ocrx_word' id='word_1_817' title='bbox 2393 4776 2449 4823; x_wconf 91' lang='lat' dir='ltr'><strong>et</strong></span> <span class='ocrx_word' id='word_1_818' title='bbox 2473 4769 2710 4838; x_wconf 88' lang='lat' dir='ltr'><strong>gentium</strong></span> <span class='ocrx_word' id='word_1_819' title='bbox 2747 4771 2925 4840; x_wconf 81' lang='lat' dir='ltr'><strong>pepuli</strong></span> <span class='ocrx_word' id='word_1_820' title='bbox 2948 4787 2978 4825; x_wconf 91' lang='lat' dir='ltr'><strong>e</strong></span> <span class='ocrx_word' id='word_1_821' title='bbox 3007 4772 3282 4826; x_wconf 89' lang='lat' dir='ltr'><strong>contrario</strong></span> <span class='ocrx_word' id='word_1_822' title='bbox 3305 4773 3486 4841; x_wconf 91' lang='lat' dir='ltr'><strong>primi,</strong></span> <span class='ocrx_word' id='word_1_823' title='bbox 3509 4772 3601 4842; x_wconf 90' lang='lat' dir='ltr'><strong>qui</strong></span> <span class='ocrx_word' id='word_1_824' title='bbox 3632 4782 3760 4828; x_wconf 85' lang='lat' dir='ltr'><strong>tunc</strong></span> 
     </span>
    </p>
   </div>
   <div class='ocr_carea' id='block_1_104' title="bbox 2165 4861 3786 4933">
    <p class='ocr_par' dir='ltr' id='par_1_104' title="bbox 2165 4861 3786 4933">
     <span class='ocr_line' id='line_1_105' title="bbox 2165 4861 3786 4933; baseline 0.005 -21"><span class='ocrx_word' id='word_1_825' title='bbox 2165 4867 2320 4913; x_wconf 88' lang='lat' dir='ltr'><strong>erant</strong></span> <span class='ocrx_word' id='word_1_826' title='bbox 2358 4861 2677 4927; x_wconf 89' lang='lat' dir='ltr'><strong>novissimi;</strong></span> <span class='ocrx_word' id='word_1_827' title='bbox 2707 4861 2835 4930; x_wconf 87' lang='lat' dir='ltr'><strong>quia</strong></span> <span class='ocrx_word' id='word_1_828' title='bbox 2855 4872 3016 4933; x_wconf 88' lang='lat' dir='ltr'><strong>caput</strong></span> <span class='ocrx_word' id='word_1_829' title='bbox 3042 4863 3095 4917; x_wconf 91' lang='lat' dir='ltr'><strong>in</strong></span> <span class='ocrx_word' id='word_1_830' title='bbox 3129 4865 3380 4929; x_wconf 87' lang='lat' dir='ltr'><strong>caudam,</strong></span> <span class='ocrx_word' id='word_1_831' title='bbox 3417 4874 3475 4918; x_wconf 89' lang='lat' dir='ltr'><strong>et</strong></span> <span class='ocrx_word' id='word_1_832' title='bbox 3499 4866 3674 4919; x_wconf 87' lang='lat' dir='ltr'><strong>cauda</strong></span> <span class='ocrx_word' id='word_1_833' title='bbox 3707 4862 3786 4920; x_wconf 48' lang='lat' dir='ltr'><strong>in&#39;</strong></span> 
     </span>
    </p>
   </div>
   <div class='ocr_carea' id='block_1_105' title="bbox 2165 4950 3761 5026">
    <p class='ocr_par' dir='ltr' id='par_1_105' title="bbox 2165 4950 3761 5026">
     <span class='ocr_line' id='line_1_106' title="bbox 2165 4950 3761 5026; baseline 0.003 -21"><span class='ocrx_word' id='word_1_834' title='bbox 2165 4957 2325 5019; x_wconf 90' lang='lat' dir='ltr'><strong>caput</strong></span> <span class='ocrx_word' id='word_1_835' title='bbox 2351 4965 2504 5005; x_wconf 89' lang='lat' dir='ltr'><strong>versa</strong></span> <span class='ocrx_word' id='word_1_836' title='bbox 2532 4959 2618 5006; x_wconf 92' lang='lat' dir='ltr'><strong>est</strong></span> <span class='ocrx_word' id='word_1_837' title='bbox 2670 4950 2858 5023; x_wconf 87' lang='lat' dir='ltr'><strong>(Deut.</strong></span> <span class='ocrx_word' id='word_1_838' title='bbox 2908 4953 3134 5023; x_wconf 84' lang='lat' dir='ltr'><strong>xxvnt).</strong></span> <span class='ocrx_word' id='word_1_839' title='bbox 3181 4952 3343 5008; x_wconf 88' lang='lat' dir='ltr'><strong>Caleb</strong></span> <span class='ocrx_word' id='word_1_840' title='bbox 3386 4969 3515 5008; x_wconf 89' lang='lat' dir='ltr'><strong>vero</strong></span> <span class='ocrx_word' id='word_1_841' title='bbox 3570 4958 3761 5026; x_wconf 86' lang='lat' dir='ltr'><strong>genuit</strong></span> 
     </span>
    </p>
   </div>
   <div class='ocr_carea' id='block_1_106' title="bbox 2165 5037 3758 5118">
    <p class='ocr_par' dir='ltr' id='par_1_106' title="bbox 2165 5037 3758 5118">
     <span class='ocr_line' id='line_1_107' title="bbox 2165 5037 3758 5118; baseline 0.006 -26"><span class='ocrx_word' id='word_1_842' title='bbox 2165 5037 2357 5104; x_wconf 85' lang='lat' dir='ltr'><strong>Mahir,</strong></span> <span class='ocrx_word' id='word_1_843' title='bbox 2385 5047 2439 5094; x_wconf 87' lang='lat' dir='ltr'><strong>et</strong></span> <span class='ocrx_word' id='word_1_844' title='bbox 2469 5039 2641 5094; x_wconf 88' lang='lat' dir='ltr'><strong>Mahir</strong></span> <span class='ocrx_word' id='word_1_845' title='bbox 2667 5043 2852 5112; x_wconf 84' lang='lat' dir='ltr'><strong>genuit</strong></span> <span class='ocrx_word' id='word_1_846' title='bbox 2873 5043 3101 5110; x_wconf 87' lang='lat' dir='ltr'><strong>Esthon,</strong></span> <span class='ocrx_word' id='word_1_847' title='bbox 3129 5044 3334 5098; x_wconf 87' lang='lat' dir='ltr'><strong>Esthon</strong></span> <span class='ocrx_word' id='word_1_848' title='bbox 3359 5053 3542 5100; x_wconf 87' lang='lat' dir='ltr'><strong>autem</strong></span> <span class='ocrx_word' id='word_1_849' title='bbox 3569 5048 3758 5118; x_wconf 87' lang='lat' dir='ltr'><strong>genuit</strong></span> 
     </span>
    </p>
   </div>
   <div class='ocr_carea' id='block_1_107' title="bbox 2165 5127 3756 5206">
    <p class='ocr_par' dir='ltr' id='par_1_107' title="bbox 2165 5127 3756 5206">
     <span class='ocr_line' id='line_1_108' title="bbox 2165 5127 3756 5206; baseline 0.008 -24"><span class='ocrx_word' id='word_1_850' title='bbox 2165 5127 2426 5184; x_wconf 90' lang='lat' dir='ltr'><strong>Theinna.</strong></span> <span class='ocrx_word' id='word_1_851' title='bbox 2458 5129 2611 5197; x_wconf 92' lang='lat' dir='ltr'><strong>Quod</strong></span> <span class='ocrx_word' id='word_1_852' title='bbox 2630 5147 2758 5186; x_wconf 93' lang='lat' dir='ltr'><strong>vero</strong></span> <span class='ocrx_word' id='word_1_853' title='bbox 2781 5132 2910 5188; x_wconf 91' lang='lat' dir='ltr'><strong>dicit</strong></span> <span class='ocrx_word' id='word_1_854' title='bbox 2931 5133 3210 5190; x_wconf 90' lang='lat' dir='ltr'><strong>Theinnan</strong></span> <span class='ocrx_word' id='word_1_855' title='bbox 3233 5145 3440 5206; x_wconf 90' lang='lat' dir='ltr'><strong>patrem</strong></span> <span class='ocrx_word' id='word_1_856' title='bbox 3465 5140 3616 5193; x_wconf 91' lang='lat' dir='ltr'><strong>urbis</strong></span> <span class='ocrx_word' id='word_1_857' title='bbox 3634 5153 3756 5195; x_wconf 84' lang='lat' dir='ltr'><strong>esse</strong></span> 
     </span>
    </p>
   </div>
   <div class='ocr_carea' id='block_1_108' title="bbox 2161 5219 3752 5294">
    <p class='ocr_par' dir='ltr' id='par_1_108' title="bbox 2161 5219 3752 5294">
     <span class='ocr_line' id='line_1_109' title="bbox 2161 5219 3752 5294; baseline 0.007 -20"><span class='ocrx_word' id='word_1_858' title='bbox 2161 5219 2325 5288; x_wconf 88' lang='lat' dir='ltr'><strong>Naas,</strong></span> <span class='ocrx_word' id='word_1_859' title='bbox 2354 5221 2578 5291; x_wconf 85' lang='lat' dir='ltr'><strong>intelligi</strong></span> <span class='ocrx_word' id='word_1_860' title='bbox 2608 5231 2786 5293; x_wconf 88' lang='lat' dir='ltr'><strong>potest</strong></span> <span class='ocrx_word' id='word_1_861' title='bbox 2807 5234 2900 5279; x_wconf 92' lang='lat' dir='ltr'><strong>aut</strong></span> <span class='ocrx_word' id='word_1_862' title='bbox 2934 5226 3265 5293; x_wconf 88' lang='lat' dir='ltr'><strong>Bethlehem,</strong></span> <span class='ocrx_word' id='word_1_863' title='bbox 3299 5236 3392 5281; x_wconf 90' lang='lat' dir='ltr'><strong>aut</strong></span> <span class='ocrx_word' id='word_1_864' title='bbox 3411 5229 3607 5284; x_wconf 88' lang='lat' dir='ltr'><strong>matris</strong></span> <span class='ocrx_word' id='word_1_865' title='bbox 3625 5229 3752 5294; x_wconf 86' lang='lat' dir='ltr'><strong>lsai,</strong></span> 
     </span>
    </p>
   </div>
   <div class='ocr_carea' id='block_1_109' title="bbox 2160 5311 3753 5386">
    <p class='ocr_par' dir='ltr' id='par_1_109' title="bbox 2160 5311 3753 5386">
     <span class='ocr_line' id='line_1_110' title="bbox 2160 5311 3753 5386; baseline 0.006 -21"><span class='ocrx_word' id='word_1_866' title='bbox 2160 5312 2286 5380; x_wconf 89' lang='lat' dir='ltr'><strong>quia</strong></span> <span class='ocrx_word' id='word_1_867' title='bbox 2314 5311 2417 5366; x_wconf 89' lang='lat' dir='ltr'><strong>lsai</strong></span> <span class='ocrx_word' id='word_1_868' title='bbox 2449 5313 2507 5367; x_wconf 90' lang='lat' dir='ltr'><strong>in</strong></span> <span class='ocrx_word' id='word_1_869' title='bbox 2534 5313 2640 5367; x_wconf 90' lang='lat' dir='ltr'><strong>alio</strong></span> <span class='ocrx_word' id='word_1_870' title='bbox 2687 5314 2806 5371; x_wconf 90' lang='lat' dir='ltr'><strong>loco</strong></span> <span class='ocrx_word' id='word_1_871' title='bbox 2851 5313 3001 5370; x_wconf 86' lang='lat' dir='ltr'><strong>Naas</strong></span> <span class='ocrx_word' id='word_1_872' title='bbox 3053 5317 3263 5371; x_wconf 87' lang='lat' dir='ltr'><strong>coluber</strong></span> <span class='ocrx_word' id='word_1_873' title='bbox 3313 5328 3558 5373; x_wconf 85' lang='lat' dir='ltr'><strong>vocatur.</strong></span> <span class='ocrx_word' id='word_1_874' title='bbox 3598 5319 3753 5386; x_wconf 90' lang='lat' dir='ltr'><strong>Quod</strong></span> 
     </span>
    </p>
   </div>
   <div class='ocr_carea' id='block_1_110' title="bbox 2158 5401 3749 5474">
    <p class='ocr_par' dir='ltr' id='par_1_110' title="bbox 2158 5401 3749 5474">
     <span class='ocr_line' id='line_1_111' title="bbox 2158 5401 3749 5474; baseline 0.006 -18"><span class='ocrx_word' id='word_1_875' title='bbox 2158 5409 2341 5458; x_wconf 86' lang='lat' dir='ltr'><strong>autem</strong></span> <span class='ocrx_word' id='word_1_876' title='bbox 2387 5401 2728 5474; x_wconf 87' lang='lat' dir='ltr'><strong>subjungitur</strong></span> <span class='ocrx_word' id='word_1_877' title='bbox 2750 5419 2765 5458; x_wconf 88' lang='lat'><strong>:</strong></span> <span class='ocrx_word' id='word_1_878' title='bbox 2787 5403 2864 5459; x_wconf 87' lang='lat' dir='ltr'><strong>Hi</strong></span> <span class='ocrx_word' id='word_1_879' title='bbox 2889 5417 3008 5460; x_wconf 87' lang='lat' dir='ltr'><strong>sunt</strong></span> <span class='ocrx_word' id='word_1_880' title='bbox 3035 5407 3131 5462; x_wconf 85' lang='lat' dir='ltr'><strong>viri</strong></span> <span class='ocrx_word' id='word_1_881' title='bbox 3158 5407 3355 5474; x_wconf 85' lang='lat' dir='ltr'><strong>Recha,</strong></span> <span class='ocrx_word' id='word_1_882' title='bbox 3396 5411 3639 5465; x_wconf 90' lang='lat' dir='ltr'><strong>nonnulli</strong></span> <span class='ocrx_word' id='word_1_883' title='bbox 3665 5411 3749 5465; x_wconf 84' lang='lat' dir='ltr'><strong>in-</strong></span> 
     </span>
    </p>
   </div>
   <div class='ocr_carea' id='block_1_111' title="bbox 2159 5491 3748 5573">
    <p class='ocr_par' dir='ltr' id='par_1_111' title="bbox 2159 5491 3748 5573">
     <span class='ocr_line' id='line_1_112' title="bbox 2159 5491 3748 5573; baseline 0.009 -28"><span class='ocrx_word' id='word_1_884' title='bbox 2159 5491 2404 5564; x_wconf 90' lang='lat' dir='ltr'><strong>telligunt</strong></span> <span class='ocrx_word' id='word_1_885' title='bbox 2430 5493 2604 5549; x_wconf 84' lang='lat' dir='ltr'><strong>Recha</strong></span> <span class='ocrx_word' id='word_1_886' title='bbox 2635 5498 2852 5552; x_wconf 90' lang='lat' dir='ltr'><strong>nomine</strong></span> <span class='ocrx_word' id='word_1_887' title='bbox 2891 5498 3060 5553; x_wconf 89' lang='lat' dir='ltr'><strong>David</strong></span> <span class='ocrx_word' id='word_1_888' title='bbox 3099 5501 3429 5570; x_wconf 91' lang='lat' dir='ltr'><strong>nuncupari;</strong></span> <span class='ocrx_word' id='word_1_889' title='bbox 3479 5503 3748 5573; x_wconf 85' lang='lat' dir='ltr'><strong>interpre-</strong></span> 
     </span>
    </p>
   </div>
   <div class='ocr_carea' id='block_1_112' title="bbox 2159 5585 3746 5660">
    <p class='ocr_par' dir='ltr' id='par_1_112' title="bbox 2159 5585 3746 5660">
     <span class='ocr_line' id='line_1_113' title="bbox 2159 5585 3746 5660; baseline 0.009 -24"><span class='ocrx_word' id='word_1_890' title='bbox 2159 5591 2303 5637; x_wconf 88' lang='lat' dir='ltr'><strong>tatur</strong></span> <span class='ocrx_word' id='word_1_891' title='bbox 2329 5586 2471 5639; x_wconf 90' lang='lat' dir='ltr'><strong>enim</strong></span> <span class='ocrx_word' id='word_1_892' title='bbox 2501 5585 2685 5641; x_wconf 81' lang='lat' dir='ltr'><strong>Recha</strong></span> <span class='ocrx_word' id='word_1_893' title='bbox 2721 5595 2883 5643; x_wconf 85' lang='lat' dir='ltr'><strong>tener.</strong></span> <span class='ocrx_word' id='word_1_894' title='bbox 2919 5588 3067 5644; x_wconf 89' lang='lat' dir='ltr'><strong>Unde</strong></span> <span class='ocrx_word' id='word_1_895' title='bbox 3097 5590 3214 5660; x_wconf 89' lang='lat' dir='ltr'><strong>ipse</strong></span> <span class='ocrx_word' id='word_1_896' title='bbox 3237 5590 3407 5648; x_wconf 86' lang='lat' dir='ltr'><strong>David</strong></span> <span class='ocrx_word' id='word_1_897' title='bbox 3444 5593 3511 5648; x_wconf 88' lang='lat' dir='ltr'><strong>de</strong></span> <span class='ocrx_word' id='word_1_898' title='bbox 3559 5610 3619 5650; x_wconf 90' lang='lat' dir='ltr'><strong>se</strong></span> <span class='ocrx_word' id='word_1_899' title='bbox 3672 5596 3746 5650; x_wconf 74' lang='lat' dir='ltr'><strong>ita</strong></span> 
     </span>
    </p>
   </div>
   <div class='ocr_carea' id='block_1_113' title="bbox 2155 5673 3747 5766">
    <p class='ocr_par' dir='ltr' id='par_1_113' title="bbox 2155 5673 3747 5766">
     <span class='ocr_line' id='line_1_114' title="bbox 2155 5673 3747 5766; baseline 0.008 -39"><span class='ocrx_word' id='word_1_900' title='bbox 2155 5673 2230 5728; x_wconf 89' lang='lat' dir='ltr'><strong>ait</strong></span> <span class='ocrx_word' id='word_1_901' title='bbox 2257 5688 2271 5726; x_wconf 89' lang='lat'><strong>:</strong></span> <span class='ocrx_word' id='word_1_902' title='bbox 2299 5674 2409 5745; x_wconf 86' lang='lat' dir='ltr'><strong>Ego</strong></span> <span class='ocrx_word' id='word_1_903' title='bbox 2433 5692 2545 5729; x_wconf 88' lang='lat' dir='ltr'><strong>sum</strong></span> <span class='ocrx_word' id='word_1_904' title='bbox 2577 5685 2720 5730; x_wconf 89' lang='lat' dir='ltr'><strong>tener</strong></span> <span class='ocrx_word' id='word_1_905' title='bbox 2738 5687 2784 5731; x_wconf 87' lang='lat' dir='ltr'><strong>et</strong></span> <span class='ocrx_word' id='word_1_906' title='bbox 2809 5690 2994 5734; x_wconf 88' lang='lat' dir='ltr'><strong>unctus</strong></span> <span class='ocrx_word' id='word_1_907' title='bbox 3024 5696 3116 5735; x_wconf 72' lang='lat' dir='ltr'><strong>rex</strong></span> <span class='ocrx_word' id='word_1_908' title='bbox 3144 5680 3242 5752; x_wconf 91' lang='lat' dir='ltr'><strong>(II</strong></span> <span class='ocrx_word' id='word_1_909' title='bbox 3263 5681 3391 5753; x_wconf 83' lang='lat' dir='ltr'><strong>Reg.</strong></span> <span class='ocrx_word' id='word_1_910' title='bbox 3437 5699 3576 5740; x_wconf 80' lang='lat' dir='ltr'><strong>xxut</strong></span> <span class='ocrx_word' id='word_1_911' title='bbox 3597 5684 3615 5753; x_wconf 94' lang='lat'><strong>)</strong></span> <span class='ocrx_word' id='word_1_912' title='bbox 3637 5725 3650 5737; x_wconf 92' lang='lat'><strong>.</strong></span> <span class='ocrx_word' id='word_1_913' title='bbox 3682 5686 3747 5766; x_wconf 71' lang='lat' dir='ltr'><strong>Et</strong></span> 
     </span>
    </p>
   </div>
   <div class='ocr_carea' id='block_1_114' title="bbox 419 5742 3746 5844">
    <p class='ocr_par' dir='ltr' id='par_1_114' title="bbox 419 5742 3746 5844">
     <span class='ocr_line' id='line_1_115' title="bbox 419 5742 3746 5844; baseline 0.011 -53"><span class='ocrx_word' id='word_1_914' title='bbox 419 5777 424 5786; x_wconf 86' lang='lat'><strong>.</strong></span> <span class='ocrx_word' id='word_1_915' title='bbox 478 5750 651 5844; x_wconf 51' lang='lat' dir='ltr'><strong>usque</strong></span> <span class='ocrx_word' id='word_1_916' title='bbox 676 5742 942 5844; x_wconf 70' lang='lat' dir='ltr'><strong>terminos</strong></span> <span class='ocrx_word' id='word_1_917' title='bbox 974 5746 1122 5803; x_wconf 91' lang='lat' dir='ltr'><strong>orbis</strong></span> <span class='ocrx_word' id='word_1_918' title='bbox 1143 5757 1319 5806; x_wconf 67' lang='lat' dir='ltr'><strong>terrae.</strong></span> <span class='ocrx_word' id='word_1_919' title='bbox 1375 5755 1510 5810; x_wconf 89' lang='lat' dir='ltr'><strong>Cum</strong></span> <span class='ocrx_word' id='word_1_920' title='bbox 1556 5771 1664 5826; x_wconf 93' lang='lat' dir='ltr'><strong>quo</strong></span> <span class='ocrx_word' id='word_1_921' title='bbox 1713 5756 1813 5811; x_wconf 81' lang='lat' dir='ltr'><strong>fuit</strong></span> <span class='ocrx_word' id='word_1_922' title='bbox 1856 5774 2049 5816; x_wconf 89' lang='lat' dir='ltr'><strong>manus</strong></span> <span class='ocrx_word' id='word_1_923' title='bbox 2153 5764 2206 5816; x_wconf 89' lang='lat' dir='ltr'><strong>in</strong></span> <span class='ocrx_word' id='word_1_924' title='bbox 2235 5742 2499 5829; x_wconf 30' lang='lat' dir='ltr'><strong>alio&#39;loco,</strong></span> <span class='ocrx_word' id='word_1_925' title='bbox 2530 5767 2683 5834; x_wconf 88' lang='lat' dir='ltr'><strong>quasi</strong></span> <span class='ocrx_word' id='word_1_926' title='bbox 2715 5769 3020 5824; x_wconf 81' lang='lat' dir='ltr'><strong>vermiculus</strong></span> <span class='ocrx_word' id='word_1_927' title='bbox 3051 5742 3178 5840; x_wconf 68' lang='lat' dir='ltr'><strong>ligni</strong></span> <span class='ocrx_word' id='word_1_928' title='bbox 3208 5742 3364 5825; x_wconf 57' lang='lat' dir='ltr'><strong>tene;</strong></span> <span class='ocrx_word' id='word_1_929' title='bbox 3380 5788 3502 5828; x_wconf 83' lang='lat' dir='ltr'><strong>esse</strong></span> <span class='ocrx_word' id='word_1_930' title='bbox 3539 5742 3746 5829; x_wconf 74' lang='lat' dir='ltr'><strong>descri-</strong></span> 
     </span>
    </p>
   </div>
   <div class='ocr_carea' id='block_1_115' title="bbox 419 5827 3742 5939">
    <p class='ocr_par' dir='ltr' id='par_1_115' title="bbox 419 5827 3742 5939">
     <span class='ocr_line' id='line_1_116' title="bbox 419 5827 3742 5939; baseline 0.013 -55"><span class='ocrx_word' id='word_1_931' title='bbox 419 5863 424 5868; x_wconf 70' lang='grc' dir='ltr'><strong>ι</strong></span> <span class='ocrx_word' id='word_1_932' title='bbox 480 5827 712 5903; x_wconf 85' lang='lat' dir='ltr'><strong>Domini,</strong></span> <span class='ocrx_word' id='word_1_933' title='bbox 743 5836 868 5907; x_wconf 87' lang='lat' dir='ltr'><strong>quia</strong></span> <span class='ocrx_word' id='word_1_934' title='bbox 906 5843 1143 5909; x_wconf 77' lang='lat' dir='ltr'><strong>potentia</strong></span> <span class='ocrx_word' id='word_1_935' title='bbox 1182 5843 1490 5904; x_wconf 89' lang='lat' dir='ltr'><strong>Divinitatis</strong></span> <span class='ocrx_word' id='word_1_936' title='bbox 1533 5865 1628 5920; x_wconf 91' lang='lat' dir='ltr'><strong>per</strong></span> <span class='ocrx_word' id='word_1_937' title='bbox 1676 5848 1826 5909; x_wconf 88' lang='lat' dir='ltr'><strong>illum</strong></span> <span class='ocrx_word' id='word_1_938' title='bbox 1873 5851 2050 5912; x_wconf 65' lang='lat' dir='ltr'><strong>etl‘ecit</strong></span> <span class='ocrx_word' id='word_1_939' title='bbox 2150 5855 2317 5913; x_wconf 87' lang='lat' dir='ltr'><strong>bitur.</strong></span> <span class='ocrx_word' id='word_1_940' title='bbox 2349 5827 2727 5915; x_wconf 49' lang='lat' dir='ltr'><strong>Idcirco-enim</strong></span> <span class='ocrx_word' id='word_1_941' title='bbox 2755 5860 2851 5915; x_wconf 83' lang='lat' dir='ltr'><strong>viri</strong></span> <span class='ocrx_word' id='word_1_942' title='bbox 2893 5827 3395 5935; x_wconf 47' lang='lat' dir='ltr'><strong>Rechavdicuntur,</strong></span> <span class='ocrx_word' id='word_1_943' title='bbox 3448 5827 3742 5939; x_wconf 29' lang='grc' dir='ltr'><strong>(μύει-Ρω-</strong></span> 
     </span>
    </p>
   </div>
  </div>
