3958 6470
564 362 662 420 5H

1202 374 1261 429 Β.
1302 373 1556 433 RABANI
1595 378 1815 436 MAURI
1850 379 2169 438 ARCHIEP.
2213 382 2523 445 MOGUNT.
2565 389 2851 450 OPERUM
2888 394 3070 451 PARS
3106 395 3148 452 Ι.

3702 409 3778 465 illi

564 481 670 538 Sed
701 484 817 538 haec
829 486 1053 554 quaestio
1069 486 1140 540 ita
1157 489 1290 542 solvi
1311 499 1506 560 potest,
1534 495 1676 562 quod
1694 495 1814 550 ideo
1827 495 2035 566 priores
2051 512 2138 552 re-
2167 506 2222 566 Α
2246 505 2362 558 seni
2395 506 2668 562 scribitur.
2697 509 2831 577 Quia
2856 527 2985 583 ergo
3006 512 3138 595 Abia
3154 513 3308 570 ﬁlius
3335 514 3599 576 Samuelis
3621 523 3778 595 (utile-

561 591 656 644 ges
681 576 1026 647 Assyriorum
1046 579 1300 635 dicuntur
1323 582 1464 638 hanc
1481 586 2013 658 transmigrationem
2027 604 2147 658 per-

560 674 821 738 petrasse,
853 669 975 737 quia
1003 669 1103 740 ipsi
1126 683 1406 742 cmperunt
1429 677 1681 745 primitus
1709 680 1812 734 hoc
1838 695 2000 751 agere
2022 697 2148 736 cum

560 767 718 829 gente
741 759 1086 831 Assyriorum
1110 765 1254 832 quod
1281 767 1471 820 eadem
1502 783 1632 838 gens
1672 768 1726 823 in
1750 772 2145 839 posterioribus

559 851 776 919 regibus
826 854 1030 908 studuit
1061 855 1372 924 perfecisse.
1409 859 1574 914 Aram
1621 870 1800 916 autem
1843 879 2056 934 quoque
2094 864 2148 918 in

558 941 1006 1014 Paralipomenon
1043 963 1152 1003 non
1178 961 1465 1018 memorat,
1496 963 1550 1009 et
1587 954 1870 1011 Malachim
1918 967 2145 1028 praeter-

557 1032 745 1087 mittit.
797 1035 947 1091 Hanc
992 1047 1275 1094 autumant
1309 1041 1521 1098 Hebraei
1563 1046 1737 1117 Reges
1780 1063 1903 1102 esse
1941 1049 2141 1104 civita-

561 1129 670 1177 tem
710 1125 1010 1194 Medorum,
1043 1131 1135 1184 ubi
1161 1130 1394 1188 Gabelus
1428 1137 1697 1204 manebat,
1731 1154 1761 1193 a
1801 1155 1908 1208 quo
1950 1140 2149 1196 Tobias

561 1218 845 1284 pecuniam
897 1220 1082 1276 decem
1130 1224 1458 1282 talentorum
1497 1231 1705 1301 argenti
1749 1232 1852 1287 sibi
1887 1233 2148 1289 creditam

547 1309 844 1376 .repetebat
871 1309 1023 1381 (Tob.
1055 1329 1094 1378 ι,
1124 1331 1200 1381 iv,
1243 1317 1341 1388 ιιι).

1167 1448 1396 1507 CAPUT
1439 1452 1524 1508 Vl.

563 1535 637 1588 De
665 1536 791 1605 ﬁliis
833 1538 978 1605 Levi,
1001 1547 1048 1594 et
1077 1545 1377 1616 cantoribus
1426 1563 1554 1616 quos
1582 1548 1850 1602 constituit
1882 1547 2053 1604 David
2092 1559 2151 1604 ut

629 1618 900 1688 cantarent
951 1628 1127 1665 coram
1176 1630 1303 1668 arca
1344 1615 1578 1671 Domini.
1619 1617 1695 1673 De
1728 1619 1906 1673 Aaron
1937 1630 1984 1674 et
2019 1621 2148 1690 ﬁliis

636 1693 772 1747 ejus.

627 1788 669 1859 (Ι
715 1791 846 1846 PAR.
876 1794 978 1865 vi.)
1013 1794 1261 1852 Johanan
1287 1801 1464 1869 genuit
1492 1801 1738 1856 Asariam
1780 1820 1796 1858 :
1828 1805 1938 1874 ipse
1959 1813 2033 1859 est
2057 1805 2148 1876 qui

2246 593 2376 649 braei
2420 598 2662 668 tradunt)
2691 601 2744 655 in
2784 601 2990 671 judicio
3017 594 3376 674 constitutus,
3431 593 3692 671 munerum
3713 635 3778 675 ac-

2247 696 2432 758 ceptor
2458 699 2595 756 erat,
2620 701 2677 748 et
2704 694 2806 749 iste
2843 695 2997 774 Johel
3033 698 3145 768 (qui
3185 708 3243 755 et
3275 698 3529 774 Vasseni)
3553 707 3708 762 senior
3734 711 3776 766 ﬁ-

2247 772 2372 846 lius,
2418 783 2522 838 hoc
2568 786 2807 853 sciendo,
2857 772 2965 844 neu
3006 806 3131 845 eum
3169 793 3304 848 inde
3341 795 3671 866 corripiebat,
3695 803 3778 859 ideo

2247 869 2446 927 dicitur
2472 883 2698 945 uterque
2721 889 3003 948 peccatum
3035 881 3255 939 fecisse.
3289 882 3386 940 Sic
3409 887 3553 941 enim
3579 892 3776 961 scriptum

2247 967 2332 1016 est
2357 981 2370 1015 :
2406 961 2631 1019 Factum
2653 978 2728 1022 est
2759 981 2932 1025 autent
2961 990 3079 1026 cum
3105 975 3370 1030 senuisset
3407 976 3631 1049 Samuel,
3653 990 3775 1053 posuit

2247 1052 2386 1122 ﬁlios
2423 1073 2546 1111 suos
2581 1059 2791 1128 judices
2838 1061 3052 1118 Israel:
3107 1067 3316 1137 fuitque
3359 1085 3545 1124 nomen
3592 1052 3675 1140 ﬁlii
3701 1077 3775 1145 ejus

2247 1147 2576 1218 primogeniti
2603 1150 2741 1218 loel,
2764 1166 2811 1207 et
2835 1172 3020 1210 nomen
3049 1160 3272 1213 secundi
3317 1161 3470 1227 Abia,
3492 1163 3721 1232 judicium
3740 1170 3775 1222 in

2248 1233 2522 1294 Bersabee.
2550 1240 2620 1294 Et
2640 1259 2744 1296 non
2772 1245 3171 1302 ambulaverunt
3203 1250 3312 1319 ﬁlii
3341 1251 3459 1320 ejus
3486 1254 3539 1305 in
3557 1255 3640 1309 viis
3657 1256 3772 1324 illius,

2248 1328 2337 1382 sed
2377 1329 2762 1389 declinaverunt
2795 1346 2908 1406 post
2932 1340 3239 1406 avaritiam,
3274 1354 3670 1415 acceperuntque
3698 1367 3774 1401 mt-

2251 1437 2397 1486 nera,
2427 1431 2475 1476 et
2499 1437 2855 1494 perverterunt
2871 1429 3158 1498 judicium.
3211 1432 3534 1505 Congregati
3559 1453 3664 1506 ergo
3692 1441 3772 1491 uni-

2248 1512 2385 1564 versi
2408 1514 2635 1583 majores
2677 1527 2805 1572 natu
2844 1518 3033 1585 Israel,
3062 1534 3316 1578 venerunt
3344 1525 3417 1579 ad
3462 1525 3772 1584 Samuelemin

2250 1603 2530 1676 Ramatlta,
2567 1610 2911 1685 dixeruntque
2937 1617 2984 1670 ei
3010 1658 3022 1671 .
3056 1615 3194 1673 Ecce
3219 1630 3278 1673 tu
3301 1623 3544 1688 senuisti,
3571 1633 3614 1676 et
3630 1623 3708 1691 ﬁlii
3724 1627 3773 1677 uti

2250 1711 2354 1750 non
2381 1699 2651 1756 ambulant
2683 1704 2738 1757 in
2765 1706 2862 1758 viis
2901 1707 3025 1773 tuis,
3068 1711 3335 1765 constitue
3373 1713 3520 1767 nobis
3549 1730 3704 1783 regem,
3736 1726 3770 1768 ut

2242 1786 2444 1858 judicet
2472 1808 2564 1846 nos
2592 1795 2728 1848 sicut
2753 1806 2800 1850 et
2825 1799 3081 1854 universw
3107 1802 3304 1857 habent
3327 1806 3563 1859 nationes
3588 1804 3747 1875 (Ibid).

554 1885 848 1939 sacerdotio
879 1886 1089 1954 functus
1119 1901 1193 1945 est
1219 1893 1276 1946 in
1303 1893 1458 1948 domo
1491 1912 1649 1962 quam
1675 1897 1956 1966 wdiﬁcavit
1984 1897 2132 1952 Salo-

2318 1886 2419 1942 Isti
2446 1899 2567 1942 sunt
2597 1906 2725 1960 quos
2755 1893 3022 1946 constituit
3057 1892 3236 1947 David
3265 1912 3429 1966 super
3473 1904 3682 1950 cantores
3711 1896 3770 1949 do-

556 1989 679 2025 mon
721 1976 775 2028 in
819 1977 1136 2034 Jerusalem.
1193 1981 1482 2050 Quaeritur,
1525 1987 1858 2042 enumeratis
1895 1989 2144 2057 superius

553 2061 678 2119 ﬁliis
720 2065 847 2121 Levi
878 2084 974 2138 per
999 2071 1182 2127 Aaron
1212 2082 1267 2128 et
1308 2074 1448 2131 ﬁlios
1482 2078 1600 2147 ejus
1631 2077 1790 2146 juxta
1836 2081 2142 2135 successio-

550 2169 675 2209 nem
691 2160 1101 2226 sacerdotalem,
1128 2168 1396 2233 quomodo
1431 2170 1754 2238 perveniens
1785 2171 1854 2225 ad
1890 2170 2142 2226 Azariam

551 2245 722 2301 ﬁlium
753 2247 996 2306 Johanan
1048 2254 1221 2324 ipsum
1261 2257 1407 2313 dicat
1442 2257 1722 2329 Scriptura
1768 2275 1892 2316 esse
1919 2262 2011 2331 qui
2055 2277 2140 2317 sa-

553 2337 794 2392 cerdotio
823 2339 1042 2398 functus
1069 2352 1151 2400 est
1179 2345 1233 2400 in
1257 2347 1418 2403 domo
1441 2364 1603 2418 quam
1636 2349 1890 2405 Salomon
1907 2351 2142 2406 aedifica-

551 2427 631 2481 vit
663 2429 717 2482 in
764 2428 1085 2500 Jerusalem,
1137 2452 1263 2491 cum
1289 2439 1381 2494 alii
1411 2440 1660 2496 similiter
1683 2443 1994 2496 sacerdotes
2027 2441 2142 2497 fue-

552 2520 661 2574 rint
689 2522 743 2575 in
765 2523 881 2593 ipsa
905 2526 1079 2591 domo,
1109 2528 1176 2583 de
1205 2531 1400 2598 quibus
1434 2532 1568 2586 nihil
1596 2532 1701 2588 tale
1737 2532 2004 2588 refertur?
2033 2533 2141 2590 Sed

553 2607 673 2665 ideo
703 2611 807 2666 iste
850 2615 997 2670 solus
1025 2616 1117 2671 tali
1145 2621 1419 2688 praeconio
1463 2620 1733 2688 laudatur,
1762 2623 1889 2692 quia
1940 2625 2141 2680 restitit

551 2700 699 2758 Ozias
726 2707 838 2774 regi
867 2709 1179 2766 sacriﬁcare
1207 2712 1408 2768 volenti
1440 2715 1494 2768 in
1521 2716 1724 2786 templo
1761 2717 1857 2772 Dei
1887 2717 1974 2790 (II
2003 2718 2134 2773 Par.

547 2797 720 2866 xxvr),
747 2806 803 2852 et
826 2800 896 2854 ob
941 2803 1299 2857 constantiam
1347 2805 1513 2861 animi
1548 2816 1714 2877 atque
1761 2808 1936 2864 zelum
1991 2809 2128 2881 legis

549 2897 734 2957 aperte
760 2891 958 2946 dicitur
979 2893 1224 2963 explesse
1251 2894 1488 2952 oﬁicium
1513 2898 1836 2955 sacerdotis.

619 2979 812 3038 Genuit
862 2994 1036 3040 autem
1084 2988 1308 3042 Azarias
1346 2989 1639 3056 Ameriam,
1671 3000 1720 3046 et
1757 2993 2002 3047 Amarias
2042 3011 2132 3064 ge-

541 3057 662 3130 nuit
718 3076 959 3144 Achitob,
1016 3081 1231 3136 Achitob
1261 3084 1437 3153 genuit
1490 3082 1688 3150 Sadoc,
1740 3085 1918 3142 Sadoc
1957 3057 2134 3157 genuit

548 3163 767 3230 Sellum,
826 3166 1026 3223 Sellum
1075 3174 1251 3241 genuit
1299 3172 1561 3238 Helciam,
1616 3185 1666 3230 et
1698 3176 1914 3232 Helcias
1954 3178 2132 3248 gemtit

2247 1994 2362 2032 mus
2392 1977 2636 2045 Domini,
2679 1997 2742 2033 ea:
2769 1998 2871 2050 quo
2919 1982 3173 2037 collocata
3204 1995 3284 2039 est
3317 2003 3467 2052 arca,
3498 1996 3544 2040 et
3569 1987 3770 2040 ministra-

2245 2069 2370 2123 bant
2416 2085 2592 2125 coram
2642 2071 2977 2126 tabernaculo
3009 2075 3332 2141 testimonii,
3370 2085 3631 2140 canentes,
3656 2076 3769 2129 donec

2243 2161 2528 2230 tediﬁcaret
2578 2161 2833 2218 Salomon
2880 2165 3093 2220 domum
3143 2167 3369 2222 Domini
3419 2169 3475 2222 in
3521 2167 3765 2222 Jerusalem.

2244 2251 2466 2308 Stabant
2497 2263 2672 2310 autem
2698 2255 2858 2326 juxta
2885 2258 3120 2312 ordinem
3148 2276 3311 2314 suum
3341 2261 3398 2314 in
3425 2260 3698 2314 ministerio.
3720 2257 3768 2310 Hi

2242 2363 2364 2418 ergo
2409 2357 2551 2415 sunt,
2585 2350 2674 2420 qui
2721 2351 3032 2406 assistebant
3079 2371 3202 2408 cum
3247 2355 3379 2422 ﬁliis
3427 2356 3553 2409 suis.
3596 2353 3658 2407 De
3683 2353 3765 2420 ﬁliis

2243 2424 2435 2507 Caatlt,
2463 2450 2567 2497 etc.
2593 2441 2694 2498 Hic
2716 2444 3064 2515 anticipando
3093 2447 3159 2501 de
3186 2446 3389 2502 oﬁiciis
3417 2455 3674 2502 cantorum
3697 2445 3765 2498 Da-

2241 2533 2353 2604 vid,
2382 2535 2474 2603 qui
2504 2535 2558 2589 in
2579 2537 2799 2606 organis
2826 2538 3157 2593 musicorum
3184 2539 3382 2595 laudes
3402 2538 3661 2602 canebant,
3681 2550 3764 2590 cum

2240 2616 2607 2698 genealogiam
2633 2643 2822 2685 eorum
2850 2640 3120 2698 narraret,
3151 2633 3490 2702 prmlibavit;
3530 2647 3616 2686 suo
3636 2639 3764 2684 autem

2239 2720 2456 2786 ordine,
2485 2725 2758 2792 quomodo
2785 2724 2838 2779 id
2882 2724 3171 2792 fecissent,
3208 2728 3623 2783 demonstratur.
3657 2720 3764 2788 Quod

2238 2828 2368 2869 vero
2412 2814 2610 2870 dicitur
2653 2815 2861 2871 Heman
2886 2826 3079 2872 cantor
3122 2817 3274 2874 ﬁlius
3320 2833 3442 2875 esse
3466 2817 3574 2872 Jocl
3601 2815 3677 2869 ﬁlii
3701 2812 3764 2866 Sa-

2137 2929 2141 2932 έ
2238 2906 2402 2972 muel,
2424 2913 2477 2961 et
2501 2907 2716 2978 expleta
2735 2908 3046 2978 genealogia
3068 2910 3244 2980 ipsius
3268 2911 3473 2966 dicitur
3492 2907 3643 2963 frater
3661 2904 3759 2959 illius

2236 3010 2358 3051 esse
2378 2997 2586 3065 Asaph,
2612 2997 2705 3066 qui
2733 2997 2911 3052 stabat
2935 3013 2967 3051 a
2985 2999 3192 3054 dextris
3215 3001 3358 3070 ejus,
3379 3000 3481 3054 hoc
3510 3013 3605 3052 non
3617 3009 3758 3093 secuti-

2236 3087 2362 3142 dum
2407 3088 2763 3153 nativitatem,
2797 3089 2892 3144 sed
2927 3090 3229 3146 secundum
3254 3089 3677 3162 propinquitatem
3710 3087 3758 3181 si-

2235 3179 2476 3250 gniﬁcat,
2524 3181 2651 3250 quia
2693 3180 2862 3236 frater
2890 3182 3106 3247 dicitur,
3141 3199 3257 3238 non
3284 3183 3430 3252 quod
3458 3181 3604 3235 unius
3637 3179 3757 3244 patris

546 3259 814 3314 Azariam.
843 3260 1066 3316 Azarias
1094 3265 1271 3334 genuit
1309 3262 1575 3331 Saraiam,
1623 3275 1672 3320 et
1698 3266 1922 3323 Saraias
1955 3270 2132 3340 genuit
2159 3262 2204 3326 C
2237 3278 2328 3326 aut
2354 3272 2546 3327 matris
2566 3279 2710 3326 esset
2731 3271 2894 3338 ﬁlius,
2923 3272 3017 3328 scd
3038 3289 3104 3329 eo
3128 3275 3295 3330 modo
3311 3289 3421 3344 quo
3443 3272 3652 3327 solemus
3668 3278 3752 3336 pro-

544 3346 779 3402 Josedec.
824 3347 992 3404 Porro
1021 3351 1239 3408 Josedec
1269 3371 1507 3426 egressus
1531 3367 1630 3423 est,
1662 3359 1873 3429 quando
1898 3368 2134 3414 transtu-

544 3435 604 3489 lit
627 3437 888 3495 Dominus
913 3441 949 3494 Ι
953 3442 1113 3496 udam
1143 3454 1191 3498 et
1212 3444 1533 3513 Jerusalem,
1561 3457 1667 3504 etc.
1687 3450 1914 3506 Josedec
1933 3452 2132 3522 quippe

545 3527 764 3595 quidam
809 3530 938 3585 dicit
966 3548 1085 3587 esse
1131 3535 1354 3590 Esdram
1376 3539 1736 3607 sacerdotem,
1766 3543 1856 3611 qui
1882 3558 2132 3599 reversus

544 3618 612 3671 de
660 3618 931 3691 Babylone
989 3624 1148 3679 simul
1201 3626 1340 3681 cum'
1371 3627 1668 3686 Zorobabel
1708 3641 1764 3686 et
1821 3633 1947 3690 ﬁliis
1995 3633 2131 3690 Juda

544 3710 874 3764 restauravit
893 3713 1148 3782 templum
1163 3716 1399 3781 Domini,
1423 3728 1478 3772 et
1507 3720 1781 3776 civitatem
1807 3721 2127 3780 Jerusalem.

543 3793 698 3862 Quod
749 3798 1121 3858 demonstrare
1172 3805 1386 3860 videtur
1448 3808 1583 3864 liber
1632 3809 1873 3880 ejusdem
1923 3814 2130 3883 Esdraa,

543 3888 636 3944 ubi
682 3889 822 3946 dicit
863 3910 876 3946 :
927 3893 1056 3949 Post
1107 3896 1220 3951 hate
1266 3908 1438 3953 autem
1503 3902 1658 3957 verba
1712 3906 1770 3959 in
1817 3923 1975 3977 regno
2023 3908 2130 3961 Ar-

544 3983 803 4049 tmrxis,
852 3985 986 4054 regis
1036 3983 1346 4054 Persarum,
1376 3989 1574 4045 Esdras
1599 3993 1741 4061 ﬁlius
1772 3993 2001 4064 Saraias,
2030 3996 2131 4067 ﬁlii

467 4143 470 4146 ξ
541 4071 766 4138 Azarite,
797 4073 897 4142 ﬁlii
921 4075 1141 4143 Helciaz,
1158 4077 1257 4146 ﬁlii
1279 4078 1498 4146 Sellum,
1521 4083 1621 4152 ﬁlii
1646 4082 1842 4152 Sadoc,
1861 4086 1960 4155 ﬁlii
1973 4087 2131 4142 Achi-

541 4162 648 4227 tob,
671 4162 768 4231 ﬁlii
795 4163 992 4232 Zariw,
1027 4168 1124 4236 ﬁlii
1154 4169 1406 4238 Amariaz,
1429 4173 1528 4242 ﬁlii
1551 4175 1782 4241 Azariae,
1807 4177 1910 4246 ﬁlii
1939 4178 2129 4233 Mara-

539 4254 671 4319 toth,
697 4254 796 4322 ﬁlii
826 4254 1122 4325 Zachariae,
1146 4260 1245 4329 ﬁlii
1275 4260 1392 4330 Osi,
1427 4264 1526 4333 ﬁlii
1551 4264 1728 4331 Bocci,
1785 4267 1885 4336 ﬁlii
1910 4269 2124 4334 Abisue,

539 4344 641 4414 ﬁlii
669 4343 925 4414 Phinees,
952 4351 1052 4418 ﬁlii
1089 4349 1336 4419 Eleazar,
1383 4355 1482 4424 ﬁlii
1524 4357 1701 4412 Aaron
1746 4359 2031 4413 sacerdotis
2059 4360 2124 4416 ab

537 4438 689 4493 initio
717 4439 769 4507 (Ι
808 4441 934 4496 Esd.
967 4443 1085 4515 vn),
1118 4452 1224 4501 etc.
1265 4446 1507 4502 Tradunt
1538 4450 1701 4504 etiam
1730 4452 1979 4506 eumdem
2020 4452 2123 4506 Es-

2232 3361 2464 3431 pinquos
2493 3362 2691 3418 fratres
2716 3362 3004 3433 appellare.

2307 3451 2482 3507 Ethan
2501 3453 2644 3522 ﬁlius
2670 3452 2816 3519 Cusi,
2845 3453 2947 3523 ﬁlii
2977 3453 3136 3521 Abdi,
3164 3455 3270 3524 ﬁlii
3295 3453 3525 3518 Maloch,
3550 3448 3636 3542 ﬁlii
3648 3444 3751 3542 fisa;

2235 3543 2354 3605 ὀίω.
2384 3544 2486 3613 ﬁlii
2510 3545 2760 3611 Amasite,
2792 3544 2892 3614 ﬁlii
2922 3543 3142 3610 Helcite,
3173 3547 3277 3616 ﬁlii
3305 3536 3752 3636 Amasi,rﬁlii-Bon.it

2231 3635 2331 3704 ﬁlii
2384 3636 2601 3705 Somer,
2646 3638 2745 3706 ﬁlii
2794 3638 3000 3704 Mooli,
3074 3639 3175 3707 ﬁlii
3231 3637 3410 3704 Musi,
3447 3635 3541 3706 ﬁlii
3580 3630 3747 3686 Hermi,

2231 3726 2331 3796 ﬁlii
2367 3727 2509 3782 Levi.
2559 3728 2734 3783 Ethan
2786 3730 2890 3785 iste
2943 3745 3082 3785 unus
3137 3728 3241 3785 fuit
3297 3731 3364 3785 de
3403 3728 3563 3782 tribus
3614 3727 3749 3776 canto—

2233 3817 2407 3884 ribus,
2436 3819 2529 3888 qui
2556 3834 2738 3874 coram
2761 3820 2932 3876 David
2957 3822 3013 3876 in
3039 3823 3306 3893 cymbalis
3329 3821 3491 3876 aeneis
3509 3817 3568 3872 ad
3591 3812 3748 3868 laudem

2231 3911 2328 3966 Dei
2359 3913 2778 3982 concrepabant.
2802 3914 2870 3969 Et
2897 3915 3216 3981 notandum,
3251 3915 3394 3985 quod
3427 3913 3672 4003 sicuttres
3703 3900 3748 4003 li-

2230 4003 2289 4058 lii
2318 4002 2542 4059 fuerunt
2566 4004 2717 4070 Levi,
2750 4007 2853 4062 hoc
2890 4015 2994 4072 est,
3021 4006 3218 4072 Caath,
3249 4008 3455 4064 Gerson
3477 4012 3528 4059 et
3563 3999 3747 4055 Merarit

2231 4094 2306 4149 ita
2329 4104 2385 4150 et
2405 4105 2518 4151 tres
2546 4097 2636 4152 isti
2663 4107 2916 4154 cantores
2938 4099 3004 4155 de
3030 4099 3260 4170 singulis
3282 4099 3409 4154 ﬁliis
3430 4095 3662 4165 originem
3680 4086 3746 4140 du-

2229 4188 2442 4253 cebant,
2476 4189 2579 4244 hoc
2603 4198 2706 4254 est,
2735 4188 2943 4245 Heman
2968 4191 3034 4246 de
3059 4189 3254 4258 Caath,
3278 4189 3459 4260 Asapb
3480 4187 3543 4241 de
3560 4181 3743 4238 Gerson.

2227 4288 2282 4334 et
2324 4280 2520 4346 Ethan,
2564 4281 2632 4336 de
2655 4281 2872 4346 Merari,
2911 4290 2972 4337 ut
3003 4275 3249 4352 praesens
3295 4282 3512 4339 historia
3548 4279 3741 4365 testatut-

2227 4370 2448 4442 Mystice
2464 4380 2646 4426 autem
2671 4372 2725 4426 lii
2751 4380 2860 4427 tres
2882 4381 3152 4438 cantores,
3169 4376 3264 4443 qui
3288 4374 3343 4429 in
3364 4366 3605 4444 cymbalis
3623 4368 3744 4416 aeneis

2223 4464 2606 4532 personabant,
2652 4462 2959 4533 signiﬁcant
2990 4465 3242 4520 doctores
3271 4472 3498 4526 sanctos,
3529 4454 3608 4526 qui
3647 4462 3740 4505 san-

536 4529 690 4584 ἀνω
733 4547 852 4588 esse
879 4533 1197 4590 Malachiam
1226 4539 1568 4608 prophetam,
1599 4542 1690 4610 qui
1741 4543 1796 4595 in
1839 4544 2121 4599 duodecim
2147 4617 2195 4642 η
2223 4529 2324 4612 ctae
2364 4557 2647 4613 Trinitatis
2688 4529 2792 4612 ﬁde
2840 4557 3028 4613 imbuti
3067 4558 3224 4628 juxta
3256 4555 3636 4642 dispositionem
3659 4537 3739 4642 veri

533 4622 816 4690 prophetis
853 4625 1081 4681 ultimus
1105 4635 1209 4694 est,
1239 4630 1365 4697 quia
1391 4629 1647 4699 pleraque
1673 4646 1792 4700 quae
1815 4633 1871 4687 in
1895 4634 2036 4690 libro
2057 4635 2118 4690 ἣ·
2142 4617 2195 4675 D
2220 4647 2389 4702 David
2432 4646 2624 4704 fortem
2666 4649 2902 4704 sonitum
2950 4617 3357 4720 praedicationis
3391 4631 3734 4720 evangelica:

534 4708 639 4763 lius
667 4712 1029 4778 continentur,
1057 4723 1113 4770 et
1141 4717 1232 4771 hic
1255 4717 1528 4788 Pmpbeta
1574 4734 1984 4790 commemorat,
2029 4725 2115 4779 di-

535 4813 666 4852 cens
700 4814 713 4851 :
745 4798 911 4854 Labia
932 4804 1218 4860 sacerdotis
1242 4809 1541 4862 custodiant
1561 4812 1852 4878 scientiam,
1878 4824 1927 4868 et
1952 4814 2112 4886 legam

535 4891 807 4960 requirunt
835 4909 898 4947 ea:
922 4911 1012 4948 ore
1052 4896 1187 4966 ejus,
1217 4898 1342 4970 quia
1392 4900 1607 4970 angelus
1660 4901 1870 4958 Domini
1911 4909 2114 4962 exerci-

533 4992 682 5036 tuum
735 4995 810 5040 est
864 4986 1020 5059 (Mal.
1066 4989 1148 5061 ιι).
1217 4990 1323 5045 Alii
1371 5001 1845 5063 autemasserunt
1886 4998 2115 5055 Josedec

531 5090 651 5130 esse
676 5086 884 5146 patrem
912 5077 1039 5134 Jesu
1084 5083 1380 5138 sacerdotis
1421 5087 1632 5156 magni;
1684 5086 1836 5157 cujus
1867 5091 2114 5147 meminit

531 5165 822 5224 Zacharias
868 5172 1129 5240 propheta
1160 5173 1213 5227 in
1241 5173 1378 5230 libro
1405 5175 1714 5246 suo-(lactt.
1750 5180 1854 5250 ιιι).
1883 5180 2112 5237 Esdram

534 5267 712 5313 autem
741 5260 924 5316 dicunt
951 5278 1070 5318 esse
1095 5267 1430 5320 sacerdotem
1454 5267 1631 5322 virum
1670 5267 1878 5337 justum
1905 5280 1960 5326 et
2001 5273 2113 5342 glo-

533 5353 612 5406 ria
639 5367 835 5423 magna
862 5356 1091 5425 potitum
1117 5359 1255 5427 apud
1277 5359 1676 5417 multitudinem
1699 5364 1880 5434 populi
1911 5365 1962 5418 in
2002 5364 2108 5419 Ba-

532 5441 744 5514 bylone,
791 5459 1066 5500 reversum
1113 5457 1292 5504 autem
1343 5451 1466 5506 inde
1517 5469 1639 5508 cum
1691 5455 1922 5524 plurima
1955 5458 2111 5512 turba
2149 5502 2157 5512 .

534 5536 866 5604 temporibus
890 5536 1207 5594 Artaxerxis
1233 5542 1376 5612 regis
1403 5543 1456 5598 in
1480 5542 1800 5601 Jerusalem.

605 5641 734 5696 Filii
755 5643 970 5699 Samuel
997 5647 1367 5718 primogenitus
1421 5650 1632 5708 Vasseni
1654 5663 1702 5708 et
1737 5654 1887 5711 Abia.
1908 5655 2109 5712 Notan-

535 5735 660 5789 dum
686 5739 1031 5807 autemquod
1065 5738 1118 5793 in
1143 5739 1278 5794 libro
1303 5741 1510 5813 Regum
1527 5746 1592 5799 de
1613 5746 1737 5800 ﬁliis
1751 5746 1966 5802 Samuel
1991 5748 2108 5805 Joel

535 5826 843 5882 nominatur
871 5828 922 5899 (Ι
953 5828 1078 5899 Reg.
1098 5833 1236 5903 vni),
1257 5833 1396 5889 idem
1423 5835 1474 5888 in
1501 5834 1949 5906 Paralipomenon
1973 5841 2106 5894 Vas-

2217 4746 2332 4794 toto
2375 4739 2576 4794 mundo
2619 4740 2870 4806 reddunt,
2911 4719 2978 4796 de
3026 4741 3223 4811 quibus
3257 4738 3531 4797 Psalmista
3561 4731 3658 4786 ait:
3689 4719 3735 4774 Ιη

2217 4845 2422 4884 omnem
2437 4838 2629 4884 terram
2649 4831 2803 4885 exivit
2823 4848 2981 4886 sonus
3004 4848 3185 4887 eorum
3198 4843 3249 4888 et
3269 4835 3323 4886 in
3335 4833 3461 4902 ﬁnes
3477 4825 3602 4881 orbis
3618 4825 3731 4872 ιεπω

2215 4920 2368 4975 verba
2412 4937 2592 4975 eorum
2622 4922 2793 4994 (Psal.
2835 4924 3010 4996 xvm).
3041 4924 3110 4978 Et
3137 4925 3273 4980 bene
3300 4918 3602 4992 subjungitu.
3695 4997 3703 5007 .

2286 5009 2507 5067 Fratres
2528 5029 2734 5084 quoque
2766 5031 2966 5082 eorum,
2994 5015 3204 5081 Levitaz,
3234 5017 3324 5088 qui
3343 5010 3558 5069 ordinati
3578 5007 3727 5099 δαξλξπ

2216 5113 2460 5160 cunctum
2481 5107 2829 5160 ministerium
2851 5107 3179 5162 tabernaculi
3200 5109 3386 5164 domus
3399 5100 3609 5159 Domini.
3627 5092 3727 5158 Qui“

2214 5198 2502 5254 universus
2520 5200 2654 5255 ordo
2678 5199 3078 5258 ecclesiasticus
3101 5204 3391 5258 secundum
3421 5191 3722 5289 εροειο¹οξ¹¹¹¹ξ

2216 5289 2582 5356 traditionem,
2634 5292 2727 5362 qui
2778 5293 3071 5363 primatum
3125 5303 3311 5350 tenent
3365 5294 3418 5348 in
3472 5277 3722 5342 doctoribus

2213 5383 2434 5447 sanctis,
2468 5392 2638 5439 totum
2673 5393 2839 5456 agunt
2868 5386 3227 5443 ministerium
3257 5387 3365 5442 veri
3404 5383 3492 5438 Dei
3520 5377 3719 5462 tabertlaj

2212 5472 2340 5537 culi,
2392 5475 2535 5543 quod
2582 5483 2668 5530 est
2700 5485 2888 5531 sancta
2928 5479 3191 5546 Ecclesia,
3235 5481 3420 5534 domus
3446 5470 3609 5538 utique
3649 5457 3716 5510 Dei

2209 5562 2317 5615 vivi
2341 5563 2407 5617 de
2429 5564 2566 5619 vivis
2594 5564 2861 5635 lapidibus
2889 5577 3218 5625 constructa.
3259 5568 3406 5625 Unde
3431 5563 3597 5616 doctor
3614 5559 3713 5618 Ηθ¹¹⁶

2212 5655 2347 5709 tium
2383 5656 2704 5725 discipulum
2732 5659 3010 5716 instruens
3036 5661 3147 5715 ait:
3182 5659 3308 5716 Hatc
3327 5655 3415 5711 tibi
3439 5647 3603 5706 scribo,
3623 5649 3711 5705 Si)“

2212 5763 2335 5800 rans
2366 5763 2446 5801 me
2475 5750 2645 5803 venire
2686 5751 2756 5803 ad
2803 5761 2852 5804 te
2890 5752 3013 5806 cito.
3062 5751 3120 5807 Si
3163 5764 3332 5807 autem
3375 5743 3629 5801 tardaverat
3671 5729 3713 5776 ατ

2209 5838 2345 5892 scias
2384 5841 2642 5908 quomodo
2665 5845 2910 5910 'oporteat
2957 5851 3007 5897 te
3048 5841 3338 5898 conversari
3380 5838 3431 5890 in
3471 5831 3603 5886 domo
3624 5817 3707 5873 υθ*
