3958 6472
195 427 318 482 sis
1144 426 1497 485 COMMENT.
1538 429 1608 487 IN
1642 430 2193 490 PARALIPOMENA.
2237 469 2307 477 —
2345 437 2473 494 LIB.
2512 439 2557 496 ι.
3375 421 3478 501 δη

196 565 370 629 mini,
425 579 539 634 qua:
579 573 652 616 est
685 559 919 617 Ecclesia
965 562 1060 618 Dei
1106 566 1223 631 vivi,
1263 566 1505 622 columna
1535 577 1583 622 et
1611 569 1794 637 ﬁrma-
1819 552 1872 611 A
1898 561 2166 621 suscepta,
2198 555 2338 624 patri
2369 555 2589 612 cibariis
2618 557 2778 625 datis,
2806 557 2874 613 ab
2911 557 3100 614 eodem
3143 556 3388 614 Manasse
3422 561 3477 614 in

190 663 454 709 mentum
480 653 710 707 veritatis
739 652 788 723 (1
823 652 955 708 Tim.
988 653 1096 725 ιιι).
1905 640 2212 714 coniugium
2237 655 2484 716 suscepta
2513 648 2604 702 sit.

272 744 474 799 Aaron
516 760 634 799 vero
673 754 722 798 et
747 744 846 813 ﬁlit
872 746 985 815 ejus
1021 747 1300 804 adolebant
1345 751 1612 804 incensum
1645 768 1803 822 super
1978 735 2185 790 Μαεὴίν
2211 748 2384 793 autem
2413 741 2609 811 ασεερθί
2634 758 2824 796 more“
2848 742 2973 811 ﬁliis
3001 743 3111 798 “‘53
3140 743 3405 815 Harp/15m
3428 753 3479 800 εί

189 838 384 892 altare
437 837 754 906 holocausti,
801 848 849 893 et
897 856 1055 911 super
1110 841 1278 897 altare
1308 844 1686 914 thymiamatis,
1745 845 1777 898 it

1902 826 2140 899 Saphan,
2171 838 2219 883 et
2241 829 2423 884 habuit
2462 846 2693 886 sororem
2724 836 2932 889 nomine
2979 833 3225 890 Machaa.
3273 835 3481 890 Nomen

1900 927 2074 974 autem
2114 923 2326 976 secundi
2386 921 2676 994 Salphaad.
2739 925 2998 997 Natteque
3032 938 3153 982 sunt
3181 928 3307 998 ﬁliae
3351 927 3479 984 Sal-

1898 1009 2093 1078 phaad,
2144 1019 2248 1067 etc.
2289 1011 2388 1067 Hic
2423 1015 2678 1070 confusus
2714 1017 2846 1071 ordo
2876 1017 3092 1072 videtur
3125 1034 3245 1075 esse
3284 1019 3481 1074 dictio-

1897 1098 2001 1166 nis,
2033 1116 2154 1156 Clllll
2183 1104 2418 1173 primum
2443 1107 2595 1176 ponit
2621 1107 2726 1162 duo
2746 1109 2964 1163 nomina
2996 1109 3221 1176 Machir,
3244 1111 3348 1166 hoc
3372 1121 3478 1180 est,

189 947 360 984 omne
416 946 545 1000 opus
592 931 760 984 sancti
805 940 1125 999 sanctorum,
1170 943 1219 987 et
1255 944 1312 986 ut
1339 943 1681 1004 precarentur
1704 951 1798 1005 pro

185 1019 422 1086 Israel,
450 1020 610 1090 juxta
642 1021 818 1074 omnia
861 1039 977 1092 quae
1021 1033 1338 1094 prleceperat
1380 1025 1584 1094 Moyses
1623 1042 1798 1081 servus

185 1110 315 1166 Dei.
357 1109 440 1164 Hi
467 1120 588 1164 sunt
610 1120 784 1164 autem
814 1111 913 1180 ﬁlii
941 1111 1119 1167 Aaron
1164 1129 1183 1166 :
1215 1113 1449 1168 Eleazar
1476 1114 1620 1184 ﬁlius
1649 1116 1794 1185 ejus,

183 1199 437 1254 Phinees
485 1200 627 1269 ﬁlius
675 1202 810 1270 ejus,
859 1203 1050 1257 Abisue
1079 1204 1225 1272 ﬁlius
1269 1205 1406 1273 ejus,
1455 1204 1618 1260 Bocci
1650 1206 1793 1276 ﬁlius

180 1289 334 1359 ejus,
367 1287 476 1343 Ozi
503 1290 647 1361 ﬁlius
676 1292 809 1358 ejus,
833 1289 1029 1346 Zaraia
1043 1292 1185 1362 ﬁlius
1211 1295 1346 1364 ejus,
1377 1295 1635 1351 Meraioth
1652 1297 1794 1366 ﬁlius

179 1382 334 1450 ejus,
387 1384 615 1436 Amaria
644 1382 790 1452 ﬁlius
840 1384 976 1454 ejus,
1004 1385 1219 1439 Achitob
1262 1388 1407 1456 ﬁlius
1443 1391 1576 1460 ejus,
1622 1390 1794 1446 Sadoc

179 1473 340 1544 ﬁlius
398 1475 540 1545 ejus,
573 1477 854 1531 Aehimaas
900 1477 1045 1547 ﬁlius
1081 1479 1216 1544 ejus,
1261 1489 1316 1534 et
1343 1481 1498 1552 reliq.
1528 1483 1709 1538 Aaron
1740 1492 1795 1540 et

179 1563 332 1620 ﬁlios
360 1564 494 1634 eju's
537 1567 745 1623 nullum
788 1569 983 1624 melius
1008 1569 1314 1639 signiﬁcare
1344 1572 1600 1640 arbitror,
1628 1590 1791 1645 quam

175 1653 625 1726 Redemptorem
665 1667 912 1714 nostrum
939 1701 953 1726 ,
992 1669 1046 1715 et
1090 1661 1347 1717 Ecclesise
1390 1664 1644 1733 populum
1671 1706 1686 1732 ,
1723 1667 1791 1722 ad

175 1766 352 1820 quam
401 1751 605 1808 Petrus
645 1754 700 1808 in
740 1755 975 1824 Epistola
1018 1771 1114 1811 sua
1150 1757 1266 1811 ait:
1323 1755 1419 1812 Vos
1473 1761 1596 1814 estis
1627 1778 1791 1832 genus

174 1844 440 1912 electum,
467 1847 643 1918 regale
671 1848 1040 1915 sacerdotium,
1078 1867 1201 1919 gens
1224 1860 1426 1917 sancta,
1451 1852 1674 1922 populus
1697 1871 1790 1907 ac-

1896 1187 2161 1261 Happhim
2217 1203 2270 1249 et
2310 1195 2562 1266 Saphan~;
2597 1199 2790 1254 deinde
2821 1200 2950 1254 dicit
2981 1219 2992 1254 :
3027 1200 3236 1256 Nomen
3263 1203 3479 1257 secundi

1896 1280 2186 1351 Salphaad,
2225 1287 2316 1356 qui
2344 1289 2592 1344 habuerit
2621 1289 2778 1356 ﬁlias,
2811 1291 2877 1345 de
2906 1291 3103 1361 quibus
3131 1292 3185 1346 in
3214 1293 3475 1348 Numero-

1894 1389 2011 1428 rum
2044 1376 2180 1432 libro
2208 1378 2404 1450 legitur
2429 1380 2620 1452 (Num.
2652 1381 2845 1453 xxvii),
2874 1383 3019 1453 quod
3063 1385 3402 1454 expetissent
3443 1401 3474 1440 a

1894 1467 2076 1538 Moyse
2126 1470 2494 1526 haereditatem
2527 1473 2670 1528 inter
2697 1474 2895 1529 fratres
2929 1491 3077 1531 suos.
3110 1474 3216 1530 Sed
3263 1475 3478 1531 Hebraei

1892 1558 2035 1614 hunc
2058 1559 2232 1615 locum
2262 1563 2335 1616 ita
2363 1564 2688 1630 edisserunt,
2712 1567 2856 1635 quod
2885 1566 3155 1637 Happhim
3177 1573 3232 1621 et
3256 1565 3475 1636 Saphan

1890 1650 2051 1705 unius
2079 1652 2314 1708 hominis
2340 1655 2556 1709 nomina
2588 1655 2826 1722 fuerunt,
2873 1658 2978 1712 hoc
3002 1664 3106 1722 est,
3148 1658 3346 1727 prioris
3377 1656 3476 1714 ﬁlii

1891 1739 2128 1807 Machir;
2155 1741 2449 1798 secundum
2472 1760 2536 1797 an
2545 1753 2651 1799 tem
2669 1745 2786 1815 ejus
2799 1745 2968 1800 ﬁlium
2992 1745 3159 1800 fuisse
3176 1744 3471 1816 Salphaad,

1893 1837 1948 1884 et
1974 1845 2161 1884 eorum
2210 1847 2452 1887 sororem
2483 1849 2605 1889 esse
2652 1834 2984 1899 Malchaam,
3035 1851 3197 1905 quam
3253 1835 3473 1907 Heron"

173 1937 498 2006 quisitionis
523 1937 575 2009 (Ι
602 1937 748 1992 Petr.
777 1937 869 2010 n);
902 1953 1062 2008 quem
1094 1941 1210 2010 ipse
1239 1940 1490 1997 Pontifex
1515 1959 1777 2012 summus,

1892 1936 2013 1975 eum
2037 1923 2316 1992 sexaginta
2343 1932 2487 1978 esset
2516 1941 2804 1992 annorum,
2849 1926 3057 1996 accepit
3085 1940 3329 1992 uxorem,
3352 1941 3475 1996 qua:

173 2028 269 2097 qui
303 2042 377 2082 ex
431 2028 644 2083 semine
674 2027 846 2083 David
890 2045 1111 2084 carnem
1139 2031 1460 2104 suscipiens,
1493 2033 1668 2089 factus
1709 2045 1785 2090 est

173 2121 436 2174 sacerdos
467 2122 525 2176 in
571 2131 824 2177 azternum
871 2124 1160 2177 secundum
1212 2125 1448 2180 ordinem
1497 2125 1782 2182 Melchise-

169 2210 305 2272 dech
337 2211 528 2283 (Psal.
562 2215 694 2286 cu),
742 2216 1140 2286 instituensque
1165 2232 1278 2283 eos,
1305 2218 1488 2273 docuit
1519 2234 1681 2288 super
1703 2220 1786 2274 al-

175 2309 296 2356 tare
321 2301 457 2357 ﬁdei
480 2303 856 2360 holocaustum
881 2307 1148 2362 bonorum
1172 2323 1394 2378 operum
1408 2317 1461 2363 et
1484 2311 1780 2378 thymiama

173 2407 352 2447 sacrae
383 2394 656 2450 orationis
686 2396 797 2451 Deo
845 2396 1060 2464 oﬁ‘erre,
1101 2407 1158 2452 et
1195 2407 1254 2452 ut
1294 2411 1649 2469 precarentur
1684 2416 1783 2472 pro

169 2484 368 2552 Israel,
401 2488 515 2542 hoc
537 2496 642 2552 est,
670 2504 770 2559 pro
796 2497 942 2544 statu
969 2499 1170 2545 sanctae
1197 2489 1473 2556 Ecclesiae,
1486 2490 1644 2560 juxta
1667 2509 1784 2549 om-

170 2577 264 2630 nia
293 2593 423 2647 quae
469 2581 729 2650 praecepit
783 2581 993 2653 Moyses
1042 2598 1232 2637 servus
1284 2581 1380 2637 Dei
1429 2601 1441 2635 :
1482 2586 1780 2641 secundum

171 2681 461 2741 praecepta
512 2673 717 2728 scilicet
762 2675 917 2746 legis,
966 2691 1085 2745 quae
1129 2676 1250 2730 data
1281 2685 1366 2731 est
1394 2693 1493 2747 per
1539 2677 1778 2750 Moysen.

172 2760 333 2828 Quod
360 2778 498 2819 vero
522 2766 831 2836 genealogis
852 2769 1033 2822 Aaron
1055 2768 1320 2838 repetitur
1341 2777 1397 2823 et
1416 2784 1586 2838 usque
1611 2771 1780 2825 Achi-

171 2868 332 2908 maas
362 2857 638 2923 pervenit,
666 2865 888 2928 putatur
917 2859 1022 2913 hoc
1040 2859 1110 2914 ob
1136 2857 1351 2913 laudem
1378 2867 1431 2913 et
1454 2861 1779 2915 memoriam

170 2944 482 3002 Achimaas
505 2947 706 3002 factum
735 2964 875 3015 esse,
903 2964 970 3005 eo
998 2951 1141 3020 quod
1179 2949 1414 3006 ﬁdeliter
1449 2965 1578 3022 erga
1606 2952 1779 3008 David

172 3034 228 3088 in
256 3037 524 3093 omnibus
557 3040 750 3110 egerit.

798 3132 1025 3189 CAPUT
1064 3133 1177 3188 VII.

757 3222 837 3276 De
870 3222 1206 3292 Benjamitis.

1888 2013 2052 2067 etiam
2080 2015 2290 2083 peperit
2331 2016 2382 2069 ei
2413 2015 2603 2082 ﬁlium,
2651 2019 2871 2073 nomine
2917 2017 3116 2090 Segub,
3152 2019 3293 2073 sicut
3315 2032 3474 2088 supe-

1884 2105 1999 2160 rius
2035 2107 2465 2162 dernonstratum
2491 2118 2590 2164 est.
2618 2109 2770 2176 Quod
2803 2119 2983 2165 autem
3026 2110 3359 2165 enumeratis
3402 2109 3471 2163 ﬁ-

1883 2197 1972 2253 liis
2001 2199 2248 2255 Manasse
2275 2216 2342 2256 ex
2367 2201 2573 2256 Machir
2603 2202 2877 2273 subjungit
2906 2221 2920 2258 :

1955 2286 2029 2342 Hi
2051 2301 2172 2344 sunt
2194 2289 2294 2358 ﬁlii
2317 2289 2526 2346 Galaad
2552 2300 2599 2344 et
2629 2291 2856 2358 Machir,
2881 2291 2981 2361 ﬁlii
3016 2291 3300 2357 Manasse;
3320 2306 3474 2346 soror

1885 2388 2059 2434 autem
2089 2381 2205 2450 ejus
2233 2381 2437 2450 Regina
2465 2382 2661 2451 peperit
2688 2383 2861 2436 virum
2891 2383 3159 2448 decorum,
3185 2389 3291 2437 etc.
3317 2381 3472 2436 Hane

1886 2471 2173 2542 Reginam,
2200 2488 2341 2542 ;qu:e
2394 2473 2495 2528 fuit
2538 2488 2696 2529 soror
2745 2473 2924 2539 Ulam,
2961 2474 3057 2527 ﬁlii
3099 2473 3329 2538 Phares,
3373 2472 3471 2528 ﬁlii

1883 2562 2110 2628 Machir,
2140 2571 2201 2618 ut
2246 2579 2409 2634 supra
2437 2564 2664 2619 historia
2691 2565 2950 2630 ostendit,
2999 2564 3220 2634 quidam
3251 2563 3471 2619 tradunt

1882 2666 2004 2708 esse
2038 2660 2266 2707 matrem
2313 2651 2440 2709 Jesu
2487 2653 2584 2707 ﬁlii
2617 2651 2784 2719 Nave,
2811 2668 2972 2722 quem
3003 2654 3172 2707 virum
3219 2652 3469 2706 decorum

1881 2755 2194 2814 nuncupant
2217 2753 2440 2815 propter
2461 2745 2672 2816 insigne
2696 2745 2915 2799 virtutis
2944 2744 3061 2815 ejus
3101 2752 3156 2798 et
3189 2743 3466 2813 principa-

1879 2842 1987 2890 tus.
2019 2835 2140 2891 Alii.
2173 2835 2358 2890 dicunt
2404 2837 2651 2892 eamdem
2701 2836 2965 2907 Reginam
2997 2849 3120 2890 esse
3161 2834 3468 2888 Debboram

1879 2942 2106 2982 uxorem
2140 2926 2405 2997 Lapidoth
2441 2929 2838 2999 prophetissam
2878 2925 3031 2999 (Jud.
3077 2931 3176 2999 ιν).
3215 2923 3322 2980 Sed
3350 2921 3466 2992 ejus

1878 3018 2148 3088 opinionis
2174 3019 2264 3086 qui
2293 3020 2675 3075 certitudinem
2701 3019 2962 3084 inveniat,
2998 3017 3162 3072 dicat.

1949 3105 2083 3162 Filii
2110 3119 2284 3163 autem
2316 3110 2568 3181 Ephraim
2594 3123 2612 3161 :
2645 3108 2894 3175 Suthala,
2926 3107 3102 3162 Bared
3141 3106 3286 3176 ﬁlius
3327 3105 3460 3175 ejus,

1882 3197 2067 3252 Thalia
2093 3198 2235 3267 ﬁlius
2261 3199 2396 3269 ejus,
2412 3199 2610 3265 Elada,
2627 3199 2769 3268 ﬁlius
2792 3200 2927 3268 ejus,
2956 3197 3138 3252 Thaha
3159 3196 3303 3265 ﬁlius
3324 3195 3464 3264 ejus,

245 3311 294 3384 (Ι
330 3311 478 3367 Pan.
515 3311 632 3385 m.)
668 3312 798 3368 Filii
847 3313 947 3368 Ozi
977 3282 1212 3369 vlzrahia
1255 3315 1320 3370 de
1371 3331 1471 3387 quo
1501 3317 1614 3372 nati
1655 3325 1778 3372 sunt
1803 3289 1849 3352 Ο
1879 3297 1931 3387 ff
1957 3286 2102 3356 ﬁli“
2129 3286 2410 3387 {95%}!
2433 3290 2594 3387 ('f‘ju‘
2619 3288 2761 3357 fmus
2790 3285 3040 3387 Sumat“;
3063 3285 3298 3387 f‘nhf‘luf
3319 3282 3464 3387 lim“

166 3401 419 3456 Michael
451 3411 502 3456 et
523 3401 753 3475 «Obadia
782 3414 832 3458 et
863 3404 982 3459 Joel
1021 3414 1069 3458 et
1094 3405 1242 3460 Jesia
1264 3446 1279 3472 ,
1327 3409 1555 3476 quinque
1599 3422 1799 3463 omnes“

163 3494 469 3565 principes.
499 3494 778 3562 Quomodo
806 3497 939 3553 dicit
959 3512 1079 3552 esse
1113 3497 1251 3553 ﬁlios
1277 3497 1488 3555 lzrahia
1513 3502 1772 3570 quinque,

167 3600 298 3641 cum
325 3600 443 3640 non
468 3586 814 3642 inveniantur
838 3588 945 3642 nisi
975 3591 1242 3658 quatuor?
1275 3590 1389 3644 Nisi
1425 3591 1564 3647 forte
1596 3608 1773 3646 annu-

169 3683 427 3731 meretur
449 3691 571 3731 cum
611 3678 690 3732 eis
727 3679 843 3748 ipse
867 3687 1021 3749 pater
1046 3670 1245 3736 eorum
1266 3680 1496 3747 lzrahia,
1529 3682 1625 3752 qui
1646 3683 1770 3737 uni-

171 3781 271 3821 cus
299 3767 452 3837 patri
495 3782 593 3822 suo
621 3765 716 3823 Ozi
745 3768 848 3823 fuit
877 3771 1175 3825 secundum
1201 3772 1441 3842 regulam
1471 3787 1634 3843 quam
1674 3788 1770 3828 su-

173 3869 274 3924 pra
304 3872 363 3910 m
393 3855 504 3912 alio
527 3857 646 3913 loco
680 3858 987 3930 posuimus.

245 3944 427 4001 Porro
455 3947 554 4017 ﬁlii
585 3949 829 4006 Bechor:
861 3947 1078 4004 Zamira
1103 3959 1154 4006 et
1179 3951 1333 4018 Joas,
1365 3961 1413 4007 et
1441 3952 1653 4009 Eliezer
1674 3995 1690 4022 ,
1720 3964 1770 4011 et

176 4037 428 4093 Elioenai
461 4049 509 4093 et
545 4039 695 4094 Amri
719 4051 768 4095 et
796 4039 1056 4096 Jerimoth
1084 4052 1133 4096 et
1179 4043 1313 4097 Abia
1341 4052 1388 4097 et
1418 4043 1682 4100 Auct/tolli
1719 4056 1770 4102 et

176 4130 414 4186 Almatlt.
452 4132 775 4203 Ubicunque
801 4135 855 4187 in
885 4133 1002 4204 lege
1025 4134 1330 4202 scribitur:
1364 4133 1556 4190 Omnes
1581 4137 1668 4191 isti
1695 4137 1765 4207 ﬁ-

177 4221 233 4275 lii
259 4223 575 4293 cujuslibet,
607 4234 700 4278 aut
722 4241 822 4294 pro
850 4226 1171 4281 meritorum
1194 4227 1534 4294 excellentia,
1559 4237 1768 4299 autpro

178 4314 505 4369 meritorum
551 4315 723 4370 veteri
754 4315 1002 4370 oratione
1045 4314 1124 4379 ﬁt,
1159 4323 1218 4369 ut
1247 4315 1365 4385 ejus
1395 4317 1493 4372 ﬁlii
1519 4319 1770 4374 dicantur

177 4419 314 4472 esse,
347 4407 512 4478 cujus
548 4408 768 4463 fuerunt
791 4417 847 4464 et
869 4409 1193 4463 imitatores.

249 4497 383 4554 Filii
408 4509 593 4554 autem
642 4500 814 4555 Balan
842 4517 860 4554 :
889 4501 1054 4557 Jehus
1099 4514 1149 4560 et
1192 4501 1475 4573 Benjamin
1496 4510 1544 4558 et
1573 4501 1690 4557 Aod
1716 4511 1767 4558 et

1882 3378 2022 3433 Ezer
2048 3388 2096 3433 et
2125 3377 2287 3432 Elad.
2320 3378 2639 3434 Deciderunt
2664 3387 2839 3432 autem
2862 3394 2950 3432 eos
2983 3377 3080 3430 viri
3104 3373 3234 3430 Geth
3257 3373 3463 3444 indige-

1878 3490 1981 3539 ηας,
2017 3474 2143 3544 quia
2169 3451 2544 3527 descenderant
2574 3479 2630 3525 ut
2653 3469 2958 3526 invaderent
2993 3467 3340 3539 possessiones
3369 3455 3474 3519 eo-'

1876 3581 2016 3619 rum.
2041 3563 2190 3619 Dixit
2221 3581 2343 3635 ergo
2377 3563 2637 3633 Ephraim
2663 3572 2812 3632 pater
2847 3576 3029 3615 eorum
3050 3558 3226 3613 multis
3255 3556 3460 3624 diebus,

1874 3666 2226 3727 ueneruntque
2255 3656 2447 3726 fratres
2493 3655 2609 3726 ejus
2658 3663 2718 3709 ut
2739 3651 3141 3708 consolarentur
3164 3666 3301 3715 eum,
3348 3658 3458 3706 etc.

1875 3746 2052 3818 Super
2075 3749 2179 3803 hoc
2203 3748 2437 3817 capitulo
2473 3746 2684 3802 Hebraei
2727 3744 3034 3814 huiusmodi
3075 3744 3352 3813 deﬁngunt
3373 3741 3458 3796 fa-

1873 3838 2074 3904 bulam,
2107 3840 2346 3898 dicentes
2385 3841 2529 3909 quod
2570 3839 2667 3893 ﬁlii
2712 3839 2987 3911 Ephraim,
3023 3837 3162 3893 Ezer
3199 3844 3254 3891 et
3286 3835 3455 3901 Elad,

1872 3942 2196 4004 congregata
2221 3932 2570 3988 multitudine
2593 3932 2659 3986 de
2681 3929 2866 3996 Israel,
2895 3929 3112 3983 vivente
3139 3927 3316 3982 adhuc
3355 3940 3454 3995 pa-

1871 4033 1954 4080 tre
1982 4039 2099 4090 suo,
2141 4024 2322 4079 conati
2357 4031 2482 4078 sunt
2508 4023 2576 4077 ad
2607 4031 2807 4077 terram
2829 4018 3205 4091 promissionis
3228 4017 3452 4084 reverti,

1874 4120 1966 4189 qui
1990 4128 2044 4174 et
2072 4117 2211 4174 Geth
2234 4119 2368 4172 urbe
2390 4113 2799 4172 Philistinofum
2828 4111 3098 4168 interfecti
3123 4119 3266 4166 sunt.
3304 4109 3456 4166 Unde

1871 4218 1924 4266 et
1957 4217 2166 4266 caeteras
2206 4215 2392 4278 postea
2437 4207 2610 4261 tribus
2653 4220 2750 4276 per
2785 4205 3060 4260 desertum
3089 4203 3450 4268 adducuntur,

1868 4313 1940 4354 ne
1964 4299 2210 4353 viderent
2227 4313 2349 4352 ossa
2378 4296 2607 4351 fratrum
2631 4309 2870 4350 suorum.
2900 4294 2968 4348 Et
2994 4294 3050 4348 in
3075 4293 3286 4362 psalmo
3313 4292 3450 4346 dici-

1872 4399 2003 4445 tur:
2039 4389 2170 4443 Filii
2201 4389 2432 4459 Ephrem
2482 4388 2716 4442 conversi
2741 4395 2862 4440 sunt
2907 4387 2963 4439 in
3003 4385 3086 4438 die
3111 4383 3230 4437 belli
3274 4381 3450 4454 (Psal.

1867 4481 2093 4552 Lxxvu).
2126 4481 2346 4536 Fratres
2371 4495 2520 4544 vero,
2553 4478 2647 4547 qui
2683 4477 2752 4533 ad
2775 4476 3163 4533 consolandum
3190 4474 3453 4544 Ephraim

178 4588 456 4647 Chanana.
491 4592 569 4646 De
597 4591 756 4663 hujus
783 4607 913 4664 ergo
941 4593 1056 4648 Aod
1084 4565 1342 4665 progenie
1370 4591 1538 4648 fuisse
1565 4593 1764 4648 dicitur

1884 4579 2154 4636 renerunt,
2209 4577 2301 4624 aut
2329 4584 2423 4626 eos
2465 4568 2716 4633 dicimus,
2763 4567 2855 4638 qui
2897 4566 2965 4622 de
3010 4565 3334 4636 patriarchis
3361 4579 3454 4619 su-

1884 4673 2118 4702 mmu-ant
2191 4672 2279 4702 om
2320 4663 2694 4702 nnannlinnnm
2735 4677 2897 4702 annm
2957 4660 3199 4702 frnlprnn
3232 4660 3451 4702 nnlninA

175 4677 337 4747 judex
365 4681 511 4747 Aod,
540 4681 635 4751 qui
669 4660 738 4736 vin
780 4660 920 4737 libro
944 4660 1421 4754 Iudicum-legitur
1451 4681 1604 4754 (Iud.
1653 4683 1758 4754 ιιι).

1884 4673 2142 4731 )ererant,
2190 4672 2283 4718 aut
2320 4663 2696 4735 cognationem
2735 4677 2898 4734 quam
2956 4660 3199 4716 fraterno
3232 4660 3451 4716 nomine

179 4768 434 4826 Chanana
495 4787 627 4830 vero
669 4774 774 4829 iste
814 4783 912 4839 est,
969 4790 1001 4830 a
1049 4790 1156 4844 quo
1187 4776 1393 4846 egressi
1444 4782 1570 4829 sunt
1622 4774 1762 4830 Ben-

176 4859 453 4933 jaminitaa,
481 4866 576 4936 qui
607 4866 758 4922 nefas
781 4875 1231 4938 perpetraverunt
1259 4869 1314 4922 in
1339 4882 1509 4923 uxore
1531 4867 1762 4931 Levitis,

182 4956 314 5012 sicut
346 4960 399 5014 in
431 4957 686 5014 Iudicum
715 4961 978 5030 scriptum
1005 4969 1090 5016 est
1120 4960 1274 5033 (Iud.
1307 4960 1406 5033 ιι).

249 5045 378 5103 Filii
409 5057 590 5105 autem
614 5049 992 5120 Nepltthalim:
1021 5051 1191 5107 Jasiel
1217 5061 1265 5107 et
1296 5049 1434 5106 Guni
1461 5061 1509 5106 et
1547 5053 1698 5106 Jeser
1717 5062 1766 5108 et

185 5134 375 5193 Sellum
421 5141 526 5211 ﬁlii
578 5141 733 5195 Bala.
781 5143 906 5199 Haec
945 5143 1075 5199 Bala
1117 5145 1417 5201 concubina
1462 5143 1564 5199 fuit
1597 5144 1763 5202 Jacob

189 5224 335 5296 (Gen.
367 5231 476 5305 ιιι),
507 5241 667 5303 atque
695 5233 893 5289 ancilla
935 5233 1170 5301 Rachel;
1203 5235 1430 5304 ideoque
1473 5235 1613 5290 ﬁlios
1653 5235 1762 5290 Ne-

188 5317 386 5384 pbthali
430 5337 552 5379 esse
581 5323 740 5389 Balae,
779 5325 905 5394 quia
955 5325 1267 5396 Nephthali,
1301 5341 1367 5382 ex
1401 5342 1508 5397 quo
1537 5317 1626 5382 isti
1671 5341 1764 5398 ge-

192 5413 355 5466 nerati
381 5423 527 5480 sunt,
560 5415 704 5472 ﬁlius
731 5414 832 5470 fuit
857 5416 1012 5472 istius
1037 5417 1199 5473 Bala}.

257 5496 421 5557 Porro
463 5505 604 5574 ﬁlius
650 5504 896 5561 Manasse
949 5506 1156 5574 Esriel;
1206 5508 1595 5581 concubinaque
1646 5510 1761 5581 ejus

195 5584 325 5656 Syra
351 5597 545 5663 peperit
595 5595 827 5664 Machir,
859 5607 1060 5668 patrem
1089 5595 1314 5653 Galaad.
1346 5601 1614 5656 Asserunt
1656 5601 1762 5658 He-

195 5671 334 5744 braei,
366 5682 503 5739 hanc
531 5683 719 5757 Syram
749 5687 916 5742 ﬁliam
944 5687 1111 5744 fuisse
1143 5689 1233 5743 ﬁlii
1279 5691 1468 5758 Balan,
1499 5707 1663 5761 quam
1704 5695 1759 5750 in

199 5767 478 5844 Egyptum
510 5779 669 5835 famis
691 5781 868 5851 inopia
891 5784 958 5838 ad
992 5782 1406 5839 venundandam
1435 5799 1466 5838 a
1487 5793 1640 5856 patre
1663 5785 1759 5841 du-

200 5870 301 5934 cta,
320 5884 351 5925 a
373 5870 630 5943 Manasse,
659 5877 752 5947 qui
785 5878 996 5935 horreis
1030 5887 1290 5951 praeerat,
1334 5881 1760 5940 misericorditer

1866 4772 2008 4827 saepe
2059 4755 2538 4811 nominaverimus.
2584 4753 2710 4810 Post
2757 4755 2873 4810 haec
2903 4760 3085 4808 autem
3115 4749 3452 4808 enumeratis

1868 4846 1994 4901 ﬁliis
2019 4845 2297 4916 Benjamin
2328 4845 2685 4917 subiungitur.

2457 4958 2684 5015 CAPUT
2723 4957 2857 5014 VIII.

1868 5055 2070 5111 Rursus
2096 5055 2160 5109 de
2187 5015 2532 5124 Benjamitis;
2561 5054 2625 5124 de
2651 5048 2987 5122 generatione
3017 5046 3151 5104 Saul
3176 5046 3331 5118 regis,
3354 5047 3447 5118 qui

2334 5140 2399 5178 ex
2425 5141 2487 5178 ea
2511 5123 2649 5177 tribu
2676 5130 2820 5176 ortus
2849 5130 2943 5175 est.

1939 5236 1984 5309 (1
2016 5237 2150 5293 PAR.
2182 5236 2326 5307 γιιι.)
2367 5235 2442 5289 Hi
2471 5244 2591 5290 sunt
2619 5232 2718 5303 ﬁlii
2750 5231 2924 5298 Ahod,
2951 5229 3208 5302 principes
3248 5246 3444 5301 cogna-

1865 5329 2068 5383 tionum
2112 5327 2460 5382 habitantium
2507 5326 2562 5377 in
2615 5321 2820 5388 Gabaa,
2844 5323 2933 5393 qui
2959 5321 3203 5376 translati
3233 5331 3354 5375 sunt
3388 5322 3445 5375 in

1867 5417 2178 5473 Manabath.
2202 5416 2489 5471 Manabath
2508 5415 2898 5481 interpretatur
2908 5411 3233 5482 sepulcrum.
3250 5411 3448 5466 Transq

1867 5511 1964 5566 lati
1996 5518 2121 5565 sunt
2167 5523 2296 5580 ergo
2324 5509 2378 5562 in
2417 5505 2723 5569 Manabath,
2776 5504 2991 5574 quando
3014 5519 3113 5575 pro
3158 5505 3362 5560 scelere
3386 5505 3443 5560 in

1868 5619 2037 5660 uxore
2062 5603 2266 5658 Levitis
2290 5607 2602 5672 perpetrato
2626 5599 2805 5670 gladio
2839 5605 3182 5664 corruerunt,
3225 5605 3280 5652 et
3306 5610 3444 5666 pene

1866 5711 2038 5766 usque
2087 5695 2153 5749 ad
2207 5693 2558 5748 novissimum
2607 5691 2844 5758 deducti,
2891 5705 3012 5746 cum
3056 5703 3124 5743 ex
3161 5696 3268 5742 tota
3299 5686 3444 5742 tribu

1866 5803 1974 5844 non
2024 5785 2253 5857 amplius
2289 5800 2451 5854 quam
2497 5784 2711 5839 ducenti
2738 5783 2843 5839 viri
2889 5787 3267 5838 remanserunt
3287 5776 3441 5850 (Iud.

1869 5883 1983 5953 xx).
2011 5877 2161 5946 Quod
2185 5893 2314 5934 vero
2349 5875 2593 5946 sequitur
2618 5894 2631 5931 :
2660 5873 2910 5932 Naaman
2945 5881 3144 5934 autem,
3170 5877 3221 5923 et
3255 5865 3442 5932 Achia,
