3958 6470
587 397 693 499 319

586 539 958 628 ουδίειοίκιηθ
982 557 1119 610 alius
1147 554 1265 608 loco
1303 553 1418 624 ejus
1462 555 1844 621 substituatur,
1877 553 2003 608 dum
2041 566 2162 606 suc—
2189 556 2241 616 Α
2338 565 2342 569 '

585 649 895 706 cedentibus
926 647 1025 707 sibi
1061 660 1155 717 per
1197 645 1442 700 ordinem
1491 645 1757 700 ministris
1786 646 1973 710 verbi,
2022 661 2159 698 nun-

499 749 503 751 ’
585 755 745 810 quam
788 737 1040 793 Ecclesiae
1084 736 1391 808 apostolicae
1447 735 1670 803 desunt,
1715 737 1808 806 qui
1847 737 1960 790 sive
2001 735 2160 789 ﬁdem

590 831 825 902 pietatis,
853 846 950 886 seu
978 830 1296 884 munditiam
1323 829 1551 883 actionis
1574 837 1628 883 et
1662 829 1839 883 verbis
1873 827 2160 882 ostendant

581 931 636 978 et
663 921 838 977 factis.
869 922 936 976 Et
982 922 1121 977 bene
1151 921 1350 977 dicitur
1379 919 1524 989 quod
1557 921 1623 976 de
1674 920 1798 975 ﬁliis
1827 919 1994 975 Caath
2031 934 2161 974 con-

581 1013 750 1066 stituti
775 1007 931 1067 erant
951 1027 1112 1082 super
1135 1026 1301 1082 panes
1322 1010 1726 1082 propositionis,
1752 1010 1876 1079 quia
1900 1008 2158 1080 patientia

580 1103 955 1172 Redemptoris
980 1104 1148 1158 nostri
1181 1103 1363 1159 docuit
1386 1103 1659 1174 apostolos
1684 1117 1749 1156 ac
1773 1102 2158 1172 praedicatores

583 1196 876 1267 Evangelii,
901 1205 960 1252 ut
983 1212 1080 1267 per
1103 1198 1463 1252 constantiam
1505 1195 1780 1267 patientiae
1820 1202 1874 1249 et
1901 1194 2159 1248 virtutem

581 1284 923 1340 discretionis
950 1302 1006 1341 se
1053 1303 1285 1356 suosque
1313 1295 1524 1357 gratam
1570 1287 1888 1340 exhiberem
1931 1283 2159 1338 oblatio-

586 1389 731 1439 nem,
757 1390 879 1429 cum
905 1376 1106 1431 eisdem
1151 1377 1267 1447 ipsa
1297 1376 1508 1431 Veritas
1543 1375 1596 1428 in
1623 1373 1913 1445 Evangelio
1943 1374 2054 1428 ait:
2089 1372 2159 1426 In

585 1468 834 1534 patientia
861 1477 1026 1521 vestra
1051 1469 1373 1538 possidebitis
1399 1470 1602 1522 animas
1624 1475 1817 1520 vestras
1843 1465 1992 1537 (Luc.
2019 1463 2155 1538 nt).

588 1555 698 1610 Nec
726 1557 868 1610 enim
898 1559 1132 1614 doctoris
1179 1559 1404 1628 quilibet
1434 1559 1535 1612 rite
1568 1557 1716 1628 fungi
1751 1564 1929 1626 potest
1957 1556 2154 1623 oﬂicio,

582 1645 687 1698 nisi
718 1660 774 1699 se
801 1647 1075 1715 patientiae
1120 1663 1184 1702 ac
1215 1648 1555 1703 discretionis
1588 1648 1846 1702 decorare
1891 1647 2156 1702 studuerit

578 1745 926 1802 ornamento,
967 1747 1028 1791 ut
1072 1737 1336 1793 discretus
1384 1739 1454 1792 sit
1501 1739 1556 1792 in
1603 1753 1851 1793 sermone
1899 1737 2058 1792 simul
2102 1747 2156 1792 et

577 1839 760 1894 opere,
790 1835 844 1882 et
874 1827 1043 1893 fortis,
1077 1829 1124 1882 si
1165 1830 1467 1895 advenerit,
1499 1831 1554 1884 in
1605 1831 1920 1885 sustinenda
1958 1831 2150 1884 adver-

577 1913 755 1969 sitate.
786 1915 922 1984 Apte
948 1927 1126 1972 autem
1149 1919 1391 1988 sequitur
1411 1921 1552 1989 quod
1576 1920 1849 1990 principes
1873 1927 2154 1974 cantorum
2182 1895 2230 1955 Β

581 2021 680 2075 per
707 2006 938 2065 familias
967 2010 1273 2066 Levitarum
1293 2053 1307 2078 ,
1336 2013 1426 2082 qui
1459 2014 1513 2067 in
1546 2014 1759 2068 exedris
1781 2015 2152 2079 morabantur,

580 2098 666 2152 die
705 2115 768 2154 ac
801 2111 958 2157 nocte
981 2103 1182 2174 jugiter
1207 2119 1303 2159 suo
1348 2105 1649 2161 ministerio
1676 2106 2033 2172 deservirent,
2065 2121 2157 2161 ca-

581 2189 798 2257 pitaque
826 2191 1132 2247 Levitarum
1159 2208 1257 2263 per
1290 2193 1521 2248 familias
1551 2196 1820 2265 principes
1859 2197 2158 2251 manserint

581 2278 636 2332 in
667 2279 983 2350 Jerusalem,
1017 2285 1142 2354 quia
1169 2285 1324 2340 valde
1352 2287 1568 2358 dignum
1597 2297 1700 2353 est,
1729 2297 1786 2342 ut
1809 2296 2014 2358 quanto
2035 2289 2157 2358 quis

580 2371 831 2439 praelatus
861 2376 1089 2442 caeteris,
1134 2385 1284 2431 tanto
1311 2377 1557 2432 devotior
1597 2379 1650 2433 in
1684 2379 1881 2434 divinis
1926 2379 2021 2434 ﬁat
2047 2379 2157 2434 otii-

579 2458 698 2514 ciis.
726 2460 817 2515 llle
859 2463 1053 2533 quippe
1078 2465 1440 2535 principatum
1489 2468 1774 2523 ministerii
1821 2469 1902 2523 sui
1933 2477 2149 2536 servat,

579 2550 670 2619 qui
715 2551 948 2606 studium
996 2553 1158 2610 habet
1187 2557 1438 2611 manendi
1474 2558 1527 2611 in
1560 2557 1878 2625 Jerusalem,
1912 2560 2014 2616 hoc
2043 2568 2148 2626 est,

579 2641 633 2696 in
660 2643 864 2699 visione
886 2646 1055 2714 pacis,
1085 2654 1144 2700 ut
1172 2648 1430 2703 tumultus
1456 2651 1740 2705 saeculares
1768 2651 2039 2721 fugiendo,
2069 2666 2156 2707 re-

580 2733 878 2806 bellemque
931 2746 1134 2797 motum
1178 2741 1358 2794 carnis
1411 2755 1520 2795 suae
1565 2743 1866 2806 domando,
1916 2743 2154 2811 quietam

521 2868 535 2883 ,
582 2830 815 2878 mentem
854 2825 908 2880 in
955 2829 1402 2898 contemplatione
1446 2830 1542 2885 Dei
1571 2832 1770 2886 habere
1809 2833 2004 2898 valeat,
2047 2848 2154 2903 quo

583 2909 686 2966 'rite
713 2929 834 2968 cum
880 2916 1161 2974 Psalmista
1192 2934 1386 2974 canere
1427 2921 1599 2989 possit
1631 2939 1642 2973 :
1683 2920 1915 2975 La'tatus
1953 2939 2069 2976 sum
2099 2924 2154 2978 in

578 3003 659 3055 his
687 3020 805 3073 qua:
829 3005 969 3060 dicta
997 3018 1118 3062 sunt
1157 3010 1284 3062 mihi
1314 3024 1331 3060 :
1361 3012 1416 3064 in
1453 3012 1663 3064 domum
1691 3010 1906 3065 Domini
1943 3013 2151 3068 ibimus.

578 3087 786 3148 Stantes
823 3104 970 3150 erant
1011 3098 1164 3166 pedes
1204 3100 1366 3153 nostri
1408 3101 1461 3152 in
1501 3099 1647 3152 atriis
1689 3100 1815 3165 tuis,
1857 3098 2150 3155 Jerusalem

575 3181 745 3252 (Psal.
770 3185 939 3258 cur).
961 3187 1273 3243 Benedictus
1298 3189 1555 3243 Dominus
1577 3205 1641 3244 ea:
1663 3187 1813 3254 Sion,
1837 3189 1927 3260 qui
1947 3189 2148 3244 habitat

571 3272 628 3326 in
649 3272 944 3330 Jerusalem
967 3276 1140 3349 (Psal.
1165 3280 1407 3351 cxxxrv).

646 3365 711 3420 In
755 3366 971 3422 Gabaon
998 3379 1171 3423 autem
1203 3373 1506 3426 commorati
1551 3381 1692 3437 sunt,
1719 3380 1866 3441 pater
1904 3371 2147 3439 Gabaon,

573 3455 763 3522 Jehiel,
787 3466 836 3511 et
865 3475 1052 3513 nomen
1086 3448 1264 3516 uxoris
1303 3463 1415 3531 ejus
1461 3462 1705 3516 Maacha.
1748 3462 1797 3514 F
1800 3462 1920 3516 ilius
1953 3465 2151 3534 primo-

572 3544 770 3613 genitus
801 3547 915 3616 ejus
946 3548 1130 3603 Abdon
1167 3558 1213 3605 et
1247 3550 1355 3606 Sur
1395 3560 1443 3604 et
1474 3551 1559 3605 Cis
1602 3562 1651 3605 et
1700 3550 1837 3605 Baal
1881 3562 1929 3607 et
1963 3553 2076 3607 Ner
2099 3561 2150 3608 et

579 3633 789 3691 Nadab.
828 3637 998 3695 lehiel
1027 3641 1141 3712 ipse
1164 3651 1246 3698 est
1275 3644 1366 3713 qui
1402 3643 1456 3696 in
1487 3643 1622 3698 libro
1653 3643 1859 3715 Regum
1890 3646 2149 3701 scribitur

574 3730 721 3784 Abiel
747 3731 800 3804 (Ι
824 3733 954 3806 Reg.
978 3735 1078 3806 ιχ),
1118 3745 1271 3807 pater
1308 3737 1419 3803 Cis,
1451 3747 1605 3808 pater
1633 3737 1760 3794 Saul
1799 3747 1853 3794 et
1879 3741 2146 3810 interpreo

572 3832 720 3879 tatur
761 3826 913 3882 Abiel
955 3836 1103 3900 pater
1142 3847 1286 3886 meus
1317 3831 1477 3897 Deus,
1530 3832 1698 3888 Jehiel
1744 3849 1873 3890 vero
1915 3835 2146 3890 desertus

569 3915 687 3982 Dei,
713 3928 932 3988 propter
959 3921 1271 3977 meritorum
1299 3923 1522 3979 forsitan
1554 3926 1626 3980 ita
1655 3927 1915 3982 nominati
1943 3929 2146 3984 distan-

566 4007 716 4062 tiam.
745 4009 814 4064 Et
847 4013 1136 4067 notandum
1167 4016 1309 4085 quod
1358 4017 1497 4071 inter
1546 4016 1684 4073 ﬁlios
1717 4017 1908 4085 Jehiel,
1943 4019 2033 4074 Cis
2083 4029 2141 4075 et

568 4095 678 4152 Ner
720 4110 980 4156 vocantur
1026 4102 1240 4172 fratres,
1277 4107 1436 4162 sicuti
1482 4117 1536 4163 et
1576 4117 1722 4173 sunt,
1752 4118 1809 4163 et
1836 4111 1890 4164 in
1933 4111 2140 4183 Regum

570 4189 854 4256 reperitur.
881 4189 938 4244 ln
969 4195 1314 4262 sequentibus
1357 4211 1487 4253 vero
1516 4198 1712 4253 dicitur
1736 4201 1881 4269 quod
1911 4199 2018 4255 Ner
2045 4216 2140 4271 ge-

570 4277 753 4330 nuerit
777 4277 888 4344 Cis,
914 4295 1018 4336 non
1045 4297 1151 4352 quo
1173 4299 1294 4338 eum
1321 4287 1586 4357 genuerit,
1613 4289 1706 4343 sed
1733 4303 1840 4358 quo
1865 4303 1988 4344 eum
2013 4290 2140 4345 edu-

569 4369 794 4434 caverit,
818 4372 1064 4441 genuisse
1086 4389 1207 4429 eum
1232 4385 1499 4432 narratur.

651 4457 738 4513 'sti
766 4461 1124 4519 habitaverunt
1150 4482 1179 4519 e
1211 4467 1418 4537 regione
1451 4468 1675 4538 fratrum
1699 4485 1940 4537 suorum,
1967 4470 2024 4524 in
2050 4471 2142 4526 Je-

566 4552 812 4617 rusalem,
841 4571 956 4608 cum
982 4556 1234 4625 fratribus
1279 4559 1408 4614 suis.
1451 4561 1579 4616 Loci
1608 4561 1725 4633 (sic)
1759 4563 1812 4617 in
1841 4560 2137 4618 Jerusalem
2160 4591 2215 4653 Ι)
2240 4614 2302 4652 νη

563 4641 834 4697 habitasse
861 4645 1130 4702 dicuntur.

640 4733 750 4787 Ner
776 4747 947 4792 autem
979 4742 1153 4809 genuit
1187 4741 1294 4804 Cis,
1326 4751 1371 4795 el
1403 4741 1489 4798 Cis
1529 4746 1718 4813 genuit»
1741 4743 1891 4811 Saul,
1925 4756 1973 4801 et
2003 4746 2136 4803 Saul

563 4825 739 4892 genuit
767 4825 1035 4882 Jonathan
1071 4839 1120 4883 et
1151 4829 1439 4885 Melchisua
1465 4841 1512 4886 et
1542 4833 1814 4888 Abinadab
1845 4844 1891 4889 et
1920 4835 2131 4904 Isbaal;

563 4911 704 4978 [ilius
727 4923 900 4969 autem
921 4916 1187 4972 Jonathan
1220 4919 1527 4986 Meribbaal,
1565 4932 1613 4976 et
1643 4922 1932 4978 Meribbaal
1956 4927 2130 4996 genuit

567 4999 762 5056 Micha.
801 5003 1084 5060 Abinadab
1114 5007 1254 5062 ﬁlius
1293 5007 1418 5063 Saul
1465 5011 1518 5065 in
1558 5011 2033 5083 Paralipomenon,
2073 5015 2131 5071 in

561 5094 766 5167 Regum
797 5114 942 5162 vero,
973 5101 1065 5154 ubi
1093 5108 1147 5156 et
1174 5104 1385 5160 occisus
1428 5121 1549 5162 esse
1586 5123 1708 5162 cum
1751 5116 1904 5178 patre
1945 5125 2132 5164 narra-

564 5195 668 5252 tur,
697 5188 995 5245 Aminadab
1041 5202 1262 5249 vocatur
1305 5195 1359 5267 (I
1382 5196 1506 5268 Reg.
1542 5199 1716 5272 χχιι).
1766 5200 1832 5254 Ει
1870 5201 2130 5270 interpre-

562 5284 708 5330 tatur
748 5276 1027 5336 Abinadab
1070 5293 1218 5353 pater
1246 5302 1390 5342 meus
1436 5298 1631 5354 votum;
1661 5289 1959 5346 Aminadab
1999 5307 2128 5348 vero

557 5369 780 5439 populus
809 5387 950 5427 meus
987 5384 1180 5432 votum.
1221 5377 1394 5435 lsbaal
1420 5397 1632 5451 quoque
1661 5382 1802 5438 ﬁlius
1830 5383 1976 5448 Saul,
2017 5385 2127 5453 ipse

560 5467 643 5512 est
673 5458 944 5531 Isboseth;
989 5475 1045 5520 et
1075 5467 1384 5538 Meribbaal,
1420 5473 1533 5544 ipse
1565 5483 1648 5529 est
1679 5474 2012 5530 Misiboseth.
2063 5477 2129 5530 Et

563 5547 949 5618 interpretatur
976 5554 1268 5613 Meribbaal
1297 5562 1506 5633 litigans
1531 5565 1587 5619 in
1621 5565 1888 5630 maritum,
1914 5564 2128 5620 Misibo-

533 5705 540 5718 '
564 5639 684 5694 seth
710 5651 890 5699 autem
911 5646 976 5701 de
1003 5665 1090 5705 ore
1115 5651 1422 5722 ignominia.

1230 436 1291 493 Β.
1330 433 1584 493 RABANI
1621 434 1844 493 MAURI
1879 434 2198 493 ARCHIEP.
2238 433 2548 492 MOGUNT.
2589 435 2876 496 OPERUM
2909 440 3089 498 PARS
3122 442 3164 501 l.
3703 459 3773 515 διο

2890 555 3116 613 CAPUT
3152 558 3221 613 Χ.

2262 666 2338 722 De
2368 684 2543 739 pugna
2567 667 2885 755 Philisthiim
2907 680 3094 755 contra
3113 671 3311 754 Israel,
3335 683 3384 729 et
3414 692 3530 731 nece
3550 679 3662 734 Saul
3683 688 3772 755 regis

2818 751 2866 794 et
2895 741 3126 809 ﬁliorum
3149 743 3288 814 ejus.

2331 851 2374 924 (l
2404 854 2534 908 Pan.
2563 853 2643 925 x.)
2671 853 2986 910 Philisthiim
3013 868 3186 911 autem
3209 861 3515 930 pugnabant
3543 876 3692 920 contra
3718 869 3772 924 Il-

2258 946 2390 1012 rael,
2411 947 2757 1019 fugeruntque
2783 949 2879 1004 viri
2900 949 3069 1005 Israel
3090 951 3460 1021 Philisthinos,
3477 967 3524 1010 et
3546 962 3770 1020 ceciderunt

2257 1039 2518 1092 vulnerati
2571 1040 2625 1092 in
2675 1050 2846 1093 monte
2895 1039 3083 1094 Gelboe
3128 1041 3178 1110 (Ι
3210 1041 3343 1113 Reg.
3377 1047 3558 1116 xxxx).
3604 1050 3770 1121 Cumque

2213 1143 2218 1147 '
2259 1128 2752 1198 appropinquassent
2802 1129 3095 1184 Philislhwi
3131 1143 3490 1202 persequentes
3521 1134 3637 1189 Saul
3672 1151 3707 1192 et
3731 1143 3770 1209 ﬁ-

2258 1217 2354 1272 lios
2393 1220 2525 1289 ejus,
2573 1231 2618 1275 et
2663 1235 3027 1292 percusserunt
3069 1226 3345 1282 Jonathan
3393 1238 3443 1282 et
3485 1230 3713 1287 Abinadab
3741 1247 3769 1289 at

2259 1308 2584 1377 Melchisua,
2625 1313 2764 1381 ﬁlios
2809 1314 2962 1368 Saul.
3001 1314 3070 1368 Et
3101 1329 3447 1387 aggravatum
3492 1332 3561 1374 est
3592 1324 3766 1392 pra/ium

2257 1413 2436 1456 contra
2467 1403 2618 1470 Saul,
2647 1407 3047 1478 inveneruntque
3072 1427 3188 1464 eum
3216 1411 3315 1464 viri
3344 1413 3616 1482 sagittarii,
3639 1426 3676 1468 et
3697 1418 3768 1469 rul-

2256 1505 2566 1547 neraverunt
2577 1495 2795 1565 jaculis.
2819 1497 2886 1550 Et
2910 1498 3044 1553 dixit
3068 1499 3199 1554 Saul
3224 1503 3294 1554 ad
3318 1504 3618 1574 armigerum
3638 1523 3767 1561 suum:

2255 1581 2490 1652 Evagina
2519 1585 2752 1654 gladium
2789 1598 2956 1656 tuum,
2995 1600 3042 1644 et
3078 1592 3318 1662 interﬁce
3349 1612 3447 1659 me,
3491 1613 3548 1649 ne
3588 1598 3692 1666 forte
3717 1617 3768 1652 re

2256 1676 2400 1729 niant
2432 1677 2784 1732 incircumcisi
2826 1680 2944 1746 isti,
2979 1691 3027 1734 et
3067 1680 3298 1737 illudant
3335 1685 3480 1738 mihi.
3517 1684 3674 1738 Noluit
3706 1705 3767 1740 au-

2255 1774 2354 1819 tem
2382 1767 2608 1836 armiger
2643 1769 2756 1837 ejus
2800 1771 2895 1824 hoc
2923 1771 3114 1840 facere,
3149 1774 3340 1827 timore
3380 1777 3673 1844 perterritus.
3703 1779 3767 1830 Ar-

2259 1857 2416 1924 ripuit
2443 1873 2564 1926 ergo
2598 1857 2732 1912 Saul
2769 1877 2962 1927 ensem,
2989 1872 3036 1915 et
3070 1863 3228 1916 irruit
3262 1881 3318 1917 m
3359 1882 3493 1919 eum.
3531 1865 3660 1930 Quod
3691 1885 3766 1920 cum

2259 1945 2467 1999 vidisset
2510 1949 2737 2018 armiger
2779 1951 2916 2019 ejus,
2951 1951 3183 2006 videlicet
3223 1964 3491 2008 mortuum
3535 1972 3628 2010 esse
3661 1956 3763 2020 Saul,

2257 2035 2411 2088 irruit
2453 2045 2502 2090 et
2547 2038 2654 2106 ipse
2682 2039 2737 2091 in
2767 2038 3002 2108 gladium
3031 2059 3211 2107 suum,
3248 2052 3299 2096 et
3343 2055 3571 2098 mortuus
3602 2056 3676 2098 est.
3706 2045 3765 2098 la-

2257 2125 2394 2178 teriit
2423 2143 2542 2196 ergo
2580 2126 2716 2182 Saul
2743 2137 2791 2183 et
2825 2138 2928 2184 tres
2961 2131 3064 2199 filii
3100 2133 3238 2202 ejus,
3273 2144 3323 2187 et
3353 2136 3515 2190 omnis
3553 2137 3700 2190 domus
3725 2137 3764 2188 il-

2256 2211 2356 2266 lius
2382 2216 2578 2283 pariter
2598 2217 2843 2282 concidit,
2868 2226 2922 2273 et
2949 2220 3175 2290 reliqua.
3213 2223 3467 2278 Plurimis
3485 2227 3671 2280 omissis
3687 2240 3764 2294 qua

2256 2305 2310 2357 in
2339 2303 2476 2358 libro
2507 2303 2774 2361 Samuelis
2801 2308 2866 2362 de
2895 2307 3145 2366 Samuele
3173 2321 3228 2366 et
3260 2312 3438 2368 Saulis
3466 2316 3688 2386 regimine
3711 2322 3762 2367 at-

2239 2411 2360 2465 que
2387 2397 2596 2452 actibus
2621 2409 2806 2454 narrat
2831 2402 3079 2469 historia,
3108 2405 3361 2460 conditor
3385 2407 3538 2476 hujus
3566 2407 3666 2461 libri
3688 2417 3761 2460 tan-

2255 2497 2367 2542 tum
2393 2490 2598 2544 obitum
2629 2490 2755 2545 Saul
2783 2502 2838 2546 et
2875 2493 3109 2551 ﬁliorum
3140 2498 3282 2566 ejus,
3311 2516 3412 2555 nec
3433 2516 3532 2555 non
3557 2509 3602 2554 et
3626 2500 3759 2554 domus
3858 2533 3859 2566 ἢ

2257 2578 2426 2648 ipsius
2456 2595 2640 2635 casum
2684 2589 3150 2653 commemoravit,
3181 2598 3245 2643 ut
3273 2591 3479 2645 occulte
3515 2588 3760 2659 signiﬁcaret

2255 2683 2354 2737 per
2384 2671 2697 2740 mysterium
2740 2675 2884 2743 quod
2924 2691 3031 2730 non
3075 2694 3301 2735 necesse
3334 2681 3494 2735 fuerit
3521 2680 3619 2748 ejus
3645 2682 3758 2734 vitam

2256 2760 2583 2828 describere,
2612 2761 2763 2832 cujus
2805 2770 3140 2824 conversatio
3176 2773 3453 2840 peccatrix
3492 2773 3631 2827 ﬁnem
3664 2770 3758 2826 cele-

2254 2850 2406 2905 brem
2435 2867 2540 2907 non
2575 2855 2772 2910 meruit
2811 2859 3076 2929 accipere,
3105 2870 3159 2916 et
3189 2842 3292 2932 par
3321 2866 3536 2934 ﬁguram
3561 2863 3678 2933 regni
3699 2861 3758 2915 lu-

2255 2941 2491 2998 dteorum
2520 2961 2582 3001 ac
2625 2950 2912 3005 sacerdotii
2954 2953 3152 3009 veteris
3196 2956 3363 3012 ﬁnem
3392 2957 3560 3012 debuit
3601 2955 3756 3008 demon-

2253 3041 2451 3101 strare,
2480 3037 2573 3092 sed
2617 3041 2809 3110 magis,
2839 3056 3036 3099 occasu
3064 3047 3312 3114 praedicti
3341 3049 3478 3120 regis
3503 3058 3755 3102 commemo-

2253 3135 2392 3192 rato,
2420 3128 2486 3182 ad
2511 3129 2680 3203 David
2708 3141 2876 3187 totum
2908 3148 2966 3189 se
2995 3138 3292 3204 transtulit,
3317 3149 3371 3194 et
3395 3139 3503 3208 ejus
3527 3135 3646 3192 facta
3663 3135 3755 3188 bona

2174 3246 2221 3310 ρ
2253 3230 2308 3274 et
2345 3222 2799 3292 dispensationem
2847 3229 2995 3296 regni
3043 3230 3440 3285 nobilissimam
3485 3224 3752 3286 narrandam,

2252 3311 2342 3378 qui
2375 3319 2560 3382 typum
2590 3322 2736 3370 tenet
2779 3318 2891 3370 veri
2933 3317 3123 3383 David,
3156 3321 3300 3390 regis
3336 3318 3567 3374 videlicet
3596 3311 3752 3373 Christi,

2250 3402 2341 3470 qui
2373 3403 2437 3457 de
2463 3405 2578 3474 ejus
2620 3408 2826 3460 semine
2868 3409 3160 3463 secundum
3203 3425 3423 3465 carnem
3457 3416 3599 3462 natus
3627 3406 3752 3465 estet

2251 3494 2372 3549 cceli
2416 3504 2682 3568 terraeque
2723 3500 2960 3568 possidet
3003 3516 3251 3571 regnum.
3282 3502 3444 3572 Igitur
3472 3498 3598 3568 quod
3633 3491 3751 3549 immi-

2249 3595 2410 3644 nente
2437 3596 2680 3661 tempore
2708 3593 2946 3648 Davidici
2990 3594 3142 3664 regni
3170 3594 3328 3661 dicit,
3358 3590 3647 3648 Philisthiim
3669 3584 3753 3654 (sic-

2246 3687 2307 3732 ut
2353 3694 2568 3751 semper
2607 3682 2748 3737 soliti
2797 3682 2972 3754 erant)
3028 3701 3302 3755 pugnasse
3347 3685 3585 3739 adversus
3623 3671 3751 3735 Israel,

2247 3769 2554 3840 fugisseque
2594 3772 2740 3828 viros
2782 3773 3074 3840 lsraelitas,
3121 3776 3394 3847 signiﬁcat
3434 3773 3590 3846 quod,
3618 3779 3752 3836 appro-

2244 3863 2540 3933 pinquante
2583 3881 2735 3921 nova:
2772 3867 2958 3938 gratim
2986 3876 3232 3938 tempore
3261 3868 3500 3940 gentiles,
3536 3864 3650 3917 sicut
3668 3863 3751 3909 ante

2245 3966 2668 4024 consueverant,
2699 3961 3004 4015 castitatem
3033 3960 3345 4016 Israelitica:
3369 3960 3486 4014 ﬁdei
3516 3970 3601 4026 per
3620 3963 3750 4008 extim.

2241 4047 2330 4116 pla
2379 4050 2662 4118 pravitatis
2710 4055 3120 4123 Oppugnabant,
3165 4071 3310 4109 nunc
3357 4067 3510 4123 opera
3559 4053 3746 4118 periei“

2242 4139 2535 4207 perituris,
2591 4158 2733 4197 nunc
2793 4144 3108 4198 idololatria:
3171 4147 3409 4200 culturas
3465 4131 3744 4195 ostendendo,

2239 4227 2395 4298 juxta
2426 4231 2730 4299 exemplum
2757 4233 2998 4299 Balaam,
3025 4235 3116 4303 qui
3153 4236 3380 4291 docebat
3412 4233 3561 4287 Balac
3587 4225 3744 4280 mittere

2243 4325 2555 4380 scandalum
2603 4343 2784 4382 coram
2837 4328 2962 4385 ﬁliis
3019 4331 3212 4399 Israel,
3263 4333 3420 4389 edere
3462 4337 3512 4384 et
3555 4315 3743 4379 fornicari

2242 4415 2432 4488 (Num.
2463 4424 2610 4491 xxv).

2311 4506 2682 4581 Fugeruntque
2706 4511 2805 4579 ﬁlii
2829 4511 3000 4566 Israel
3047 4511 3409 4580 Philisthinos,
3450 4520 3494 4564 et
3516 4504 3743 4562 ceciderunt

2307 4597 2494 4651 lnerati
2522 4600 2576 4652 in
2626 4610 2798 4654 monte
2839 4597 3044 4654 Gelboe.
3086 4602 3304 4673 Decepti
3337 4608 3474 4664 sunt,
3522 4595 3600 4666 qui
3624 4591 3743 4644 form

2239 4687 2562 4741 videbantur
2587 4689 2641 4742 in
2667 4691 3077 4760 contemplanda
3109 4691 3204 4746 Dei
3231 4693 3496 4747 voluntate
3519 4681 3654 4757 (quod
3677 4691 3742 4775 n0-

2240 4790 2362 4831 men
2386 4776 2558 4832 Israel
2583 4778 2869 4852 signiﬁcat)
2897 4797 3019 4836 cum
3049 4799 3211 4852 opera
3243 4782 3511 4854 gentilium
3538 4776 3740 4858 incautius

2238 4867 2643 4937 doctrinamque
2689 4880 3081 4940 sequerentur;
3131 4881 3186 4927 et
3227 4873 3493 4943 perierunt
3529 4857 3737 4943 (Ῐεέρνέδνθβ1

2237 4957 2292 5012 in
2321 4960 2570 5028 superbia
2597 4960 2890 5026 luxuriosa,
2939 4977 3100 5032 quam
3123 4953 3633 5019 vocabulum‘montis
3652 4941 3737 4999 001·

2236 5047 2359 5114 hoe,
2398 5049 2448 5103 id
2493 5058 2578 5105 est
2620 5050 2832 5117 lubrici,
2882 5053 3146 5125 designat.
3193 5055 3298 5110 Sed
3339 5061 3392 5108 et
3429 5044 3732 5141 haeretioom'ttl

2234 5141 2591 5210 perditionem
2624 5157 2731 5197 non
2778 5158 2970 5213 parum
3024 5147 3294 5202 saecularis
3342 5138 3582 5213 sapientia
3617 5131 3730 5222 iutil-

2237 5230 2388 5286 Unde
2411 5232 2633 5301 pulchre
2663 5234 2879 5302 quidam
2909 5245 3218 5293 nostrorum
3255 5238 3328 5292 ait
3354 5255 3366 5290 :
3418 5251 3435 5284 ι
3467 5216 3729 5287 Philosophi!

2232 5325 2552 5393 patriarchae
2590 5329 2996 5396 limreticorum,
3047 5333 3299 5390 Ecclesia:
3339 5329 3604 5399 puritatem
3640 5324 3729 5385 Pe"

2233 5430 2387 5470 versa
2412 5417 2746 5474 maculavere
2772 5421 3034 5476 doctrina.
3071 5445 3088 5476 ι
3695 5491 3698 5494 _

2301 5506 2530 5577 Cumque
2569 5512 3064 5582 appropinquassent
3110 5514 3398 5570 Philisthtei
3442 5501 3727 5598 persequuti“

2228 5597 2359 5653 Saul
2384 5609 2432 5652 et
2461 5601 2599 5668 ﬁlios
2635 5602 2772 5671 ejus,
2818 5618 3182 5673 percusserunt
3235 5605 3486 5662 Jonathan
3511 5605 3553 5652 et
3580 5591 3724 5645 Αόὶπαο

2228 5687 2329 5741 dab
2366 5697 2413 5742 et
2438 5688 2752 5758 Melchisua,
2805 5693 2941 5762 filios
2987 5695 3142 5751 Saul.
3180 5699 3444 5752 lrruerunt
3472 5697 3566 5743 tota
3591 5682 3722 5734 inten-

2226 5777 2375 5832 tione
2425 5788 2613 5849 gentes
2663 5781 3059 5854 circumposita:
3113 5788 3168 5843 in
3217 5799 3428 5859 regnum
3468 5775 3621 5834 ludes:
3657 5762 3724 5815 (Ιο-

2226 5869 2562 5936 struendum,
2607 5880 2664 5926 et
2685 5872 2826 5929 ﬁlios
2853 5873 3092 5943 ejusdem
3121 5881 3270 5950 regni
3307 5870 3544 5933 tollendos
3567 5862 3620 5917 de
3639 5863 3720 5908 m°'
