3958 6468
183 411 292 469 521

1127 407 1480 467 COMMENT.
1519 407 1586 464 ΙΝ
1621 401 2172 462 PARALIPOMENA.
2211 433 2283 448 --
2315 404 2448 462 LIB.
2472 403 2513 463 Ι.

3340 403 3449 464 522

184 520 297 591 dio,
334 536 396 582 et
415 527 772 598 depravarunt
798 539 895 580 sua
915 526 1256 595 corruptione
1277 530 1604 587 sacerdotes,
1629 523 1775 576 Scri-
1799 520 1853 582 Α
1877 519 2130 590 armigeri
2177 520 2260 574 sui
2285 535 2449 590 quam
2500 519 2997 576 incircumcisorum
3022 518 3201 592 g.adio
3248 533 3449 590 perire,

184 621 288 676 bas
335 629 397 675 et
420 619 741 684 Pharisaaos,
790 617 928 674 ﬁlios
966 617 1172 674 scilicet
1223 616 1578 685 ductoresque
1625 614 1775 686 regni

185 710 358 766 illius.
404 709 509 765 Sed
533 718 587 765 et
614 709 914 775 haereticos,
966 723 1035 764 ne
1077 708 1312 780 Spiritus
1341 706 1515 764 sancti
1543 706 1778 778 gratiam

186 801 430 871 simplici
469 801 630 856 corde
676 799 1034 870 praedicarent
1077 806 1173 854 aut
1217 797 1492 864 colerent,
1537 796 1779 852 retarda-

186 900 358 947 runt:
417 891 559 962 quod
583 899 666 946 est
689 889 957 946 Jouathan
985 898 1291 962 percutere,
1341 889 1396 943 id
1433 897 1533 954 est,
1578 886 1777 942 colum-

188 985 268 1038 ba:
298 984 525 1049 donum,
560 997 630 1038 ne
657 981 889 1050 Patrem,
919 982 1012 1053 qui
1055 997 1154 1038 nos
1179 981 1281 1036 sibi
1301 995 1409 1035 non
1438 988 1652 1044 natura,
1685 977 1782 1034 sed

186 1073 484 1143 adoptione
529 1071 668 1128 ﬁlios
699 1073 846 1139 fecit,
901 1071 1060 1144 digna
1094 1069 1430 1128 confessione
1477 1063 1777 1134 laudarent,

189 1165 616 1231 interdixerunt,
675 1165 818 1235 quod
846 1164 1131 1221 interfecto
1183 1163 1456 1236 signiﬁcat
1480 1161 1778 1226 Abinadab,
1806 1152 1823 1166 ’

188 1256 243 1310 id
271 1263 381 1321 est,
410 1257 578 1326 patris
607 1256 708 1310 mei
738 1257 1007 1327 spontanei
1029 1273 1046 1320 ;
1084 1269 1152 1310 ne
1190 1255 1246 1310 in
1273 1253 1475 1310 Christi
1505 1267 1670 1324 regno
1695 1266 1783 1306 sa-

188 1347 361 1403 lutem
417 1349 620 1404 mundo
684 1347 990 1403 adfuturam
1038 1349 1357 1413 crederent,
1434 1345 1780 1411 obstiterunt,

187 1446 333 1515 quod
364 1445 586 1502 occisus
612 1444 815 1500 indicat
841 1443 1156 1510 Melchisua,
1184 1443 1275 1514 qui
1301 1442 1497 1497 dicitur
1525 1458 1617 1496 rex
1637 1455 1782 1495 meus

189 1533 356 1589 salus.
416 1535 594 1591 Credo
624 1535 718 1605 qui
740 1534 928 1590 Arium
949 1535 1163 1590 seduxit
1186 1534 1592 1604 philosophum,
1629 1531 1784 1602 quasi

189 1625 496 1681 Melchisua
538 1626 800 1697 peremit;
826 1627 918 1697 qui
941 1626 1328 1691 Macedonium,
1356 1623 1622 1680 Jonathan
1645 1641 1661 1690 ;
1681 1608 1786 1694 qui

189 1714 576 1783 Manicheum,
607 1716 906 1782 Abinadab,
937 1717 1066 1787 quia
1093 1716 1344 1772 videlicet
1370 1717 1513 1770 hunc
1532 1716 1648 1771 veri
1675 1714 1783 1770 Re-

189 1803 270 1873 gis
325 1802 536 1858 Christi
585 1805 1028 1875 omnipotentiam
1073 1820 1304 1877 negare,
1352 1803 1786 1880 illum.Spiritus

192 1894 367 1947 sancti
423 1894 583 1949 donis
623 1874 903 1967 derogare,
961 1897 1124 1950 istum
1149 1874 1346 1951 summi
1403 1874 1785 1952 Patrisiboni-
1811 1874 1860 1934 Β

192 1991 361 2039 tatem
438 1984 821 2056 blasphemare
902 1990 1157 2058 magister
1233 1987 1596 2050 corruptionis
1656 1987 1786 2044 edo-

191 2077 321 2131 cuit.
1081 2061 1090 2067 ’

260 2171 332 2224 Et
361 2179 714 2241 aggravatum
761 2180 835 2225 est
878 2171 1119 2241 pra’lium
1145 2181 1326 2226 contra
1373 2171 1526 2239 Saul,
1579 2173 1786 2227 invene-

193 2271 419 2332 runtque
449 2278 571 2314 eum
599 2263 881 2332 sagittarii,
905 2271 953 2316 et
978 2263 1379 2318 vulneraverunt
1399 2264 1613 2334 jaculis.
1639 2264 1789 2320 Totis

192 2350 402 2406 viribus
431 2351 666 2422 agebant
687 2351 911 2422 gentiles
936 2359 992 2405 ut
1023 2365 1248 2419 regnum
1268 2349 1465 2407 Judtete
1506 2352 1785 2420 tollerent;

193 2452 246 2498 et
272 2444 674 2515 appropiabant
711 2445 760 2498 ei
802 2444 905 2498 viri
930 2443 1198 2498 idolorum
1237 2444 1561 2514 deceptione
1589 2445 1792 2500 instru-

197 2536 454 2603 Ctissimi,
484 2544 540 2592 et
566 2535 772 2591 seducti
796 2551 862 2591 ac
899 2536 1175 2607 depravati
1209 2545 1335 2592 sunt
1357 2552 1612 2607 proceres
1641 2538 1792 2610 regni

198 2631 340 2686 illius
369 2631 727 2687 vehementer
765 2633 833 2688 ab
863 2633 942 2687 eis
969 2633 1060 2702 qui
1107 2633 1256 2687 cordi
1303 2631 1533 2696 illorum,
1573 2633 1793 2702 abrepta

199 2724 554 2794 simplicitate
600 2725 882 2791 veritatis,
943 2725 1265 2780 multiﬁdum
1318 2724 1692 2780 fraudulentim
1739 2729 1795 2778 et

199 2816 530 2871 astutiarum
573 2817 782 2873 vulnus.
805 2816 1064 2873 inﬂixere.
1123 2816 1276 2872 Sicut
1299 2817 1443 2871 enim
1473 2816 1678 2887 gladius
1697 2815 1794 2871 110-

203 2906 343 2960 stilis
371 2915 614 2976 apertam
644 2907 956 2963 idololatria:
996 2907 1414 2978 graviorumque
1464 2905 1793 2977 ﬂagitiorum

203 2999 539 3066 suasionem,
586 3000 662 3054 ita
691 3000 1031 3056 subtiliorum
1061 2999 1436 3070 deceptionum
1478 3005 1794 3067 argumenta

205 3095 402 3164 sagitta
436 3093 788 3149 demonstrat.
843 3092 960 3148 Non
1007 3102 1185 3148 autem
1225 3091 1400 3162 gladio
1439 3090 1791 3155 Philisthiim,

203 3185 296 3240 sed
331 3185 546 3256 sagittis
569 3183 699 3238 Saul
749 3184 970 3250 interiit,
1003 3184 1129 3254 quia
1176 3198 1283 3238 non
1320 3183 1522 3252 apertis
1571 3182 1792 3238 sceleri-

199 3275 322 3339 bus,
387 3291 511 3346 quae
558 3274 834 3329 mortifera
887 3290 1005 3330 esse
1050 3289 1209 3330 nemo
1243 3275 1553 3340 dubitaret,
1586 3272 1794 3330 Judaici

201 3367 360 3436 regni
388 3366 556 3420 duces
581 3365 811 3420 extremi
835 3365 950 3436 ipso
979 3365 1190 3434 periere
1222 3379 1344 3419 cum
1371 3381 1559 3437 regno,
1592 3365 1689 3421 sed
1713 3365 1798 3420 his

202 3455 390 3525 potius
429 3469 550 3524 quae
577 3455 675 3509 sub
693 3453 954 3509 velamine
975 3454 1193 3524 pietatis
1218 3469 1282 3510 ac
1313 3455 1388 3509 ita
1417 3453 1798 3525 impiissimum

202 3545 404 3600 mortis
434 3545 583 3601 virus
633 3546 912 3600 inferrent.
963 3545 1125 3602 Verbi
1167 3547 1363 3618 gratia,
1414 3546 1624 3601 dicente
1653 3547 1795 3600 Deo:

207 3635 434 3691 Honora
484 3647 684 3707 patrem
718 3647 865 3691 tuum
911 3646 960 3692 et
1001 3646 1217 3690 matrem
1275 3636 1472 3706 (Exod.
1514 3635 1641 3706 xx),
1698 3634 1800 3706 ipsi

209 3737 403 3783 contra
431 3729 682 3785 dicebant
727 3746 853 3786 suos
892 3730 1168 3786 auditores
1216 3729 1398 3785 dicere
1441 3718 1795 3798 parentibus:

210 3815 408 3872 Munus
436 3818 778 3891 quodcunque
813 3836 877 3874 ea:
901 3836 981 3874 me
1025 3820 1117 3874 tibi
1163 3819 1394 3891 proderit
1429 3818 1646 3891 (Matth.
1686 3819 1800 3892 xv),

212 3916 266 3962 et
293 3909 372 3963 sic
403 3907 474 3963 ab
499 3924 685 3965 eorum
723 3911 939 3980 penitus
987 3911 1340 3966 honoratioue
1375 3925 1613 3966 cessare.
1671 3910 1802 3966 item

211 3995 501 4052 dicebant:
548 3999 650 4064 Qui
673 3999 822 4069 jurat
871 4001 926 4054 in
955 3999 1166 4070 templo,
1216 4000 1343 4054 nihil
1387 4009 1506 4067 est;
1543 4001 1633 4070 qui
1650 4000 1802 4070 jurat

213 4087 266 4140 in
298 4105 430 4142 auro
455 4089 652 4159 templi,
686 4091 829 4144 debet
881 4090 1097 4162 (Matth.
1130 4092 1328 4163 xxut);
1385 4099 1440 4146 et
1479 4100 1673 4146 caetera
1704 4094 1803 4146 hu-

209 4179 466 4250 iusmodi,
505 4200 625 4253 quae
663 4185 922 4242 Dominus
952 4187 1008 4240 in
1055 4187 1346 4258 Evangelio
1393 4188 1672 4258 multiplici
1699 4187 1804 4243 illis

217 4271 587 4344 increpatione
636 4276 944 4346 depromit:
987 4279 1222 4333 maxime
1260 4278 1409 4346 illud,
1461 4279 1604 4348 quod
1629 4279 1802 4346 ipsum

216 4361 347 4434 legis
395 4375 450 4421 et
483 4366 758 4438 Evangelii
795 4369 1106 4435 Dominum,
1156 4371 1312 4439 quasi
1350 4379 1804 4440 transgressorem

216 4455 365 4525 legis,
413 4459 766 4514 interﬁciunt.
795 4461 923 4527 Qua:
945 4461 1126 4516 omnia
1164 4461 1429 4516 scelerum
1481 4467 1803 4530 argumenta

218 4559 334 4601 cum
363 4549 725 4605 admiratione
761 4548 966 4605 faciunt
997 4552 1210 4606 astutiae
1239 4551 1476 4623 gentilis,
1523 4566 1644 4605 cum
1673 4550 1796 4620 phi-

218 4632 475 4707 losophia:
507 4639 697 4694 studiis
742 4641 1097 4696 exercitatum
1147 4642 1419 4712 ingenium
1452 4641 1518 4694 ad
1563 4639 1799 4695 nefarias

220 4736 360 4784 artes
388 4729 686 4795 inﬂectunt,
725 4731 1015 4802 sagittariis
1047 4732 1299 4786 nimirum
1326 4729 1652 4786 Philisthiim
1684 4729 1802 4785 vul-

220 4821 534 4875 nerantibus
579 4821 796 4876 cadunt.
851 4820 937 4876 Nil
989 4829 1168 4877 autem
1203 4822 1450 4892 prohibet
1494 4821 1801 4892 sagittarios

222 4906 522 4970 immundos
573 4914 794 4982 spiritus
832 4914 1098 4983 accipere,
1151 4931 1383 4985 quorum
1424 4914 1562 4970 dolis
1609 4913 1800 4970 imbuti

222 5003 513 5068 perierunt.

295 5091 355 5145 Et
381 5093 516 5148 dixit
540 5093 671 5149 Saul
717 5093 788 5148 ad
815 5096 1132 5165 armigerum
1175 5110 1365 5150 suum:
1398 5096 1637 5166 Evagina
1678 5097 1794 5167 gla-

227 5177 364 5234 dium
387 5193 566 5249 tuum,
621 5193 669 5239 et
703 5185 937 5255 interﬁce
970 5202 1070 5250 me,
1115 5201 1178 5239 ne
1224 5185 1356 5249 forte
1391 5186 1592 5239 veniant
1637 5187 1796 5240 incir-

230 5274 430 5329 cumcisi
457 5276 566 5339 isti,
607 5285 655 5329 et
680 5274 908 5330 illudant
932 5277 1078 5331 mihi.
1108 5275 1358 5346 Armiger
1381 5274 1511 5329 Saul
1533 5275 1666 5346 legis
1693 5273 1793 5331 do-

232 5369 398 5421 ctores
425 5367 707 5439 significat,
757 5368 885 5438 quia
933 5368 1074 5423 sicut
1100 5383 1252 5423 arma
1280 5377 1336 5423 et
1368 5369 1574 5439 sagitta:
1622 5365 1792 5423 Phili-

235 5452 407 5510 sthiim
457 5474 743 5529 pravorum
776 5459 1139 5530 deceptiones,
1187 5459 1266 5515 sic
1308 5468 1498 5514 contra
1531 5459 1797 5515 Israelita-

236 5556 350 5599 rum
369 5563 515 5604 arma
551 5567 658 5607 non
686 5549 790 5604 alia
819 5557 945 5606 sunt
989 5550 1217 5622 mystice
1243 5551 1606 5622 intelligenda,
1635 5563 1798 5619 quam

240 5633 518 5701 spiritualis
542 5639 703 5696 verba
747 5641 1022 5708 doctrinae,
1056 5641 1251 5710 quibus
1275 5641 1342 5696 de
1369 5641 1464 5696 Dei
1489 5639 1719 5711 populus
1765 5654 1797 5693 a

240 5728 440 5784 cunctis
465 5730 720 5788 debuerat
761 5733 974 5787 munire
1005 5731 1277 5803 periculis.
1333 5731 1436 5786 Sed
1487 5731 1800 5786 vulneratus

243 5819 405 5886 λιηιιο
443 5817 512 5879 ad
562 5824 988 5898 vesperationem
1029 5838 1062 5884 a
1088 5823 1379 5894 sagittariis
1424 5820 1554 5878 Saul
1612 5822 1800 5879 maluit

1873 610 2000 679 quia
2025 611 2294 680 principes
2324 610 2474 683 regni
2503 609 2836 678 Iudaeorum,
2868 618 3082 683 sumpto
3129 612 3298 668 semel
3327 629 3453 683 pro-

1874 703 2050 774 posito
2071 703 2126 757 in
2152 703 2390 774 peccatis
2414 703 2527 757 suis
2553 703 2839 770 moriendi,
2879 704 3120 760 maluere
3145 705 3454 763 doctoribus

1876 795 1990 849 suis
2010 795 2260 850 mandata
2291 794 2425 866 legis
2449 794 2799 862 solventibus,
2851 803 2909 851 et
2929 795 3010 851 sic
3033 811 3092 851 se
3115 796 3452 864 docentibus,

1877 899 2040 954 quam
2085 885 2382 958 gentilium,
2421 901 2555 957 quos
2607 902 2903 940 communes
2953 895 3002 940 et
3038 887 3332 943 immundos
3362 903 3458 944 vo-

1879 978 2075 1033 cabant
2099 1018 2116 1045 ,
2177 977 2448 1034 consortio
2499 992 2557 1033 se
2611 977 2882 1048 polluente
2933 980 3147 1050 perimi.
3213 981 3459 1051 Denique

1880 1066 2126 1122 timebant
2151 1067 2366 1122 introire
2391 1068 2693 1139 praetorium
2717 1067 2953 1139 gentilis,
2981 1077 3038 1122 ut
3066 1086 3169 1123 non
3199 1071 3455 1124 contami-

1882 1167 2146 1222 narentur,
2186 1158 2275 1212 sed
2323 1157 2702 1212 manducarent
2748 1154 2960 1212 Pascha
3010 1156 3192 1228 (Joan.
3255 1159 3451 1229 xvm);

1881 1248 2023 1318 quod
2052 1256 2234 1304 tamen
2277 1247 2487 1304 Pascha
2510 1264 2727 1306 versum
2752 1248 2806 1303 in
2836 1264 2990 1304 suam
3013 1233 3310 1320 perniciem
3339 1249 3460 1320 lege

1883 1356 2042 1412 quam
2071 1349 2413 1414 acceperant,
2440 1343 2641 1399 insonti
2664 1342 2924 1414 sanguine
2957 1342 3330 1399 contaminare
3349 1356 3459 1397 non

1884 1434 2164 1489 timebant.

1957 1545 2142 1601 Noluit
2165 1557 2340 1600 autem
2367 1549 2595 1618 armiger
2613 1547 2729 1619 ejus
2755 1548 2852 1602 hoc
2877 1547 3049 1618 facere
3066 1555 3250 1602 timore
3268 1554 3462 1617 perter-

1885 1641 2035 1695 ritus.
2080 1640 2316 1712 Arripuit
2349 1657 2468 1712 ergo
2522 1639 2655 1696 Saul
2687 1656 2860 1696 ensem
2882 1680 2900 1707 ,
2946 1649 2995 1695 et
3031 1641 3184 1692 irruit
3234 1640 3289 1691 in
3321 1654 3459 1691 eum.

1887 1731 2041 1797 Quod
2069 1749 2188 1786 cum
2218 1733 2426 1788 vidisset
2455 1733 2679 1803 armiger
2705 1732 2821 1802 ejus
2848 1772 2866 1799 ,
2918 1731 3148 1786 videlicet
3199 1738 3464 1784 mortuum

1885 1841 1995 1880 esse
2040 1823 2172 1880 Saul
2198 1866 2213 1892 ,
2263 1826 2418 1879 irruit
2453 1827 2609 1880 etiam
2646 1825 2755 1894 ipse
2803 1825 2859 1879 in
2906 1823 3141 1894 gladium
3192 1838 3363 1886 suum,
3415 1826 3463 1873 et

1888 1924 2124 1969 mortuus
2175 1924 2270 1970 est.
2315 1914 2659 1987 Armigerum
2696 1929 2853 1970 suum
2894 1912 3102 1968 Hebraei
3148 1912 3293 1982 Doeg
3348 1910 3467 1965 ldu-

1887 2022 2080 2062 maeum
2135 2006 2319 2063 dicunt
2361 2005 2547 2073 fuisse,
2578 2005 2670 2076 qui
2733 2018 2960 2060 cernens
3014 2002 3144 2058 Saul
3170 2008 3462 2065 mortuum,

1888 2100 2124 2172 seipsum
2153 2100 2222 2155 ob
2243 2107 2444 2155 metum
2473 2097 2639 2153 David
2664 2097 2936 2152 interemit
2964 2112 2978 2162 ;
3023 2102 3078 2151 et
3099 2109 3346 2166 puerum,
3374 2091 3467 2161 qui

1890 2192 2134 2246 diadema
2163 2198 2325 2260 atque
2372 2189 2613 2244 armillas
2658 2187 2786 2243 Saul
2829 2186 3018 2242 detulit
3049 2186 3118 2240 ad
3145 2185 3332 2250 David,
3387 2182 3468 2238 di-

1890 2279 2018 2339 cunt
2044 2299 2166 2339 esse
2193 2283 2364 2337 ﬁlium
2415 2282 2656 2353 ejusdem
2705 2280 2851 2352 Doeg
2881 2279 3131 2345 Idumaei,
3182 2280 3466 2347 ipsumque

1891 2375 2036 2446 Doeg
2058 2375 2240 2430 ferunt
2286 2383 2515 2443 puerum
2545 2371 2712 2427 fuisse
2743 2369 2895 2436 Saul,
2926 2385 3048 2425 cum
3071 2383 3181 2439 quo
3209 2382 3465 2437 perrexe-

1891 2474 1978 2520 rat
1998 2466 2065 2520 ad
2094 2465 2412 2536 quaerendas
2439 2463 2624 2519 asinas
2648 2469 2832 2532 patres
2856 2461 2940 2516 sui
2969 2459 3023 2532 (Ι
3046 2458 3175 2529 Reg.
3203 2455 3299 2528 vi).
3350 2456 3469 2513 Non

1891 2567 1975 2613 est
1999 2556 2399 2627 ambigendum,
2450 2555 2592 2610 inter
2639 2553 2896 2622 reprobos
2925 2550 3058 2620 legis
3100 2549 3351 2605 doctores
3376 2562 3472 2603 ex-

1893 2649 2096 2705 stitisse
2145 2647 2370 2718 aliquos,
2418 2645 2510 2716 qui
2560 2643 2707 2700 verbi
2745 2657 2971 2699 acumen
3016 2641 3085 2695 ad
3117 2638 3472 2695 occcidendos

1893 2752 2021 2794 suos
2073 2737 2347 2792 auditores
2392 2736 2612 2791 sinistra
2669 2731 3113 2805 interpretatione
3161 2735 3472 2801 pervertere

1893 2826 2111 2891 nollent,
2146 2833 2200 2882 et
2226 2826 2575 2882 nihilominus
2618 2825 2763 2895 ipsos
2792 2823 3061 2879 auditores
3105 2835 3168 2876 ea
3189 2859 3204 2886 ,
3243 2834 3363 2889 quae
3386 2832 3496 2902 re-_

1895 2927 1982 2974 cte
2008 2919 2150 2974 dicta
2196 2933 2228 2972 a
2262 2918 2534 2988 magistris
2562 2922 2923 2986 acceperant,
2973 2913 3058 2969 vel
3104 2909 3467 2980 despiciendo,

1893 3010 1979 3066 vel
2011 3010 2176 3081 (quod
2201 3008 2352 3080 pejus
2376 3008 2480 3080 est)
2522 3005 2940 3078 blasphemando
2968 3004 3024 3058 in
3067 3017 3219 3059 suam
3244 2999 3475 3056 vertisse

1894 3102 2225 3172 perniciem;
2278 3116 2505 3171 quorum
2536 3100 2652 3154 visa
2706 3105 2879 3153 morte
2922 3094 3210 3167 spirituali,
3261 3093 3316 3148 id
3366 3099 3469 3158 est,

1896 3196 2257 3253 obstinatione
2284 3193 2564 3264 peccandi,
2603 3199 2658 3246 et
2682 3191 2826 3260 ipsos
2862 3188 3013 3244 verbi
3040 3187 3336 3250 ministros,
3378 3196 3475 3252 per

1900 3297 2143 3356 tempora
2195 3285 2569 3349 deterioratos,
2620 3279 2927 3337 testimonia
2963 3277 3116 3348 legis,
3178 3290 3298 3343 quae
3333 3271 3476 3327 male

1897 3378 2240 3448 interpretari
2273 3377 2580 3440 timuerant,
2605 3373 2745 3428 male
2764 3376 3071 3439 contempta
3097 3367 3199 3422 sibi
3233 3363 3470 3420 occasio-

1899 3483 2024 3524 nem
2061 3465 2254 3522 fecisse
2278 3466 2466 3521 ruinae.
2513 3463 2639 3518 Haec
2684 3470 2740 3518 et
2769 3460 2928 3517 hodie
2970 3458 3252 3514 nobiscum
3281 3453 3476 3523 saepius

1899 3562 1985 3632 agi
2013 3561 2220 3616 utinam
2267 3557 2644 3614 nesciremus?
2691 3554 2800 3610 Sed
2843 3562 2900 3608 et
2935 3551 3194 3615 baretici,
3229 3555 3477 3619 peccato-

1899 3666 2022 3706 rum
2055 3664 2276 3706 suorum
2301 3656 2356 3704 et
2389 3647 2490 3718 ipsi
2510 3645 2707 3716 jaculis
2732 3641 3018 3707 cruentati,
3049 3655 3174 3696 cum
3203 3637 3366 3694 verba
3395 3635 3475 3692 di-

1900 3744 2150 3799 vinorum
2171 3741 2506 3811 eloquiorum
2533 3738 2590 3793 in
2619 3741 2935 3808 argumenta
2955 3732 3039 3787 sui
3063 3729 3265 3785 erroris
3286 3728 3480 3782 immu-

1901 3843 2036 3902 tant,
2068 3849 2166 3890 sua
2185 3807 2534 3888 inimicorum
2586 3807 2740 3884 arma
2791 3823 3040 3881 morituri
3096 3827 3282 3878 contra
3319 3831 3477 3874 suum

1899 3933 2090 3995 pectus
2118 3925 2454 3986 invertunt;_
2484 3928 2542 3976 et
2575 3918 2742 3973 frater
2787 3915 3046 3987 quilibet,
3095 3912 3259 3967 etiam
3297 3909 3353 3962 in
3387 3921 3480 3962 ca-

1903 4017 2098 4072 tholica
2120 4029 2442 4086 permanens
2470 4012 2692 4078 unitate,
2745 4025 2868 4066 cum
2897 4016 3070 4064 artem
3101 4015 3476 4076 quamcunque

1901 4096 1999 4179 pro
2021 4107 2293 4166 communi
2320 4104 2608 4171 Ecclesiae,
2653 4117 2950 4173 eorumque
2998 4101 3141 4155 inter
3185 4112 3320 4169 quas
3346 4095 3480 4152 vivit

1902 4202 2132 4256 utilitate
2171 4199 2376 4263 didicit,
2407 4199 2464 4252 in
2500 4196 2786 4267 superbiae,
2836 4192 3165 4258 cenodoxim,
3208 4188 3479 4260 philargy-

1903 4293 2016 4357 riae,
2065 4290 2353 4345 alteriusve
2374 4282 2663 4356 cujuslibet
2690 4286 2805 4340 vitii
2841 4284 3160 4354 contagione
3202 4272 3474 4351 polluitur,

1904 4396 2000 4436 suo
2028 4396 2088 4436 se
2115 4381 2280 4435 miser
2303 4378 2480 4450 gladio
2502 4375 2760 4440 confodit,
2792 4375 2918 4445 quia
2941 4374 3084 4444 quod
3103 4370 3388 4428 defendere
3409 4369 3478 4424 ab

1903 4473 2059 4528 hoste
2086 4471 2367 4535 debuerat,
2394 4469 2606 4523 hostem
2625 4466 2804 4537 potius
2820 4464 2978 4534 juvit.

1822 4581 1876 4642 D
1972 4586 2181 4641 Interiit
2206 4601 2326 4654 ergo
2355 4581 2509 4649 Saul,
2537 4590 2585 4636 et
2622 4590 2724 4636 tres
2751 4579 2854 4649 ﬁlii
2901 4578 3037 4649 ejus,
3076 4585 3126 4632 et
3177 4576 3344 4631 omnis
3386 4574 3481 4628 do-

1898 4693 2011 4730 mus
2042 4674 2185 4729 illius
2214 4675 2410 4744 pariter
2437 4672 2684 4726 concidit.
2718 4670 2945 4725 Domum
2979 4669 3098 4740 ejus
3122 4667 3326 4738 pariter
3353 4679 3480 4720 con-

1895 4770 2091 4825 cidisse
2136 4767 2288 4833 dicit,
2340 4781 2448 4822 non
2475 4765 2573 4831 ita,
2621 4771 2683 4819 ut
2717 4768 2824 4818 neu
2870 4767 3014 4818 esset
3063 4760 3130 4815 de
3155 4758 3350 4828 quibus
3381 4757 3482 4812 fuit

1896 4858 2285 4922 Mardochteus,
2331 4855 2428 4910 sed
2474 4860 2536 4909 ut
2580 4867 2690 4908 non
2722 4857 2994 4924 regnaret,
3055 4847 3349 4917 ﬁguraliter
3386 4846 3479 4900 de-

1897 4958 2207 5006 monstrans
2233 4989 2248 5013 ,
2295 4955 2509 5018 gentem
2545 4945 2854 5000 Judaeorum
2898 4956 3008 4997 non
3047 4940 3220 4995 solum
3254 4953 3479 5008 regnum

1900 5043 2220 5116 perdidisse,
2263 5041 2358 5094 sed
2394 5045 2450 5094 et
2474 5029 2829 5108 possessionis
2873 5047 2983 5088 suae
3003 5031 3202 5095 locum,
3230 5043 3350 5098 qua:
3370 5042 3478 5083 non

1903 5134 2062 5190 modo
2108 5133 2164 5186 in
2205 5139 2350 5185 terra
2394 5127 2650 5184 Chanaan
2701 5122 3082 5196 repromissam
3139 5118 3242 5173 sibi
3277 5125 3478 5172 terram

1901 5240 2009 5281 non
2043 5223 2300 5295 possidet,
2336 5223 2435 5279 sed
2466 5222 2524 5278 in
2547 5221 2714 5278 totius
2742 5217 2891 5274 orbis
2910 5216 3153 5287 dispersa
3176 5220 3262 5269 est
3303 5210 3479 5268 natio~

1901 5336 2019 5377 nes.

1973 5433 2127 5499 Quod
2153 5449 2274 5488 cum
2301 5430 2548 5486 vidissent
2589 5426 2690 5482 viri
2725 5422 2917 5490 Israel,
2953 5423 3043 5495 qui
3072 5420 3375 5477 habitabant
3420 5416 3479 5474 in

1900 5524 2293 5596 campestribus,
2320 5521 2605 5592 fugerunt;
2635 5524 2684 5572 et
2713 5512 2843 5572 Saul
2870 5522 2917 5570 et
2941 5514 3066 5583 ﬁliis
3088 5513 3202 5583 ejus
3232 5509 3474 5575 mortuis,

1900 5616 2285 5688 dereliquerunt
2335 5613 2487 5667 urbes
2540 5627 2698 5677 suas,
2741 5618 2793 5666 et
2844 5610 2945 5664 huc
2991 5607 3215 5678 illucque
3258 5599 3476 5673 dispersi

1900 5716 2042 5764 sunt.
2084 5704 2447 5775 Veneruntque
2475 5699 2811 5768 Philisthiim,
2847 5708 2894 5756 et
2919 5699 3278 5754 habitaverunt
3296 5694 3353 5747 in
3376 5691 3474 5745 eis.

1903 5801 2160 5859 Videntes
2193 5795 2394 5856 indocti
2420 5796 2617 5870 quique
2635 5831 2654 5864 ,
2695 5802 2753 5850 et
2793 5790 3112 5850 humilitatis
3150 5799 3279 5845 vere
3300 5780 3475 5840 medié
