  <div class='ocr_page' id='page_1' title='image "/cluster/home/n/w/nwhite01/storage/ocr_20150623/109/hvd.32044015466857/167.png"; bbox 0 0 3958 6476; ppageno 0'>
   <div class='ocr_carea' id='block_1_1' title="bbox 567 347 679 404">
    <p class='ocr_par' dir='ltr' id='par_1_1' title="bbox 567 347 679 404">
     <span class='ocr_line' id='line_1_1' title="bbox 567 347 679 404; baseline 0 0"><span class='ocrx_word' id='word_1_1' title='bbox 567 347 679 404; x_wconf 68' lang='grc'><strong><em>32⁸1</em></strong></span> 
     </span>
    </p>
   </div>
   <div class='ocr_carea' id='block_1_2' title="bbox 1211 345 3752 410">
    <p class='ocr_par' dir='ltr' id='par_1_2' title="bbox 1211 345 3752 410">
     <span class='ocr_line' id='line_1_2' title="bbox 1211 345 3752 410; baseline 0.001 -5"><span class='ocrx_word' id='word_1_2' title='bbox 1211 351 1274 405; x_wconf 87' lang='grc' dir='ltr'><strong><em>Β.</em></strong></span> <span class='ocrx_word' id='word_1_3' title='bbox 1314 351 1571 408; x_wconf 80' lang='lat' dir='ltr'><strong><em>RABANI</em></strong></span> <span class='ocrx_word' id='word_1_4' title='bbox 1606 348 1830 409; x_wconf 80' lang='lat' dir='ltr'><strong>MAURI</strong></span> <span class='ocrx_word' id='word_1_5' title='bbox 1864 348 2184 408; x_wconf 81' lang='lat' dir='ltr'><strong><em>ARCHIEP.</em></strong></span> <span class='ocrx_word' id='word_1_6' title='bbox 2228 348 2541 408; x_wconf 79' lang='lat' dir='ltr'><strong><em>MOGUNT.</em></strong></span> <span class='ocrx_word' id='word_1_7' title='bbox 2581 347 2870 406; x_wconf 83' lang='lat' dir='ltr'><strong><em>OPERUM</em></strong></span> <span class='ocrx_word' id='word_1_8' title='bbox 2908 345 3090 403; x_wconf 81' lang='lat' dir='ltr'><strong><em>PARS</em></strong></span> <span class='ocrx_word' id='word_1_9' title='bbox 3127 345 3169 400; x_wconf 86' lang='lat' dir='ltr'><strong><em>l.</em></strong></span> <span class='ocrx_word' id='word_1_10' title='bbox 3679 353 3752 410; x_wconf 66' lang='lat'><strong><em>328</em></strong></span> 
     </span>
    </p>
   </div>
   <div class='ocr_carea' id='block_1_3' title="bbox 566 457 3752 537">
    <p class='ocr_par' dir='ltr' id='par_1_3' title="bbox 566 457 3752 537">
     <span class='ocr_line' id='line_1_3' title="bbox 566 457 3752 537; baseline -0.001 -18"><span class='ocrx_word' id='word_1_11' title='bbox 566 461 705 534; x_wconf 72' lang='lat' dir='ltr'><strong><em>XXI),</em></strong></span> <span class='ocrx_word' id='word_1_12' title='bbox 758 469 816 520; x_wconf 90' lang='lat' dir='ltr'><strong><em>et</em></strong></span> <span class='ocrx_word' id='word_1_13' title='bbox 861 463 1090 520; x_wconf 79' lang='lat' dir='ltr'><strong><em>reddere</em></strong></span> <span class='ocrx_word' id='word_1_14' title='bbox 1137 465 1427 536; x_wconf 85' lang='lat' dir='ltr'><strong><em>unicuique</em></strong></span> <span class='ocrx_word' id='word_1_15' title='bbox 1475 465 1770 523; x_wconf 89' lang='lat' dir='ltr'><strong><em>secundum</em></strong></span> <span class='ocrx_word' id='word_1_16' title='bbox 1821 481 1982 537; x_wconf 84' lang='lat' dir='ltr'><strong><em>opera</em></strong></span> <span class='ocrx_word' id='word_1_17' title='bbox 2035 480 2135 521; x_wconf 90' lang='lat' dir='ltr'><strong><em>sua</em></strong></span> <span class='ocrx_word' id='word_1_18' title='bbox 2161 466 2215 528; x_wconf 80' lang='grc' dir='ltr'>Α</span> <span class='ocrx_word' id='word_1_19' title='bbox 2238 478 2424 516; x_wconf 85' lang='lat' dir='ltr'><strong><em>nomen</em></strong></span> <span class='ocrx_word' id='word_1_20' title='bbox 2447 462 2580 532; x_wconf 87' lang='lat' dir='ltr'><strong><em>ejus.</em></strong></span> <span class='ocrx_word' id='word_1_21' title='bbox 2608 459 2678 514; x_wconf 87' lang='lat' dir='ltr'><strong><em>Et</em></strong></span> <span class='ocrx_word' id='word_1_22' title='bbox 2704 461 2876 530; x_wconf 84' lang='lat' dir='ltr'><strong><em>factus</em></strong></span> <span class='ocrx_word' id='word_1_23' title='bbox 2907 468 2981 514; x_wconf 90' lang='lat' dir='ltr'><strong><em>est</em></strong></span> <span class='ocrx_word' id='word_1_24' title='bbox 3009 460 3068 512; x_wconf 88' lang='lat' dir='ltr'><strong><em>in</em></strong></span> <span class='ocrx_word' id='word_1_25' title='bbox 3099 473 3226 528; x_wconf 83' lang='lat' dir='ltr'><strong><em>pace</em></strong></span> <span class='ocrx_word' id='word_1_26' title='bbox 3253 457 3398 510; x_wconf 86' lang='lat' dir='ltr'><strong><em>locus</em></strong></span> <span class='ocrx_word' id='word_1_27' title='bbox 3421 457 3550 525; x_wconf 84' lang='lat' dir='ltr'><strong><em>ejus,</em></strong></span> <span class='ocrx_word' id='word_1_28' title='bbox 3579 467 3622 513; x_wconf 90' lang='lat' dir='ltr'><strong><em>et</em></strong></span> <span class='ocrx_word' id='word_1_29' title='bbox 3642 462 3752 517; x_wconf 80' lang='lat' dir='ltr'><strong><em>habi-</em></strong></span> 
     </span>
    </p>
   </div>
   <div class='ocr_carea' id='block_1_4' title="bbox 591 552 945 626">
    <p class='ocr_par' dir='ltr' id='par_1_4' title="bbox 591 552 945 626">
     <span class='ocr_line' id='line_1_4' title="bbox 591 552 945 626; baseline 0.008 -20"><span class='ocrx_word' id='word_1_30' title='bbox 591 552 780 607; x_wconf 79' lang='lat' dir='ltr'><strong><em>Matth.</em></strong></span> <span class='ocrx_word' id='word_1_31' title='bbox 812 555 945 626; x_wconf 81' lang='lat' dir='ltr'><strong><em>xvi).</em></strong></span> 
     </span>
    </p>
   </div>
   <div class='ocr_carea' id='block_1_5' title="bbox 565 550 2140 716">
    <p class='ocr_par' dir='ltr' id='par_1_5' title="bbox 565 550 2140 716">
     <span class='ocr_line' id='line_1_5' title="bbox 565 550 945 626; baseline 0.008 -20"><span class='ocrx_word' id='word_1_32' title='bbox 565 550 780 625; x_wconf 79' lang='lat' dir='ltr'><strong><em>(Matth.</em></strong></span> <span class='ocrx_word' id='word_1_33' title='bbox 812 555 945 626; x_wconf 81' lang='lat' dir='ltr'><strong><em>xvi).</em></strong></span> 
     </span>
     <span class='ocr_line' id='line_1_6' title="bbox 632 643 2140 716; baseline 0.005 -21"><span class='ocrx_word' id='word_1_34' title='bbox 632 643 772 697; x_wconf 82' lang='lat' dir='ltr'><strong><em>Abiit</em></strong></span> <span class='ocrx_word' id='word_1_35' title='bbox 815 662 1015 716; x_wconf 86' lang='lat' dir='ltr'><strong><em>quoque</em></strong></span> <span class='ocrx_word' id='word_1_36' title='bbox 1051 645 1224 702; x_wconf 87' lang='lat' dir='ltr'><strong><em>David</em></strong></span> <span class='ocrx_word' id='word_1_37' title='bbox 1258 657 1308 703; x_wconf 90' lang='lat' dir='ltr'><strong><em>et</em></strong></span> <span class='ocrx_word' id='word_1_38' title='bbox 1351 651 1517 705; x_wconf 90' lang='lat' dir='ltr'><strong><em>omnis</em></strong></span> <span class='ocrx_word' id='word_1_39' title='bbox 1553 649 1724 705; x_wconf 90' lang='lat' dir='ltr'><strong><em>Israel</em></strong></span> <span class='ocrx_word' id='word_1_40' title='bbox 1755 652 1810 705; x_wconf 91' lang='lat' dir='ltr'><strong><em>in</em></strong></span> <span class='ocrx_word' id='word_1_41' title='bbox 1842 649 2140 704; x_wconf 85' lang='lat' dir='ltr'><strong><em>Jerusalem</em></strong></span> 
     </span>
    </p>
   </div>
   <div class='ocr_carea' id='block_1_6' title="bbox 565 735 2137 813">
    <p class='ocr_par' dir='ltr' id='par_1_6' title="bbox 565 735 2137 813">
     <span class='ocr_line' id='line_1_7' title="bbox 565 735 2137 813; baseline 0.006 -25"><span class='ocrx_word' id='word_1_42' title='bbox 565 735 697 806; x_wconf 74' lang='lat' dir='ltr'><strong><em>(hwc</em></strong></span> <span class='ocrx_word' id='word_1_43' title='bbox 723 745 798 790; x_wconf 86' lang='lat' dir='ltr'><strong><em>est</em></strong></span> <span class='ocrx_word' id='word_1_44' title='bbox 825 735 1010 805; x_wconf 77' lang='lat' dir='ltr'><strong><em>Iebus,</em></strong></span> <span class='ocrx_word' id='word_1_45' title='bbox 1037 741 1125 794; x_wconf 88' lang='lat' dir='ltr'><strong><em>ubi</em></strong></span> <span class='ocrx_word' id='word_1_46' title='bbox 1152 750 1301 795; x_wconf 86' lang='lat' dir='ltr'><strong><em>erant</em></strong></span> <span class='ocrx_word' id='word_1_47' title='bbox 1331 741 1560 797; x_wconf 74' lang='lat' dir='ltr'><strong><em>Iebustei</em></strong></span> <span class='ocrx_word' id='word_1_48' title='bbox 1587 744 1903 798; x_wconf 78' lang='lat' dir='ltr'><strong><em>habitatores</em></strong></span> <span class='ocrx_word' id='word_1_49' title='bbox 1942 740 2137 813; x_wconf 71' lang='lat' dir='ltr'><strong><em>terraz),</em></strong></span> 
     </span>
    </p>
   </div>
   <div class='ocr_carea' id='block_1_7' title="bbox 560 829 2141 902">
    <p class='ocr_par' dir='ltr' id='par_1_7' title="bbox 560 829 2141 902">
     <span class='ocr_line' id='line_1_8' title="bbox 560 829 2141 902; baseline 0.004 -19"><span class='ocrx_word' id='word_1_50' title='bbox 560 829 902 902; x_wconf 73' lang='lat' dir='ltr'><strong><em>dixeruntque</em></strong></span> <span class='ocrx_word' id='word_1_51' title='bbox 915 834 1004 902; x_wconf 84' lang='lat' dir='ltr'><strong><em>qui</em></strong></span> <span class='ocrx_word' id='word_1_52' title='bbox 1019 834 1324 890; x_wconf 88' lang='lat' dir='ltr'><strong><em>habitabant</em></strong></span> <span class='ocrx_word' id='word_1_53' title='bbox 1340 838 1395 891; x_wconf 91' lang='lat' dir='ltr'><strong><em>in</em></strong></span> <span class='ocrx_word' id='word_1_54' title='bbox 1411 836 1570 891; x_wconf 87' lang='lat' dir='ltr'><strong><em>Jebus</em></strong></span> <span class='ocrx_word' id='word_1_55' title='bbox 1591 837 1659 890; x_wconf 91' lang='lat' dir='ltr'><strong><em>ad</em></strong></span> <span class='ocrx_word' id='word_1_56' title='bbox 1681 835 1850 891; x_wconf 80' lang='lat' dir='ltr'><strong><em>David</em></strong></span> <span class='ocrx_word' id='word_1_57' title='bbox 1873 850 1890 887; x_wconf 91' lang='lat'><strong><em>:</em></strong></span> <span class='ocrx_word' id='word_1_58' title='bbox 1921 835 2044 889; x_wconf 86' lang='lat' dir='ltr'><strong><em>Non</em></strong></span> <span class='ocrx_word' id='word_1_59' title='bbox 2065 835 2141 889; x_wconf 89' lang='lat' dir='ltr'><strong><em>in-</em></strong></span> 
     </span>
    </p>
   </div>
   <div class='ocr_carea' id='block_1_8' title="bbox 557 923 2140 1000">
    <p class='ocr_par' dir='ltr' id='par_1_8' title="bbox 557 923 2140 1000">
     <span class='ocr_line' id='line_1_9' title="bbox 557 923 2140 1000; baseline 0.006 -27"><span class='ocrx_word' id='word_1_60' title='bbox 557 923 806 992; x_wconf 78' lang='lat' dir='ltr'><strong><em>gredien’s</em></strong></span> <span class='ocrx_word' id='word_1_61' title='bbox 834 924 955 979; x_wconf 88' lang='lat' dir='ltr'><strong><em>huc.</em></strong></span> <span class='ocrx_word' id='word_1_62' title='bbox 980 924 1150 982; x_wconf 88' lang='lat' dir='ltr'><strong><em>Porro</em></strong></span> <span class='ocrx_word' id='word_1_63' title='bbox 1179 927 1351 982; x_wconf 86' lang='lat' dir='ltr'><strong><em>David</em></strong></span> <span class='ocrx_word' id='word_1_64' title='bbox 1392 930 1525 999; x_wconf 85' lang='lat' dir='ltr'><strong><em>cepit</em></strong></span> <span class='ocrx_word' id='word_1_65' title='bbox 1554 945 1727 984; x_wconf 86' lang='lat' dir='ltr'><strong><em>arcem</em></strong></span> <span class='ocrx_word' id='word_1_66' title='bbox 1756 929 1904 996; x_wconf 88' lang='lat' dir='ltr'><strong><em>Sion,</em></strong></span> <span class='ocrx_word' id='word_1_67' title='bbox 1928 946 2044 1000; x_wconf 68' lang='lat' dir='ltr'><strong><em>quin</em></strong></span> <span class='ocrx_word' id='word_1_68' title='bbox 2066 938 2140 983; x_wconf 89' lang='lat' dir='ltr'><strong><em>est</em></strong></span> 
     </span>
    </p>
   </div>
   <div class='ocr_carea' id='block_1_9' title="bbox 558 1013 2140 1093">
    <p class='ocr_par' dir='ltr' id='par_1_9' title="bbox 558 1013 2140 1093">
     <span class='ocr_line' id='line_1_10' title="bbox 558 1013 2140 1093; baseline 0.006 -28"><span class='ocrx_word' id='word_1_69' title='bbox 558 1013 738 1068; x_wconf 78' lang='lat' dir='ltr'><strong><em>civitas</em></strong></span> <span class='ocrx_word' id='word_1_70' title='bbox 763 1014 955 1082; x_wconf 90' lang='lat' dir='ltr'><strong><em>David,</em></strong></span> <span class='ocrx_word' id='word_1_71' title='bbox 983 1015 1216 1090; x_wconf 77' lang='lat' dir='ltr'><strong><em>dixitque</em></strong></span> <span class='ocrx_word' id='word_1_72' title='bbox 1243 1034 1260 1072; x_wconf 89' lang='lat'><strong><em>:</em></strong></span> <span class='ocrx_word' id='word_1_73' title='bbox 1303 1020 1485 1076; x_wconf 85' lang='lat' dir='ltr'><strong><em>Omnis</em></strong></span> <span class='ocrx_word' id='word_1_74' title='bbox 1508 1021 1599 1093; x_wconf 87' lang='lat' dir='ltr'><strong><em>qui</em></strong></span> <span class='ocrx_word' id='word_1_75' title='bbox 1626 1029 1936 1091; x_wconf 79' lang='lat' dir='ltr'><strong><em>percusserit</em></strong></span> <span class='ocrx_word' id='word_1_76' title='bbox 1985 1021 2140 1076; x_wconf 77' lang='lat' dir='ltr'><strong><em>Iebu-</em></strong></span> 
     </span>
    </p>
   </div>
   <div class='ocr_carea' id='block_1_10' title="bbox 555 1105 2138 1183">
    <p class='ocr_par' dir='ltr' id='par_1_10' title="bbox 555 1105 2138 1183">
     <span class='ocr_line' id='line_1_11' title="bbox 555 1105 2138 1183; baseline 0.007 -28"><span class='ocrx_word' id='word_1_77' title='bbox 555 1119 719 1157; x_wconf 69' lang='lat' dir='ltr'><strong><em>secum</em></strong></span> <span class='ocrx_word' id='word_1_78' title='bbox 751 1105 807 1159; x_wconf 91' lang='lat' dir='ltr'><strong><em>in</em></strong></span> <span class='ocrx_word' id='word_1_79' title='bbox 832 1107 1036 1175; x_wconf 85' lang='lat' dir='ltr'><strong><em>primis,</em></strong></span> <span class='ocrx_word' id='word_1_80' title='bbox 1062 1107 1174 1163; x_wconf 68' lang='lat' dir='ltr'><strong><em>ierit</em></strong></span> <span class='ocrx_word' id='word_1_81' title='bbox 1218 1112 1455 1183; x_wconf 84' lang='lat' dir='ltr'><strong><em>princeps</em></strong></span> <span class='ocrx_word' id='word_1_82' title='bbox 1496 1122 1545 1166; x_wconf 85' lang='lat' dir='ltr'><strong><em>et</em></strong></span> <span class='ocrx_word' id='word_1_83' title='bbox 1573 1112 1699 1166; x_wconf 71' lang='lat' dir='ltr'><strong><em>dum.</em></strong></span> <span class='ocrx_word' id='word_1_84' title='bbox 1739 1114 1980 1167; x_wconf 81' lang='lat' dir='ltr'><strong><em>Ascendit</em></strong></span> <span class='ocrx_word' id='word_1_85' title='bbox 2018 1130 2138 1183; x_wconf 88' lang='lat' dir='ltr'><strong><em>ergo</em></strong></span> 
     </span>
    </p>
   </div>
   <div class='ocr_carea' id='block_1_11' title="bbox 554 1197 2139 1278">
    <p class='ocr_par' dir='ltr' id='par_1_11' title="bbox 554 1197 2139 1278">
     <span class='ocr_line' id='line_1_12' title="bbox 554 1197 2139 1278; baseline 0.008 -30"><span class='ocrx_word' id='word_1_86' title='bbox 554 1197 755 1266; x_wconf 88' lang='lat' dir='ltr'><strong><em>primus</em></strong></span> <span class='ocrx_word' id='word_1_87' title='bbox 780 1199 941 1266; x_wconf 81' lang='lat' dir='ltr'><strong><em>Joab,</em></strong></span> <span class='ocrx_word' id='word_1_88' title='bbox 966 1201 1111 1269; x_wconf 81' lang='lat' dir='ltr'><strong><em>ﬁlius</em></strong></span> <span class='ocrx_word' id='word_1_89' title='bbox 1144 1201 1370 1270; x_wconf 82' lang='lat' dir='ltr'><strong><em>Sarvitc,</em></strong></span> <span class='ocrx_word' id='word_1_90' title='bbox 1395 1214 1441 1259; x_wconf 91' lang='lat' dir='ltr'><strong><em>et</em></strong></span> <span class='ocrx_word' id='word_1_91' title='bbox 1462 1206 1634 1275; x_wconf 80' lang='lat' dir='ltr'><strong><em>factus</em></strong></span> <span class='ocrx_word' id='word_1_92' title='bbox 1656 1217 1730 1260; x_wconf 88' lang='lat' dir='ltr'><strong><em>est</em></strong></span> <span class='ocrx_word' id='word_1_93' title='bbox 1759 1215 2015 1278; x_wconf 76' lang='lat' dir='ltr'><strong><em>princeps,</em></strong></span> <span class='ocrx_word' id='word_1_94' title='bbox 2044 1208 2139 1260; x_wconf 87' lang='lat' dir='ltr'><strong><em>ha-</em></strong></span> 
     </span>
    </p>
   </div>
   <div class='ocr_carea' id='block_1_12' title="bbox 556 1289 2139 1373">
    <p class='ocr_par' dir='ltr' id='par_1_12' title="bbox 556 1289 2139 1373">
     <span class='ocr_line' id='line_1_13' title="bbox 556 1289 2139 1373; baseline 0.008 -31"><span class='ocrx_word' id='word_1_95' title='bbox 556 1289 730 1344; x_wconf 87' lang='lat' dir='ltr'><strong><em>bitavit</em></strong></span> <span class='ocrx_word' id='word_1_96' title='bbox 755 1302 928 1347; x_wconf 89' lang='lat' dir='ltr'><strong><em>autem</em></strong></span> <span class='ocrx_word' id='word_1_97' title='bbox 954 1293 1120 1349; x_wconf 86' lang='lat' dir='ltr'><strong><em>David</em></strong></span> <span class='ocrx_word' id='word_1_98' title='bbox 1143 1297 1196 1351; x_wconf 91' lang='lat' dir='ltr'><strong><em>in</em></strong></span> <span class='ocrx_word' id='word_1_99' title='bbox 1219 1315 1359 1364; x_wconf 88' lang='lat' dir='ltr'><strong><em>arce,</em></strong></span> <span class='ocrx_word' id='word_1_100' title='bbox 1382 1309 1428 1353; x_wconf 88' lang='lat' dir='ltr'><strong><em>et</em></strong></span> <span class='ocrx_word' id='word_1_101' title='bbox 1456 1300 1649 1354; x_wconf 88' lang='lat' dir='ltr'><strong><em>idcirco</em></strong></span> <span class='ocrx_word' id='word_1_102' title='bbox 1676 1301 1939 1373; x_wconf 83' lang='lat' dir='ltr'><strong><em>appellata</em></strong></span> <span class='ocrx_word' id='word_1_103' title='bbox 1965 1312 2038 1357; x_wconf 88' lang='lat' dir='ltr'><strong><em>est</em></strong></span> <span class='ocrx_word' id='word_1_104' title='bbox 2067 1302 2139 1356; x_wconf 89' lang='lat' dir='ltr'><strong><em>ci-</em></strong></span> 
     </span>
    </p>
   </div>
   <div class='ocr_carea' id='block_1_13' title="bbox 553 1380 2140 1463">
    <p class='ocr_par' dir='ltr' id='par_1_13' title="bbox 553 1380 2140 1463">
     <span class='ocr_line' id='line_1_14' title="bbox 553 1380 2140 1463; baseline 0.009 -29"><span class='ocrx_word' id='word_1_105' title='bbox 553 1380 687 1435; x_wconf 84' lang='lat' dir='ltr'><strong><em>vitas</em></strong></span> <span class='ocrx_word' id='word_1_106' title='bbox 718 1381 905 1450; x_wconf 88' lang='lat' dir='ltr'><strong><em>David,</em></strong></span> <span class='ocrx_word' id='word_1_107' title='bbox 931 1394 986 1440; x_wconf 91' lang='lat' dir='ltr'><strong><em>et</em></strong></span> <span class='ocrx_word' id='word_1_108' title='bbox 1012 1386 1236 1458; x_wconf 89' lang='lat' dir='ltr'><strong><em>reliqua.</em></strong></span> <span class='ocrx_word' id='word_1_109' title='bbox 1265 1389 1401 1446; x_wconf 88' lang='lat' dir='ltr'><strong><em>Hinc</em></strong></span> <span class='ocrx_word' id='word_1_110' title='bbox 1428 1389 1717 1462; x_wconf 87' lang='lat' dir='ltr'><strong><em>Josephus,</em></strong></span> <span class='ocrx_word' id='word_1_111' title='bbox 1751 1393 1807 1447; x_wconf 90' lang='lat' dir='ltr'><strong><em>in</em></strong></span> <span class='ocrx_word' id='word_1_112' title='bbox 1833 1392 2140 1463; x_wconf 82' lang='lat' dir='ltr'><strong><em>Antiquita-</em></strong></span> 
     </span>
    </p>
   </div>
   <div class='ocr_carea' id='block_1_14' title="bbox 558 1475 2132 1550">
    <p class='ocr_par' dir='ltr' id='par_1_14' title="bbox 558 1475 2132 1550">
     <span class='ocr_line' id='line_1_15' title="bbox 558 1475 2132 1550; baseline 0.01 -28"><span class='ocrx_word' id='word_1_113' title='bbox 558 1477 668 1523; x_wconf 89' lang='lat' dir='ltr'><strong><em>tum</em></strong></span> <span class='ocrx_word' id='word_1_114' title='bbox 725 1486 946 1528; x_wconf 88' lang='lat' dir='ltr'><strong><em>suarum</em></strong></span> <span class='ocrx_word' id='word_1_115' title='bbox 990 1475 1130 1531; x_wconf 89' lang='lat' dir='ltr'><strong><em>libro</em></strong></span> <span class='ocrx_word' id='word_1_116' title='bbox 1174 1479 1441 1548; x_wconf 89' lang='lat' dir='ltr'><strong><em>septimo,</em></strong></span> <span class='ocrx_word' id='word_1_117' title='bbox 1498 1482 1571 1536; x_wconf 91' lang='lat' dir='ltr'><strong><em>ita</em></strong></span> <span class='ocrx_word' id='word_1_118' title='bbox 1624 1481 1828 1550; x_wconf 86' lang='lat' dir='ltr'><strong><em>refert,</em></strong></span> <span class='ocrx_word' id='word_1_119' title='bbox 1885 1483 2072 1538; x_wconf 90' lang='lat' dir='ltr'><strong><em>dicens</em></strong></span> <span class='ocrx_word' id='word_1_120' title='bbox 2120 1502 2132 1538; x_wconf 89' lang='lat'><strong>:</strong></span> 
     </span>
    </p>
   </div>
   <div class='ocr_carea' id='block_1_15' title="bbox 559 1559 2140 1647">
    <p class='ocr_par' dir='ltr' id='par_1_15' title="bbox 559 1559 2140 1647">
     <span class='ocr_line' id='line_1_16' title="bbox 559 1559 2140 1647; baseline 0.011 -37"><span class='ocrx_word' id='word_1_121' title='bbox 559 1577 578 1610; x_wconf 76' lang='grc' dir='ltr'><strong><em>ι</em></strong></span> <span class='ocrx_word' id='word_1_122' title='bbox 619 1559 927 1635; x_wconf 79' lang='lat' dir='ltr'><strong><em>Exsurgens</em></strong></span> <span class='ocrx_word' id='word_1_123' title='bbox 957 1565 1128 1622; x_wconf 81' lang='lat' dir='ltr'><strong><em>David</em></strong></span> <span class='ocrx_word' id='word_1_124' title='bbox 1151 1584 1276 1624; x_wconf 92' lang='lat' dir='ltr'><strong><em>cum</em></strong></span> <span class='ocrx_word' id='word_1_125' title='bbox 1299 1571 1549 1627; x_wconf 90' lang='lat' dir='ltr'><strong><em>omnibus</em></strong></span> <span class='ocrx_word' id='word_1_126' title='bbox 1579 1574 1725 1628; x_wconf 81' lang='lat' dir='ltr'><strong><em>venit</em></strong></span> <span class='ocrx_word' id='word_1_127' title='bbox 1746 1575 1799 1629; x_wconf 93' lang='lat' dir='ltr'><strong><em>in</em></strong></span> <span class='ocrx_word' id='word_1_128' title='bbox 1831 1573 2140 1647; x_wconf 72' lang='lat' dir='ltr'><strong><em>Hierosoly-</em></strong></span> 
     </span>
    </p>
   </div>
   <div class='ocr_carea' id='block_1_16' title="bbox 552 1650 2136 1735">
    <p class='ocr_par' dir='ltr' id='par_1_16' title="bbox 552 1650 2136 1735">
     <span class='ocr_line' id='line_1_17' title="bbox 552 1650 2136 1735; baseline 0.013 -35"><span class='ocrx_word' id='word_1_129' title='bbox 552 1663 716 1715; x_wconf 86' lang='lat' dir='ltr'><strong>mam,</strong></span> <span class='ocrx_word' id='word_1_130' title='bbox 748 1650 1008 1711; x_wconf 66' lang='lat' dir='ltr'><strong><em>Jebusseis</em></strong></span> <span class='ocrx_word' id='word_1_131' title='bbox 1035 1657 1406 1717; x_wconf 77' lang='lat' dir='ltr'><strong><em>habitantibus</em></strong></span> <span class='ocrx_word' id='word_1_132' title='bbox 1435 1663 1730 1732; x_wconf 88' lang='lat' dir='ltr'><strong><em>civitatem,</em></strong></span> <span class='ocrx_word' id='word_1_133' title='bbox 1765 1666 1856 1735; x_wconf 85' lang='lat' dir='ltr'><strong><em>qui</em></strong></span> <span class='ocrx_word' id='word_1_134' title='bbox 1887 1675 2042 1721; x_wconf 88' lang='lat' dir='ltr'><strong><em>erant</em></strong></span> <span class='ocrx_word' id='word_1_135' title='bbox 2082 1667 2136 1721; x_wconf 92' lang='lat' dir='ltr'><strong><em>in</em></strong></span> 
     </span>
    </p>
   </div>
   <div class='ocr_carea' id='block_1_17' title="bbox 549 1744 2135 1830">
    <p class='ocr_par' dir='ltr' id='par_1_17' title="bbox 549 1744 2135 1830">
     <span class='ocr_line' id='line_1_18' title="bbox 549 1744 2135 1830; baseline 0.013 -36"><span class='ocrx_word' id='word_1_136' title='bbox 549 1755 744 1811; x_wconf 86' lang='lat' dir='ltr'><strong><em>genere</em></strong></span> <span class='ocrx_word' id='word_1_137' title='bbox 774 1744 1233 1819; x_wconf 71' lang='lat' dir='ltr'><strong><em>Chananaiorum,</em></strong></span> <span class='ocrx_word' id='word_1_138' title='bbox 1261 1762 1316 1808; x_wconf 90' lang='lat' dir='ltr'><strong><em>et</em></strong></span> <span class='ocrx_word' id='word_1_139' title='bbox 1354 1755 1730 1813; x_wconf 79' lang='lat' dir='ltr'><strong><em>claudentibus</em></strong></span> <span class='ocrx_word' id='word_1_140' title='bbox 1759 1760 1807 1814; x_wconf 90' lang='lat' dir='ltr'><strong><em>ei</em></strong></span> <span class='ocrx_word' id='word_1_141' title='bbox 1834 1769 2050 1830; x_wconf 90' lang='lat' dir='ltr'><strong><em>portas,</em></strong></span> <span class='ocrx_word' id='word_1_142' title='bbox 2081 1767 2135 1814; x_wconf 90' lang='lat' dir='ltr'><strong><em>et</em></strong></span> 
     </span>
    </p>
   </div>
   <div class='ocr_carea' id='block_1_18' title="bbox 2244 550 3752 623">
    <p class='ocr_par' dir='ltr' id='par_1_18' title="bbox 2244 550 3752 623">
     <span class='ocr_line' id='line_1_19' title="bbox 2244 550 3752 623; baseline -0.007 -16"><span class='ocrx_word' id='word_1_143' title='bbox 2244 555 2374 607; x_wconf 83' lang='lat' dir='ltr'><strong><em>tutio</em></strong></span> <span class='ocrx_word' id='word_1_144' title='bbox 2397 553 2510 623; x_wconf 86' lang='lat' dir='ltr'><strong><em>ejus</em></strong></span> <span class='ocrx_word' id='word_1_145' title='bbox 2533 555 2588 608; x_wconf 92' lang='lat' dir='ltr'><strong><em>in</em></strong></span> <span class='ocrx_word' id='word_1_146' title='bbox 2629 551 2791 616; x_wconf 86' lang='lat' dir='ltr'><strong><em>Sion;</em></strong></span> <span class='ocrx_word' id='word_1_147' title='bbox 2824 552 2896 606; x_wconf 91' lang='lat' dir='ltr'><strong><em>ibi</em></strong></span> <span class='ocrx_word' id='word_1_148' title='bbox 2926 550 3176 619; x_wconf 79' lang='lat' dir='ltr'><strong><em>confregit</em></strong></span> <span class='ocrx_word' id='word_1_149' title='bbox 3205 563 3426 612; x_wconf 88' lang='lat' dir='ltr'><strong><em>cornua,</em></strong></span> <span class='ocrx_word' id='word_1_150' title='bbox 3452 559 3652 616; x_wconf 84' lang='lat' dir='ltr'><strong><em>scutum,</em></strong></span> <span class='ocrx_word' id='word_1_151' title='bbox 3671 554 3752 622; x_wconf 64' lang='lat' dir='ltr'><strong><em>gta.</em></strong></span> 
     </span>
    </p>
   </div>
   <div class='ocr_carea' id='block_1_19' title="bbox 2242 642 3752 718">
    <p class='ocr_par' dir='ltr' id='par_1_19' title="bbox 2242 642 3752 718">
     <span class='ocr_line' id='line_1_20' title="bbox 2242 642 3752 718; baseline 0.001 -18"><span class='ocrx_word' id='word_1_152' title='bbox 2242 648 2388 701; x_wconf 90' lang='lat' dir='ltr'><strong><em>dium</em></strong></span> <span class='ocrx_word' id='word_1_153' title='bbox 2414 656 2461 700; x_wconf 91' lang='lat' dir='ltr'><strong><em>et</em></strong></span> <span class='ocrx_word' id='word_1_154' title='bbox 2494 646 2684 701; x_wconf 91' lang='lat' dir='ltr'><strong><em>bellum</em></strong></span> <span class='ocrx_word' id='word_1_155' title='bbox 2719 645 2893 717; x_wconf 84' lang='lat' dir='ltr'><strong><em>(Psal.</em></strong></span> <span class='ocrx_word' id='word_1_156' title='bbox 2924 642 3106 714; x_wconf 81' lang='lat' dir='ltr'><strong><em>Lxxv).</em></strong></span> <span class='ocrx_word' id='word_1_157' title='bbox 3150 642 3305 709; x_wconf 82' lang='lat' dir='ltr'><strong><em>Quod</em></strong></span> <span class='ocrx_word' id='word_1_158' title='bbox 3331 649 3508 696; x_wconf 87' lang='lat' dir='ltr'><strong><em>autem</em></strong></span> <span class='ocrx_word' id='word_1_159' title='bbox 3536 642 3752 718; x_wconf 77' lang='lat' dir='ltr'><strong><em>sﬁbjungi-</em></strong></span> 
     </span>
    </p>
   </div>
   <div class='ocr_carea' id='block_1_20' title="bbox 2240 737 3752 811">
    <p class='ocr_par' dir='ltr' id='par_1_20' title="bbox 2240 737 3752 811">
     <span class='ocr_line' id='line_1_21' title="bbox 2240 737 3752 811; baseline 0 -14"><span class='ocrx_word' id='word_1_160' title='bbox 2240 750 2350 808; x_wconf 88' lang='lat' dir='ltr'><strong><em>tur,</em></strong></span> <span class='ocrx_word' id='word_1_161' title='bbox 2397 742 2521 811; x_wconf 85' lang='lat' dir='ltr'><strong><em>quia</em></strong></span> <span class='ocrx_word' id='word_1_162' title='bbox 2569 742 2919 798; x_wconf 90' lang='lat' dir='ltr'><strong><em>aediﬁcaverit</em></strong></span> <span class='ocrx_word' id='word_1_163' title='bbox 2963 741 3152 796; x_wconf 88' lang='lat' dir='ltr'><strong><em>urbem</em></strong></span> <span class='ocrx_word' id='word_1_164' title='bbox 3199 738 3370 792; x_wconf 83' lang='lat' dir='ltr'><strong><em>David</em></strong></span> <span class='ocrx_word' id='word_1_165' title='bbox 3417 737 3471 790; x_wconf 90' lang='lat' dir='ltr'><strong><em>in</em></strong></span> <span class='ocrx_word' id='word_1_166' title='bbox 3511 739 3703 794; x_wconf 89' lang='lat' dir='ltr'><strong><em>circuitu</em></strong></span> <span class='ocrx_word' id='word_1_167' title='bbox 3732 759 3752 797; x_wconf 71' lang='grc' dir='ltr'><strong><em>ι</em></strong></span> 
     </span>
    </p>
   </div>
   <div class='ocr_carea' id='block_1_21' title="bbox 2242 831 3754 906">
    <p class='ocr_par' dir='ltr' id='par_1_21' title="bbox 2242 831 3754 906">
     <span class='ocr_line' id='line_1_22' title="bbox 2242 831 3754 906; baseline 0.001 -18"><span class='ocrx_word' id='word_1_168' title='bbox 2242 833 2398 888; x_wconf 84' lang='lat' dir='ltr'><strong><em>Mello</em></strong></span> <span class='ocrx_word' id='word_1_169' title='bbox 2420 850 2592 904; x_wconf 91' lang='lat' dir='ltr'><strong><em>usque</em></strong></span> <span class='ocrx_word' id='word_1_170' title='bbox 2623 835 2690 890; x_wconf 90' lang='lat' dir='ltr'><strong><em>ad</em></strong></span> <span class='ocrx_word' id='word_1_171' title='bbox 2719 849 2930 906; x_wconf 81' lang='lat' dir='ltr'><strong><em>gyrum,</em></strong></span> <span class='ocrx_word' id='word_1_172' title='bbox 2955 832 3088 889; x_wconf 89' lang='lat' dir='ltr'><strong><em>Joab</em></strong></span> <span class='ocrx_word' id='word_1_173' title='bbox 3113 840 3294 886; x_wconf 90' lang='lat' dir='ltr'><strong><em>autem</em></strong></span> <span class='ocrx_word' id='word_1_174' title='bbox 3321 831 3523 901; x_wconf 88' lang='lat' dir='ltr'><strong><em>reliqua</em></strong></span> <span class='ocrx_word' id='word_1_175' title='bbox 3549 834 3673 887; x_wconf 87' lang='lat' dir='ltr'><strong><em>urbis</em></strong></span> <span class='ocrx_word' id='word_1_176' title='bbox 3692 834 3754 890; x_wconf 83' lang='lat' dir='ltr'><strong><em>de-</em></strong></span> 
     </span>
    </p>
   </div>
   <div class='ocr_carea' id='block_1_22' title="bbox 2241 923 3752 994">
    <p class='ocr_par' dir='ltr' id='par_1_22' title="bbox 2241 923 3752 994">
     <span class='ocr_line' id='line_1_23' title="bbox 2241 923 3752 994; baseline -0.001 -13"><span class='ocrx_word' id='word_1_177' title='bbox 2241 928 2522 994; x_wconf 77' lang='lat' dir='ltr'><strong><em>struxerit,</em></strong></span> <span class='ocrx_word' id='word_1_178' title='bbox 2543 927 2877 982; x_wconf 86' lang='lat' dir='ltr'><strong><em>demonstrat</em></strong></span> <span class='ocrx_word' id='word_1_179' title='bbox 2900 926 3070 981; x_wconf 87' lang='lat' dir='ltr'><strong><em>David</em></strong></span> <span class='ocrx_word' id='word_1_180' title='bbox 3100 927 3288 981; x_wconf 89' lang='lat' dir='ltr'><strong><em>urbem</em></strong></span> <span class='ocrx_word' id='word_1_181' title='bbox 3319 923 3603 978; x_wconf 85' lang='lat' dir='ltr'><strong><em>Jerusalem</em></strong></span> <span class='ocrx_word' id='word_1_182' title='bbox 3627 927 3752 980; x_wconf 87' lang='lat' dir='ltr'><strong><em>muni-</em></strong></span> 
     </span>
    </p>
   </div>
   <div class='ocr_carea' id='block_1_23' title="bbox 2239 1018 3750 1089">
    <p class='ocr_par' dir='ltr' id='par_1_23' title="bbox 2239 1018 3750 1089">
     <span class='ocr_line' id='line_1_24' title="bbox 2239 1018 3750 1089; baseline -0.001 -17"><span class='ocrx_word' id='word_1_183' title='bbox 2239 1018 2383 1074; x_wconf 89' lang='lat' dir='ltr'><strong><em>visse</em></strong></span> <span class='ocrx_word' id='word_1_184' title='bbox 2413 1019 2601 1086; x_wconf 92' lang='lat' dir='ltr'><strong><em>muris,</em></strong></span> <span class='ocrx_word' id='word_1_185' title='bbox 2635 1028 2742 1074; x_wconf 87' lang='lat' dir='ltr'><strong><em>tam</em></strong></span> <span class='ocrx_word' id='word_1_186' title='bbox 2770 1034 2868 1089; x_wconf 90' lang='lat' dir='ltr'><strong><em>per</em></strong></span> <span class='ocrx_word' id='word_1_187' title='bbox 2897 1034 3052 1074; x_wconf 90' lang='lat' dir='ltr'><strong><em>suam</em></strong></span> <span class='ocrx_word' id='word_1_188' title='bbox 3081 1018 3433 1079; x_wconf 85' lang='lat' dir='ltr'><strong><em>industriam,</em></strong></span> <span class='ocrx_word' id='word_1_189' title='bbox 3464 1032 3612 1086; x_wconf 89' lang='lat' dir='ltr'><strong><em>quam</em></strong></span> <span class='ocrx_word' id='word_1_190' title='bbox 3636 1019 3750 1072; x_wconf 86' lang='lat' dir='ltr'><strong><em>etiam</em></strong></span> 
     </span>
    </p>
   </div>
   <div class='ocr_carea' id='block_1_24' title="bbox 2241 1107 3749 1182">
    <p class='ocr_par' dir='ltr' id='par_1_24' title="bbox 2241 1107 3749 1182">
     <span class='ocr_line' id='line_1_25' title="bbox 2241 1107 3749 1182; baseline -0.002 -16"><span class='ocrx_word' id='word_1_191' title='bbox 2241 1127 2338 1182; x_wconf 91' lang='lat' dir='ltr'><strong><em>per</em></strong></span> <span class='ocrx_word' id='word_1_192' title='bbox 2363 1111 2543 1168; x_wconf 87' lang='lat' dir='ltr'><strong><em>devoti</em></strong></span> <span class='ocrx_word' id='word_1_193' title='bbox 2579 1112 2764 1167; x_wconf 86' lang='lat' dir='ltr'><strong><em>militis</em></strong></span> <span class='ocrx_word' id='word_1_194' title='bbox 2789 1111 3085 1167; x_wconf 87' lang='lat' dir='ltr'><strong><em>solertiam.</em></strong></span> <span class='ocrx_word' id='word_1_195' title='bbox 3118 1109 3245 1182; x_wconf 91' lang='lat' dir='ltr'><strong><em>Legi</em></strong></span> <span class='ocrx_word' id='word_1_196' title='bbox 3274 1110 3330 1163; x_wconf 90' lang='lat' dir='ltr'><strong><em>in</em></strong></span> <span class='ocrx_word' id='word_1_197' title='bbox 3359 1107 3620 1176; x_wconf 85' lang='lat' dir='ltr'><strong><em>cujusdam</em></strong></span> <span class='ocrx_word' id='word_1_198' title='bbox 3641 1108 3749 1174; x_wconf 85' lang='lat' dir='ltr'><strong><em>libro,</em></strong></span> 
     </span>
    </p>
   </div>
   <div class='ocr_carea' id='block_1_25' title="bbox 2242 1200 3752 1273">
    <p class='ocr_par' dir='ltr' id='par_1_25' title="bbox 2242 1200 3752 1273">
     <span class='ocr_line' id='line_1_26' title="bbox 2242 1200 3752 1273; baseline -0.001 -18"><span class='ocrx_word' id='word_1_199' title='bbox 2242 1201 2382 1271; x_wconf 90' lang='lat' dir='ltr'><strong><em>quod</em></strong></span> <span class='ocrx_word' id='word_1_200' title='bbox 2401 1201 2534 1257; x_wconf 90' lang='lat' dir='ltr'><strong><em>Joab</em></strong></span> <span class='ocrx_word' id='word_1_201' title='bbox 2552 1203 2758 1273; x_wconf 90' lang='lat' dir='ltr'><strong><em>reliqua</em></strong></span> <span class='ocrx_word' id='word_1_202' title='bbox 2783 1203 2930 1258; x_wconf 91' lang='lat' dir='ltr'><strong><em>urbis</em></strong></span> <span class='ocrx_word' id='word_1_203' title='bbox 2953 1219 3058 1257; x_wconf 93' lang='lat' dir='ltr'><strong><em>non</em></strong></span> <span class='ocrx_word' id='word_1_204' title='bbox 3084 1201 3435 1265; x_wconf 80' lang='lat' dir='ltr'><strong><em>exstruxerit,</em></strong></span> <span class='ocrx_word' id='word_1_205' title='bbox 3461 1200 3547 1254; x_wconf 89' lang='lat' dir='ltr'><strong><em>sed</em></strong></span> <span class='ocrx_word' id='word_1_206' title='bbox 3569 1208 3752 1254; x_wconf 76' lang='lat' dir='ltr'><strong><em>extraxe-</em></strong></span> 
     </span>
    </p>
   </div>
   <div class='ocr_carea' id='block_1_26' title="bbox 2243 1290 3750 1366">
    <p class='ocr_par' dir='ltr' id='par_1_26' title="bbox 2243 1290 3750 1366">
     <span class='ocr_line' id='line_1_27' title="bbox 2243 1290 3750 1366; baseline -0.001 -19"><span class='ocrx_word' id='word_1_207' title='bbox 2243 1294 2334 1360; x_wconf 91' lang='lat' dir='ltr'><strong><em>rit,</em></strong></span> <span class='ocrx_word' id='word_1_208' title='bbox 2367 1295 2592 1366; x_wconf 84' lang='lat' dir='ltr'><strong><em>intelligi</em></strong></span> <span class='ocrx_word' id='word_1_209' title='bbox 2620 1295 2804 1350; x_wconf 88' lang='lat' dir='ltr'><strong><em>volens</em></strong></span> <span class='ocrx_word' id='word_1_210' title='bbox 2832 1295 3003 1364; x_wconf 90' lang='lat' dir='ltr'><strong><em>quod,</em></strong></span> <span class='ocrx_word' id='word_1_211' title='bbox 3035 1292 3391 1364; x_wconf 85' lang='lat' dir='ltr'><strong><em>pereuntibus</em></strong></span> <span class='ocrx_word' id='word_1_212' title='bbox 3419 1290 3653 1346; x_wconf 76' lang='lat' dir='ltr'><strong><em>Jebuszeis</em></strong></span> <span class='ocrx_word' id='word_1_213' title='bbox 3673 1291 3750 1361; x_wconf 80' lang='lat' dir='ltr'><strong><em>gla-</em></strong></span> 
     </span>
    </p>
   </div>
   <div class='ocr_carea' id='block_1_27' title="bbox 2241 1383 3751 1456">
    <p class='ocr_par' dir='ltr' id='par_1_27' title="bbox 2241 1383 3751 1456">
     <span class='ocr_line' id='line_1_28' title="bbox 2241 1383 3751 1456; baseline -0.001 -16"><span class='ocrx_word' id='word_1_214' title='bbox 2241 1385 2350 1452; x_wconf 90' lang='lat' dir='ltr'><strong><em>dio,</em></strong></span> <span class='ocrx_word' id='word_1_215' title='bbox 2382 1387 2427 1441; x_wconf 88' lang='lat' dir='ltr'><strong><em>si</em></strong></span> <span class='ocrx_word' id='word_1_216' title='bbox 2453 1389 2544 1456; x_wconf 90' lang='lat' dir='ltr'><strong><em>qui</em></strong></span> <span class='ocrx_word' id='word_1_217' title='bbox 2573 1387 2940 1443; x_wconf 89' lang='lat' dir='ltr'><strong><em>lsraelitarum</em></strong></span> <span class='ocrx_word' id='word_1_218' title='bbox 2972 1388 3113 1442; x_wconf 89' lang='lat' dir='ltr'><strong><em>inter</em></strong></span> <span class='ocrx_word' id='word_1_219' title='bbox 3141 1401 3234 1442; x_wconf 91' lang='lat' dir='ltr'><strong><em>eos</em></strong></span> <span class='ocrx_word' id='word_1_220' title='bbox 3266 1385 3470 1440; x_wconf 89' lang='lat' dir='ltr'><strong><em>inventi</em></strong></span> <span class='ocrx_word' id='word_1_221' title='bbox 3496 1383 3707 1449; x_wconf 81' lang='lat' dir='ltr'><strong><em>fuissent,</em></strong></span> <span class='ocrx_word' id='word_1_222' title='bbox 3731 1399 3751 1438; x_wconf 82' lang='lat' dir='ltr'><strong><em>a</em></strong></span> 
     </span>
    </p>
   </div>
   <div class='ocr_carea' id='block_1_28' title="bbox 2240 1476 3751 1550">
    <p class='ocr_par' dir='ltr' id='par_1_28' title="bbox 2240 1476 3751 1550">
     <span class='ocr_line' id='line_1_29' title="bbox 2240 1476 3751 1550; baseline -0.003 -17"><span class='ocrx_word' id='word_1_223' title='bbox 2240 1477 2375 1536; x_wconf 90' lang='lat' dir='ltr'><strong><em>Joab</em></strong></span> <span class='ocrx_word' id='word_1_224' title='bbox 2404 1481 2763 1537; x_wconf 88' lang='lat' dir='ltr'><strong><em>salvarentur.</em></strong></span> <span class='ocrx_word' id='word_1_225' title='bbox 2795 1479 3060 1550; x_wconf 81' lang='lat' dir='ltr'><strong><em>Josephus</em></strong></span> <span class='ocrx_word' id='word_1_226' title='bbox 3096 1488 3279 1534; x_wconf 87' lang='lat' dir='ltr'><strong><em>tamen</em></strong></span> <span class='ocrx_word' id='word_1_227' title='bbox 3309 1485 3493 1532; x_wconf 86' lang='lat' dir='ltr'><strong><em>narrat</em></strong></span> <span class='ocrx_word' id='word_1_228' title='bbox 3538 1476 3675 1531; x_wconf 83' lang='lat' dir='ltr'><strong><em>David</em></strong></span> <span class='ocrx_word' id='word_1_229' title='bbox 3695 1491 3751 1530; x_wconf 83' lang='lat' dir='ltr'><strong><em>su-</em></strong></span> 
     </span>
    </p>
   </div>
   <div class='ocr_carea' id='block_1_29' title="bbox 2239 1569 3749 1668">
    <p class='ocr_par' dir='ltr' id='par_1_29' title="bbox 2239 1569 3749 1668">
     <span class='ocr_line' id='line_1_30' title="bbox 2239 1569 3749 1668; baseline -0.003 -43"><span class='ocrx_word' id='word_1_230' title='bbox 2239 1572 2508 1641; x_wconf 90' lang='lat' dir='ltr'><strong><em>periorem</em></strong></span> <span class='ocrx_word' id='word_1_231' title='bbox 2531 1573 2805 1628; x_wconf 89' lang='lat' dir='ltr'><strong><em>civitatem</em></strong></span> <span class='ocrx_word' id='word_1_232' title='bbox 2821 1572 3116 1626; x_wconf 90' lang='lat' dir='ltr'><strong><em>munivisse</em></strong></span> <span class='ocrx_word' id='word_1_233' title='bbox 3131 1571 3292 1640; x_wconf 87' lang='lat' dir='ltr'><strong><em>eique</em></strong></span> <span class='ocrx_word' id='word_1_234' title='bbox 3306 1569 3588 1639; x_wconf 83' lang='lat' dir='ltr'><strong><em>copulando</em></strong></span> <span class='ocrx_word' id='word_1_235' title='bbox 3606 1583 3749 1668; x_wconf 75' lang='lat' dir='ltr'><strong><em>arcem,</em></strong></span> 
     </span>
    </p>
   </div>
   <div class='ocr_carea' id='block_1_30' title="bbox 2239 1661 3750 1733">
    <p class='ocr_par' dir='ltr' id='par_1_30' title="bbox 2239 1661 3750 1733">
     <span class='ocr_line' id='line_1_31' title="bbox 2239 1661 3750 1733; baseline -0.004 -16"><span class='ocrx_word' id='word_1_236' title='bbox 2239 1679 2405 1717; x_wconf 91' lang='lat' dir='ltr'><strong><em>unum</em></strong></span> <span class='ocrx_word' id='word_1_237' title='bbox 2434 1663 2672 1732; x_wconf 90' lang='lat' dir='ltr'><strong><em>undique</em></strong></span> <span class='ocrx_word' id='word_1_238' title='bbox 2702 1679 2898 1733; x_wconf 92' lang='lat' dir='ltr'><strong><em>corpus</em></strong></span> <span class='ocrx_word' id='word_1_239' title='bbox 2924 1661 3198 1726; x_wconf 77' lang='lat' dir='ltr'><strong><em>eﬁ‘ecisse,</em></strong></span> <span class='ocrx_word' id='word_1_240' title='bbox 3227 1670 3283 1716; x_wconf 90' lang='lat' dir='ltr'><strong><em>et</em></strong></span> <span class='ocrx_word' id='word_1_241' title='bbox 3309 1669 3500 1716; x_wconf 89' lang='lat' dir='ltr'><strong><em>cuneta</em></strong></span> <span class='ocrx_word' id='word_1_242' title='bbox 3534 1675 3663 1714; x_wconf 90' lang='lat' dir='ltr'><strong><em>muro</em></strong></span> <span class='ocrx_word' id='word_1_243' title='bbox 3683 1661 3750 1712; x_wconf 84' lang='lat' dir='ltr'><strong><em>cir-</em></strong></span> 
     </span>
    </p>
   </div>
   <div class='ocr_carea' id='block_1_31' title="bbox 2242 1750 3749 1823">
    <p class='ocr_par' dir='ltr' id='par_1_31' title="bbox 2242 1750 3749 1823">
     <span class='ocr_line' id='line_1_32' title="bbox 2242 1750 3749 1823; baseline -0.004 -15"><span class='ocrx_word' id='word_1_244' title='bbox 2242 1753 2599 1819; x_wconf 87' lang='lat' dir='ltr'><strong><em>eurndedisse,</em></strong></span> <span class='ocrx_word' id='word_1_245' title='bbox 2630 1769 2792 1823; x_wconf 90' lang='lat' dir='ltr'><strong><em>super</em></strong></span> <span class='ocrx_word' id='word_1_246' title='bbox 2813 1769 2948 1822; x_wconf 85' lang='lat' dir='ltr'><strong><em>opus</em></strong></span> <span class='ocrx_word' id='word_1_247' title='bbox 2976 1762 3155 1807; x_wconf 88' lang='lat' dir='ltr'><strong><em>autem</em></strong></span> <span class='ocrx_word' id='word_1_248' title='bbox 3181 1767 3459 1806; x_wconf 79' lang='lat' dir='ltr'><strong><em>murorum</em></strong></span> <span class='ocrx_word' id='word_1_249' title='bbox 3481 1750 3749 1805; x_wconf 83' lang='lat' dir='ltr'><strong><em>constituisse</em></strong></span> 
     </span>
    </p>
   </div>
   <div class='ocr_carea' id='block_1_32' title="bbox 549 1833 3749 1921">
    <p class='ocr_par' dir='ltr' id='par_1_32' title="bbox 549 1833 3749 1921">
     <span class='ocr_line' id='line_1_33' title="bbox 549 1833 3749 1921; baseline 0.008 -33"><span class='ocrx_word' id='word_1_250' title='bbox 549 1846 722 1891; x_wconf 62' lang='lat' dir='ltr'><strong><em>caecos</em></strong></span> <span class='ocrx_word' id='word_1_251' title='bbox 747 1848 993 1908; x_wconf 91' lang='lat' dir='ltr'><strong><em>aspectu,</em></strong></span> <span class='ocrx_word' id='word_1_252' title='bbox 1025 1853 1079 1898; x_wconf 92' lang='lat' dir='ltr'><strong><em>et</em></strong></span> <span class='ocrx_word' id='word_1_253' title='bbox 1103 1844 1341 1913; x_wconf 91' lang='lat' dir='ltr'><strong><em>claudos,</em></strong></span> <span class='ocrx_word' id='word_1_254' title='bbox 1371 1864 1665 1920; x_wconf 89' lang='lat' dir='ltr'><strong><em>omnesque</em></strong></span> <span class='ocrx_word' id='word_1_255' title='bbox 1689 1852 1930 1921; x_wconf 87' lang='lat' dir='ltr'><strong><em>leprosos</em></strong></span> <span class='ocrx_word' id='word_1_256' title='bbox 1955 1854 2020 1907; x_wconf 87' lang='lat' dir='ltr'><strong><em>ad</em></strong></span> <span class='ocrx_word' id='word_1_257' title='bbox 2044 1855 2135 1910; x_wconf 87' lang='lat' dir='ltr'><strong><em>de-</em></strong></span> <span class='ocrx_word' id='word_1_258' title='bbox 2165 1833 2211 1891; x_wconf 82' lang='grc' dir='ltr'><strong>Β</strong></span> <span class='ocrx_word' id='word_1_259' title='bbox 2238 1843 2372 1900; x_wconf 70' lang='lat' dir='ltr'><strong><em>JOab</em></strong></span> <span class='ocrx_word' id='word_1_260' title='bbox 2391 1886 2406 1911; x_wconf 69' lang='grc' dir='ltr'><strong>ν</strong></span> <span class='ocrx_word' id='word_1_261' title='bbox 2441 1853 2495 1899; x_wconf 75' lang='grc' dir='ltr'>ει</span> <span class='ocrx_word' id='word_1_262' title='bbox 2541 1846 2686 1916; x_wconf 85' lang='lat' dir='ltr'><strong><em>quod</em></strong></span> <span class='ocrx_word' id='word_1_263' title='bbox 2725 1846 2894 1901; x_wconf 62' lang='grc' dir='ltr'><strong><em>Πᾶνίά</em></strong></span> <span class='ocrx_word' id='word_1_264' title='bbox 2933 1845 3208 1901; x_wconf 60' lang='grc' dir='ltr'><strong><em>Ιθῦιιεεθοε</em></strong></span> <span class='ocrx_word' id='word_1_265' title='bbox 3243 1844 3536 1916; x_wconf 53' lang='lat' dir='ltr'><strong><em>extuderit,</em></strong></span> <span class='ocrx_word' id='word_1_266' title='bbox 3573 1852 3620 1896; x_wconf 70' lang='grc' dir='ltr'>ει</span> <span class='ocrx_word' id='word_1_267' title='bbox 3656 1844 3749 1897; x_wconf 63' lang='lat' dir='ltr'><strong><em>hanc</em></strong></span> 
     </span>
    </p>
   </div>
   <div class='ocr_carea' id='block_1_33' title="bbox 551 1925 2135 2012">
    <p class='ocr_par' dir='ltr' id='par_1_33' title="bbox 551 1925 2135 2012">
     <span class='ocr_line' id='line_1_34' title="bbox 551 1925 2135 2012; baseline 0.014 -33"><span class='ocrx_word' id='word_1_268' title='bbox 551 1925 810 1983; x_wconf 89' lang='lat' dir='ltr'><strong><em>risionem</em></strong></span> <span class='ocrx_word' id='word_1_269' title='bbox 854 1933 994 2003; x_wconf 87' lang='lat' dir='ltr'><strong><em>regis</em></strong></span> <span class='ocrx_word' id='word_1_270' title='bbox 1027 1937 1481 1996; x_wconf 89' lang='lat' dir='ltr'><strong><em>constituentibus</em></strong></span> <span class='ocrx_word' id='word_1_271' title='bbox 1508 1957 1668 2012; x_wconf 89' lang='lat' dir='ltr'><strong><em>super</em></strong></span> <span class='ocrx_word' id='word_1_272' title='bbox 1695 1960 1940 2011; x_wconf 90' lang='lat' dir='ltr'><strong><em>murum,</em></strong></span> <span class='ocrx_word' id='word_1_273' title='bbox 1975 1953 2030 2001; x_wconf 88' lang='lat' dir='ltr'><strong><em>et</em></strong></span> <span class='ocrx_word' id='word_1_274' title='bbox 2057 1945 2135 2000; x_wconf 87' lang='lat' dir='ltr'><strong><em>di—</em></strong></span> 
     </span>
    </p>
   </div>
   <div class='ocr_carea' id='block_1_34' title="bbox 548 2019 2132 2105">
    <p class='ocr_par' dir='ltr' id='par_1_34' title="bbox 548 2019 2132 2105">
     <span class='ocr_line' id='line_1_35' title="bbox 548 2019 2132 2105; baseline 0.013 -34"><span class='ocrx_word' id='word_1_275' title='bbox 548 2019 800 2076; x_wconf 90' lang='lat' dir='ltr'><strong><em>centibus</em></strong></span> <span class='ocrx_word' id='word_1_276' title='bbox 828 2024 954 2092; x_wconf 86' lang='lat' dir='ltr'><strong><em>quia</em></strong></span> <span class='ocrx_word' id='word_1_277' title='bbox 982 2027 1332 2094; x_wconf 90' lang='lat' dir='ltr'><strong><em>prohiberent</em></strong></span> <span class='ocrx_word' id='word_1_278' title='bbox 1358 2047 1480 2086; x_wconf 90' lang='lat' dir='ltr'><strong><em>eum</em></strong></span> <span class='ocrx_word' id='word_1_279' title='bbox 1517 2034 1646 2088; x_wconf 61' lang='lat' dir='ltr'><strong><em>caeci</em></strong></span> <span class='ocrx_word' id='word_1_280' title='bbox 1671 2034 1895 2105; x_wconf 75' lang='lat' dir='ltr'><strong><em>ingredi</em></strong></span> <span class='ocrx_word' id='word_1_281' title='bbox 1941 2037 2132 2091; x_wconf 86' lang='lat' dir='ltr'><strong><em>civita-</em></strong></span> 
     </span>
    </p>
   </div>
   <div class='ocr_carea' id='block_1_35' title="bbox 547 2112 2134 2200">
    <p class='ocr_par' dir='ltr' id='par_1_35' title="bbox 547 2112 2134 2200">
     <span class='ocr_line' id='line_1_36' title="bbox 547 2112 2134 2200; baseline 0.014 -38"><span class='ocrx_word' id='word_1_282' title='bbox 547 2115 676 2164; x_wconf 88' lang='lat' dir='ltr'><strong><em>tem.</em></strong></span> <span class='ocrx_word' id='word_1_283' title='bbox 741 2112 870 2179; x_wconf 63' lang='lat' dir='ltr'><strong><em>Quae</em></strong></span> <span class='ocrx_word' id='word_1_284' title='bbox 928 2123 1108 2172; x_wconf 90' lang='lat' dir='ltr'><strong><em>tamen</em></strong></span> <span class='ocrx_word' id='word_1_285' title='bbox 1166 2121 1399 2192; x_wconf 77' lang='lat' dir='ltr'><strong><em>agebant</em></strong></span> <span class='ocrx_word' id='word_1_286' title='bbox 1451 2125 1813 2195; x_wconf 88' lang='lat' dir='ltr'><strong><em>despicientes</em></strong></span> <span class='ocrx_word' id='word_1_287' title='bbox 1860 2144 1984 2183; x_wconf 91' lang='lat' dir='ltr'><strong><em>eum</em></strong></span> <span class='ocrx_word' id='word_1_288' title='bbox 2036 2146 2134 2200; x_wconf 89' lang='lat' dir='ltr'><strong><em>pro</em></strong></span> 
     </span>
    </p>
   </div>
   <div class='ocr_carea' id='block_1_36' title="bbox 546 2201 2133 2287">
    <p class='ocr_par' dir='ltr' id='par_1_36' title="bbox 546 2201 2133 2287">
     <span class='ocr_line' id='line_1_37' title="bbox 546 2201 2133 2287; baseline 0.014 -35"><span class='ocrx_word' id='word_1_289' title='bbox 546 2201 782 2256; x_wconf 82' lang='lat' dir='ltr'><strong><em>maxima</em></strong></span> <span class='ocrx_word' id='word_1_290' title='bbox 822 2207 1122 2263; x_wconf 88' lang='lat' dir='ltr'><strong><em>munitione</em></strong></span> <span class='ocrx_word' id='word_1_291' title='bbox 1167 2227 1469 2268; x_wconf 89' lang='lat' dir='ltr'><strong><em>murorum.</em></strong></span> <span class='ocrx_word' id='word_1_292' title='bbox 1507 2215 1789 2287; x_wconf 86' lang='lat' dir='ltr'><strong><em>Iratusque</em></strong></span> <span class='ocrx_word' id='word_1_293' title='bbox 1816 2235 1911 2272; x_wconf 83' lang='lat' dir='ltr'><strong><em>rex</em></strong></span> <span class='ocrx_word' id='word_1_294' title='bbox 1937 2219 2133 2275; x_wconf 89' lang='lat' dir='ltr'><strong><em>Hiero-</em></strong></span> 
     </span>
    </p>
   </div>
   <div class='ocr_carea' id='block_1_37' title="bbox 544 2289 2133 2372">
    <p class='ocr_par' dir='ltr' id='par_1_37' title="bbox 544 2289 2133 2372">
     <span class='ocr_line' id='line_1_38' title="bbox 544 2289 2133 2372; baseline 0.013 -28"><span class='ocrx_word' id='word_1_295' title='bbox 544 2289 808 2361; x_wconf 87' lang='lat' dir='ltr'><strong><em>solymam</em></strong></span> <span class='ocrx_word' id='word_1_296' title='bbox 833 2295 1086 2353; x_wconf 90' lang='lat' dir='ltr'><strong><em>obsidere</em></strong></span> <span class='ocrx_word' id='word_1_297' title='bbox 1127 2303 1323 2372; x_wconf 70' lang='lat' dir='ltr'><strong><em>erepit,</em></strong></span> <span class='ocrx_word' id='word_1_298' title='bbox 1355 2312 1409 2358; x_wconf 91' lang='lat' dir='ltr'><strong><em>et</em></strong></span> <span class='ocrx_word' id='word_1_299' title='bbox 1446 2305 1616 2360; x_wconf 92' lang='lat' dir='ltr'><strong><em>multo</em></strong></span> <span class='ocrx_word' id='word_1_300' title='bbox 1652 2309 1830 2363; x_wconf 90' lang='lat' dir='ltr'><strong><em>studio</em></strong></span> <span class='ocrx_word' id='word_1_301' title='bbox 1865 2318 1919 2363; x_wconf 90' lang='lat' dir='ltr'><strong><em>et</em></strong></span> <span class='ocrx_word' id='word_1_302' title='bbox 1948 2309 2133 2366; x_wconf 88' lang='lat' dir='ltr'><strong><em>labore</em></strong></span> 
     </span>
    </p>
   </div>
   <div class='ocr_carea' id='block_1_38' title="bbox 543 2384 2132 2472">
    <p class='ocr_par' dir='ltr' id='par_1_38' title="bbox 543 2384 2132 2472">
     <span class='ocr_line' id='line_1_39' title="bbox 543 2384 2132 2472; baseline 0.013 -36"><span class='ocrx_word' id='word_1_303' title='bbox 543 2384 732 2438; x_wconf 86' lang='lat' dir='ltr'><strong><em>conari</em></strong></span> <span class='ocrx_word' id='word_1_304' title='bbox 761 2395 822 2440; x_wconf 90' lang='lat' dir='ltr'><strong><em>ut</em></strong></span> <span class='ocrx_word' id='word_1_305' title='bbox 849 2403 969 2442; x_wconf 90' lang='lat' dir='ltr'><strong><em>eam</em></strong></span> <span class='ocrx_word' id='word_1_306' title='bbox 993 2402 1211 2460; x_wconf 86' lang='lat' dir='ltr'><strong><em>caperet</em></strong></span> <span class='ocrx_word' id='word_1_307' title='bbox 1242 2413 1255 2448; x_wconf 91' lang='lat'><strong>:</strong></span> <span class='ocrx_word' id='word_1_308' title='bbox 1293 2405 1560 2465; x_wconf 87' lang='lat' dir='ltr'><strong><em>quatenus</em></strong></span> <span class='ocrx_word' id='word_1_309' title='bbox 1590 2399 1642 2452; x_wconf 93' lang='lat' dir='ltr'><strong><em>in</em></strong></span> <span class='ocrx_word' id='word_1_310' title='bbox 1676 2400 1794 2469; x_wconf 90' lang='lat' dir='ltr'><strong><em>ipso</em></strong></span> <span class='ocrx_word' id='word_1_311' title='bbox 1824 2401 2132 2472; x_wconf 88' lang='lat' dir='ltr'><strong><em>principatu</em></strong></span> 
     </span>
    </p>
   </div>
   <div class='ocr_carea' id='block_1_39' title="bbox 541 2471 2128 2547">
    <p class='ocr_par' dir='ltr' id='par_1_39' title="bbox 541 2471 2128 2547">
     <span class='ocr_line' id='line_1_40' title="bbox 541 2471 2128 2547; baseline 0.013 -21"><span class='ocrx_word' id='word_1_312' title='bbox 541 2471 699 2529; x_wconf 88' lang='lat' dir='ltr'><strong><em>initio</em></strong></span> <span class='ocrx_word' id='word_1_313' title='bbox 757 2491 911 2530; x_wconf 88' lang='lat' dir='ltr'><strong><em>suam</em></strong></span> <span class='ocrx_word' id='word_1_314' title='bbox 970 2478 1343 2538; x_wconf 79' lang='lat' dir='ltr'><strong><em>fortitudinem</em></strong></span> <span class='ocrx_word' id='word_1_315' title='bbox 1400 2486 1818 2544; x_wconf 89' lang='lat' dir='ltr'><strong><em>demonstraret.</em></strong></span> <span class='ocrx_word' id='word_1_316' title='bbox 1877 2471 2128 2547; x_wconf 85' lang='lat' dir='ltr'><strong><em>Intermi-</em></strong></span> 
     </span>
    </p>
   </div>
   <div class='ocr_carea' id='block_1_40' title="bbox 541 2565 2129 2646">
    <p class='ocr_par' dir='ltr' id='par_1_40' title="bbox 541 2565 2129 2646">
     <span class='ocr_line' id='line_1_41' title="bbox 541 2565 2129 2646; baseline 0.014 -30"><span class='ocrx_word' id='word_1_317' title='bbox 541 2571 700 2619; x_wconf 91' lang='lat' dir='ltr'><strong><em>natus</em></strong></span> <span class='ocrx_word' id='word_1_318' title='bbox 728 2565 912 2637; x_wconf 86' lang='lat' dir='ltr'><strong><em>itaque</em></strong></span> <span class='ocrx_word' id='word_1_319' title='bbox 941 2577 996 2624; x_wconf 92' lang='lat' dir='ltr'><strong><em>et</em></strong></span> <span class='ocrx_word' id='word_1_320' title='bbox 1021 2571 1121 2641; x_wconf 88' lang='lat' dir='ltr'><strong><em>ipsi</em></strong></span> <span class='ocrx_word' id='word_1_321' title='bbox 1149 2582 1204 2628; x_wconf 86' lang='lat' dir='ltr'><strong><em>et</em></strong></span> <span class='ocrx_word' id='word_1_322' title='bbox 1229 2575 1349 2629; x_wconf 89' lang='lat' dir='ltr'><strong><em>aliis</em></strong></span> <span class='ocrx_word' id='word_1_323' title='bbox 1371 2577 1414 2631; x_wconf 91' lang='lat' dir='ltr'><strong><em>si</em></strong></span> <span class='ocrx_word' id='word_1_324' title='bbox 1445 2579 1537 2646; x_wconf 89' lang='lat' dir='ltr'><strong><em>qui</em></strong></span> <span class='ocrx_word' id='word_1_325' title='bbox 1565 2578 1704 2634; x_wconf 84' lang='lat' dir='ltr'><strong><em>forte</em></strong></span> <span class='ocrx_word' id='word_1_326' title='bbox 1736 2581 2005 2637; x_wconf 87' lang='lat' dir='ltr'><strong><em>haberent</em></strong></span> <span class='ocrx_word' id='word_1_327' title='bbox 2037 2584 2129 2639; x_wconf 90' lang='lat' dir='ltr'><strong><em>ad-</em></strong></span> 
     </span>
    </p>
   </div>
   <div class='ocr_carea' id='block_1_41' title="bbox 540 2663 2130 2735">
    <p class='ocr_par' dir='ltr' id='par_1_41' title="bbox 540 2663 2130 2735">
     <span class='ocr_line' id='line_1_42' title="bbox 540 2663 2130 2735; baseline 0.013 -27"><span class='ocrx_word' id='word_1_328' title='bbox 540 2669 732 2712; x_wconf 89' lang='lat' dir='ltr'><strong><em>versus</em></strong></span> <span class='ocrx_word' id='word_1_329' title='bbox 765 2672 890 2714; x_wconf 89' lang='lat' dir='ltr'><strong><em>eum</em></strong></span> <span class='ocrx_word' id='word_1_330' title='bbox 920 2663 1206 2720; x_wconf 88' lang='lat' dir='ltr'><strong><em>resistendi</em></strong></span> <span class='ocrx_word' id='word_1_331' title='bbox 1246 2682 1508 2723; x_wconf 89' lang='lat' dir='ltr'><strong><em>conamen</em></strong></span> <span class='ocrx_word' id='word_1_332' title='bbox 1531 2709 1546 2735; x_wconf 93' lang='lat'><strong><em>,</em></strong></span> <span class='ocrx_word' id='word_1_333' title='bbox 1588 2670 1896 2727; x_wconf 81' lang='lat' dir='ltr'><strong><em>inferiorem</em></strong></span> <span class='ocrx_word' id='word_1_334' title='bbox 1935 2674 2130 2729; x_wconf 88' lang='lat' dir='ltr'><strong><em>civita-</em></strong></span> 
     </span>
    </p>
   </div>
   <div class='ocr_carea' id='block_1_42' title="bbox 541 2753 2125 2832">
    <p class='ocr_par' dir='ltr' id='par_1_42' title="bbox 541 2753 2125 2832">
     <span class='ocr_line' id='line_1_43' title="bbox 541 2753 2125 2832; baseline 0.014 -30"><span class='ocrx_word' id='word_1_335' title='bbox 541 2753 648 2802; x_wconf 88' lang='lat' dir='ltr'><strong><em>tem</em></strong></span> <span class='ocrx_word' id='word_1_336' title='bbox 703 2766 897 2822; x_wconf 88' lang='lat' dir='ltr'><strong><em>magna</em></strong></span> <span class='ocrx_word' id='word_1_337' title='bbox 947 2755 1146 2812; x_wconf 90' lang='lat' dir='ltr'><strong><em>virtute</em></strong></span> <span class='ocrx_word' id='word_1_338' title='bbox 1202 2760 1363 2830; x_wconf 88' lang='lat' dir='ltr'><strong><em>cepit.</em></strong></span> <span class='ocrx_word' id='word_1_339' title='bbox 1419 2761 1662 2832; x_wconf 91' lang='lat' dir='ltr'><strong><em>Cumque</em></strong></span> <span class='ocrx_word' id='word_1_340' title='bbox 1719 2766 1895 2821; x_wconf 91' lang='lat' dir='ltr'><strong><em>adhuc</em></strong></span> <span class='ocrx_word' id='word_1_341' title='bbox 1947 2783 2125 2824; x_wconf 89' lang='lat' dir='ltr'><strong><em>arcem</em></strong></span> 
     </span>
    </p>
   </div>
   <div class='ocr_carea' id='block_1_43' title="bbox 538 2837 2130 2929">
    <p class='ocr_par' dir='ltr' id='par_1_43' title="bbox 538 2837 2130 2929">
     <span class='ocr_line' id='line_1_44' title="bbox 538 2837 2130 2929; baseline 0.014 -38"><span class='ocrx_word' id='word_1_342' title='bbox 538 2837 924 2898; x_wconf 73' lang='lat' dir='ltr'><strong><em>obtinere-non</em></strong></span> <span class='ocrx_word' id='word_1_343' title='bbox 946 2857 1148 2915; x_wconf 87' lang='lat' dir='ltr'><strong><em>posset,</em></strong></span> <span class='ocrx_word' id='word_1_344' title='bbox 1181 2851 1364 2921; x_wconf 67' lang='lat' dir='ltr'><strong><em>cmpit,</em></strong></span> <span class='ocrx_word' id='word_1_345' title='bbox 1397 2853 1633 2908; x_wconf 90' lang='lat' dir='ltr'><strong><em>honores</em></strong></span> <span class='ocrx_word' id='word_1_346' title='bbox 1659 2864 1714 2910; x_wconf 90' lang='lat' dir='ltr'><strong><em>et</em></strong></span> <span class='ocrx_word' id='word_1_347' title='bbox 1747 2873 1970 2912; x_wconf 90' lang='lat' dir='ltr'><strong><em>munera</em></strong></span> <span class='ocrx_word' id='word_1_348' title='bbox 2003 2874 2130 2929; x_wconf 90' lang='lat' dir='ltr'><strong><em>pro-</em></strong></span> 
     </span>
    </p>
   </div>
   <div class='ocr_carea' id='block_1_44' title="bbox 539 2928 2129 3019">
    <p class='ocr_par' dir='ltr' id='par_1_44' title="bbox 539 2928 2129 3019">
     <span class='ocr_line' id='line_1_45' title="bbox 539 2928 2129 3019; baseline 0.015 -38"><span class='ocrx_word' id='word_1_349' title='bbox 539 2928 832 2996; x_wconf 90' lang='lat' dir='ltr'><strong><em>mittendo,</em></strong></span> <span class='ocrx_word' id='word_1_350' title='bbox 868 2949 963 2988; x_wconf 83' lang='lat' dir='ltr'><strong><em>rex</em></strong></span> <span class='ocrx_word' id='word_1_351' title='bbox 985 2952 1082 3006; x_wconf 88' lang='lat' dir='ltr'><strong><em>per</em></strong></span> <span class='ocrx_word' id='word_1_352' title='bbox 1107 2953 1200 2994; x_wconf 91' lang='lat' dir='ltr'><strong><em>eos</em></strong></span> <span class='ocrx_word' id='word_1_353' title='bbox 1229 2941 1295 2994; x_wconf 88' lang='lat' dir='ltr'><strong><em>ad</em></strong></span> <span class='ocrx_word' id='word_1_354' title='bbox 1327 2957 1461 3011; x_wconf 91' lang='lat' dir='ltr'><strong><em>opus</em></strong></span> <span class='ocrx_word' id='word_1_355' title='bbox 1495 2944 1745 2999; x_wconf 89' lang='lat' dir='ltr'><strong><em>bellicum</em></strong></span> <span class='ocrx_word' id='word_1_356' title='bbox 1776 2947 1975 3003; x_wconf 87' lang='lat' dir='ltr'><strong><em>milites</em></strong></span> <span class='ocrx_word' id='word_1_357' title='bbox 2002 2928 2129 3019; x_wconf 87' lang='lat' dir='ltr'><strong><em>pro-</em></strong></span> 
     </span>
    </p>
   </div>
   <div class='ocr_carea' id='block_1_45' title="bbox 539 3027 2124 3105">
    <p class='ocr_par' dir='ltr' id='par_1_45' title="bbox 539 3027 2124 3105">
     <span class='ocr_line' id='line_1_46' title="bbox 539 3027 2124 3105; baseline 0.016 -33"><span class='ocrx_word' id='word_1_358' title='bbox 539 3033 735 3077; x_wconf 90' lang='lat' dir='ltr'><strong><em>vocare</em></strong></span> <span class='ocrx_word' id='word_1_359' title='bbox 761 3063 776 3088; x_wconf 94' lang='lat'><strong><em>,</em></strong></span> <span class='ocrx_word' id='word_1_360' title='bbox 806 3032 867 3078; x_wconf 90' lang='lat' dir='ltr'><strong><em>ut</em></strong></span> <span class='ocrx_word' id='word_1_361' title='bbox 906 3027 1214 3100; x_wconf 88' lang='lat' dir='ltr'><strong><em>quicunque</em></strong></span> <span class='ocrx_word' id='word_1_362' title='bbox 1241 3047 1338 3101; x_wconf 89' lang='lat' dir='ltr'><strong><em>per</em></strong></span> <span class='ocrx_word' id='word_1_363' title='bbox 1366 3036 1638 3105; x_wconf 87' lang='lat' dir='ltr'><strong><em>subjectos</em></strong></span> <span class='ocrx_word' id='word_1_364' title='bbox 1667 3039 1832 3094; x_wconf 91' lang='lat' dir='ltr'><strong><em>colles</em></strong></span> <span class='ocrx_word' id='word_1_365' title='bbox 1859 3040 1915 3094; x_wconf 90' lang='lat' dir='ltr'><strong><em>in</em></strong></span> <span class='ocrx_word' id='word_1_366' title='bbox 1945 3057 2124 3096; x_wconf 89' lang='lat' dir='ltr'><strong><em>arcem</em></strong></span> 
     </span>
    </p>
   </div>
   <div class='ocr_carea' id='block_1_46' title="bbox 539 3117 2124 3200">
    <p class='ocr_par' dir='ltr' id='par_1_46' title="bbox 539 3117 2124 3200">
     <span class='ocr_line' id='line_1_47' title="bbox 539 3117 2124 3200; baseline 0.015 -36"><span class='ocrx_word' id='word_1_367' title='bbox 539 3117 968 3184; x_wconf 90' lang='lat' dir='ltr'><strong><em>conscenderet,</em></strong></span> <span class='ocrx_word' id='word_1_368' title='bbox 1003 3128 1058 3174; x_wconf 91' lang='lat' dir='ltr'><strong><em>et</em></strong></span> <span class='ocrx_word' id='word_1_369' title='bbox 1084 3137 1204 3176; x_wconf 90' lang='lat' dir='ltr'><strong><em>eam</em></strong></span> <span class='ocrx_word' id='word_1_370' title='bbox 1233 3135 1479 3195; x_wconf 88' lang='lat' dir='ltr'><strong><em>caperet,</em></strong></span> <span class='ocrx_word' id='word_1_371' title='bbox 1512 3129 1875 3200; x_wconf 88' lang='lat' dir='ltr'><strong><em>principatum</em></strong></span> <span class='ocrx_word' id='word_1_372' title='bbox 1917 3132 2124 3187; x_wconf 64' lang='lat' dir='ltr'><strong><em>militiae</em></strong></span> 
     </span>
    </p>
   </div>
   <div class='ocr_carea' id='block_1_47' title="bbox 536 3190 2195 3289">
    <p class='ocr_par' dir='ltr' id='par_1_47' title="bbox 536 3190 2195 3289">
     <span class='ocr_line' id='line_1_48' title="bbox 536 3190 2195 3289; baseline 0.017 -38"><span class='ocrx_word' id='word_1_373' title='bbox 536 3200 699 3256; x_wconf 89' lang='lat' dir='ltr'><strong><em>totius</em></strong></span> <span class='ocrx_word' id='word_1_374' title='bbox 724 3204 904 3273; x_wconf 90' lang='lat' dir='ltr'><strong><em>populi</em></strong></span> <span class='ocrx_word' id='word_1_375' title='bbox 932 3209 1254 3276; x_wconf 90' lang='lat' dir='ltr'><strong><em>possideret.</em></strong></span> <span class='ocrx_word' id='word_1_376' title='bbox 1293 3190 1727 3289; x_wconf 49' lang='lat' dir='ltr'><strong><em>Cunctis-itaque</em></strong></span> <span class='ocrx_word' id='word_1_377' title='bbox 1751 3223 2118 3278; x_wconf 90' lang='lat' dir='ltr'><strong><em>conscendere</em></strong></span> <span class='ocrx_word' id='word_1_378' title='bbox 2149 3190 2195 3254; x_wconf 62' lang='grc' dir='ltr'>α</span> 
     </span>
    </p>
   </div>
   <div class='ocr_carea' id='block_1_48' title="bbox 534 3283 2123 3380">
    <p class='ocr_par' dir='ltr' id='par_1_48' title="bbox 534 3283 2123 3380">
     <span class='ocr_line' id='line_1_49' title="bbox 534 3283 2123 3380; baseline 0.019 -42"><span class='ocrx_word' id='word_1_379' title='bbox 534 3283 945 3359; x_wconf 82' lang='lat' dir='ltr'><strong><em>festinantibus,</em></strong></span> <span class='ocrx_word' id='word_1_380' title='bbox 974 3305 1029 3350; x_wconf 89' lang='lat' dir='ltr'><strong><em>et</em></strong></span> <span class='ocrx_word' id='word_1_381' title='bbox 1055 3299 1205 3354; x_wconf 92' lang='lat' dir='ltr'><strong><em>nullo</em></strong></span> <span class='ocrx_word' id='word_1_382' title='bbox 1236 3300 1420 3358; x_wconf 87' lang='lat' dir='ltr'><strong><em>labore</em></strong></span> <span class='ocrx_word' id='word_1_383' title='bbox 1455 3320 1553 3373; x_wconf 91' lang='lat' dir='ltr'><strong><em>pro</em></strong></span> <span class='ocrx_word' id='word_1_384' title='bbox 1599 3310 1840 3364; x_wconf 91' lang='lat' dir='ltr'><strong><em>muneris</em></strong></span> <span class='ocrx_word' id='word_1_385' title='bbox 1869 3313 2123 3380; x_wconf 91' lang='lat' dir='ltr'><strong><em>promissi</em></strong></span> 
     </span>
    </p>
   </div>
   <div class='ocr_carea' id='block_1_49' title="bbox 534 3377 2125 3470">
    <p class='ocr_par' dir='ltr' id='par_1_49' title="bbox 534 3377 2125 3470">
     <span class='ocr_line' id='line_1_50' title="bbox 534 3377 2125 3470; baseline 0.019 -42"><span class='ocrx_word' id='word_1_386' title='bbox 534 3377 886 3436; x_wconf 89' lang='lat' dir='ltr'><strong><em>retributione</em></strong></span> <span class='ocrx_word' id='word_1_387' title='bbox 915 3387 1273 3456; x_wconf 89' lang='lat' dir='ltr'><strong><em>tardantibus,</em></strong></span> <span class='ocrx_word' id='word_1_388' title='bbox 1308 3391 1514 3448; x_wconf 66' lang='lat' dir='ltr'><strong><em>Sarviai</em></strong></span> <span class='ocrx_word' id='word_1_389' title='bbox 1539 3396 1682 3452; x_wconf 90' lang='lat' dir='ltr'><strong><em>ﬁlius</em></strong></span> <span class='ocrx_word' id='word_1_390' title='bbox 1709 3397 1844 3453; x_wconf 86' lang='lat' dir='ltr'><strong><em>Joab</em></strong></span> <span class='ocrx_word' id='word_1_391' title='bbox 1863 3377 2125 3470; x_wconf 73' lang='lat' dir='ltr'><strong><em>prtevenit</em></strong></span> 
     </span>
    </p>
   </div>
   <div class='ocr_carea' id='block_1_50' title="bbox 533 3469 2122 3557">
    <p class='ocr_par' dir='ltr' id='par_1_50' title="bbox 533 3469 2122 3557">
     <span class='ocr_line' id='line_1_51' title="bbox 533 3469 2122 3557; baseline 0.024 -38"><span class='ocrx_word' id='word_1_392' title='bbox 533 3469 847 3540; x_wconf 88' lang='lat' dir='ltr'><strong><em>universos,</em></strong></span> <span class='ocrx_word' id='word_1_393' title='bbox 893 3488 948 3532; x_wconf 92' lang='lat' dir='ltr'><strong><em>et</em></strong></span> <span class='ocrx_word' id='word_1_394' title='bbox 985 3488 1281 3544; x_wconf 89' lang='lat' dir='ltr'><strong><em>ascendens</em></strong></span> <span class='ocrx_word' id='word_1_395' title='bbox 1328 3491 1384 3546; x_wconf 90' lang='lat' dir='ltr'><strong><em>in</em></strong></span> <span class='ocrx_word' id='word_1_396' title='bbox 1434 3499 1716 3553; x_wconf 88' lang='lat' dir='ltr'><strong><em>cacumine</em></strong></span> <span class='ocrx_word' id='word_1_397' title='bbox 1755 3500 2008 3556; x_wconf 86' lang='lat' dir='ltr'><strong><em>clamavit</em></strong></span> <span class='ocrx_word' id='word_1_398' title='bbox 2055 3502 2122 3557; x_wconf 88' lang='lat' dir='ltr'><strong><em>ad</em></strong></span> 
     </span>
    </p>
   </div>
   <div class='ocr_carea' id='block_1_51' title="bbox 535 3567 2122 3664">
    <p class='ocr_par' dir='ltr' id='par_1_51' title="bbox 535 3567 2122 3664">
     <span class='ocr_line' id='line_1_52' title="bbox 535 3567 2122 3664; baseline 0.025 -53"><span class='ocrx_word' id='word_1_399' title='bbox 535 3573 738 3630; x_wconf 88' lang='lat' dir='ltr'><strong><em>regem,</em></strong></span> <span class='ocrx_word' id='word_1_400' title='bbox 773 3567 996 3636; x_wconf 80' lang='lat' dir='ltr'><strong><em>exigens</em></strong></span> <span class='ocrx_word' id='word_1_401' title='bbox 1022 3576 1225 3632; x_wconf 81' lang='lat' dir='ltr'><strong><em>militiae</em></strong></span> <span class='ocrx_word' id='word_1_402' title='bbox 1253 3583 1634 3654; x_wconf 87' lang='lat' dir='ltr'><strong><em>principatum.</em></strong></span> <span class='ocrx_word' id='word_1_403' title='bbox 1667 3590 1918 3660; x_wconf 78' lang='lat' dir='ltr'><strong><em>Expulsis</em></strong></span> <span class='ocrx_word' id='word_1_404' title='bbox 1943 3594 2122 3664; x_wconf 87' lang='lat' dir='ltr'><strong><em>itaque</em></strong></span> 
     </span>
    </p>
   </div>
   <div class='ocr_carea' id='block_1_52' title="bbox 533 3653 2122 3741">
    <p class='ocr_par' dir='ltr' id='par_1_52' title="bbox 533 3653 2122 3741">
     <span class='ocr_line' id='line_1_53' title="bbox 533 3653 2122 3741; baseline 0.025 -39"><span class='ocrx_word' id='word_1_405' title='bbox 533 3665 625 3704; x_wconf 78' lang='lat' dir='ltr'><strong><em>rex</em></strong></span> <span class='ocrx_word' id='word_1_406' title='bbox 659 3653 725 3708; x_wconf 90' lang='lat' dir='ltr'><strong><em>de</em></strong></span> <span class='ocrx_word' id='word_1_407' title='bbox 749 3671 959 3715; x_wconf 91' lang='lat' dir='ltr'><strong><em>summa</em></strong></span> <span class='ocrx_word' id='word_1_408' title='bbox 993 3680 1117 3721; x_wconf 88' lang='lat' dir='ltr'><strong><em>arce</em></strong></span> <span class='ocrx_word' id='word_1_409' title='bbox 1143 3667 1435 3741; x_wconf 78' lang='lat' dir='ltr'><strong><em>Jcbusaeis,</em></strong></span> <span class='ocrx_word' id='word_1_410' title='bbox 1465 3685 1521 3731; x_wconf 91' lang='lat' dir='ltr'><strong><em>et</em></strong></span> <span class='ocrx_word' id='word_1_411' title='bbox 1553 3681 1890 3738; x_wconf 70' lang='lat' dir='ltr'><strong><em>reiediﬁeans</em></strong></span> <span class='ocrx_word' id='word_1_412' title='bbox 1931 3686 2122 3739; x_wconf 83' lang='lat' dir='ltr'><strong><em>civita-</em></strong></span> 
     </span>
    </p>
   </div>
   <div class='ocr_carea' id='block_1_53' title="bbox 535 3748 2122 3837">
    <p class='ocr_par' dir='ltr' id='par_1_53' title="bbox 535 3748 2122 3837">
     <span class='ocr_line' id='line_1_54' title="bbox 535 3748 2122 3837; baseline 0.025 -44"><span class='ocrx_word' id='word_1_413' title='bbox 535 3748 642 3795; x_wconf 88' lang='lat' dir='ltr'><strong><em>tem</em></strong></span> <span class='ocrx_word' id='word_1_414' title='bbox 669 3784 683 3809; x_wconf 93' lang='lat'><strong><em>,</em></strong></span> <span class='ocrx_word' id='word_1_415' title='bbox 715 3761 835 3802; x_wconf 92' lang='lat' dir='ltr'><strong><em>eam</em></strong></span> <span class='ocrx_word' id='word_1_416' title='bbox 862 3749 1291 3830; x_wconf 87' lang='lat' dir='ltr'><strong><em>Hierosolymam</em></strong></span> <span class='ocrx_word' id='word_1_417' title='bbox 1317 3770 1680 3837; x_wconf 88' lang='lat' dir='ltr'><strong><em>nuncupavit,</em></strong></span> <span class='ocrx_word' id='word_1_418' title='bbox 1721 3781 1777 3826; x_wconf 92' lang='lat' dir='ltr'><strong><em>et</em></strong></span> <span class='ocrx_word' id='word_1_419' title='bbox 1801 3775 1949 3828; x_wconf 90' lang='lat' dir='ltr'><strong><em>omni</em></strong></span> <span class='ocrx_word' id='word_1_420' title='bbox 1989 3785 2122 3831; x_wconf 91' lang='lat' dir='ltr'><strong><em>lem-</em></strong></span> 
     </span>
    </p>
   </div>
   <div class='ocr_carea' id='block_1_54' title="bbox 531 3837 2118 3935">
    <p class='ocr_par' dir='ltr' id='par_1_54' title="bbox 531 3837 2118 3935">
     <span class='ocr_line' id='line_1_55' title="bbox 531 3837 2118 3935; baseline 0.024 -47"><span class='ocrx_word' id='word_1_421' title='bbox 531 3847 663 3902; x_wconf 90' lang='lat' dir='ltr'><strong><em>pore</em></strong></span> <span class='ocrx_word' id='word_1_422' title='bbox 699 3837 754 3891; x_wconf 91' lang='lat' dir='ltr'><strong><em>in</em></strong></span> <span class='ocrx_word' id='word_1_423' title='bbox 788 3855 853 3895; x_wconf 91' lang='lat' dir='ltr'><strong><em>ea</em></strong></span> <span class='ocrx_word' id='word_1_424' title='bbox 903 3847 985 3900; x_wconf 89' lang='lat' dir='ltr'><strong><em>sui</em></strong></span> <span class='ocrx_word' id='word_1_425' title='bbox 1025 3848 1289 3908; x_wconf 87' lang='lat' dir='ltr'><strong><em>habitavit</em></strong></span> <span class='ocrx_word' id='word_1_426' title='bbox 1331 3857 1562 3926; x_wconf 89' lang='lat' dir='ltr'><strong><em>imperii.</em></strong></span> <span class='ocrx_word' id='word_1_427' title='bbox 1603 3880 1622 3914; x_wconf 79' lang='grc' dir='ltr'><strong><em>ι</em></strong></span> <span class='ocrx_word' id='word_1_428' title='bbox 1671 3863 1897 3935; x_wconf 86' lang='lat' dir='ltr'><strong><em>Mystice</em></strong></span> <span class='ocrx_word' id='word_1_429' title='bbox 1934 3878 2118 3924; x_wconf 86' lang='lat' dir='ltr'><strong><em>autem</em></strong></span> 
     </span>
    </p>
   </div>
   <div class='ocr_carea' id='block_1_55' title="bbox 532 3923 2119 4017">
    <p class='ocr_par' dir='ltr' id='par_1_55' title="bbox 532 3923 2119 4017">
     <span class='ocr_line' id='line_1_56' title="bbox 532 3923 2119 4017; baseline 0.025 -40"><span class='ocrx_word' id='word_1_430' title='bbox 532 3923 703 4017; x_wconf 83' lang='lat' dir='ltr'><strong><em>David</em></strong></span> <span class='ocrx_word' id='word_1_431' title='bbox 747 3927 1051 3993; x_wconf 68' lang='lat' dir='ltr'><strong><em>Jebusaeum</em></strong></span> <span class='ocrx_word' id='word_1_432' title='bbox 1097 3923 1456 4004; x_wconf 82' lang='lat' dir='ltr'><strong><em>habitatorem</em></strong></span> <span class='ocrx_word' id='word_1_433' title='bbox 1505 3962 1664 4010; x_wconf 74' lang='lat' dir='ltr'><strong><em>terra:</em></strong></span> <span class='ocrx_word' id='word_1_434' title='bbox 1716 3923 1782 4011; x_wconf 80' lang='lat' dir='ltr'><strong><em>de</em></strong></span> <span class='ocrx_word' id='word_1_435' title='bbox 1821 3959 2119 4017; x_wconf 88' lang='lat' dir='ltr'><strong><em>Jerusalem</em></strong></span> 
     </span>
    </p>
   </div>
   <div class='ocr_carea' id='block_1_56' title="bbox 532 4016 2120 4108">
    <p class='ocr_par' dir='ltr' id='par_1_56' title="bbox 532 4016 2120 4108">
     <span class='ocr_line' id='line_1_57' title="bbox 532 4016 2120 4108; baseline 0.023 -38"><span class='ocrx_word' id='word_1_436' title='bbox 532 4016 770 4085; x_wconf 89' lang='lat' dir='ltr'><strong><em>ejicicns,</em></strong></span> <span class='ocrx_word' id='word_1_437' title='bbox 812 4025 1084 4096; x_wconf 87' lang='lat' dir='ltr'><strong><em>signiﬁcat</em></strong></span> <span class='ocrx_word' id='word_1_438' title='bbox 1109 4032 1522 4107; x_wconf 88' lang='lat' dir='ltr'><strong><em>Redemptorem</em></strong></span> <span class='ocrx_word' id='word_1_439' title='bbox 1549 4054 1793 4102; x_wconf 88' lang='lat' dir='ltr'><strong><em>nostrum</em></strong></span> <span class='ocrx_word' id='word_1_440' title='bbox 1819 4052 2120 4108; x_wconf 89' lang='lat' dir='ltr'><strong><em>contrarias</em></strong></span> 
     </span>
    </p>
   </div>
   <div class='ocr_carea' id='block_1_57' title="bbox 496 4118 2120 4207">
    <p class='ocr_par' dir='ltr' id='par_1_57' title="bbox 496 4118 2120 4207">
     <span class='ocr_line' id='line_1_58' title="bbox 496 4118 2120 4207; baseline 0.025 -46"><span class='ocrx_word' id='word_1_441' title='bbox 496 4191 499 4195; x_wconf 56' lang='lat'><strong><em>_</em></strong></span> <span class='ocrx_word' id='word_1_442' title='bbox 531 4120 829 4177; x_wconf 88' lang='lat' dir='ltr'><strong><em>potestates</em></strong></span> <span class='ocrx_word' id='word_1_443' title='bbox 859 4118 928 4174; x_wconf 92' lang='lat' dir='ltr'><strong><em>de</em></strong></span> <span class='ocrx_word' id='word_1_444' title='bbox 956 4124 1207 4182; x_wconf 90' lang='lat' dir='ltr'><strong><em>cordibus</em></strong></span> <span class='ocrx_word' id='word_1_445' title='bbox 1237 4130 1468 4189; x_wconf 90' lang='lat' dir='ltr'><strong><em>ﬁdelium</em></strong></span> <span class='ocrx_word' id='word_1_446' title='bbox 1492 4139 1762 4207; x_wconf 82' lang='lat' dir='ltr'><strong><em>expellere</em></strong></span> <span class='ocrx_word' id='word_1_447' title='bbox 1788 4182 1801 4206; x_wconf 95' lang='lat'><strong><em>,</em></strong></span> <span class='ocrx_word' id='word_1_448' title='bbox 1832 4152 1889 4198; x_wconf 87' lang='lat' dir='ltr'><strong><em>et</em></strong></span> <span class='ocrx_word' id='word_1_449' title='bbox 1916 4145 1996 4199; x_wconf 91' lang='lat' dir='ltr'><strong><em>sic</em></strong></span> <span class='ocrx_word' id='word_1_450' title='bbox 2019 4146 2120 4200; x_wconf 90' lang='lat' dir='ltr'><strong><em>ibi-</em></strong></span> 
     </span>
    </p>
   </div>
   <div class='ocr_carea' id='block_1_58' title="bbox 533 4202 2119 4291">
    <p class='ocr_par' dir='ltr' id='par_1_58' title="bbox 533 4202 2119 4291">
     <span class='ocr_line' id='line_1_59' title="bbox 533 4202 2119 4291; baseline 0.025 -38"><span class='ocrx_word' id='word_1_451' title='bbox 533 4202 654 4256; x_wconf 88' lang='lat' dir='ltr'><strong><em>dem</em></strong></span> <span class='ocrx_word' id='word_1_452' title='bbox 687 4221 838 4262; x_wconf 90' lang='lat' dir='ltr'><strong><em>suam</em></strong></span> <span class='ocrx_word' id='word_1_453' title='bbox 871 4213 1204 4272; x_wconf 88' lang='lat' dir='ltr'><strong><em>mansionem</em></strong></span> <span class='ocrx_word' id='word_1_454' title='bbox 1247 4226 1598 4283; x_wconf 89' lang='lat' dir='ltr'><strong><em>constituere.</em></strong></span> <span class='ocrx_word' id='word_1_455' title='bbox 1646 4229 1925 4290; x_wconf 70' lang='lat' dir='ltr'><strong><em>Jebusaius</em></strong></span> <span class='ocrx_word' id='word_1_456' title='bbox 1971 4237 2119 4291; x_wconf 91' lang='lat' dir='ltr'><strong><em>enim</em></strong></span> 
     </span>
    </p>
   </div>
   <div class='ocr_carea' id='block_1_59' title="bbox 535 4291 2117 4393">
    <p class='ocr_par' dir='ltr' id='par_1_59' title="bbox 535 4291 2117 4393">
     <span class='ocr_line' id='line_1_60' title="bbox 535 4291 2117 4393; baseline 0.024 -49"><span class='ocrx_word' id='word_1_457' title='bbox 535 4291 918 4365; x_wconf 88' lang='lat' dir='ltr'><strong><em>interpretatur</em></strong></span> <span class='ocrx_word' id='word_1_458' title='bbox 945 4304 1175 4362; x_wconf 82' lang='lat' dir='ltr'><strong><em>calcatus</em></strong></span> <span class='ocrx_word' id='word_1_459' title='bbox 1220 4326 1239 4364; x_wconf 91' lang='lat'><strong><em>:</em></strong></span> <span class='ocrx_word' id='word_1_460' title='bbox 1283 4311 1583 4372; x_wconf 79' lang='lat' dir='ltr'><strong><em>Jerusalem</em></strong></span> <span class='ocrx_word' id='word_1_461' title='bbox 1625 4321 1752 4374; x_wconf 88' lang='lat' dir='ltr'><strong><em>visio</em></strong></span> <span class='ocrx_word' id='word_1_462' title='bbox 1801 4326 1964 4393; x_wconf 86' lang='lat' dir='ltr'><strong><em>pacis.</em></strong></span> <span class='ocrx_word' id='word_1_463' title='bbox 2000 4326 2117 4382; x_wconf 88' lang='lat' dir='ltr'><strong><em>Non</em></strong></span> 
     </span>
    </p>
   </div>
   <div class='ocr_carea' id='block_1_60' title="bbox 532 4387 2118 4485">
    <p class='ocr_par' dir='ltr' id='par_1_60' title="bbox 532 4387 2118 4485">
     <span class='ocr_line' id='line_1_61' title="bbox 532 4387 2118 4485; baseline 0.024 -46"><span class='ocrx_word' id='word_1_464' title='bbox 532 4387 704 4444; x_wconf 91' lang='lat' dir='ltr'><strong><em>solum</em></strong></span> <span class='ocrx_word' id='word_1_465' title='bbox 747 4395 892 4450; x_wconf 92' lang='lat' dir='ltr'><strong><em>enim</em></strong></span> <span class='ocrx_word' id='word_1_466' title='bbox 934 4397 1196 4459; x_wconf 87' lang='lat' dir='ltr'><strong><em>Dominus</em></strong></span> <span class='ocrx_word' id='word_1_467' title='bbox 1238 4417 1424 4464; x_wconf 90' lang='lat' dir='ltr'><strong><em>noster</em></strong></span> <span class='ocrx_word' id='word_1_468' title='bbox 1459 4427 1560 4480; x_wconf 91' lang='lat' dir='ltr'><strong><em>per</em></strong></span> <span class='ocrx_word' id='word_1_469' title='bbox 1588 4419 1902 4485; x_wconf 91' lang='lat' dir='ltr'><strong><em>mysterium</em></strong></span> <span class='ocrx_word' id='word_1_470' title='bbox 1943 4423 2118 4477; x_wconf 91' lang='lat' dir='ltr'><strong><em>crucis</em></strong></span> 
     </span>
    </p>
   </div>
   <div class='ocr_carea' id='block_1_61' title="bbox 530 4490 2115 4583">
    <p class='ocr_par' dir='ltr' id='par_1_61' title="bbox 530 4490 2115 4583">
     <span class='ocr_line' id='line_1_62' title="bbox 530 4490 2115 4583; baseline 0.023 -49"><span class='ocrx_word' id='word_1_471' title='bbox 530 4496 742 4539; x_wconf 84' lang='lat' dir='ltr'><strong><em>onmem</em></strong></span> <span class='ocrx_word' id='word_1_472' title='bbox 773 4490 1134 4562; x_wconf 88' lang='lat' dir='ltr'><strong><em>principatum</em></strong></span> <span class='ocrx_word' id='word_1_473' title='bbox 1159 4499 1354 4557; x_wconf 88' lang='lat' dir='ltr'><strong><em>diaboli</em></strong></span> <span class='ocrx_word' id='word_1_474' title='bbox 1373 4505 1698 4564; x_wconf 88' lang='lat' dir='ltr'><strong><em>destruendo</em></strong></span> <span class='ocrx_word' id='word_1_475' title='bbox 1719 4511 1819 4566; x_wconf 91' lang='lat' dir='ltr'><strong><em>sibi</em></strong></span> <span class='ocrx_word' id='word_1_476' title='bbox 1852 4520 2115 4583; x_wconf 87' lang='lat' dir='ltr'><strong><em>tropaeum</em></strong></span> 
     </span>
    </p>
   </div>
   <div class='ocr_carea' id='block_1_62' title="bbox 530 4576 2114 4666">
    <p class='ocr_par' dir='ltr' id='par_1_62' title="bbox 530 4576 2114 4666">
     <span class='ocr_line' id='line_1_63' title="bbox 530 4576 2114 4666; baseline 0.023 -43"><span class='ocrx_word' id='word_1_477' title='bbox 530 4576 838 4643; x_wconf 86' lang='lat' dir='ltr'><strong><em>acquisivit,</em></strong></span> <span class='ocrx_word' id='word_1_478' title='bbox 869 4581 977 4636; x_wconf 93' lang='lat' dir='ltr'><strong><em>imo</em></strong></span> <span class='ocrx_word' id='word_1_479' title='bbox 1005 4583 1250 4645; x_wconf 90' lang='lat' dir='ltr'><strong><em>ﬁdelibus</em></strong></span> <span class='ocrx_word' id='word_1_480' title='bbox 1279 4595 1391 4648; x_wconf 91' lang='lat' dir='ltr'><strong><em>suis</em></strong></span> <span class='ocrx_word' id='word_1_481' title='bbox 1421 4611 1586 4666; x_wconf 89' lang='lat' dir='ltr'><strong><em>super</em></strong></span> <span class='ocrx_word' id='word_1_482' title='bbox 1611 4615 1827 4656; x_wconf 91' lang='lat' dir='ltr'><strong><em>omnem</em></strong></span> <span class='ocrx_word' id='word_1_483' title='bbox 1857 4604 2114 4660; x_wconf 89' lang='lat' dir='ltr'><strong><em>virtutem</em></strong></span> 
     </span>
    </p>
   </div>
   <div class='ocr_carea' id='block_1_63' title="bbox 529 4661 2113 4749">
    <p class='ocr_par' dir='ltr' id='par_1_63' title="bbox 529 4661 2113 4749">
     <span class='ocr_line' id='line_1_64' title="bbox 529 4661 2113 4749; baseline 0.023 -37"><span class='ocrx_word' id='word_1_484' title='bbox 529 4661 767 4730; x_wconf 86' lang='lat' dir='ltr'><strong><em>ejusdem</em></strong></span> <span class='ocrx_word' id='word_1_485' title='bbox 812 4671 1017 4740; x_wconf 88' lang='lat' dir='ltr'><strong><em>antiqui</em></strong></span> <span class='ocrx_word' id='word_1_486' title='bbox 1068 4676 1238 4732; x_wconf 90' lang='lat' dir='ltr'><strong><em>hostis</em></strong></span> <span class='ocrx_word' id='word_1_487' title='bbox 1281 4661 1602 4749; x_wconf 73' lang='lat' dir='ltr'><strong><em>potestatem</em></strong></span> <span class='ocrx_word' id='word_1_488' title='bbox 1636 4689 1839 4742; x_wconf 89' lang='lat' dir='ltr'><strong><em>tribuit.</em></strong></span> <span class='ocrx_word' id='word_1_489' title='bbox 1875 4691 2027 4747; x_wconf 89' lang='lat' dir='ltr'><strong><em>Unde</em></strong></span> <span class='ocrx_word' id='word_1_490' title='bbox 2057 4695 2113 4748; x_wconf 91' lang='lat' dir='ltr'><strong><em>in</em></strong></span> 
     </span>
    </p>
   </div>
   <div class='ocr_carea' id='block_1_64' title="bbox 529 4749 2114 4852">
    <p class='ocr_par' dir='ltr' id='par_1_64' title="bbox 529 4749 2114 4852">
     <span class='ocr_line' id='line_1_65' title="bbox 529 4749 2114 4852; baseline 0.023 -50"><span class='ocrx_word' id='word_1_491' title='bbox 529 4749 819 4825; x_wconf 87' lang='lat' dir='ltr'><strong><em>Evangelio</em></strong></span> <span class='ocrx_word' id='word_1_492' title='bbox 869 4762 1146 4834; x_wconf 90' lang='lat' dir='ltr'><strong><em>discipulis</em></strong></span> <span class='ocrx_word' id='word_1_493' title='bbox 1172 4769 1284 4823; x_wconf 91' lang='lat' dir='ltr'><strong><em>suis</em></strong></span> <span class='ocrx_word' id='word_1_494' title='bbox 1309 4772 1385 4824; x_wconf 83' lang='lat' dir='ltr'><strong><em>ait</em></strong></span> <span class='ocrx_word' id='word_1_495' title='bbox 1427 4791 1440 4826; x_wconf 90' lang='lat'>:</span> <span class='ocrx_word' id='word_1_496' title='bbox 1479 4775 1616 4829; x_wconf 88' lang='lat' dir='ltr'><strong><em>Ecce</em></strong></span> <span class='ocrx_word' id='word_1_497' title='bbox 1660 4777 1781 4831; x_wconf 84' lang='lat' dir='ltr'><strong><em>dedi</em></strong></span> <span class='ocrx_word' id='word_1_498' title='bbox 1810 4781 1948 4835; x_wconf 87' lang='lat' dir='ltr'><strong><em>vobis</em></strong></span> <span class='ocrx_word' id='word_1_499' title='bbox 1971 4793 2114 4852; x_wconf 86' lang='lat' dir='ltr'><strong><em>pote-</em></strong></span> 
     </span>
    </p>
   </div>
   <div class='ocr_carea' id='block_1_65' title="bbox 527 4849 2111 4941">
    <p class='ocr_par' dir='ltr' id='par_1_65' title="bbox 527 4849 2111 4941">
     <span class='ocr_line' id='line_1_66' title="bbox 527 4849 2111 4941; baseline 0.021 -47"><span class='ocrx_word' id='word_1_500' title='bbox 527 4851 711 4898; x_wconf 86' lang='lat' dir='ltr'><strong><em>statent</em></strong></span> <span class='ocrx_word' id='word_1_501' title='bbox 739 4849 979 4906; x_wconf 85' lang='lat' dir='ltr'><strong><em>calcandi</em></strong></span> <span class='ocrx_word' id='word_1_502' title='bbox 1015 4873 1170 4925; x_wconf 88' lang='lat' dir='ltr'><strong><em>super</em></strong></span> <span class='ocrx_word' id='word_1_503' title='bbox 1194 4872 1450 4929; x_wconf 83' lang='lat' dir='ltr'><strong><em>serpentes</em></strong></span> <span class='ocrx_word' id='word_1_504' title='bbox 1477 4875 1525 4918; x_wconf 87' lang='lat' dir='ltr'><strong><em>et</em></strong></span> <span class='ocrx_word' id='word_1_505' title='bbox 1551 4883 1709 4938; x_wconf 85' lang='lat' dir='ltr'><strong><em>super</em></strong></span> <span class='ocrx_word' id='word_1_506' title='bbox 1733 4849 2030 4941; x_wconf 81' lang='lat' dir='ltr'><strong><em>scorpiones</em></strong></span> <span class='ocrx_word' id='word_1_507' title='bbox 2062 4885 2111 4928; x_wconf 92' lang='lat' dir='ltr'><strong><em>et</em></strong></span> 
     </span>
    </p>
   </div>
   <div class='ocr_carea' id='block_1_66' title="bbox 527 4945 2108 5034">
    <p class='ocr_par' dir='ltr' id='par_1_66' title="bbox 527 4945 2108 5034">
     <span class='ocr_line' id='line_1_67' title="bbox 527 4945 2108 5034; baseline 0.022 -48"><span class='ocrx_word' id='word_1_508' title='bbox 527 4949 683 5005; x_wconf 84' lang='lat' dir='ltr'><strong><em>super</em></strong></span> <span class='ocrx_word' id='word_1_509' title='bbox 710 4955 913 4996; x_wconf 86' lang='lat' dir='ltr'><strong><em>omnem</em></strong></span> <span class='ocrx_word' id='word_1_510' title='bbox 944 4945 1181 5000; x_wconf 91' lang='lat' dir='ltr'><strong><em>virtutem</em></strong></span> <span class='ocrx_word' id='word_1_511' title='bbox 1204 4949 1402 5006; x_wconf 89' lang='lat' dir='ltr'><strong><em>inimici</em></strong></span> <span class='ocrx_word' id='word_1_512' title='bbox 1428 4954 1578 5026; x_wconf 91' lang='lat' dir='ltr'><strong><em>(Luc.</em></strong></span> <span class='ocrx_word' id='word_1_513' title='bbox 1616 4958 1692 5029; x_wconf 75' lang='grc' dir='ltr'>ιι).</span> <span class='ocrx_word' id='word_1_514' title='bbox 1723 4960 1865 5017; x_wconf 91' lang='lat' dir='ltr'><strong><em>Bene</em></strong></span> <span class='ocrx_word' id='word_1_515' title='bbox 1887 4979 2016 5034; x_wconf 84' lang='lat' dir='ltr'><strong><em>ergo</em></strong></span> <span class='ocrx_word' id='word_1_516' title='bbox 2053 4965 2108 5020; x_wconf 91' lang='lat' dir='ltr'><strong><em>in</em></strong></span> 
     </span>
    </p>
   </div>
   <div class='ocr_carea' id='block_1_67' title="bbox 528 5020 2108 5126">
    <p class='ocr_par' dir='ltr' id='par_1_67' title="bbox 528 5020 2108 5126">
     <span class='ocr_line' id='line_1_68' title="bbox 528 5020 2108 5126; baseline 0.023 -49"><span class='ocrx_word' id='word_1_517' title='bbox 528 5020 667 5126; x_wconf 73' lang='lat' dir='ltr'><strong><em>libro</em></strong></span> <span class='ocrx_word' id='word_1_518' title='bbox 694 5029 901 5101; x_wconf 83' lang='lat' dir='ltr'><strong><em>Regum</em></strong></span> <span class='ocrx_word' id='word_1_519' title='bbox 943 5035 1202 5106; x_wconf 90' lang='lat' dir='ltr'><strong><em>scriptum</em></strong></span> <span class='ocrx_word' id='word_1_520' title='bbox 1233 5053 1316 5097; x_wconf 89' lang='lat' dir='ltr'><strong><em>est</em></strong></span> <span class='ocrx_word' id='word_1_521' title='bbox 1351 5020 1444 5116; x_wconf 85' lang='lat' dir='ltr'><strong><em>(II</em></strong></span> <span class='ocrx_word' id='word_1_522' title='bbox 1469 5045 1596 5119; x_wconf 81' lang='lat' dir='ltr'><strong><em>Reg.</em></strong></span> <span class='ocrx_word' id='word_1_523' title='bbox 1628 5020 1714 5120; x_wconf 78' lang='lat' dir='ltr'><strong><em>v),</em></strong></span> <span class='ocrx_word' id='word_1_524' title='bbox 1744 5056 1887 5123; x_wconf 88' lang='lat' dir='ltr'><strong><em>quod</em></strong></span> <span class='ocrx_word' id='word_1_525' title='bbox 1913 5020 2108 5126; x_wconf 39' lang='lat' dir='ltr'><strong><em>D‘avid,</em></strong></span> 
     </span>
    </p>
   </div>
   <div class='ocr_carea' id='block_1_68' title="bbox 529 5117 2106 5218">
    <p class='ocr_par' dir='ltr' id='par_1_68' title="bbox 529 5117 2106 5218">
     <span class='ocr_line' id='line_1_69' title="bbox 529 5117 2106 5218; baseline 0.023 -49"><span class='ocrx_word' id='word_1_526' title='bbox 529 5117 717 5186; x_wconf 90' lang='lat' dir='ltr'><strong><em>ejectis</em></strong></span> <span class='ocrx_word' id='word_1_527' title='bbox 751 5124 911 5178; x_wconf 84' lang='lat' dir='ltr'><strong><em>caecis</em></strong></span> <span class='ocrx_word' id='word_1_528' title='bbox 932 5135 986 5180; x_wconf 92' lang='lat' dir='ltr'><strong><em>et</em></strong></span> <span class='ocrx_word' id='word_1_529' title='bbox 1011 5129 1242 5199; x_wconf 88' lang='lat' dir='ltr'><strong><em>claudis,</em></strong></span> <span class='ocrx_word' id='word_1_530' title='bbox 1273 5137 1364 5204; x_wconf 91' lang='lat' dir='ltr'><strong><em>qui</em></strong></span> <span class='ocrx_word' id='word_1_531' title='bbox 1393 5139 1624 5196; x_wconf 87' lang='lat' dir='ltr'><strong><em>oderant</em></strong></span> <span class='ocrx_word' id='word_1_532' title='bbox 1650 5145 1887 5202; x_wconf 89' lang='lat' dir='ltr'><strong><em>animam</em></strong></span> <span class='ocrx_word' id='word_1_533' title='bbox 1916 5148 2106 5218; x_wconf 90' lang='lat' dir='ltr'><strong><em>David,</em></strong></span> 
     </span>
    </p>
   </div>
   <div class='ocr_carea' id='block_1_69' title="bbox 530 5209 2106 5308">
    <p class='ocr_par' dir='ltr' id='par_1_69' title="bbox 530 5209 2106 5308">
     <span class='ocr_line' id='line_1_70' title="bbox 530 5209 2106 5308; baseline 0.023 -48"><span class='ocrx_word' id='word_1_534' title='bbox 530 5209 673 5277; x_wconf 89' lang='lat' dir='ltr'><strong><em>cepit</em></strong></span> <span class='ocrx_word' id='word_1_535' title='bbox 697 5226 878 5268; x_wconf 90' lang='lat' dir='ltr'><strong><em>arcem</em></strong></span> <span class='ocrx_word' id='word_1_536' title='bbox 902 5216 1054 5285; x_wconf 90' lang='lat' dir='ltr'><strong><em>Sion,</em></strong></span> <span class='ocrx_word' id='word_1_537' title='bbox 1084 5236 1342 5294; x_wconf 88' lang='lat' dir='ltr'><strong><em>suamque</em></strong></span> <span class='ocrx_word' id='word_1_538' title='bbox 1365 5230 1634 5287; x_wconf 87' lang='lat' dir='ltr'><strong><em>civitatem</em></strong></span> <span class='ocrx_word' id='word_1_539' title='bbox 1663 5249 1782 5289; x_wconf 90' lang='lat' dir='ltr'><strong><em>eam</em></strong></span> <span class='ocrx_word' id='word_1_540' title='bbox 1811 5242 2106 5308; x_wconf 88' lang='lat' dir='ltr'><strong><em>vocaverit,</em></strong></span> 
     </span>
    </p>
   </div>
   <div class='ocr_carea' id='block_1_70' title="bbox 531 5301 2105 5396">
    <p class='ocr_par' dir='ltr' id='par_1_70' title="bbox 531 5301 2105 5396">
     <span class='ocr_line' id='line_1_71' title="bbox 531 5301 2105 5396; baseline 0.022 -43"><span class='ocrx_word' id='word_1_541' title='bbox 531 5301 658 5370; x_wconf 90' lang='lat' dir='ltr'><strong><em>quia</em></strong></span> <span class='ocrx_word' id='word_1_542' title='bbox 707 5304 832 5358; x_wconf 88' lang='lat' dir='ltr'><strong><em>dum</em></strong></span> <span class='ocrx_word' id='word_1_543' title='bbox 873 5305 1120 5367; x_wconf 89' lang='lat' dir='ltr'><strong><em>Salvator</em></strong></span> <span class='ocrx_word' id='word_1_544' title='bbox 1168 5327 1353 5374; x_wconf 85' lang='lat' dir='ltr'><strong><em>noster</em></strong></span> <span class='ocrx_word' id='word_1_545' title='bbox 1399 5323 1663 5396; x_wconf 88' lang='lat' dir='ltr'><strong><em>malignos</em></strong></span> <span class='ocrx_word' id='word_1_546' title='bbox 1711 5328 1932 5396; x_wconf 87' lang='lat' dir='ltr'><strong><em>spiritus</em></strong></span> <span class='ocrx_word' id='word_1_547' title='bbox 1982 5301 2105 5387; x_wconf 77' lang='lat' dir='ltr'><strong><em>cuni</em></strong></span> 
     </span>
    </p>
   </div>
   <div class='ocr_carea' id='block_1_71' title="bbox 531 5395 2106 5494">
    <p class='ocr_par' dir='ltr' id='par_1_71' title="bbox 531 5395 2106 5494">
     <span class='ocr_line' id='line_1_72' title="bbox 531 5395 2106 5494; baseline 0.021 -47"><span class='ocrx_word' id='word_1_548' title='bbox 531 5395 690 5447; x_wconf 87' lang='lat' dir='ltr'><strong><em>turba</em></strong></span> <span class='ocrx_word' id='word_1_549' title='bbox 716 5395 970 5456; x_wconf 89' lang='lat' dir='ltr'><strong><em>vitiorum</em></strong></span> <span class='ocrx_word' id='word_1_550' title='bbox 997 5403 1065 5458; x_wconf 90' lang='lat' dir='ltr'><strong><em>de</em></strong></span> <span class='ocrx_word' id='word_1_551' title='bbox 1089 5408 1269 5465; x_wconf 90' lang='lat' dir='ltr'><strong><em>anima</em></strong></span> <span class='ocrx_word' id='word_1_552' title='bbox 1295 5395 1827 5489; x_wconf 12' lang='lat' dir='ltr'><strong><em>qualibeticxpulerit</em></strong></span> <span class='ocrx_word' id='word_1_553' title='bbox 1851 5464 1866 5488; x_wconf 93' lang='lat'><strong><em>,</em></strong></span> <span class='ocrx_word' id='word_1_554' title='bbox 1898 5424 2106 5494; x_wconf 89' lang='lat' dir='ltr'><strong><em>sibique</em></strong></span> 
     </span>
    </p>
   </div>
   <div class='ocr_carea' id='block_1_72' title="bbox 530 5489 2111 5583">
    <p class='ocr_par' dir='ltr' id='par_1_72' title="bbox 530 5489 2111 5583">
     <span class='ocr_line' id='line_1_73' title="bbox 530 5489 2111 5583; baseline 0.023 -47"><span class='ocrx_word' id='word_1_555' title='bbox 530 5499 652 5538; x_wconf 90' lang='lat' dir='ltr'><strong><em>eam</em></strong></span> <span class='ocrx_word' id='word_1_556' title='bbox 677 5500 774 5555; x_wconf 88' lang='lat' dir='ltr'><strong><em>per</em></strong></span> <span class='ocrx_word' id='word_1_557' title='bbox 800 5489 1244 5556; x_wconf 89' lang='lat' dir='ltr'><strong><em>illuminationem</em></strong></span> <span class='ocrx_word' id='word_1_558' title='bbox 1283 5508 1560 5576; x_wconf 83' lang='lat' dir='ltr'><strong><em>sapientiae</em></strong></span> <span class='ocrx_word' id='word_1_559' title='bbox 1590 5516 1964 5583; x_wconf 89' lang='lat' dir='ltr'><strong><em>usurpaverit;</em></strong></span> <span class='ocrx_word' id='word_1_560' title='bbox 1997 5532 2111 5571; x_wconf 89' lang='lat' dir='ltr'><strong><em>me-</em></strong></span> 
     </span>
    </p>
   </div>
   <div class='ocr_carea' id='block_1_73' title="bbox 529 5573 2108 5674">
    <p class='ocr_par' dir='ltr' id='par_1_73' title="bbox 529 5573 2108 5674">
     <span class='ocr_line' id='line_1_74' title="bbox 529 5573 2108 5674; baseline 0.022 -45"><span class='ocrx_word' id='word_1_561' title='bbox 529 5573 637 5630; x_wconf 86' lang='lat' dir='ltr'><strong><em>rito</em></strong></span> <span class='ocrx_word' id='word_1_562' title='bbox 665 5591 762 5635; x_wconf 81' lang='lat' dir='ltr'><strong><em>arx</em></strong></span> <span class='ocrx_word' id='word_1_563' title='bbox 793 5582 940 5649; x_wconf 92' lang='lat' dir='ltr'><strong><em>Sion,</em></strong></span> <span class='ocrx_word' id='word_1_564' title='bbox 975 5586 1029 5642; x_wconf 92' lang='lat' dir='ltr'><strong><em>id</em></strong></span> <span class='ocrx_word' id='word_1_565' title='bbox 1054 5598 1156 5657; x_wconf 90' lang='lat' dir='ltr'><strong><em>est,</em></strong></span> <span class='ocrx_word' id='word_1_566' title='bbox 1183 5573 1548 5662; x_wconf 80' lang='lat' dir='ltr'><strong><em>speculationis</em></strong></span> <span class='ocrx_word' id='word_1_567' title='bbox 1576 5611 1631 5655; x_wconf 92' lang='lat' dir='ltr'><strong><em>et</em></strong></span> <span class='ocrx_word' id='word_1_568' title='bbox 1658 5573 1784 5656; x_wconf 70' lang='lat' dir='ltr'><strong><em>visio</em></strong></span> <span class='ocrx_word' id='word_1_569' title='bbox 1817 5605 1981 5674; x_wconf 84' lang='lat' dir='ltr'><strong><em>pacis,</em></strong></span> <span class='ocrx_word' id='word_1_570' title='bbox 2010 5622 2108 5662; x_wconf 86' lang='lat' dir='ltr'><strong><em>vo-</em></strong></span> 
     </span>
    </p>
   </div>
   <div class='ocr_carea' id='block_1_74' title="bbox 531 5670 2109 5764">
    <p class='ocr_par' dir='ltr' id='par_1_74' title="bbox 531 5670 2109 5764">
     <span class='ocr_line' id='line_1_75' title="bbox 531 5670 2109 5764; baseline 0.019 -39"><span class='ocrx_word' id='word_1_571' title='bbox 531 5670 774 5741; x_wconf 86' lang='lat' dir='ltr'><strong><em>cabitur,</em></strong></span> <span class='ocrx_word' id='word_1_572' title='bbox 807 5685 968 5748; x_wconf 89' lang='lat' dir='ltr'><strong><em>atque</em></strong></span> <span class='ocrx_word' id='word_1_573' title='bbox 985 5680 1060 5760; x_wconf 83' lang='lat' dir='ltr'><strong><em>de</em></strong></span> <span class='ocrx_word' id='word_1_574' title='bbox 1099 5697 1161 5738; x_wconf 90' lang='lat' dir='ltr'><strong><em>ea</em></strong></span> <span class='ocrx_word' id='word_1_575' title='bbox 1195 5693 1324 5743; x_wconf 92' lang='lat' dir='ltr'><strong><em>tunc</em></strong></span> <span class='ocrx_word' id='word_1_576' title='bbox 1355 5701 1501 5748; x_wconf 90' lang='lat' dir='ltr'><strong><em>recte</em></strong></span> <span class='ocrx_word' id='word_1_577' title='bbox 1530 5711 1626 5764; x_wconf 83' lang='lat' dir='ltr'><strong><em>per</em></strong></span> <span class='ocrx_word' id='word_1_578' title='bbox 1655 5670 2002 5753; x_wconf 85' lang='lat' dir='ltr'><strong><em>Psalmistam</em></strong></span> <span class='ocrx_word' id='word_1_579' title='bbox 2029 5699 2109 5754; x_wconf 89' lang='lat' dir='ltr'><strong><em>di-</em></strong></span> 
     </span>
    </p>
   </div>
   <div class='ocr_carea' id='block_1_75' title="bbox 527 5766 2108 5863">
    <p class='ocr_par' dir='ltr' id='par_1_75' title="bbox 527 5766 2108 5863">
     <span class='ocr_line' id='line_1_76' title="bbox 527 5766 2108 5863; baseline 0.016 -43"><span class='ocrx_word' id='word_1_580' title='bbox 527 5766 672 5824; x_wconf 79' lang='lat' dir='ltr'><strong><em>eitur</em></strong></span> <span class='ocrx_word' id='word_1_581' title='bbox 711 5787 724 5853; x_wconf 66' lang='grc' dir='ltr'>ξ</span> <span class='ocrx_word' id='word_1_582' title='bbox 760 5773 933 5832; x_wconf 83' lang='lat' dir='ltr'><strong><em>Notus</em></strong></span> <span class='ocrx_word' id='word_1_583' title='bbox 975 5779 1030 5835; x_wconf 90' lang='lat' dir='ltr'><strong><em>in</em></strong></span> <span class='ocrx_word' id='word_1_584' title='bbox 1072 5781 1265 5837; x_wconf 77' lang='lat' dir='ltr'><strong><em>Juda&#39;a</em></strong></span> <span class='ocrx_word' id='word_1_585' title='bbox 1313 5783 1484 5852; x_wconf 87' lang='lat' dir='ltr'><strong><em>Deus,</em></strong></span> <span class='ocrx_word' id='word_1_586' title='bbox 1533 5785 1584 5838; x_wconf 90' lang='lat' dir='ltr'><strong><em>in</em></strong></span> <span class='ocrx_word' id='word_1_587' title='bbox 1642 5785 1811 5844; x_wconf 87' lang='lat' dir='ltr'><strong><em>Israel</em></strong></span> <span class='ocrx_word' id='word_1_588' title='bbox 1861 5804 2108 5863; x_wconf 85' lang='lat' dir='ltr'><strong><em>magnum</em></strong></span> 
     </span>
    </p>
   </div>
   <div class='ocr_carea' id='block_1_76' title="bbox 2240 1935 3749 2008">
    <p class='ocr_par' dir='ltr' id='par_1_76' title="bbox 2240 1935 3749 2008">
     <span class='ocr_line' id='line_1_77' title="bbox 2240 1935 3749 2008; baseline -0.001 -18"><span class='ocrx_word' id='word_1_589' title='bbox 2240 1935 2665 2008; x_wconf 87' lang='lat' dir='ltr'><strong><em>Hierosolymam</em></strong></span> <span class='ocrx_word' id='word_1_590' title='bbox 2693 1938 3104 2007; x_wconf 89' lang='lat' dir='ltr'><strong><em>nuncupaverit.</em></strong></span> <span class='ocrx_word' id='word_1_591' title='bbox 3140 1935 3278 1991; x_wconf 86' lang='lat' dir='ltr'><strong><em>Nam</em></strong></span> <span class='ocrx_word' id='word_1_592' title='bbox 3311 1937 3410 1991; x_wconf 89' lang='lat' dir='ltr'><strong><em>sub</em></strong></span> <span class='ocrx_word' id='word_1_593' title='bbox 3431 1935 3668 1991; x_wconf 85' lang='lat' dir='ltr'><strong><em>Abraham</em></strong></span> <span class='ocrx_word' id='word_1_594' title='bbox 3691 1949 3749 2004; x_wconf 83' lang='lat' dir='ltr'><strong><em>pa-</em></strong></span> 
     </span>
    </p>
   </div>
   <div class='ocr_carea' id='block_1_77' title="bbox 2238 2028 3746 2101">
    <p class='ocr_par' dir='ltr' id='par_1_77' title="bbox 2238 2028 3746 2101">
     <span class='ocr_line' id='line_1_78' title="bbox 2238 2028 3746 2101; baseline -0.002 -17"><span class='ocrx_word' id='word_1_595' title='bbox 2238 2030 2477 2084; x_wconf 88' lang='lat' dir='ltr'><strong><em>triarcha</em></strong></span> <span class='ocrx_word' id='word_1_596' title='bbox 2524 2028 2741 2101; x_wconf 86' lang='lat' dir='ltr'><strong><em>Solyma</em></strong></span> <span class='ocrx_word' id='word_1_597' title='bbox 2788 2031 3105 2087; x_wconf 88' lang='lat' dir='ltr'><strong><em>vocabatur.</em></strong></span> <span class='ocrx_word' id='word_1_598' title='bbox 3155 2030 3387 2098; x_wconf 84' lang='lat' dir='ltr'><strong><em>Quidam</em></strong></span> <span class='ocrx_word' id='word_1_599' title='bbox 3435 2046 3555 2085; x_wconf 92' lang='lat' dir='ltr'><strong><em>vero</em></strong></span> <span class='ocrx_word' id='word_1_600' title='bbox 3600 2029 3746 2091; x_wconf 85' lang='lat' dir='ltr'><strong><em>dicunt,</em></strong></span> 
     </span>
    </p>
   </div>
   <div class='ocr_carea' id='block_1_78' title="bbox 2237 2121 3744 2194">
    <p class='ocr_par' dir='ltr' id='par_1_78' title="bbox 2237 2121 3744 2194">
     <span class='ocr_line' id='line_1_79' title="bbox 2237 2121 3744 2194; baseline -0.001 -21"><span class='ocrx_word' id='word_1_601' title='bbox 2237 2121 2379 2190; x_wconf 89' lang='lat' dir='ltr'><strong><em>quod</em></strong></span> <span class='ocrx_word' id='word_1_602' title='bbox 2407 2129 2463 2174; x_wconf 88' lang='lat' dir='ltr'><strong><em>et</em></strong></span> <span class='ocrx_word' id='word_1_603' title='bbox 2490 2121 2756 2177; x_wconf 86' lang='lat' dir='ltr'><strong><em>Homerus</em></strong></span> <span class='ocrx_word' id='word_1_604' title='bbox 2784 2132 2974 2193; x_wconf 89' lang='lat' dir='ltr'><strong><em>postea</em></strong></span> <span class='ocrx_word' id='word_1_605' title='bbox 2995 2122 3424 2194; x_wconf 81' lang='lat' dir='ltr'><strong><em>Hierosolymam</em></strong></span> <span class='ocrx_word' id='word_1_606' title='bbox 3447 2121 3744 2176; x_wconf 77' lang='lat' dir='ltr'><strong><em>nominaverit.</em></strong></span> 
     </span>
    </p>
   </div>
   <div class='ocr_carea' id='block_1_79' title="bbox 2236 2209 3746 2284">
    <p class='ocr_par' dir='ltr' id='par_1_79' title="bbox 2236 2209 3746 2284">
     <span class='ocr_line' id='line_1_80' title="bbox 2236 2209 3746 2284; baseline -0.001 -20"><span class='ocrx_word' id='word_1_607' title='bbox 2236 2210 2434 2266; x_wconf 84' lang='lat' dir='ltr'><strong><em>Hieron</em></strong></span> <span class='ocrx_word' id='word_1_608' title='bbox 2477 2211 2620 2265; x_wconf 88' lang='lat' dir='ltr'><strong><em>enim</em></strong></span> <span class='ocrx_word' id='word_1_609' title='bbox 2674 2211 2899 2268; x_wconf 70' lang='lat' dir='ltr'><strong><em>Hebraia</em></strong></span> <span class='ocrx_word' id='word_1_610' title='bbox 2951 2213 3132 2284; x_wconf 89' lang='lat' dir='ltr'><strong><em>lingua</em></strong></span> <span class='ocrx_word' id='word_1_611' title='bbox 3188 2212 3412 2265; x_wconf 86' lang='lat' dir='ltr'><strong><em>munitio</em></strong></span> <span class='ocrx_word' id='word_1_612' title='bbox 3456 2218 3550 2266; x_wconf 88' lang='lat' dir='ltr'><strong><em>est.</em></strong></span> <span class='ocrx_word' id='word_1_613' title='bbox 3585 2209 3746 2280; x_wconf 81' lang='lat' dir='ltr'><strong><em>Mystice</em></strong></span> 
     </span>
    </p>
   </div>
   <div class='ocr_carea' id='block_1_80' title="bbox 2236 2301 3742 2374">
    <p class='ocr_par' dir='ltr' id='par_1_80' title="bbox 2236 2301 3742 2374">
     <span class='ocr_line' id='line_1_81' title="bbox 2236 2301 3742 2374; baseline -0.001 -18"><span class='ocrx_word' id='word_1_614' title='bbox 2236 2311 2417 2357; x_wconf 88' lang='lat' dir='ltr'><strong><em>autem</em></strong></span> <span class='ocrx_word' id='word_1_615' title='bbox 2447 2303 2589 2372; x_wconf 91' lang='lat' dir='ltr'><strong><em>quod</em></strong></span> <span class='ocrx_word' id='word_1_616' title='bbox 2623 2304 2794 2358; x_wconf 88' lang='lat' dir='ltr'><strong><em>David</em></strong></span> <span class='ocrx_word' id='word_1_617' title='bbox 2827 2305 3017 2360; x_wconf 89' lang='lat' dir='ltr'><strong><em>urbem</em></strong></span> <span class='ocrx_word' id='word_1_618' title='bbox 3055 2303 3350 2359; x_wconf 87' lang='lat' dir='ltr'><strong><em>aediﬁcavit</em></strong></span> <span class='ocrx_word' id='word_1_619' title='bbox 3383 2318 3478 2374; x_wconf 85' lang='lat' dir='ltr'><strong><em>per</em></strong></span> <span class='ocrx_word' id='word_1_620' title='bbox 3507 2301 3742 2364; x_wconf 89' lang='lat' dir='ltr'><strong><em>circuitum,</em></strong></span> 
     </span>
    </p>
   </div>
   <div class='ocr_carea' id='block_1_81' title="bbox 2235 2391 3744 2467">
    <p class='ocr_par' dir='ltr' id='par_1_81' title="bbox 2235 2391 3744 2467">
     <span class='ocr_line' id='line_1_82' title="bbox 2235 2391 3744 2467; baseline -0.005 -17"><span class='ocrx_word' id='word_1_621' title='bbox 2235 2395 2509 2467; x_wconf 85' lang='lat' dir='ltr'><strong><em>signiﬁcat</em></strong></span> <span class='ocrx_word' id='word_1_622' title='bbox 2556 2396 2831 2451; x_wconf 89' lang='lat' dir='ltr'><strong><em>Christum</em></strong></span> <span class='ocrx_word' id='word_1_623' title='bbox 2878 2399 2933 2451; x_wconf 93' lang='lat' dir='ltr'><strong><em>in</em></strong></span> <span class='ocrx_word' id='word_1_624' title='bbox 2983 2395 3164 2451; x_wconf 71' lang='lat' dir='ltr'><strong><em>Judiea</em></strong></span> <span class='ocrx_word' id='word_1_625' title='bbox 3207 2397 3441 2467; x_wconf 91' lang='lat' dir='ltr'><strong><em>primum</em></strong></span> <span class='ocrx_word' id='word_1_626' title='bbox 3473 2391 3744 2462; x_wconf 85' lang='lat' dir='ltr'><strong><em>Evangelium</em></strong></span> 
     </span>
    </p>
   </div>
   <div class='ocr_carea' id='block_1_82' title="bbox 2231 2485 3743 2557">
    <p class='ocr_par' dir='ltr' id='par_1_82' title="bbox 2231 2485 3743 2557">
     <span class='ocr_line' id='line_1_83' title="bbox 2231 2485 3743 2557; baseline -0.004 -17"><span class='ocrx_word' id='word_1_627' title='bbox 2231 2487 2580 2557; x_wconf 75' lang='lat' dir='ltr'><strong><em>praidicasse,</em></strong></span> <span class='ocrx_word' id='word_1_628' title='bbox 2623 2499 2677 2542; x_wconf 87' lang='lat' dir='ltr'><strong><em>et</em></strong></span> <span class='ocrx_word' id='word_1_629' title='bbox 2720 2488 3016 2543; x_wconf 86' lang='lat' dir='ltr'><strong><em>Ecclesiam</em></strong></span> <span class='ocrx_word' id='word_1_630' title='bbox 3046 2504 3202 2542; x_wconf 90' lang='lat' dir='ltr'><strong><em>suam</em></strong></span> <span class='ocrx_word' id='word_1_631' title='bbox 3233 2487 3360 2542; x_wconf 90' lang='lat' dir='ltr'><strong><em>ﬁdei</em></strong></span> <span class='ocrx_word' id='word_1_632' title='bbox 3389 2502 3495 2542; x_wconf 75' lang='lat' dir='ltr'><strong><em>sua:</em></strong></span> <span class='ocrx_word' id='word_1_633' title='bbox 3521 2485 3743 2538; x_wconf 85' lang='lat' dir='ltr'><strong><em>munitione</em></strong></span> 
     </span>
    </p>
   </div>
   <div class='ocr_carea' id='block_1_83' title="bbox 2231 2573 3741 2648">
    <p class='ocr_par' dir='ltr' id='par_1_83' title="bbox 2231 2573 3741 2648">
     <span class='ocr_line' id='line_1_84' title="bbox 2231 2573 3741 2648; baseline -0.003 -16"><span class='ocrx_word' id='word_1_634' title='bbox 2231 2579 2470 2648; x_wconf 91' lang='lat' dir='ltr'><strong><em>undique</em></strong></span> <span class='ocrx_word' id='word_1_635' title='bbox 2514 2581 2901 2635; x_wconf 90' lang='lat' dir='ltr'><strong><em>circumdando</em></strong></span> <span class='ocrx_word' id='word_1_636' title='bbox 2949 2581 3211 2635; x_wconf 88' lang='lat' dir='ltr'><strong><em>ﬁrmasse.</em></strong></span> <span class='ocrx_word' id='word_1_637' title='bbox 3259 2579 3411 2648; x_wconf 84' lang='lat' dir='ltr'><strong><em>Quod</em></strong></span> <span class='ocrx_word' id='word_1_638' title='bbox 3455 2588 3613 2632; x_wconf 86' lang='lat' dir='ltr'><strong><em>autem</em></strong></span> <span class='ocrx_word' id='word_1_639' title='bbox 3652 2573 3741 2628; x_wconf 82' lang='lat' dir='ltr'><strong><em>Joab</em></strong></span> 
     </span>
    </p>
   </div>
   <div class='ocr_carea' id='block_1_84' title="bbox 2230 2669 3742 2742">
    <p class='ocr_par' dir='ltr' id='par_1_84' title="bbox 2230 2669 3742 2742">
     <span class='ocr_line' id='line_1_85' title="bbox 2230 2669 3742 2742; baseline -0.007 -16"><span class='ocrx_word' id='word_1_640' title='bbox 2230 2671 2435 2740; x_wconf 90' lang='lat' dir='ltr'><strong><em>reliqua</em></strong></span> <span class='ocrx_word' id='word_1_641' title='bbox 2470 2672 2617 2727; x_wconf 92' lang='lat' dir='ltr'><strong><em>urbis</em></strong></span> <span class='ocrx_word' id='word_1_642' title='bbox 2643 2671 2941 2737; x_wconf 85' lang='lat' dir='ltr'><strong><em>exstruxit,</em></strong></span> <span class='ocrx_word' id='word_1_643' title='bbox 2990 2670 3264 2742; x_wconf 88' lang='lat' dir='ltr'><strong><em>signiﬁcat</em></strong></span> <span class='ocrx_word' id='word_1_644' title='bbox 3293 2669 3555 2740; x_wconf 91' lang='lat' dir='ltr'><strong><em>apostolos</em></strong></span> <span class='ocrx_word' id='word_1_645' title='bbox 3579 2674 3623 2720; x_wconf 88' lang='lat' dir='ltr'><strong><em>et</em></strong></span> <span class='ocrx_word' id='word_1_646' title='bbox 3649 2679 3742 2734; x_wconf 49' lang='lat' dir='ltr'><strong><em>prie.</em></strong></span> 
     </span>
    </p>
   </div>
   <div class='ocr_carea' id='block_1_85' title="bbox 2229 2757 3740 2836">
    <p class='ocr_par' dir='ltr' id='par_1_85' title="bbox 2229 2757 3740 2836">
     <span class='ocr_line' id='line_1_86' title="bbox 2229 2757 3740 2836; baseline -0.008 -17"><span class='ocrx_word' id='word_1_647' title='bbox 2229 2764 2500 2820; x_wconf 89' lang='lat' dir='ltr'><strong><em>dieatorcs</em></strong></span> <span class='ocrx_word' id='word_1_648' title='bbox 2527 2764 2805 2836; x_wconf 88' lang='lat' dir='ltr'><strong><em>Evangelii</em></strong></span> <span class='ocrx_word' id='word_1_649' title='bbox 2834 2773 2956 2834; x_wconf 90' lang='lat' dir='ltr'><strong><em>post</em></strong></span> <span class='ocrx_word' id='word_1_650' title='bbox 2994 2764 3328 2833; x_wconf 88' lang='lat' dir='ltr'><strong><em>passionem,</em></strong></span> <span class='ocrx_word' id='word_1_651' title='bbox 3355 2757 3740 2816; x_wconf 87' lang='lat' dir='ltr'><strong><em>Resurrectionem</em></strong></span> 
     </span>
    </p>
   </div>
   <div class='ocr_carea' id='block_1_86' title="bbox 2229 2848 3738 2921">
    <p class='ocr_par' dir='ltr' id='par_1_86' title="bbox 2229 2848 3738 2921">
     <span class='ocr_line' id='line_1_87' title="bbox 2229 2848 3738 2921; baseline -0.007 -9"><span class='ocrx_word' id='word_1_652' title='bbox 2229 2865 2284 2912; x_wconf 89' lang='lat' dir='ltr'><strong><em>et</em></strong></span> <span class='ocrx_word' id='word_1_653' title='bbox 2314 2857 2702 2913; x_wconf 89' lang='lat' dir='ltr'><strong><em>Ascensionem</em></strong></span> <span class='ocrx_word' id='word_1_654' title='bbox 2729 2858 2944 2912; x_wconf 92' lang='lat' dir='ltr'><strong><em>Domini</em></strong></span> <span class='ocrx_word' id='word_1_655' title='bbox 2971 2858 3039 2912; x_wconf 90' lang='lat' dir='ltr'><strong><em>ad</em></strong></span> <span class='ocrx_word' id='word_1_656' title='bbox 3065 2858 3237 2913; x_wconf 89' lang='lat' dir='ltr'><strong><em>coelos</em></strong></span> <span class='ocrx_word' id='word_1_657' title='bbox 3265 2857 3502 2912; x_wconf 86' lang='lat' dir='ltr'><strong><em>doctrina</em></strong></span> <span class='ocrx_word' id='word_1_658' title='bbox 3523 2869 3604 2908; x_wconf 86' lang='lat' dir='ltr'><strong><em>sua</em></strong></span> <span class='ocrx_word' id='word_1_659' title='bbox 3627 2848 3738 2921; x_wconf 90' lang='lat' dir='ltr'><strong><em>pluri-</em></strong></span> 
     </span>
    </p>
   </div>
   <div class='ocr_carea' id='block_1_87' title="bbox 2228 2947 3738 3023">
    <p class='ocr_par' dir='ltr' id='par_1_87' title="bbox 2228 2947 3738 3023">
     <span class='ocr_line' id='line_1_88' title="bbox 2228 2947 3738 3023; baseline -0.004 -19"><span class='ocrx_word' id='word_1_660' title='bbox 2228 2967 2347 3007; x_wconf 91' lang='lat' dir='ltr'><strong><em>mos</em></strong></span> <span class='ocrx_word' id='word_1_661' title='bbox 2393 2953 2459 3006; x_wconf 90' lang='lat' dir='ltr'><strong><em>de</em></strong></span> <span class='ocrx_word' id='word_1_662' title='bbox 2508 2953 2754 3023; x_wconf 84' lang='lat' dir='ltr'><strong><em>gentibus</em></strong></span> <span class='ocrx_word' id='word_1_663' title='bbox 2801 2953 2867 3006; x_wconf 91' lang='lat' dir='ltr'><strong><em>ad</em></strong></span> <span class='ocrx_word' id='word_1_664' title='bbox 2901 2951 3061 3006; x_wconf 88' lang='lat' dir='ltr'><strong><em>ﬁdem</em></strong></span> <span class='ocrx_word' id='word_1_665' title='bbox 3106 2949 3312 3006; x_wconf 87' lang='lat' dir='ltr'><strong><em>Christi</em></strong></span> <span class='ocrx_word' id='word_1_666' title='bbox 3355 2947 3676 3005; x_wconf 87' lang='lat' dir='ltr'><strong><em>convertisse.</em></strong></span> <span class='ocrx_word' id='word_1_667' title='bbox 3702 2949 3738 2992; x_wconf 79' lang='lat' dir='ltr'><strong><em>ut</em></strong></span> 
     </span>
    </p>
   </div>
   <div class='ocr_carea' id='block_1_88' title="bbox 2227 3032 3738 3114">
    <p class='ocr_par' dir='ltr' id='par_1_88' title="bbox 2227 3032 3738 3114">
     <span class='ocr_line' id='line_1_89' title="bbox 2227 3032 3738 3114; baseline -0.01 -16"><span class='ocrx_word' id='word_1_668' title='bbox 2227 3052 2604 3114; x_wconf 89' lang='lat' dir='ltr'><strong><em>cooperatores</em></strong></span> <span class='ocrx_word' id='word_1_669' title='bbox 2642 3053 2823 3099; x_wconf 90' lang='lat' dir='ltr'><strong><em>essent</em></strong></span> <span class='ocrx_word' id='word_1_670' title='bbox 2853 3044 3021 3114; x_wconf 92' lang='lat' dir='ltr'><strong><em>ipsius</em></strong></span> <span class='ocrx_word' id='word_1_671' title='bbox 3061 3043 3311 3097; x_wconf 87' lang='lat' dir='ltr'><strong><em>veritatis</em></strong></span> <span class='ocrx_word' id='word_1_672' title='bbox 3331 3083 3346 3108; x_wconf 91' lang='lat'><strong><em>,</em></strong></span> <span class='ocrx_word' id='word_1_673' title='bbox 3377 3049 3430 3096; x_wconf 91' lang='lat' dir='ltr'><strong><em>et</em></strong></span> <span class='ocrx_word' id='word_1_674' title='bbox 3470 3055 3559 3109; x_wconf 90' lang='lat' dir='ltr'><strong><em>pro</em></strong></span> <span class='ocrx_word' id='word_1_675' title='bbox 3587 3032 3738 3091; x_wconf 89' lang='lat' dir='ltr'><strong><em>modqu</em></strong></span> 
     </span>
    </p>
   </div>
   <div class='ocr_carea' id='block_1_89' title="bbox 2229 3135 3737 3204">
    <p class='ocr_par' dir='ltr' id='par_1_89' title="bbox 2229 3135 3737 3204">
     <span class='ocr_line' id='line_1_90' title="bbox 2229 3135 3737 3204; baseline -0.007 -16"><span class='ocrx_word' id='word_1_676' title='bbox 2229 3150 2329 3190; x_wconf 79' lang='lat' dir='ltr'><strong><em>suo</em></strong></span> <span class='ocrx_word' id='word_1_677' title='bbox 2351 3135 2630 3204; x_wconf 86' lang='lat' dir='ltr'><strong><em>spirituale</em></strong></span> <span class='ocrx_word' id='word_1_678' title='bbox 2669 3136 2959 3191; x_wconf 82' lang='lat' dir='ltr'><strong><em>aediﬁcium</em></strong></span> <span class='ocrx_word' id='word_1_679' title='bbox 3001 3135 3097 3190; x_wconf 90' lang='lat' dir='ltr'><strong><em>Dei</em></strong></span> <span class='ocrx_word' id='word_1_680' title='bbox 3129 3136 3321 3190; x_wconf 86' lang='lat' dir='ltr'><strong><em>devota</em></strong></span> <span class='ocrx_word' id='word_1_681' title='bbox 3351 3140 3521 3187; x_wconf 90' lang='lat' dir='ltr'><strong><em>mente</em></strong></span> <span class='ocrx_word' id='word_1_682' title='bbox 3570 3143 3622 3182; x_wconf 88' lang='lat' dir='ltr'><strong><em>ac</em></strong></span> <span class='ocrx_word' id='word_1_683' title='bbox 3647 3135 3737 3179; x_wconf 84' lang='lat' dir='ltr'><strong><em>stre-</em></strong></span> 
     </span>
    </p>
   </div>
   <div class='ocr_carea' id='block_1_90' title="bbox 2226 3213 3736 3281">
    <p class='ocr_par' dir='ltr' id='par_1_90' title="bbox 2226 3213 3736 3281">
     <span class='ocr_line' id='line_1_91' title="bbox 2226 3213 3736 3281; baseline -0.003 -1"><span class='ocrx_word' id='word_1_684' title='bbox 2226 3241 2332 3280; x_wconf 89' lang='lat' dir='ltr'><strong><em>nua</em></strong></span> <span class='ocrx_word' id='word_1_685' title='bbox 2360 3227 2660 3281; x_wconf 87' lang='lat' dir='ltr'><strong><em>devotionis</em></strong></span> <span class='ocrx_word' id='word_1_686' title='bbox 2703 3227 2915 3280; x_wconf 91' lang='lat' dir='ltr'><strong><em>actione</em></strong></span> <span class='ocrx_word' id='word_1_687' title='bbox 2951 3231 3356 3280; x_wconf 89' lang='lat' dir='ltr'><strong><em>construerent.</em></strong></span> <span class='ocrx_word' id='word_1_688' title='bbox 3416 3221 3556 3277; x_wconf 91' lang='lat' dir='ltr'><strong><em>Unde</em></strong></span> <span class='ocrx_word' id='word_1_689' title='bbox 3600 3213 3736 3270; x_wconf 71' lang='lat' dir='ltr'><strong><em>Paulus</em></strong></span> 
     </span>
    </p>
   </div>
   <div class='ocr_carea' id='block_1_91' title="bbox 2225 3309 3734 3386">
    <p class='ocr_par' dir='ltr' id='par_1_91' title="bbox 2225 3309 3734 3386">
     <span class='ocr_line' id='line_1_92' title="bbox 2225 3309 3734 3386; baseline -0.011 -15"><span class='ocrx_word' id='word_1_690' title='bbox 2225 3317 2293 3371; x_wconf 91' lang='lat' dir='ltr'><strong><em>ad</em></strong></span> <span class='ocrx_word' id='word_1_691' title='bbox 2315 3317 2576 3386; x_wconf 88' lang='lat' dir='ltr'><strong><em>quosdam</em></strong></span> <span class='ocrx_word' id='word_1_692' title='bbox 2597 3316 2781 3371; x_wconf 90' lang='lat' dir='ltr'><strong><em>ﬁdeles</em></strong></span> <span class='ocrx_word' id='word_1_693' title='bbox 2809 3317 3054 3371; x_wconf 89' lang='lat' dir='ltr'><strong><em>scribens</em></strong></span> <span class='ocrx_word' id='word_1_694' title='bbox 3076 3317 3151 3369; x_wconf 90' lang='lat' dir='ltr'><strong><em>ait</em></strong></span> <span class='ocrx_word' id='word_1_695' title='bbox 3175 3334 3186 3368; x_wconf 89' lang='lat'><strong>:</strong></span> <span class='ocrx_word' id='word_1_696' title='bbox 3209 3315 3308 3369; x_wconf 88' lang='lat' dir='ltr'><strong><em>Dei</em></strong></span> <span class='ocrx_word' id='word_1_697' title='bbox 3326 3329 3497 3368; x_wconf 87' lang='lat' dir='ltr'><strong><em>sumus</em></strong></span> <span class='ocrx_word' id='word_1_698' title='bbox 3520 3309 3734 3378; x_wconf 75' lang='lat' dir='ltr'><strong><em>adjutores,</em></strong></span> 
     </span>
    </p>
   </div>
   <div class='ocr_carea' id='block_1_92' title="bbox 2222 3403 3732 3478">
    <p class='ocr_par' dir='ltr' id='par_1_92' title="bbox 2222 3403 3732 3478">
     <span class='ocr_line' id='line_1_93' title="bbox 2222 3403 3732 3478; baseline -0.006 -17"><span class='ocrx_word' id='word_1_699' title='bbox 2222 3408 2322 3462; x_wconf 90' lang='lat' dir='ltr'><strong><em>Dei</em></strong></span> <span class='ocrx_word' id='word_1_700' title='bbox 2380 3407 2710 3478; x_wconf 75' lang='lat' dir='ltr'><strong><em>agricultura</em></strong></span> <span class='ocrx_word' id='word_1_701' title='bbox 2764 3409 2888 3463; x_wconf 91' lang='lat' dir='ltr'><strong><em>estis</em></strong></span> <span class='ocrx_word' id='word_1_702' title='bbox 2920 3449 2935 3474; x_wconf 96' lang='lat'><strong><em>,</em></strong></span> <span class='ocrx_word' id='word_1_703' title='bbox 2987 3408 3084 3462; x_wconf 84' lang='lat' dir='ltr'><strong><em>Det</em></strong></span> <span class='ocrx_word' id='word_1_704' title='bbox 3160 3407 3441 3476; x_wconf 73' lang='lat' dir='ltr'><strong><em>mdiﬁcatio</em></strong></span> <span class='ocrx_word' id='word_1_705' title='bbox 3490 3403 3622 3466; x_wconf 83' lang='lat' dir='ltr'><strong><em>estis,</em></strong></span> <span class='ocrx_word' id='word_1_706' title='bbox 3664 3405 3732 3451; x_wconf 71' lang='lat' dir='ltr'><strong><em>etc.</em></strong></span> 
     </span>
    </p>
   </div>
   <div class='ocr_carea' id='block_1_93' title="bbox 2224 3501 2570 3576">
    <p class='ocr_par' dir='ltr' id='par_1_93' title="bbox 2224 3501 2570 3576">
     <span class='ocr_line' id='line_1_94' title="bbox 2224 3501 2570 3576; baseline 0.009 -21"><span class='ocrx_word' id='word_1_707' title='bbox 2224 3502 2277 3574; x_wconf 91' lang='grc' dir='ltr'><strong><em>(Ι</em></strong></span> <span class='ocrx_word' id='word_1_708' title='bbox 2306 3501 2431 3557; x_wconf 89' lang='lat' dir='ltr'><strong><em>Cor.</em></strong></span> <span class='ocrx_word' id='word_1_709' title='bbox 2463 3503 2570 3576; x_wconf 87' lang='grc' dir='ltr'>ιιι.)</span> 
     </span>
    </p>
   </div>
   <div class='ocr_carea' id='block_1_94' title="bbox 2295 3586 3734 3665">
    <p class='ocr_par' dir='ltr' id='par_1_94' title="bbox 2295 3586 3734 3665">
     <span class='ocr_line' id='line_1_95' title="bbox 2295 3586 3734 3665; baseline -0.013 -16"><span class='ocrx_word' id='word_1_710' title='bbox 2295 3593 2369 3648; x_wconf 84' lang='lat' dir='ltr'><strong><em>Hi</em></strong></span> <span class='ocrx_word' id='word_1_711' title='bbox 2393 3596 2654 3665; x_wconf 87' lang='lat' dir='ltr'><strong><em>principes</em></strong></span> <span class='ocrx_word' id='word_1_712' title='bbox 2688 3595 2928 3650; x_wconf 90' lang='lat' dir='ltr'><strong><em>virorum</em></strong></span> <span class='ocrx_word' id='word_1_713' title='bbox 2949 3593 3167 3663; x_wconf 81' lang='lat' dir='ltr'><strong><em>fortium</em></strong></span> <span class='ocrx_word' id='word_1_714' title='bbox 3189 3592 3363 3648; x_wconf 87' lang='lat' dir='ltr'><strong><em>David</em></strong></span> <span class='ocrx_word' id='word_1_715' title='bbox 3388 3591 3473 3663; x_wconf 84' lang='lat' dir='ltr'><strong><em>qui</em></strong></span> <span class='ocrx_word' id='word_1_716' title='bbox 3498 3586 3734 3656; x_wconf 80' lang='lat' dir='ltr'><strong><em>adjuverunt</em></strong></span> 
     </span>
    </p>
   </div>
   <div class='ocr_carea' id='block_1_95' title="bbox 2221 3679 3728 3760">
    <p class='ocr_par' dir='ltr' id='par_1_95' title="bbox 2221 3679 3728 3760">
     <span class='ocr_line' id='line_1_96' title="bbox 2221 3679 3728 3760; baseline -0.004 -19"><span class='ocrx_word' id='word_1_717' title='bbox 2221 3704 2359 3753; x_wconf 85' lang='lat' dir='ltr'><strong><em>eum,</em></strong></span> <span class='ocrx_word' id='word_1_718' title='bbox 2397 3699 2454 3742; x_wconf 89' lang='lat' dir='ltr'><strong><em>ut</em></strong></span> <span class='ocrx_word' id='word_1_719' title='bbox 2495 3706 2585 3743; x_wconf 73' lang='lat' dir='ltr'><strong><em>rex</em></strong></span> <span class='ocrx_word' id='word_1_720' title='bbox 2610 3689 2754 3758; x_wconf 84' lang='lat' dir='ltr'><strong><em>ﬁeret</em></strong></span> <span class='ocrx_word' id='word_1_721' title='bbox 2786 3705 2942 3760; x_wconf 90' lang='lat' dir='ltr'><strong><em>super</em></strong></span> <span class='ocrx_word' id='word_1_722' title='bbox 2964 3706 3168 3743; x_wconf 89' lang='lat' dir='ltr'><strong><em>omnem</em></strong></span> <span class='ocrx_word' id='word_1_723' title='bbox 3200 3689 3395 3753; x_wconf 86' lang='lat' dir='ltr'><strong><em>Israel,</em></strong></span> <span class='ocrx_word' id='word_1_724' title='bbox 3412 3689 3557 3758; x_wconf 71' lang='lat' dir='ltr'><strong><em>juxta</em></strong></span> <span class='ocrx_word' id='word_1_725' title='bbox 3583 3679 3728 3735; x_wconf 72' lang='lat' dir='ltr'><strong><em>verbum</em></strong></span> 
     </span>
    </p>
   </div>
   <div class='ocr_carea' id='block_1_96' title="bbox 2221 3777 3729 3863">
    <p class='ocr_par' dir='ltr' id='par_1_96' title="bbox 2221 3777 3729 3863">
     <span class='ocr_line' id='line_1_97' title="bbox 2221 3777 3729 3863; baseline -0.006 -32"><span class='ocrx_word' id='word_1_726' title='bbox 2221 3777 2433 3832; x_wconf 90' lang='lat' dir='ltr'><strong><em>Domini</em></strong></span> <span class='ocrx_word' id='word_1_727' title='bbox 2463 3781 2600 3851; x_wconf 90' lang='lat' dir='ltr'><strong><em>quod</em></strong></span> <span class='ocrx_word' id='word_1_728' title='bbox 2632 3780 2836 3834; x_wconf 89' lang='lat' dir='ltr'><strong><em>locutus</em></strong></span> <span class='ocrx_word' id='word_1_729' title='bbox 2881 3789 2956 3834; x_wconf 91' lang='lat' dir='ltr'><strong><em>est</em></strong></span> <span class='ocrx_word' id='word_1_730' title='bbox 2993 3780 3063 3834; x_wconf 92' lang='lat' dir='ltr'><strong><em>ad</em></strong></span> <span class='ocrx_word' id='word_1_731' title='bbox 3093 3779 3286 3834; x_wconf 87' lang='lat' dir='ltr'><strong><em>Israel.</em></strong></span> <span class='ocrx_word' id='word_1_732' title='bbox 3327 3779 3393 3832; x_wconf 83' lang='lat' dir='ltr'><strong><em>Et</em></strong></span> <span class='ocrx_word' id='word_1_733' title='bbox 3426 3779 3514 3831; x_wconf 87' lang='lat' dir='ltr'><strong><em>iste</em></strong></span> <span class='ocrx_word' id='word_1_734' title='bbox 3550 3781 3729 3863; x_wconf 64' lang='lat' dir='ltr'><strong><em>numam</em></strong></span> 
     </span>
    </p>
   </div>
   <div class='ocr_carea' id='block_1_97' title="bbox 2222 3865 3729 3940">
    <p class='ocr_par' dir='ltr' id='par_1_97' title="bbox 2222 3865 3729 3940">
     <span class='ocr_line' id='line_1_98' title="bbox 2222 3865 3729 3940; baseline -0.002 -20"><span class='ocrx_word' id='word_1_735' title='bbox 2222 3869 2552 3923; x_wconf 85' lang='lat' dir='ltr'><strong><em>robustorum</em></strong></span> <span class='ocrx_word' id='word_1_736' title='bbox 2589 3870 2760 3924; x_wconf 88' lang='lat' dir='ltr'><strong><em>David</em></strong></span> <span class='ocrx_word' id='word_1_737' title='bbox 2787 3885 2806 3922; x_wconf 88' lang='lat'><strong><em>:</em></strong></span> <span class='ocrx_word' id='word_1_738' title='bbox 2843 3869 3091 3925; x_wconf 82' lang='lat' dir='ltr'><strong><em>Jesbaam</em></strong></span> <span class='ocrx_word' id='word_1_739' title='bbox 3123 3871 3269 3940; x_wconf 82' lang='lat' dir='ltr'><strong><em>ﬁlius</em></strong></span> <span class='ocrx_word' id='word_1_740' title='bbox 3312 3865 3596 3927; x_wconf 85' lang='lat' dir='ltr'><strong><em>Achamoni,</em></strong></span> <span class='ocrx_word' id='word_1_741' title='bbox 3631 3873 3729 3929; x_wconf 69' lang='lat' dir='ltr'><strong><em>prm-</em></strong></span> 
     </span>
    </p>
   </div>
   <div class='ocr_carea' id='block_1_98' title="bbox 2221 3959 3730 4031">
    <p class='ocr_par' dir='ltr' id='par_1_98' title="bbox 2221 3959 3730 4031">
     <span class='ocr_line' id='line_1_99' title="bbox 2221 3959 3730 4031; baseline 0.003 -19"><span class='ocrx_word' id='word_1_742' title='bbox 2221 3976 2338 4029; x_wconf 89' lang='lat' dir='ltr'><strong><em>ceps</em></strong></span> <span class='ocrx_word' id='word_1_743' title='bbox 2386 3962 2520 4014; x_wconf 87' lang='lat' dir='ltr'><strong><em>inter</em></strong></span> <span class='ocrx_word' id='word_1_744' title='bbox 2562 3963 2808 4031; x_wconf 84' lang='lat' dir='ltr'><strong><em>triginta;</em></strong></span> <span class='ocrx_word' id='word_1_745' title='bbox 2839 3963 2934 4016; x_wconf 87' lang='lat' dir='ltr'><strong><em>iste</em></strong></span> <span class='ocrx_word' id='word_1_746' title='bbox 2969 3962 3152 4017; x_wconf 83' lang='lat' dir='ltr'><strong><em>levavit</em></strong></span> <span class='ocrx_word' id='word_1_747' title='bbox 3200 3963 3409 4016; x_wconf 88' lang='lat' dir='ltr'><strong><em>hastam</em></strong></span> <span class='ocrx_word' id='word_1_748' title='bbox 3452 3971 3585 4012; x_wconf 85' lang='lat' dir='ltr'><strong><em>suam</em></strong></span> <span class='ocrx_word' id='word_1_749' title='bbox 3625 3959 3730 4016; x_wconf 61' lang='lat' dir='ltr'><strong><em>“ll”</em></strong></span> 
     </span>
    </p>
   </div>
   <div class='ocr_carea' id='block_1_99' title="bbox 2221 4038 3730 4139">
    <p class='ocr_par' dir='ltr' id='par_1_99' title="bbox 2221 4038 3730 4139">
     <span class='ocr_line' id='line_1_100' title="bbox 2221 4038 3730 4139; baseline -0.003 -35"><span class='ocrx_word' id='word_1_750' title='bbox 2221 4060 2472 4106; x_wconf 86' lang='lat' dir='ltr'><strong><em>trecentos</em></strong></span> <span class='ocrx_word' id='word_1_751' title='bbox 2516 4053 2811 4128; x_wconf 84' lang='lat' dir='ltr'><strong><em>vulneratos</em></strong></span> <span class='ocrx_word' id='word_1_752' title='bbox 2850 4071 2957 4128; x_wconf 82' lang='lat' dir='ltr'><strong><em>una</em></strong></span> <span class='ocrx_word' id='word_1_753' title='bbox 2988 4056 3113 4108; x_wconf 88' lang='lat' dir='ltr'><strong><em>vice.</em></strong></span> <span class='ocrx_word' id='word_1_754' title='bbox 3163 4054 3320 4109; x_wconf 86' lang='lat' dir='ltr'><strong><em>Hunc</em></strong></span> <span class='ocrx_word' id='word_1_755' title='bbox 3353 4051 3581 4106; x_wconf 88' lang='lat' dir='ltr'><strong><em>Jesbaam</em></strong></span> <span class='ocrx_word' id='word_1_756' title='bbox 3626 4038 3730 4139; x_wconf 37' lang='lat' dir='ltr'><strong><em>lii-Sf:</em></strong></span> 
     </span>
    </p>
   </div>
   <div class='ocr_carea' id='block_1_100' title="bbox 2219 4131 3728 4212">
    <p class='ocr_par' dir='ltr' id='par_1_100' title="bbox 2219 4131 3728 4212">
     <span class='ocr_line' id='line_1_101' title="bbox 2219 4131 3728 4212; baseline -0.011 -16"><span class='ocrx_word' id='word_1_757' title='bbox 2219 4142 2359 4212; x_wconf 88' lang='lat' dir='ltr'><strong><em>phus</em></strong></span> <span class='ocrx_word' id='word_1_758' title='bbox 2408 4144 2699 4198; x_wconf 87' lang='lat' dir='ltr'><strong><em>Eusebium</em></strong></span> <span class='ocrx_word' id='word_1_759' title='bbox 2749 4145 3030 4211; x_wconf 91' lang='lat' dir='ltr'><strong><em>nominat,</em></strong></span> <span class='ocrx_word' id='word_1_760' title='bbox 3077 4153 3134 4199; x_wconf 91' lang='lat' dir='ltr'><strong><em>et</em></strong></span> <span class='ocrx_word' id='word_1_761' title='bbox 3171 4145 3344 4199; x_wconf 87' lang='lat' dir='ltr'><strong><em>ﬁlium</em></strong></span> <span class='ocrx_word' id='word_1_762' title='bbox 3374 4156 3490 4197; x_wconf 88' lang='lat' dir='ltr'><strong><em>eum</em></strong></span> <span class='ocrx_word' id='word_1_763' title='bbox 3517 4149 3616 4192; x_wconf 82' lang='lat' dir='ltr'><strong><em>esse</em></strong></span> <span class='ocrx_word' id='word_1_764' title='bbox 3641 4131 3728 4185; x_wconf 83' lang='lat' dir='ltr'><strong><em>dicit</em></strong></span> 
     </span>
    </p>
   </div>
   <div class='ocr_carea' id='block_1_101' title="bbox 2219 4231 3728 4308">
    <p class='ocr_par' dir='ltr' id='par_1_101' title="bbox 2219 4231 3728 4308">
     <span class='ocr_line' id='line_1_102' title="bbox 2219 4231 3728 4308; baseline -0.004 -22"><span class='ocrx_word' id='word_1_765' title='bbox 2219 4232 2492 4288; x_wconf 74' lang='lat' dir='ltr'><strong><em>Acbimeai</em></strong></span> <span class='ocrx_word' id='word_1_766' title='bbox 2516 4275 2531 4298; x_wconf 93' lang='lat'><strong><em>,</em></strong></span> <span class='ocrx_word' id='word_1_767' title='bbox 2577 4235 2667 4304; x_wconf 90' lang='lat' dir='ltr'><strong><em>qui</em></strong></span> <span class='ocrx_word' id='word_1_768' title='bbox 2697 4236 2868 4290; x_wconf 90' lang='lat' dir='ltr'><strong><em>aciem</em></strong></span> <span class='ocrx_word' id='word_1_769' title='bbox 2892 4236 3128 4292; x_wconf 87' lang='lat' dir='ltr'><strong><em>hostium</em></strong></span> <span class='ocrx_word' id='word_1_770' title='bbox 3155 4235 3466 4308; x_wconf 83' lang='lat' dir='ltr'><strong><em>frequenter</em></strong></span> <span class='ocrx_word' id='word_1_771' title='bbox 3492 4231 3728 4291; x_wconf 72' lang='lat' dir='ltr'><strong><em>irrumpens</em></strong></span> 
     </span>
    </p>
   </div>
   <div class='ocr_carea' id='block_1_102' title="bbox 2219 4319 3726 4398">
    <p class='ocr_par' dir='ltr' id='par_1_102' title="bbox 2219 4319 3726 4398">
     <span class='ocr_line' id='line_1_103' title="bbox 2219 4319 3726 4398; baseline -0.013 -15"><span class='ocrx_word' id='word_1_772' title='bbox 2219 4341 2561 4394; x_wconf 85' lang='lat' dir='ltr'><strong><em>nequaquam</em></strong></span> <span class='ocrx_word' id='word_1_773' title='bbox 2597 4328 2884 4398; x_wconf 88' lang='lat' dir='ltr'><strong><em>pugnando</em></strong></span> <span class='ocrx_word' id='word_1_774' title='bbox 2913 4329 3176 4392; x_wconf 89' lang='lat' dir='ltr'><strong><em>cessarit,</em></strong></span> <span class='ocrx_word' id='word_1_775' title='bbox 3220 4329 3392 4384; x_wconf 92' lang='lat' dir='ltr'><strong><em>donec</em></strong></span> <span class='ocrx_word' id='word_1_776' title='bbox 3433 4338 3494 4378; x_wconf 81' lang='lat' dir='ltr'><strong><em>ex</em></strong></span> <span class='ocrx_word' id='word_1_777' title='bbox 3531 4319 3597 4373; x_wconf 90' lang='lat' dir='ltr'><strong><em>eis</em></strong></span> <span class='ocrx_word' id='word_1_778' title='bbox 3637 4325 3726 4365; x_wconf 90' lang='lat' dir='ltr'><strong><em>non-</em></strong></span> 
     </span>
    </p>
   </div>
   <div class='ocr_carea' id='block_1_103' title="bbox 2221 4413 3726 4492">
    <p class='ocr_par' dir='ltr' id='par_1_103' title="bbox 2221 4413 3726 4492">
     <span class='ocr_line' id='line_1_104' title="bbox 2221 4413 3726 4492; baseline -0.001 -20"><span class='ocrx_word' id='word_1_779' title='bbox 2221 4427 2408 4489; x_wconf 86' lang='lat' dir='ltr'><strong><em>gentos</em></strong></span> <span class='ocrx_word' id='word_1_780' title='bbox 2435 4419 2724 4474; x_wconf 88' lang='lat' dir='ltr'><strong><em>occideret.</em></strong></span> <span class='ocrx_word' id='word_1_781' title='bbox 2777 4420 2884 4474; x_wconf 90' lang='lat' dir='ltr'><strong><em>Sed</em></strong></span> <span class='ocrx_word' id='word_1_782' title='bbox 2911 4420 3169 4476; x_wconf 80' lang='lat' dir='ltr'><strong><em>Hebraeus</em></strong></span> <span class='ocrx_word' id='word_1_783' title='bbox 3203 4421 3357 4492; x_wconf 89' lang='lat' dir='ltr'><strong><em>cujus</em></strong></span> <span class='ocrx_word' id='word_1_784' title='bbox 3383 4418 3511 4473; x_wconf 89' lang='lat' dir='ltr'><strong><em>dicta</em></strong></span> <span class='ocrx_word' id='word_1_785' title='bbox 3541 4413 3586 4465; x_wconf 88' lang='lat' dir='ltr'><strong><em>in</em></strong></span> <span class='ocrx_word' id='word_1_786' title='bbox 3611 4416 3726 4470; x_wconf 68' lang='lat' dir='ltr'><strong><em>eXPO&#39;</em></strong></span> 
     </span>
    </p>
   </div>
   <div class='ocr_carea' id='block_1_104' title="bbox 2221 4503 3724 4600">
    <p class='ocr_par' dir='ltr' id='par_1_104' title="bbox 2221 4503 3724 4600">
     <span class='ocr_line' id='line_1_105' title="bbox 2221 4503 3724 4600; baseline -0.005 -36"><span class='ocrx_word' id='word_1_787' title='bbox 2221 4509 2418 4565; x_wconf 90' lang='lat' dir='ltr'><strong><em>sitione</em></strong></span> <span class='ocrx_word' id='word_1_788' title='bbox 2445 4510 2653 4582; x_wconf 88' lang='lat' dir='ltr'><strong><em>Regum</em></strong></span> <span class='ocrx_word' id='word_1_789' title='bbox 2698 4512 2878 4582; x_wconf 87' lang='lat' dir='ltr'><strong><em>aliqua</em></strong></span> <span class='ocrx_word' id='word_1_790' title='bbox 2928 4513 3119 4582; x_wconf 89' lang='lat' dir='ltr'><strong><em>posui,</em></strong></span> <span class='ocrx_word' id='word_1_791' title='bbox 3158 4522 3214 4568; x_wconf 89' lang='lat' dir='ltr'><strong><em>et</em></strong></span> <span class='ocrx_word' id='word_1_792' title='bbox 3262 4513 3316 4567; x_wconf 91' lang='lat' dir='ltr'><strong><em>in</em></strong></span> <span class='ocrx_word' id='word_1_793' title='bbox 3360 4503 3724 4600; x_wconf 43' lang='lat' dir='ltr'><strong><em>praesentiet)?re</em></strong></span> 
     </span>
    </p>
   </div>
   <div class='ocr_carea' id='block_1_105' title="bbox 2224 4589 3720 4672">
    <p class='ocr_par' dir='ltr' id='par_1_105' title="bbox 2224 4589 3720 4672">
     <span class='ocr_line' id='line_1_106' title="bbox 2224 4589 3720 4672; baseline -0.011 -18"><span class='ocrx_word' id='word_1_794' title='bbox 2224 4615 2331 4654; x_wconf 92' lang='lat' dir='ltr'><strong><em>non</em></strong></span> <span class='ocrx_word' id='word_1_795' title='bbox 2358 4616 2530 4669; x_wconf 86' lang='lat' dir='ltr'><strong><em>pauca</em></strong></span> <span class='ocrx_word' id='word_1_796' title='bbox 2561 4602 2784 4668; x_wconf 90' lang='lat' dir='ltr'><strong><em>inserui,</em></strong></span> <span class='ocrx_word' id='word_1_797' title='bbox 2827 4603 2989 4657; x_wconf 88' lang='lat' dir='ltr'><strong><em>istum</em></strong></span> <span class='ocrx_word' id='word_1_798' title='bbox 3018 4601 3271 4658; x_wconf 85' lang='lat' dir='ltr'><strong><em>Jesbaam</em></strong></span> <span class='ocrx_word' id='word_1_799' title='bbox 3309 4604 3475 4672; x_wconf 90' lang='lat' dir='ltr'><strong><em>ipsum</em></strong></span> <span class='ocrx_word' id='word_1_800' title='bbox 3502 4589 3640 4650; x_wconf 89' lang='lat' dir='ltr'><strong><em>David</em></strong></span> <span class='ocrx_word' id='word_1_801' title='bbox 3664 4599 3720 4638; x_wconf 76' lang='lat' dir='ltr'><strong><em>lﬂ&#39;</em></strong></span> 
     </span>
    </p>
   </div>
   <div class='ocr_carea' id='block_1_106' title="bbox 2223 4681 3718 4773">
    <p class='ocr_par' dir='ltr' id='par_1_106' title="bbox 2223 4681 3718 4773">
     <span class='ocr_line' id='line_1_107' title="bbox 2223 4681 3718 4773; baseline -0.007 -26"><span class='ocrx_word' id='word_1_802' title='bbox 2223 4692 2388 4762; x_wconf 89' lang='lat' dir='ltr'><strong><em>telligi</em></strong></span> <span class='ocrx_word' id='word_1_803' title='bbox 2432 4691 2567 4757; x_wconf 92' lang='lat' dir='ltr'><strong><em>vult,</em></strong></span> <span class='ocrx_word' id='word_1_804' title='bbox 2618 4691 2982 4762; x_wconf 88' lang='lat' dir='ltr'><strong><em>interpretans</em></strong></span> <span class='ocrx_word' id='word_1_805' title='bbox 3029 4709 3226 4748; x_wconf 88' lang='lat' dir='ltr'><strong><em>nomen</em></strong></span> <span class='ocrx_word' id='word_1_806' title='bbox 3272 4695 3468 4763; x_wconf 91' lang='lat' dir='ltr'><strong><em>ipsum,</em></strong></span> <span class='ocrx_word' id='word_1_807' title='bbox 3517 4687 3604 4739; x_wconf 93' lang='lat' dir='ltr'><strong><em>hoc</em></strong></span> <span class='ocrx_word' id='word_1_808' title='bbox 3649 4681 3718 4773; x_wconf 59' lang='grc' dir='ltr'><strong><em>θξῑν</em></strong></span> 
     </span>
    </p>
   </div>
   <div class='ocr_carea' id='block_1_107' title="bbox 2219 4773 3719 4854">
    <p class='ocr_par' dir='ltr' id='par_1_107' title="bbox 2219 4773 3719 4854">
     <span class='ocr_line' id='line_1_108' title="bbox 2219 4773 3719 4854; baseline -0.003 -17"><span class='ocrx_word' id='word_1_809' title='bbox 2219 4781 2491 4850; x_wconf 81' lang='lat' dir='ltr'><strong><em>Jesbaam,</em></strong></span> <span class='ocrx_word' id='word_1_810' title='bbox 2522 4783 2704 4838; x_wconf 88' lang='lat' dir='ltr'><strong><em>sedens</em></strong></span> <span class='ocrx_word' id='word_1_811' title='bbox 2730 4783 2785 4836; x_wconf 88' lang='lat' dir='ltr'><strong><em>in</em></strong></span> <span class='ocrx_word' id='word_1_812' title='bbox 2806 4783 3017 4854; x_wconf 85' lang='lat' dir='ltr'><strong><em>populo,</em></strong></span> <span class='ocrx_word' id='word_1_813' title='bbox 3046 4784 3345 4840; x_wconf 87' lang='lat' dir='ltr'><strong><em>Achamoni</em></strong></span> <span class='ocrx_word' id='word_1_814' title='bbox 3374 4794 3493 4835; x_wconf 91' lang='lat' dir='ltr'><strong><em>vero</em></strong></span> <span class='ocrx_word' id='word_1_815' title='bbox 3512 4773 3719 4842; x_wconf 70' lang='grc' dir='ltr'><strong><em>εαρίεηηδ·</em></strong></span> 
     </span>
    </p>
   </div>
   <div class='ocr_carea' id='block_1_108' title="bbox 2218 4867 3717 4949">
    <p class='ocr_par' dir='ltr' id='par_1_108' title="bbox 2218 4867 3717 4949">
     <span class='ocr_line' id='line_1_109' title="bbox 2218 4867 3717 4949; baseline -0.012 -16"><span class='ocrx_word' id='word_1_816' title='bbox 2218 4881 2408 4933; x_wconf 88' lang='lat' dir='ltr'><strong><em>simum</em></strong></span> <span class='ocrx_word' id='word_1_817' title='bbox 2436 4895 2453 4932; x_wconf 92' lang='lat'><em>:</em></span> <span class='ocrx_word' id='word_1_818' title='bbox 2487 4877 2772 4949; x_wconf 89' lang='lat' dir='ltr'><strong><em>ﬁrmatque</em></strong></span> <span class='ocrx_word' id='word_1_819' title='bbox 2798 4920 2812 4943; x_wconf 92' lang='lat'><strong><em>,</em></strong></span> <span class='ocrx_word' id='word_1_820' title='bbox 2843 4879 2946 4934; x_wconf 89' lang='lat' dir='ltr'><strong><em>hoc</em></strong></span> <span class='ocrx_word' id='word_1_821' title='bbox 2978 4880 3031 4933; x_wconf 91' lang='lat' dir='ltr'><strong><em>in</em></strong></span> <span class='ocrx_word' id='word_1_822' title='bbox 3076 4880 3213 4934; x_wconf 86' lang='lat' dir='ltr'><strong><em>libro</em></strong></span> <span class='ocrx_word' id='word_1_823' title='bbox 3245 4880 3440 4947; x_wconf 80' lang='lat' dir='ltr'><strong><em>Regum</em></strong></span> <span class='ocrx_word' id='word_1_824' title='bbox 3471 4875 3534 4926; x_wconf 87' lang='lat' dir='ltr'><strong><em>ita</em></strong></span> <span class='ocrx_word' id='word_1_825' title='bbox 3555 4867 3717 4920; x_wconf 70' lang='lat' dir='ltr'><strong><em>demon~</em></strong></span> 
     </span>
    </p>
   </div>
   <div class='ocr_carea' id='block_1_109' title="bbox 2217 4957 3715 5051">
    <p class='ocr_par' dir='ltr' id='par_1_109' title="bbox 2217 4957 3715 5051">
     <span class='ocr_line' id='line_1_110' title="bbox 2217 4957 3715 5051; baseline -0.01 -29"><span class='ocrx_word' id='word_1_826' title='bbox 2217 4977 2448 5023; x_wconf 90' lang='lat' dir='ltr'><strong><em>stratum</em></strong></span> <span class='ocrx_word' id='word_1_827' title='bbox 2475 4984 2594 5024; x_wconf 90' lang='lat' dir='ltr'><strong><em>esse</em></strong></span> <span class='ocrx_word' id='word_1_828' title='bbox 2615 5010 2628 5034; x_wconf 94' lang='lat'><strong><em>,</em></strong></span> <span class='ocrx_word' id='word_1_829' title='bbox 2663 4971 2751 5024; x_wconf 91' lang='lat' dir='ltr'><strong><em>ubi</em></strong></span> <span class='ocrx_word' id='word_1_830' title='bbox 2783 4971 3038 5025; x_wconf 89' lang='lat' dir='ltr'><strong><em>scribitur</em></strong></span> <span class='ocrx_word' id='word_1_831' title='bbox 3071 4990 3082 5023; x_wconf 87' lang='lat'><strong>:</strong></span> <span class='ocrx_word' id='word_1_832' title='bbox 3115 4971 3308 5025; x_wconf 85' lang='lat' dir='ltr'><strong><em>Sedens</em></strong></span> <span class='ocrx_word' id='word_1_833' title='bbox 3348 4970 3403 5022; x_wconf 87' lang='lat' dir='ltr'><strong><em>in</em></strong></span> <span class='ocrx_word' id='word_1_834' title='bbox 3429 4957 3715 5051; x_wconf 42' lang='lat' dir='ltr'><strong><em>cathedrata:</em></strong></span> 
     </span>
    </p>
   </div>
   <div class='ocr_carea' id='block_1_110' title="bbox 2214 5042 3713 5142">
    <p class='ocr_par' dir='ltr' id='par_1_110' title="bbox 2214 5042 3713 5142">
     <span class='ocr_line' id='line_1_111' title="bbox 2214 5042 3713 5142; baseline -0.003 -30"><span class='ocrx_word' id='word_1_835' title='bbox 2214 5060 2567 5130; x_wconf 85' lang='lat' dir='ltr'><strong><em>pientissimus</em></strong></span> <span class='ocrx_word' id='word_1_836' title='bbox 2596 5059 2680 5132; x_wconf 88' lang='lat' dir='ltr'><strong><em>(II</em></strong></span> <span class='ocrx_word' id='word_1_837' title='bbox 2706 5060 2834 5131; x_wconf 86' lang='lat' dir='ltr'><strong><em>Reg.</em></strong></span> <span class='ocrx_word' id='word_1_838' title='bbox 2863 5060 3040 5132; x_wconf 71' lang='grc' dir='ltr'>χχιιι).</span> <span class='ocrx_word' id='word_1_839' title='bbox 3077 5060 3184 5116; x_wconf 90' lang='lat' dir='ltr'><strong><em>Sed</em></strong></span> <span class='ocrx_word' id='word_1_840' title='bbox 3203 5061 3323 5115; x_wconf 90' lang='lat' dir='ltr'><strong><em>ideo</em></strong></span> <span class='ocrx_word' id='word_1_841' title='bbox 3345 5047 3605 5111; x_wconf 86' lang='lat' dir='ltr'><strong><em>vermiculo</em></strong></span> <span class='ocrx_word' id='word_1_842' title='bbox 3625 5042 3713 5142; x_wconf 61' lang='lat' dir='ltr'><strong><em>litim</em></strong></span> 
     </span>
    </p>
   </div>
   <div class='ocr_carea' id='block_1_111' title="bbox 2215 5143 3711 5239">
    <p class='ocr_par' dir='ltr' id='par_1_111' title="bbox 2215 5143 3711 5239">
     <span class='ocr_line' id='line_1_112' title="bbox 2215 5143 3711 5239; baseline -0.003 -33"><span class='ocrx_word' id='word_1_843' title='bbox 2215 5167 2340 5206; x_wconf 91' lang='lat' dir='ltr'><strong><em>eum</em></strong></span> <span class='ocrx_word' id='word_1_844' title='bbox 2370 5162 2742 5223; x_wconf 86' lang='lat' dir='ltr'><strong><em>comparatum</em></strong></span> <span class='ocrx_word' id='word_1_845' title='bbox 2770 5169 2908 5221; x_wconf 91' lang='lat' dir='ltr'><strong><em>esse,</em></strong></span> <span class='ocrx_word' id='word_1_846' title='bbox 2946 5155 3072 5225; x_wconf 89' lang='lat' dir='ltr'><strong><em>quia</em></strong></span> <span class='ocrx_word' id='word_1_847' title='bbox 3102 5154 3437 5208; x_wconf 88' lang='lat' dir='ltr'><strong><em>minuebatur</em></strong></span> <span class='ocrx_word' id='word_1_848' title='bbox 3463 5143 3711 5239; x_wconf 28' lang='lat' dir='ltr'><strong><em>illicsftvlflll;</em></strong></span> 
     </span>
    </p>
   </div>
   <div class='ocr_carea' id='block_1_112' title="bbox 2214 5213 3710 5318">
    <p class='ocr_par' dir='ltr' id='par_1_112' title="bbox 2214 5213 3710 5318">
     <span class='ocr_line' id='line_1_113' title="bbox 2214 5213 3710 5318; baseline -0.013 -20"><span class='ocrx_word' id='word_1_849' title='bbox 2214 5243 2288 5298; x_wconf 88' lang='lat' dir='ltr'><strong><em>tia</em></strong></span> <span class='ocrx_word' id='word_1_850' title='bbox 2332 5213 2553 5312; x_wconf 78' lang='lat' dir='ltr'><strong><em>propter</em></strong></span> <span class='ocrx_word' id='word_1_851' title='bbox 2598 5213 3066 5315; x_wconf 41' lang='lat' dir='ltr'><strong><em>peceatum&#39;qiiod</em></strong></span> <span class='ocrx_word' id='word_1_852' title='bbox 3115 5242 3379 5300; x_wconf 90' lang='lat' dir='ltr'><strong><em>commisit</em></strong></span> <span class='ocrx_word' id='word_1_853' title='bbox 3425 5239 3475 5292; x_wconf 91' lang='lat' dir='ltr'><strong><em>in</em></strong></span> <span class='ocrx_word' id='word_1_854' title='bbox 3510 5230 3614 5288; x_wconf 87' lang='lat' dir='ltr'><strong><em>Uria</em></strong></span> <span class='ocrx_word' id='word_1_855' title='bbox 3640 5213 3710 5318; x_wconf 35' lang='lat' dir='ltr'><strong><em>.(ll</em></strong></span> 
     </span>
    </p>
   </div>
   <div class='ocr_carea' id='block_1_113' title="bbox 2215 5312 3708 5421">
    <p class='ocr_par' dir='ltr' id='par_1_113' title="bbox 2215 5312 3708 5421">
     <span class='ocr_line' id='line_1_114' title="bbox 2215 5312 3708 5421; baseline 0.009 -36"><span class='ocrx_word' id='word_1_856' title='bbox 2215 5332 2345 5403; x_wconf 86' lang='lat' dir='ltr'><strong><em>Reg.</em></strong></span> <span class='ocrx_word' id='word_1_857' title='bbox 2395 5333 2496 5405; x_wconf 73' lang='grc' dir='ltr'>ιι).</span> <span class='ocrx_word' id='word_1_858' title='bbox 2533 5312 2792 5389; x_wconf 72' lang='lat' dir='ltr'><strong><em>Similiter</em></strong></span> <span class='ocrx_word' id='word_1_859' title='bbox 2827 5312 2994 5390; x_wconf 75' lang='lat' dir='ltr'><strong><em>refert</em></strong></span> <span class='ocrx_word' id='word_1_860' title='bbox 3026 5335 3155 5390; x_wconf 90' lang='lat' dir='ltr'><strong><em>illud</em></strong></span> <span class='ocrx_word' id='word_1_861' title='bbox 3183 5332 3511 5421; x_wconf 71' lang='lat' dir='ltr'><strong><em>signiﬁcare.</em></strong></span> <span class='ocrx_word' id='word_1_862' title='bbox 3539 5312 3708 5421; x_wconf 36' lang='lat'><strong><em>(19041“</em></strong></span> 
     </span>
    </p>
   </div>
   <div class='ocr_carea' id='block_1_114' title="bbox 2210 5415 3707 5503">
    <p class='ocr_par' dir='ltr' id='par_1_114' title="bbox 2210 5415 3707 5503">
     <span class='ocr_line' id='line_1_115' title="bbox 2210 5415 3707 5503; baseline 0.003 -27"><span class='ocrx_word' id='word_1_863' title='bbox 2210 5423 2483 5479; x_wconf 89' lang='lat' dir='ltr'><strong><em>volumine</em></strong></span> <span class='ocrx_word' id='word_1_864' title='bbox 2512 5425 2716 5495; x_wconf 83' lang='lat' dir='ltr'><strong><em>Regum</em></strong></span> <span class='ocrx_word' id='word_1_865' title='bbox 2741 5435 2999 5482; x_wconf 86' lang='lat' dir='ltr'><strong><em>narratur</em></strong></span> <span class='ocrx_word' id='word_1_866' title='bbox 3027 5425 3114 5498; x_wconf 93' lang='lat' dir='ltr'><strong><em>(II</em></strong></span> <span class='ocrx_word' id='word_1_867' title='bbox 3146 5426 3274 5498; x_wconf 85' lang='lat' dir='ltr'><strong><em>Reg.</em></strong></span> <span class='ocrx_word' id='word_1_868' title='bbox 3303 5420 3471 5491; x_wconf 78' lang='lat' dir='ltr'><strong><em>mn),</em></strong></span> <span class='ocrx_word' id='word_1_869' title='bbox 3494 5415 3707 5503; x_wconf 49' lang='grc' dir='ltr'><strong><em>οοιὶηξωῗ</em></strong></span> 
     </span>
    </p>
   </div>
   <div class='ocr_carea' id='block_1_115' title="bbox 2211 5493 3706 5594">
    <p class='ocr_par' dir='ltr' id='par_1_115' title="bbox 2211 5493 3706 5594">
     <span class='ocr_line' id='line_1_116' title="bbox 2211 5493 3706 5594; baseline -0.013 -26"><span class='ocrx_word' id='word_1_870' title='bbox 2211 5521 2295 5569; x_wconf 92' lang='lat' dir='ltr'><strong><em>tos</em></strong></span> <span class='ocrx_word' id='word_1_871' title='bbox 2316 5513 2466 5567; x_wconf 91' lang='lat' dir='ltr'><strong><em>illum</em></strong></span> <span class='ocrx_word' id='word_1_872' title='bbox 2486 5493 2865 5584; x_wconf 27' lang='lat' dir='ltr'><strong><em>uno&#39;impetitu</em></strong></span> <span class='ocrx_word' id='word_1_873' title='bbox 2882 5493 3242 5582; x_wconf 65' lang='lat' dir='ltr'><strong><em>interiecisse,</em></strong></span> <span class='ocrx_word' id='word_1_874' title='bbox 3260 5524 3311 5571; x_wconf 91' lang='lat' dir='ltr'><strong><em>et</em></strong></span> <span class='ocrx_word' id='word_1_875' title='bbox 3330 5513 3413 5568; x_wconf 90' lang='lat' dir='ltr'><strong><em>hic</em></strong></span> <span class='ocrx_word' id='word_1_876' title='bbox 3440 5509 3488 5561; x_wconf 92' lang='lat' dir='ltr'><strong><em>in</em></strong></span> <span class='ocrx_word' id='word_1_877' title='bbox 3502 5493 3706 5594; x_wconf 55' lang='lat' dir='ltr'><strong><em>Paralipo:</em></strong></span> 
     </span>
    </p>
   </div>
   <div class='ocr_carea' id='block_1_116' title="bbox 2209 5589 3703 5690">
    <p class='ocr_par' dir='ltr' id='par_1_116' title="bbox 2209 5589 3703 5690">
     <span class='ocr_line' id='line_1_117' title="bbox 2209 5589 3703 5690; baseline 0.013 -31"><span class='ocrx_word' id='word_1_878' title='bbox 2209 5621 2404 5660; x_wconf 90' lang='lat' dir='ltr'><strong><em>menon</em></strong></span> <span class='ocrx_word' id='word_1_879' title='bbox 2431 5606 2562 5662; x_wconf 86' lang='lat' dir='ltr'><strong><em>dicit</em></strong></span> <span class='ocrx_word' id='word_1_880' title='bbox 2590 5615 2858 5662; x_wconf 89' lang='lat' dir='ltr'><strong><em>trecentos</em></strong></span> <span class='ocrx_word' id='word_1_881' title='bbox 2881 5623 3006 5662; x_wconf 92' lang='lat' dir='ltr'><strong><em>eum</em></strong></span> <span class='ocrx_word' id='word_1_882' title='bbox 3033 5608 3380 5670; x_wconf 63' lang='lat' dir='ltr'><strong><em>interfecisse.</em></strong></span> <span class='ocrx_word' id='word_1_883' title='bbox 3420 5589 3703 5690; x_wconf 37' lang='lat' dir='ltr'><strong><em>minor-5W]?</em></strong></span> 
     </span>
    </p>
   </div>
   <div class='ocr_carea' id='block_1_117' title="bbox 2209 5677 3700 5772">
    <p class='ocr_par' dir='ltr' id='par_1_117' title="bbox 2209 5677 3700 5772">
     <span class='ocr_line' id='line_1_118' title="bbox 2209 5677 3700 5772; baseline -0.013 -17"><span class='ocrx_word' id='word_1_884' title='bbox 2209 5697 2418 5754; x_wconf 87' lang='lat' dir='ltr'><strong><em>scilicet</em></strong></span> <span class='ocrx_word' id='word_1_885' title='bbox 2463 5698 2620 5754; x_wconf 71' lang='lat' dir='ltr'><strong><em>fatuae</em></strong></span> <span class='ocrx_word' id='word_1_886' title='bbox 2674 5699 2814 5754; x_wconf 91' lang='lat' dir='ltr'><strong><em>illius</em></strong></span> <span class='ocrx_word' id='word_1_887' title='bbox 2867 5709 3086 5772; x_wconf 90' lang='lat' dir='ltr'><strong><em>propter</em></strong></span> <span class='ocrx_word' id='word_1_888' title='bbox 3138 5706 3406 5771; x_wconf 87' lang='lat' dir='ltr'><strong><em>peccatum</em></strong></span> <span class='ocrx_word' id='word_1_889' title='bbox 3455 5677 3700 5761; x_wconf 61' lang='lat' dir='ltr'><strong><em>praedictum</em></strong></span> 
     </span>
    </p>
   </div>
   <div class='ocr_carea' id='block_1_118' title="bbox 2209 5788 2866 5846">
    <p class='ocr_par' dir='ltr' id='par_1_118' title="bbox 2209 5788 2866 5846">
     <span class='ocr_line' id='line_1_119' title="bbox 2209 5788 2866 5846; baseline 0.003 -3"><span class='ocrx_word' id='word_1_890' title='bbox 2209 5788 2460 5846; x_wconf 86' lang='lat' dir='ltr'><strong><em>adulterii</em></strong></span> <span class='ocrx_word' id='word_1_891' title='bbox 2491 5799 2546 5844; x_wconf 90' lang='lat' dir='ltr'><strong><em>et</em></strong></span> <span class='ocrx_word' id='word_1_892' title='bbox 2574 5791 2866 5846; x_wconf 84' lang='lat' dir='ltr'><strong><em>homicidii.</em></strong></span> 
     </span>
    </p>
   </div>
  </div>
