3958 6468
181 338 293 398 529

1112 337 1463 398 COMMENT.
1504 338 1571 395 1N
1610 340 2164 402 PARALIPOMENA.
2200 377 2271 389 —
2309 348 2438 406 LIB.
2471 350 2512 407 ι.

3275 359 3457 425 ’530

251 452 328 508 Eg
359 459 474 523 ροει
509 466 629 506 eum
656 431 904 518 Eleazar,
945 452 1088 522 ﬁlius
1124 455 1325 525 patrui'
1350 456 1488 526 ejus,
1535 456 1764 530 Abojtes,
1794 462 1846 522 Α
1873 456 1959 528 (II
1990 458 2118 530 Reg.
2146 463 2326 534 xxm).
2375 465 2435 521 In
2462 469 2790 527 sacrificium
2815 475 3013 547 quippe
3038 477 3252 537 Domini
3281 483 3452 542 effusa

180 545 272 617 qui
299 544 406 614 fuit
451 544 586 599 inter
631 553 882 615 potentes.
921 544 1059 601 Aboi
1108 547 1251 602 enim
1293 546 1374 618 (ιιι
1402 548 1613 603 llebrmi
1660 558 1769 604 tra-

180 633 339 707 dunt)
385 633 556 688 frater
587 633 685 688 fuit
714 633 959 702 Eleazar,
992 635 1086 705 qui
1130 636 1235 692 fuit
1262 638 1404 693 inter
1432 647 1541 695 tres
1578 648 1768 709 poten-

178 724 456 791 tissimus,
494 739 630 794 quos
661 724 925 796 Iosephus
963 727 1094 783 dicit
1128 743 1251 785 esse
1276 729 1566 786 Eusebium
1597 731 1768 787 ﬁlium

174 815 462 884 Achimee,
484 823 541 872 et
559 817 787 874 Eleazar
817 819 986 875 filium
1019 820 1158 888 Doli,
1185 830 1242 878 et
1285 821 1556 880 Semeiam
1595 823 1766 881 filium

174 903 279 960 Eli.

242 994 640 1054 Descenderam
663 1009 840 1056 autem
864 1011 966 1058 tres
998 1003 1064 1059 de
1090 1006 1307 1077 triginta
1341 1007 1665 1080 principibus
1693 1009 1764 1064 ad

171 1095 398 1156 petram,
430 1090 488 1145 in
515 1108 621 1162 qua
663 1102 778 1147 erat
821 1093 995 1150 David
1037 1098 1107 1152 ad
1143 1098 1445 1170 speluncam
1490 1100 1759 1172 Odollam,

170 1179 380 1248 quando
412 1180 740 1238 Pliilistliiim
769 1186 980 1255 fuerant
1013 1195 1372 1248 castrametati
1399 1194 1456 1250 in
1479 1195 1614 1251 valle
1653 1195 1764 1252 Rap

167 1276 366 1345 pliaim.
386 1274 562 1334 Porro
590 1280 763 1336 David
784 1293 899 1338 erat
925 1285 980 1340 in
1004 1287 1272 1357 praesidio,
1299 1298 1347 1344 et
1386 1291 1544 1345 statio
1586 1291 1758 1346 Phili-

166 1367 464 1422 stlu'norum
476 1370 534 1424 in
546 1370 865 1429 Bethlehem.
882 1375 1210 1434 Desideravit
1222 1397 1344 1452 ergo
1357 1382 1530 1438 David
1543 1401 1758 1456 aquam

165 1467 213 1510 et
257 1459 396 1513 dixit
433 1472 456 1513 .°
503 1459 548 1515 0
590 1464 636 1517 si
673 1466 788 1535 quis
823 1467 972 1522 daret
1014 1471 1143 1524 mihi
1179 1489 1372 1544 aquam
1422 1476 1486 1531 de
1531 1478 1759 1534 cisterna

162 1543 466 1603 Betltlehem
492 1567 610 1620 qua:
631 1563 707 1607 est
734 1555 789 1610 in
817 1560 1010 1626 porta?
1047 1559 1170 1614 Tres
1195 1578 1318 1633 ergo
1340 1565 1429 1618 isti
1459 1583 1553 1636 per
1582 1569 1759 1623 media

162 1645 335 1690 castra
406 1637 854 1698 Philisthinorum
917 1661 1294 1718 perrexerunt,
1357 1664 1404 1708 et
1468 1655 1756 1712 hauserunt

161 1742 350 1796 aquam
379 1727 449 1782 de
480 1730 707 1786 cisterna
741 1733 1066 1806 Bethlehem,
1106 1758 1222 1812 qua:
1249 1754 1360 1799 erat
1395 1747 1451 1800 in
1482 1758 1656 1818 porta,
1705 1759 1756 1805 et

1869 563 2008 619 aqua
2029 566 2292 609 conversa
2319 566 2423 621 est,
2461 560 2587 629 quia
2611 561 2826 633 culpam
2857 569 3308 638 concupiscentia
3335 591 3452 631 ma-

1867 641 2034 695 ctavit
2057 659 2155 712 per
2179 645 2554 714 pmnitentiam
2573 655 3010 722 reprehensionis
3035 675 3164 716 sua}.
3195 662 3296 730 Qui
3321 681 3452 738 ergo

1865 731 2136 798 quondam
2159 736 2542 806 concupiscere
2563 739 2793 798 alienam
2814 746 3095 820 conjugem
3112 766 3450 827 nequaquam

1869 819 2084 890 timuit,
2111 833 2235 895 post
2273 827 2438 882 etiam
2462 829 2589 900 quia
2617 847 2835 903 aquam,
2879 819 3043 895 etiam
3069 856 3102 897 a
3131 819 3454 904 licitis-abs—

1865 909 2091 968 tinebat.

1933 1003 2114 1060 Abisai
2129 1024 2333 1080 quoque
2347 1009 2513 1080 frater
2521 1011 2558 1066 J
2561 1013 2676 1078 oab,
2693 1015 2802 1085 ipse
2815 1027 2927 1074 erat
2947 1022 3187 1092 princeps
3199 1029 3384 1096 trium;
3401 1041 3453 1087 et

1861 1093 1972 1164 ipse
1981 1095 2167 1152 levavit
2177 1099 2384 1155 hastam
2399 1117 2552 1157 suam
2571 1115 2753 1162 contra
2768 1116 3023 1166 trecentos
3045 1114 3344 1174 vulneratos
3399 1133 3450 1176 et

1861 1184 1970 1254 ipse
1990 1197 2103 1240 erat
2130 1188 2266 1244 inter
2286 1198 2389 1246 tres
2410 1195 2881 1265 nominatissimus,
2905 1201 3042 1256 inter
3064 1213 3168 1260 tres
3188 1211 3448 1268 secundus

1861 1274 2106 1347 inclytus,
2136 1288 2185 1333 et
2229 1281 2468 1352 princeps
2507 1301 2706 1342 eorum.
2769 1287 3136 1350 Verumtamen
3175 1314 3338 1368 usque
3373 1303 3445 1356 ad

1861 1377 1964 1422 tres
1984 1370 2180 1438 primos
2208 1388 2311 1426 non
2329 1387 2653 1443 pervenerat.
2685 1377 2824 1435 Hinc
2846 1393 3072 1452 apparet
3095 1389 3239 1456 quod
3258 1388 3444 1448 Abisai

1857 1457 2108 1529 princeps
2137 1469 2256 1516 erat
2283 1464 2750 1526 nominatissimus
2797 1472 2941 1529 inter
2987 1484 3099 1533 tres
3149 1482 3441 1552 sapientes.

1861 1550 1970 1608 Sed
1992 1568 2162 1624 usque
2185 1556 2254 1612 ad
2287 1563 2396 1614 tres
2420 1561 2647 1630 primos,
2680 1566 2772 1635 qui
2807 1583 2968 1640 supra
2995 1550 3258 1632 nominati
3295 1591 3442 1648 sunt,

1858 1658 1965 1698 non
1991 1647 2263 1715 pervenit,
2290 1648 2396 1705 hoc
2426 1660 2530 1717 est,
2568 1651 2838 1725 Jesbaam,
2880 1660 3198 1722 Eleazarum
3221 1677 3280 1725 et
3307 1647 3443 1728 Sen?

1857 1749 1988 1801 nua,
2021 1751 2252 1806 quorum
2273 1748 2426 1796 actus
2450 1741 2774 1803 fortissimos
2802 1765 2967 1821 supra
3003 1759 3266 1814 narravit.
3299 1762 3445 1819 Alle-

160 1821 454 1879 attulerunt
479 1827 550 1881 ad
573 1828 771 1896 David,
800 1840 859 1885 ut
885 1833 1094 1889 biberet.
1135 1834 1238 1900 Qui
1260 1835 1448 1903 noluit,
1467 1839 1558 1892 sed
1580 1843 1748 1911 magis

1852 1830 2033 1897 gorice
2057 1839 2239 1888 autem
2269 1835 2384 1890 haec
2413 1841 2677 1895 sententia
2700 1845 2936 1901 ostendit
2958 1851 3101 1918 quod
3130 1867 3290 1910 nemo
3313 1871 3440 1912 san-

161 1911 338 1971 libavit
369 1917 527 1974 illam
573 1921 824 1992 Domino,
853 1928 1031 1984 dicens
1069 1945 1089 1983 .·
1127 1931 1276 1986 Absit
1309 1943 1366 1986 ut
1390 1933 1446 1988 in
1475 1946 1750 2006 conspectu

155 2001 252 2057 Dei
277 2007 383 2061 mei
410 2009 517 2065 hoc
557 2012 773 2083 faciam,
811 2027 862 2072 et
906 2023 1214 2092 sanguinem
1257 2025 1477 2080 istorum
1518 2027 1750 2083 virorum

156 2096 342 2165 bibam,
372 2104 506 2173 quia
534 2105 591 2160 in
618 2109 852 2177 periculo
882 2112 1180 2168 animarum
1207 2133 1425 2171 suarum
1460 2118 1751 2174 attulerunt

154 2188 280 2243 mihi
308 2208 530 2262 aquam.
557 2195 629 2250 Et
657 2198 719 2252 ob
747 2200 883 2255 hanc
910 2219 1125 2258 causam
1153 2206 1319 2261 noluit
1349 2208 1536 2276 bibere,
1563 2209 1752 2268 etlreli-

153 2297 276 2354 qua.
305 2286 528 2346 Hebraei
548 2303 801 2350 asserunt
827 2297 998 2354 David
1025 2315 1132 2356 non
1163 2310 1274 2357 tam
1304 2304 1572 2366 desiderio
1595 2322 1750 2378 aqua;

154 2375 296 2432 sitim
327 2380 437 2436 hoc
461 2381 692 2454 fecisse,
718 2404 882 2458 quam
910 2392 1076 2448 etiam
1102 2396 1170 2450 ad
1196 2398 1537 2467 probandum
1564 2375 1748 2459 utrum

153 2473 260 2522 tam
285 2468 462 2529 fortes
489 2475 594 2531 viri
615 2476 759 2534 inter
777 2495 904 2537 suos
926 2482 1158 2540 inveniri
1180 2489 1501 2558 potuissent,
1527 2492 1621 2562 qui
1642 2493 1750 2550 hoc

151 2565 518 2630 attentarent;
557 2581 681 2623 cum
721 2579 902 2627 autem
934 2575 1038 2631 sibi
1076 2592 1176 2647 per
1211 2593 1308 2636 eos
1333 2579 1518 2637 oblata
1558 2583 1783 2642 fuisset.

150 2664 287 2720 aqua
319 2670 451 2711 cum
477 2665 629 2716 tanto
653 2664 894 2732 periculo
921 2667 1221 2736 hominum,
1251 2674 1493 2734 noluisse
1519 2693 1641 2734 eam
1664 2681 1745 2738 bi-

149 2739 297 2844 bere,
336 2747 435 2802 sed
472 2752 646 2823 magis
689 2757 1000 2816 sacriﬁcare
1027 2776 1148 2818 eam
1173 2763 1286 2821 Deo
1313 2766 1543 2840 elegisse
1566 2812 1580 2837 ,
1624 2788 1748 2844 gra-

150 2831 253 2889 tias
281 2836 359 2892 illi
391 2843 635 2911 agendo,
669 2848 811 2917 quod
839 2856 952 2905 tam
980 2849 1149 2908 fortes
1188 2856 1338 2912 viros
1374 2831 1431 2912 in
1460 2831 1748 2920 lsraelvde-

151 2924 320 2981 derat.
353 2929 579 3003 Mystice
607 2945 788 2993 autem
814 2941 1034 2998 sitiebat
1058 2945 1229 3002 David
1251 2963 1361 3003 non
1386 2963 1601 3020 aquam,
1625 2969 1747 3024 quae

149 3025 229 3071 est
259 3018 313 3074 in
357 3020 674 3082 Bethlehem
700 3069 715 3095 ,
753 3031 850 3086 sed
877 3034 1147 3091 oriturum
1200 3037 1259 3093 in
1287 3018 1478 3097 eadem
1525 3018 1744 3101 Bethle-

148 3105 274 3162 bem
315 3109 596 3172 Christum
649 3134 717 3174 ex
770 3121 988 3194 Virgine
1038 3125 1097 3180 in
1146 3128 1340 3198 spiritu
1390 3133 1740 3202 prmvidebat.

1854 1928 2086 1988 ctorum,
2134 1922 2264 1980 licet
2306 1926 2451 1982 inter
2497 1944 2623 1986 suos
2651 1933 2913 1991 virtutum
2947 1942 3270 2000 excellentia
3301 1949 3439 2004 emi-

1852 2021 2000 2079 neat,
2026 2021 2208 2070 tamen
2232 2031 2403 2086 usque
2425 2019 2493 2075 ad
2516 2023 2879 2090 aequalitatem
2900 2033 3156 2097 potentiae
3188 2035 3364 2094 Patris
3386 2049 3444 2096 et

1851 2101 1977 2159 Filii
2024 2112 2081 2160 et
2125 2104 2366 2177 Spiritus
2410 2113 2580 2166 sancti
2609 2121 2875 2183 pervenit.
2917 2120 3070 2179 Unde
3118 2126 3174 2182 in
3219 2128 3438 2187 Psalmo

1852 2197 2113 2268 scriptum
2129 2209 2216 2256 est
2240 2219 2253 2255 :
2286 2203 2547 2268 Quoniam
2571 2209 2686 2278 quis
2712 2211 2768 2265 in
2785 2213 3009 2271 nubibus
3023 2221 3319 2290 wquabitur
3329 2225 3440 2279 Do-

1850 2297 2014 2361 mino,
2031 2300 2252 2369 autquis
2265 2299 2452 2356 similis
2472 2304 2571 2357 erit
2584 2304 2694 2359 Deo
2708 2307 2842 2362 inter
2850 2309 2990 2378 ﬁlios
3000 2313 3102 2369 Dei
3116 2317 3142 2370 ?
3159 2316 3324 2387 Deus,
3346 2328 3438 2392 qui

1851 2388 2180 2461 gloriﬁcatur
2205 2394 2262 2446 in
2287 2395 2506 2450 consilio
2532 2409 2857 2468 sanctorum,
2885 2401 3108 2476 magnus
3129 2418 3178 2463 et
3205 2422 3436 2468 metuen-

1850 2480 1964 2551 dus
1975 2497 2132 2553 super
2157 2499 2334 2539 omnes
2357 2487 2450 2556 qui
2475 2487 2531 2563 in
2556 2489 2780 2545 circuitu
2805 2494 2921 2564 ejus
2943 2509 3086 2559 sunt.
3123 2509 3228 2558 etc.
3258 2503 3435 2576 (Psal.

1850 2573 2140 2646 Lnxvm).

1920 2664 2178 2735 Banaias,
2204 2668 2350 2738 ﬁlius
2368 2669 2601 2741 Joiadaz,
2625 2675 2725 2731 viri
2757 2677 3126 2751 robustissimi,
3147 2688 3239 2757 qui
3269 2691 3437 2746 multa

1849 2775 2009 2830 opera
2048 2769 2432 2831 perpetraverat
2480 2765 2544 2820 de
2576 2766 2810 2824 Cabseel.
2858 2771 2982 2843 Ipse
3017 2781 3274 2846 percussit
3301 2781 3437 2837 duos

1850 2850 1982 2904 ariel
2023 2849 2207 2918 Moab,
2239 2862 2290 2908 et
2335 2856 2442 2924 ipse
2482 2856 2745 2913 descendit
2781 2869 2832 2915 et
2871 2861 3130 2933 interfecit
3157 2866 3354 2923 leonem
3378 2872 3438 2926 in

1848 2940 2022 2994 media
2069 2941 2294 2997 cisterna
2343 2945 2397 2998 in
2437 2955 2665 3016 tempore
2723 2951 2874 3006 nivis.
2937 2952 3004 3008 Et
3029 2953 3138 3019 ipse
3181 2961 3438 3028 percussit

1848 3030 2015 3084 virum
2054 3031 2386 3102 Egyptium,
2431 3037 2583 3107 cujus
2607 3049 2814 3095 statura
2842 3052 2960 3097 erat
2981 3046 3213 3118 quinque
3235 3051 3440 3106 cubito-

1850 3137 1986 3187 rum,
2004 3132 2050 3176 et
2074 3124 2296 3178 habebat
2323 3125 2561 3182 lanceam
2585 3140 2638 3184 ut
2663 3131 2979 3190 liciatorium
3005 3141 3310 3196 terentium.
3334 3142 3439 3198 De-

146 3196 288 3271 Ergo
317 3204 540 3263 volebat
563 3210 750 3266 bibere
774 3229 884 3269 non
925 3233 1124 3286 aquam
1164 3196 1426 3291 fluminis,
1469 3228 1563 3282 sed
1597 3228 1745 3283 lava-
1773 3199 1818 3263 Ο
1848 3213 2047 3305 “and”
2069 3231 2190 3286 9'90
2212 3217 2281 3271 αά
2307 3235 2425 3273 eum
2448 3237 2567 3276 cum
2591 3224 2753 3294 virga:
2773 3236 2820 3279 ει
2840 3230 3015 3299 ναμαίί
3037 3231 3244 3287 hastam
3272 3251 3435 3305 quam

145 3304 298 3346 crum
331 3309 402 3348 ex
435 3295 608 3353 latere
636 3299 838 3358 Christi
866 3302 1059 3373 ﬂuens,
1085 3310 1188 3366 hoc
1211 3320 1316 3379 est,
1344 3329 1453 3369 non
1480 3332 1745 3386 aquarum

143 3381 370 3438 sitiebat
415 3385 588 3442 David
637 3390 985 3464 elementum,
1033 3400 1127 3456 sed
1161 3405 1476 3474 sanguinem
1504 3381 1742 3467 Christi:

139 3472 289 3527 unde
311 3489 424 3530 non
448 3475 585 3534 bibit
616 3481 851 3539 oblatam
883 3503 1098 3559 aquam,
1143 3494 1237 3549 sed
1257 3472 1484 3552 Domino
1504 3498 1656 3566 fudit,
1681 3503 1748 3557 si-

145 3564 418 3634 gniﬁcans
459 3571 613 3628 sitire
651 3589 712 3630 se
750 3575 953 3636 Christi
1001 3585 1356 3654 sacriﬁcium,
1395 3577 1510 3645 non.
1537 3601 1745 3651 natura:

146 3655 438 3729 fluentum,
467 3664 598 3721 illud
638 3671 968 3728 sacrificium
1000 3675 1055 3730 in
1085 3692 1192 3748 quo
1216 3690 1300 3736 est
1335 3684 1584 3740 remissio
1611 3702 1744 3757 pec-

86 3795 100 3805 .
150 3756 431 3821 calorum;
463 3755 614 3814 illum
637 3760 789 3817 sitire
809 3762 1014 3821 fontem
1040 3778 1326 3840 aatemum,
1357 3775 1450 3844 qui
1473 3791 1579 3833 non
1601 3755 1745 3849 peri-

152 3840 286 3898 culis
317 3847 583 3914 quaeritur
610 3851 803 3909 alienis
822 3896 837 3920 ,
887 3858 983 3913 sed
1026 3860 1268 3930 pericula
1311 3865 1486 3922 aliena
1514 3869 1741 3928 deleret.

150 3927 311 3988 Juxta
337 3938 696 4011 tropologiam
718 3960 851 4001 vero
889 3927 1238 4020 cogitandum
1265 3969 1610 4028 summopere
1637 3969 1741 4031 est,

156 4029 212 4074 ut
239 4024 330 4093 qui
363 4041 425 4082 se
455 4029 641 4086 illicita
681 4036 929 4093 meminit
953 4042 1320 4110 commisisse,
1361 4060 1394 4100 a
1419 4049 1744 4118 quibusdam

156 4115 314 4172 etiam
349 4118 516 4177 licitis
561 4124 776 4182 studeat
825 4129 1102 4187 abstinere
1126 4174 1141 4199 ,
1188 4115 1479 4204 quatenus.
1500 4155 1600 4209 per
1642 4143 1746 4200 hoc

156 4207 414 4264 conditori
452 4226 552 4268 suo
575 4215 912 4286 satisfaciat,
940 4229 1001 4275 ut
1029 4223 1122 4293 qui
1150 4227 1424 4282 commisit
1447 4207 1740 4302 prohibita,

156 4295 470 4373 sibimetipsi
517 4306 795 4363 abscidere
835 4310 1028 4369 debeat
1054 4315 1220 4371 etiam
1258 4295 1515 4378 concessa
1546 4341 1560 4378 :
1593 4335 1654 4380 ut

156 4391 514 4458 reprehendat
549 4396 607 4452 in
631 4400 900 4469 minimis,
931 4419 1093 4474 quem
1125 4409 1372 4465 meminit
1401 4412 1458 4467 in
1492 4415 1743 4473 maximis

158 4477 463 4552 deliquisse.
516 4486 634 4545 Lex
681 4499 829 4548 certe
879 4495 1092 4554 Veteris
1135 4499 1469 4559 Testamenti
1505 4505 1740 4562 alienam

158 4587 374 4633 uxorem
423 4582 814 4652 concupiscere
845 4588 1132 4656 prohibet,
1175 4605 1207 4647 a
1247 4607 1375 4665 rege
1418 4610 1547 4652 vero
1578 4596 1741 4656 fortia

155 4661 321 4732 iuberi
357 4671 629 4730 militibus
660 4675 746 4729 vel
784 4676 1082 4736 desiderari
1131 4661 1334 4754 aquam
1368 4701 1477 4742 non
1512 4689 1741 4758 pmnali—

161 4761 238 4810 ter
260 4768 426 4818 vetat.
478 4761 548 4818 Et
573 4766 764 4830 cuncti
801 4769 1050 4827 novimus
1104 4776 1248 4844 quod
1287 4778 1741 4849 concupiscentiae

162 4859 410 4907 mucrone
444 4855 762 4923 transﬁxus,
795 4859 1028 4916 alienam
1054 4863 1338 4937 coniugem
1371 4877 1429 4924 et
1457 4871 1739 4940 appetivit,

164 4943 213 4991 et
240 4940 458 5001 abstulit
484 4963 497 4999 :
524 4947 678 5019 cujus
704 4949 919 5021 culpam
943 4953 1104 5025 digna
1126 4956 1350 5014 verbera
1379 4969 1506 5015 sunt
1533 4972 1740 5030 secuta,

167 5036 218 5082 et
240 5033 436 5096 malum
470 5038 612 5108 quod
634 5045 968 5112 perpetravit
1003 5062 1102 5116 per
1139 5050 1470 5119 paenitentiae
1503 5053 1740 5111 lamenta

168 5127 390 5182 correxit
429 5128 519 5201 (II
549 5129 676 5204 Reg.
725 5135 826 5206 χι).
875 5136 977 5204 Qui
1005 5153 1129 5194 cum
1155 5140 1314 5214 longe
1353 5153 1476 5214 post
1501 5147 1741 5204 hostium

169 5221 360 5271 cuneos
379 5221 616 5288 sederet,
643 5237 839 5294 aquam
868 5225 1055 5284 bibere
1079 5244 1147 5284 ex
1175 5245 1361 5286 eorum
1394 5234 1627 5290 cisterna
1649 5237 1740 5292 de-

172 5299 360 5360 siderio
380 5311 550 5368 voluit
581 5327 596 5366 :
627 5315 781 5384 cujus
805 5316 962 5374 electi
989 5320 1188 5378 milites
1215 5323 1358 5379 inter
1377 5335 1626 5385 catervas
1646 5330 1740 5386 ad-

175 5400 491 5458 versantium
516 5406 724 5462 medias
745 5419 1111 5480 erumpentes,
1135 5429 1328 5485 aquam
1348 5433 1509 5488 quam
1531 5421 1739 5478 deside-

176 5495 376 5544 raverat
412 5493 563 5552 illaesi
605 5498 929 5558 detulerunt.
969 5504 1076 5560 Sed
1119 5509 1202 5563 vir
1243 5509 1462 5581 ﬂagellis
1498 5517 1740 5572 eruditus

177 5583 509 5652 semetipsum
554 5592 800 5660 protinus
829 5611 950 5650 cum
991 5600 1230 5667 periculo
1268 5603 1498 5660 militum
1542 5622 1739 5677 aquam

181 5663 496 5732 desiderasse
529 5682 891 5750 reprehendit,
915 5663 1142 5759 eamque
1168 5691 1397 5748 Domino
1423 5694 1652 5754 fundens
1674 5699 1737 5753 li-

181 5752 333 5826 lavit,
368 5765 507 5822 sicut
537 5769 645 5825 illic
674 5776 932 5844 scriptum
962 5752 1083 5836 esti:
1119 5780 1316 5838 Libavit
1357 5802 1469 5840 eam
1510 5786 1735 5846 Domino

486 5860 756 5924 ΡΑΤιιοι..
805 5865 968 5929 CIX.

1851 3304 2055 3359 tenebat
2076 3323 2256 3375 manu,
2270 3319 2318 3362 et
2336 3313 2594 3382 interfecit
2608 3333 2727 3371 eum
2741 3319 2894 3374 hasta
2916 3339 3034 3389 sua,
3052 3333 3156 3381 etc.
3172 3304 3325 3394 Quod
3340 3345 3435 3385 au-

1848 3403 1960 3450 tem
1989 3397 2249 3468 scriptum
2272 3409 2356 3456 est
2387 3403 2443 3456 in
2465 3405 2670 3476 Regum
2696 3410 2762 3464 de
2783 3410 2984 3468 Banaia
3013 3415 3099 3488 (II
3119 3417 3245 3490 Reg.
3273 3422 3433 3496 XXIII)

1813 3521 1826 3539 .
1847 3489 1990 3556 quod
2019 3492 2286 3558 percussit
2313 3493 2447 3549 duos
2473 3496 2656 3554 leones
2682 3500 2838 3557 Moab
2859 3544 2874 3570 ,
2905 3513 2960 3560 et
2987 3506 3042 3561 in
3070 3489 3434 3584 Paralipome;

1845 3591 1955 3632 non
1997 3579 2130 3636 duos
2155 3581 2286 3637 ariel
2338 3582 2495 3642 Moab
2531 3589 2794 3657 nominat,
2825 3594 3040 3651 unicam
3077 3579 3435 3671 significatio-

1845 3683 1970 3724 nem
1997 3670 2180 3727 habet.
2208 3673 2323 3728 Viri
2349 3690 2478 3748 ergo
2502 3677 2787 3738 fortissimi
2815 3685 2905 3742 isti
2935 3670 3154 3747 fuerunt
3185 3693 3239 3749 in
3262 3711 3432 3768 regno

1847 3760 2003 3816 Moab
2047 3779 2061 3816 :
2108 3764 2253 3820 unde
2297 3774 2353 3821 et
2406 3767 2537 3824 ariel
2592 3769 2749 3828 Moab
2793 3773 2978 3834 leones
3032 3760 3434 3855 nuncupaniur.

1843 3851 1994 3909 Ariel
2017 3855 2162 3910 enim
2188 3856 2575 3930 interpretatur
2598 3863 2684 3919 leo
2707 3865 2803 3921 Dei
2828 3885 2841 3921 :
2872 3883 3008 3938 quos
3026 3851 3277 3943 Banaias,
3301 3877 3434 3934 dum

1843 3954 2168 4014 provocatus
2201 3959 2346 4006 esset
2370 3952 2441 4008 ab
2467 3953 2591 4019 illis,
2626 3969 2910 4028 superatos
2941 3962 3236 4022 interfecit.
3274 3970 3429 4038 Quod

1845 4047 2027 4094 autem
2073 4040 2274 4096 dicitur
2314 4044 2383 4099 de
2416 4043 2620 4101 Banaia
2645 4065 2662 4105 :
2692 4049 2764 4104 Et
2795 4051 2904 4123 ipse
2931 4055 3196 4114 descendit
3226 4070 3276 4116 et
3310 4079 3436 4133 per-

1844 4130 2005 4184 cussit
2035 4129 2236 4187 leonem
2257 4133 2314 4188 in
2341 4135 2514 4190 media
2546 4139 2772 4197 cisterna
2802 4144 2857 4199 in
2896 4146 3077 4203 diebus
3099 4151 3232 4207 nivis
3253 4165 3274 4206 :
3301 4129 3436 4227 quo-

1845 4222 2006 4277 modo
2030 4223 2102 4278 sit
2124 4221 2348 4292 factum,
2378 4225 2645 4299 Iosephus
2667 4243 2858 4290 narrat
2883 4240 3162 4308 apertius:
3191 4221 3433 4314 quia—Vi-

1843 4310 2040 4369 delicet
2076 4314 2313 4370 cisterna
2339 4316 2501 4372 fuerit
2530 4322 2759 4378 nimium
2797 4326 3082 4396 profunda,
3110 4310 3252 4401 quin,
3295 4341 3432 4391 tem-

1843 4417 1975 4472 pore
2001 4403 2230 4472 hiemis,
2261 4420 2386 4461 cum
2412 4418 2596 4464 essent
2631 4413 2815 4467 omnia
2855 4415 3072 4473 nivibus
3099 4419 3279 4488 plena,
3313 4422 3431 4493 ipsa

1843 4507 2058 4562 quoque
2077 4495 2247 4551 nimio
2271 4496 2478 4552 nivium
2499 4510 2722 4571 aggesta
2745 4503 2912 4562 fuerit
2933 4517 3232 4580 coaequata.
3259 4511 3432 4580 Quam

1769 4569 1824 4628 D
1849 4597 1974 4639 cum
1994 4585 2078 4641 leo
2103 4592 2488 4658 superveniens
2521 4595 2748 4664 periculi
2773 4601 2990 4656 nescius
3012 4602 3310 4673 incidisset,
3337 4607 3438 4662 ibi-

1849 4675 2081 4748 demque
2111 4679 2399 4737 conclusus
2431 4686 2618 4754 grandi
2658 4689 2838 4761 rugitu
2861 4689 3139 4759 clamaret,
3172 4709 3430 4755 accurre-

1846 4767 1979 4824 bant
2002 4769 2250 4828 homines
2270 4773 2454 4830 videre
2481 4777 2610 4847 quid
2635 4789 2798 4836 esset.
2832 4782 2904 4838 Et
2928 4784 3054 4840 dum
3077 4801 3200 4841 cum
3223 4788 3343 4846 aliis
3363 4789 3431 4845 ad

1846 4861 1955 4917 tale
1975 4867 2339 4934 spectaculum
2366 4870 2576 4928 veniret
2595 4882 2651 4929 et
2674 4875 2918 4943 Banaias,
2951 4879 3152 4936 desiliit
3172 4883 3226 4937 in
3247 4883 3434 4938 cister-

1845 4964 1999 5016 nam,
2031 4953 2326 5024 statimque
2357 4972 2669 5028 aggressum
2699 4965 2890 5021 mediis
2922 4967 3137 5023 nivibus
3165 4971 3436 5039 percussit

1845 5048 1900 5095 et
1926 5041 2200 5099 interfecit
2226 5045 2456 5103 leonem.
2505 5049 2608 5106 Nix
2637 5054 2820 5126 itaque
2855 5056 3152 5127 ﬁguraliter
3176 5076 3321 5117 nunc
3348 5063 3432 5118 in-

1843 5134 2108 5190 nocentiae
2131 5145 2296 5193 aestus
2324 5149 2379 5193 et
2403 5143 2612 5210 gratim,
2643 5159 2788 5200 nunc
2814 5146 2990 5202 hiems
3018 5155 3074 5204 et
3104 5148 3274 5220 frigus
3298 5153 3429 5210 cha-

1843 5228 2024 5284 ritatis
2047 5230 2274 5304 intelligi
2313 5243 2510 5304 potest.
2538 5237 2692 5306 Quod
2719 5249 2897 5295 autem
2932 5242 3022 5298 hic
3046 5242 3296 5315 legimus,
3325 5262 3429 5304 nec

1842 5337 1950 5378 non
1993 5331 2050 5379 et
2082 5323 2140 5379 in
2178 5324 2487 5397 Regnorum
2529 5329 2704 5396 libris,
2739 5330 2996 5387 Banaiam
3036 5338 3323 5404 quemdam
3360 5338 3430 5395 de

1843 5417 2072 5474 fortibus
2082 5418 2244 5475 Israel
2259 5420 2599 5478 descendisse
2619 5423 2673 5478 in
2695 5423 2984 5480 cisternam
2994 5468 3008 5493 ,
3021 5436 3077 5484 et
3090 5431 3429 5498 percussisse

1845 5513 2052 5568 leonem
2092 5516 2146 5570 in
2185 5522 2426 5586 tempore
2453 5517 2609 5584 nivis,
2641 5519 3013 5580 indifferenter
3046 5535 3178 5597 puto
3206 5528 3260 5582 in
3293 5527 3426 5584 locis

1841 5606 1972 5674 ipsis
2000 5608 2233 5676 positam
2267 5608 2444 5663 nivem
2463 5649 2478 5673 ,
2512 5611 2637 5680 quia
2675 5622 2730 5668 et
2754 5612 2952 5671 Christi
2980 5617 3156 5688 gratia
3177 5658 3190 5683 ,
3219 5632 3337 5686 qua:
3368 5619 3422 5671 in

1841 5701 1945 5757 hoc
1971 5701 2170 5756 mundo
2204 5700 2554 5770 resplenduit,
2585 5713 2638 5758 ct
2668 5704 2836 5777 frigus
2857 5708 3139 5762 charitatis
3168 5708 3284 5770 Dei,
3315 5722 3426 5774 quo

1842 5791 2164 5849 infrixcrunt
2193 5792 2455 5860 homines,
2488 5796 2625 5852 nivis
2650 5799 2866 5856 nomine
2890 5808 3116 5867 possunt
3142 5797 3422 5867 Scriptura

2873 5893 2938 5951 11
