3958 6470
527 342 645 404 335

2186 232 2244 245 θ’.

1190 326 1256 398 ‘n
1295 331 1557 396 mm
1587 330 2173 409 manusuam.
2211 331 2541 405 uocum.
2566 328 2859 392 ornavit
2893 329 3079 391 rans
3108 329 3155 389 ι.
3668 340 3748 403 ω

528 472 651 513 runt
665 453 1217 521 retinueritis,retenta
1236 458 1359 506 sunt
1381 448 1566 523 (Joan.
1592 445 1713 523 xx).
1742 447 1941 505 Beatus
1958 447 2126 520 igitur
2150 449 2207 513 Α
2228 447 2333 502 tria
2355 444 2547 514 millia,
2569 445 2897 519 septingenti.
2927 442 3103 501 Sadoc
3137 445 3300 501 etiam
3333 461 3460 519 puer
3490 453 3679 523 εστεσὶω
3693 457 3751 513 ί..

531 547 627 618 qui
662 548 864 604 donum
893 542 1038 616 quod
1063 541 1239 615 gratis
1275 540 1375 597 Dei
1401 539 1643 611 suscepit
1678 554 1779 613 per
1800 537 2123 595 humilitatis

530 641 834 699 custodiam
861 636 1092 694 illaesum
1112 648 1286 705 usque
1309 634 1379 691 ad
1416 632 1583 689 ﬁnem
1622 632 1748 689 vita:
1789 631 2122 700 servaverit,

528 741 594 790 ut
646 744 913 803 supernus
957 725 1351 800 paterfamilias
1374 767 1393 794 ,
1449 724 1747 783 semiudum
1795 724 2123 796 promissum

517 838 691 893 suum
710 821 956 887 veniens,
987 827 1043 876 et
1073 818 1152 875 ita
1178 816 1467 876 facientem
1492 816 1794 889 reperiens,
1821 831 1984 889 super
2006 830 2155 911 om-u‘

2150 916 2159 939 ‘
2230 914 2338 970 rito
2382 913 2580 971 fuerat.
2612 912 2767 982 Quod
2803 928 2938 971 vero
2976 912 3131 982 dicit,
3163 912 3439 985 principes
3475 929 3587 971 cum
3609 917 3752 976 eisra-

526 916 619 971 nia
647 915 788 970 bona
813 911 1109 969 constituat
1136 909 1287 966 illum
1317 908 1534 983 (Matth.
1566 906 1741 981 xxiv).

568 1042 573 1045 η
600 1003 829 1072 Quando
857 1018 979 1075 ergo
1008 1018 1243 1058 reuersus
1262 1009 1339 1056 est
1361 1002 1418 1056 in
1443 999 1649 1073 Siceleg
1666 1040 1682 1068 ,
1727 998 2124 1071 transfugerunt

526 1096 596 1149 ad
626 1111 747 1150 eum
783 1078 849 1148 de
885 1092 1135 1149 Manasse
1160 1091 1346 1147 Ednas
1374 1100 1421 1147 et
1448 1089 1723 1146 Josabaad
1761 1098 1810 1146 et
1831 1088 2040 1145 Jedihel
2075 1096 2128 1145 et

526 1184 761 1242 Michael
786 1196 834 1240 et
869 1184 1108 1241 Josabad
1134 1194 1182 1239 et
1207 1182 1337 1238 Eliu
1363 1191 1410 1238 et
1442 1182 1675 1249 Salathi,
1701 1182 1962 1254 principes
1984 1179 2129 1236 mili-

527 1288 642 1333 tum
667 1279 725 1333 in
752 1277 1019 1333 Manasse.
1049 1275 1124 1331 Hi
1155 1276 1491 1347 praebuerunt
1532 1273 1793 1330 auxilium
1832 1274 2008 1329 David
2027 1273 2128 1328 ad-

526 1385 709 1424 versus
736 1366 1088 1433 latrunculos,
1108 1375 1164 1423 et
1189 1367 1420 1437 reliqua.
1442 1366 1548 1422 Isti
1585 1380 1738 1438 ergo,
1778 1365 1873 1436 qui
1913 1365 1981 1420 de
2016 1362 2129 1419 Ma-

530 1476 694 1517 nasse
712 1467 981 1515 venerunt
1020 1461 1089 1515 ad
1125 1459 1325 1525 David,
1351 1474 1417 1514 eo
1454 1466 1698 1528 tempore
1728 1464 2012 1529 coeperunt
2035 1469 2130 1512 ve-

528 1553 672 1618 nire,
705 1566 814 1623 quo
853 1551 1020 1607 David
1054 1566 1179 1608 cum
1206 1550 1534 1606 Philisthiim
1575 1551 1836 1606 adversus
1876 1547 2007 1604 Saul
2036 1548 2131 1603 de-

528 1649 705 1706 crevit
745 1663 974 1720 pergere
1004 1648 1059 1703 in
1100 1646 1369 1717 praelium,
1420 1655 1480 1700 ut
1525 1645 1754 1701 historia
1791 1630 2130 1699 demonstrat

528 1741 585 1813 (Ι
605 1741 734 1812 Reg.
756 1740 936 1813 xxix).
958 1740 1067 1796 Sed
1088 1740 1214 1810 quia
1242 1755 1272 1793 a
1299 1730 1629 1793 Philisthasis
1654 1737 1936 1803 remissus,
1961 1737 2017 1791 iu
2043 1734 2130 1790 Si-

2172 572 2185 588 .
2227 540 2387 608 dolis,
2440 549 2489 596 et
2534 540 2724 596 domus
2765 540 3121 612 patris'ejus,
3170 540 3429 612 principes
3657 549 3748 607 duo.

2226 632 2394 690 istum
2441 630 2633 690 Joiada
2687 633 2992 707 principem
3047 634 3114 690 de
3155 634 3328 704 stirpe
3372 633 3547 692 Aaron
3593 636 3750 700 Hebr-ei

2227 729 2454 785 tradunt
2498 726 2669 785 fuisse
2714 728 2948 785 Phineas
2993 727 3163 785 ﬁlium
3207 727 3490 797 Eleazari,
3537 732 3600 788 ad
3640 734 3750 805 cuius

2226 816 2690 894 comparationem
2731 835 2870 893 puer
2910 827 3169 888 vocatur,
3214 821 3346 891 quia
3388 828 3543 879 aetate
3578 839 3635 880 ac
3666 842 3749 884 me-

2228 1005 2399 1073 nisse,
2428 1004 2740 1077 signiﬁcant
2760 1006 3105 1063 sacerdotum
3124 1021 3437 1073 numerum,
3466 1007 3554 1079 qui
3569 1008 3619 1064 in
3640 1011 3751 1068 domo

2226 1099 2399 1170 patris
2427 1097 2624 1167 Sadoc,
2651 1098 2757 1156 hoc
2784 1105 2871 1154 est
2891 1139 2907 1166 ,
2947 1098 3005 1155 in
3031 1098 3193 1155 domo
3236 1097 3369 1154 Levi
3411 1100 3674 1171 antiquitus
3693 1116 3751 1159 se-

2229 1189 2469 1246 cundum
2493 1189 2628 1262 legis
2652 1197 2927 1262 praecepta
2951 1188 3190 1245 ordinati
3224 1196 3374 1257 sunt,
3397 1188 3631 1247 adfuisse.
3742 1233 3753 1241 .

2299 1281 2381 1337 De
2404 1281 2532 1352 [iliis
2556 1298 2763 1354 quoque
2785 1280 3039 1337 Issachar
3053 1282 3156 1336 viri
3191 1281 3389 1336 eruditi
3408 1322 3425 1349 ,
3456 1283 3541 1353 qui
3569 1293 3753 1339 nouerant

2228 1373 2445 1445 singula
2460 1383 2696 1446 tempora
2725 1374 2795 1429 ad
2813 1374 3225 1447 pracipiendum
3256 1374 3398 1446 quod
3425 1375 3586 1445 facere
3607 1378 3751 1434 detaut

2228 1464 2421 1530 Israel,
2449 1466 2711 1536 principes
2745 1465 2977 1520 ducenti.
3015 1464 3208 1521 Omnes
3231 1475 3409 1521 autem
3426 1465 3621 1537 reliqua
3639 1469 3752 1525 tribu

2229 1573 2410 1614 eorum
2430 1556 2708 1612 consilium
2735 1559 3104 1629 sequebantur.
3130 1559 3395 1615 Doctores
3420 1558 3547 1630 legis
3569 1559 3617 1614 in
3633 1560 3751 1617 tribus

2230 1647 2480 1704 lssachar
2508 1646 2676 1704 fuisse
2705 1649 2949 1715 tradunt,
2975 1649 3069 1720 qui
3095 1658 3256 1704 erant
3273 1649 3383 1704 viri
3401 1649 3604 1716 eruditi,
3627 1659 3669 1706 et
3684 1667 3750 1707 no-

2232 1747 2426 1796 verant
2476 1740 2690 1811 singula
2740 1748 2991 1811 tempora
3044 1740 3294 1813 legaliter
3349 1739 3647 1798 discernere.
3684 1741 3750 1812 Ipsi

527 1834 681 1907 celeg
702 1849 954 1891 reversus
983 1843 1087 1899 est,
1113 1841 1170 1888 et
1192 1833 1399 1887 invenit
1429 1846 1629 1888 uxores
1659 1846 1791 1887 suas
1821 1831 1889 1886 ab
1911 1829 2129 1886 Amale-
2154 1823 2204 1885 Β
2230 1832 2377 1889 enim
2403 1839 2559 1886 erant
2580 1832 2715 1903 legis
2740 1832 3021 1899 doctores,
3056 1833 3159 1905 ipsi
3172 1840 3581 1904 'computatores
3611 1841 3752 1904 tempo-

529 1928 656 1984 citi's
689 1927 933 1997 captivas
978 1926 1270 1991 abductas,
1324 1926 1622 1996 urbemque
1661 1938 1976 1980 succensam
2000 1963 2017 1989 ,
2066 1929 2128 1978 ut

528 2018 671 2075 liber
715 2019 926 2092 Regum
970 2028 1159 2074 narrat
1207 2018 1269 2089 (1
1299 2017 1424 2089 Reg.
1465 2016 1643 2090 xxx),
1686 2026 1818 2072 tunc
1843 2016 2127 2071 venientes

526 2111 878 2183 praebuerunt
898 2109 1161 2165 auxilium
1178 2108 1349 2163 David
1370 2110 1631 2164 adversus
1656 2106 2010 2174 latrunculos,
2033 2105 2129 2177 qui
2159 2124 2165 2130 ·

527 2205 823 2277 depraadati
849 2213 976 2261 sunt
1002 2219 1201 2261 uxores
1226 2202 1375 2271 ejus,
1409 2210 1467 2258 et
1496 2217 1684 2259 eorum
1718 2201 1812 2273 qui
1850 2216 1974 2257 cum
2009 2200 2128 2271 ipso

526 2305 716 2361 erant,
755 2303 813 2350 et
853 2294 992 2351 ﬁlios
1029 2301 1087 2350 et
1126 2293 1282 2348 ﬁlias.
1336 2292 1562 2364 Mystice
1605 2299 1786 2348 autem
1820 2291 1879 2346 hi
1920 2298 2128 2361 septem

526 2384 820 2456 principes,
849 2385 943 2455 qui
975 2392 1241 2440 venerunt
1276 2384 1341 2440 de
1377 2382 1654 2449 Manasse,
1684 2382 1994 2453 signiﬁcant
2015 2381 2129 2453 pri.

527 2491 649 2532 mos
668 2477 921 2532 doctores
947 2476 1204 2532 Ecclesia:
1227 2476 1292 2531 de
1317 2474 1524 2539 Judaea,
1548 2475 1663 2544 qui,
1680 2474 1980 2546 septiformi
2006 2473 2131 2545 Spi-

528 2568 671 2624 ritus
710 2567 887 2623 sancti
931 2567 1107 2639 gratia
1150 2567 1440 2632 illustrati,
1474 2566 1733 2621 auxilium
1780 2567 2130 2637 praebuerunt

530 2657 702 2714 David
731 2666 922 2714 nostro
946 2656 1207 2714 adversus
1236 2657 1593 2725 latrunculos,
1615 2659 1720 2714 hoc
1739 2664 1845 2724 est,
1869 2656 2127 2713 adversus

528 2750 806 2819 Hebraeos,
852 2751 1171 2817 haereticos,
1218 2750 1336 2807 sive
1363 2751 1531 2807 etiam
1570 2750 1839 2822 malignos
1868 2747 2125 2819 spiritus,

528 2846 620 2914 qui
644 2859 860 2916 semper
882 2844 1102 2902 student
1122 2860 1476 2915 quoscunque
1500 2851 1729 2916 possunt
1760 2858 1859 2915 per
1878 2841 2127 2897 fraudem

529 2947 756 3004 capere,
792 2942 954 3004 atque
996 2934 1051 2988 in
1094 2935 1465 3006 captivitatem
1513 2933 1718 2989 erroris
1761 2947 1826 3013 ac
1867 2931 2127 2988 vitiorum

529 3026 767 3081 tradere.
816 3027 893 3082 De
940 3027 1182 3098 ipsorum
1228 3028 1397 3083 etiam
1439 3027 1738 3083 electorum
1768 3041 1997 3082 numero
2026 3024 2129 3080 fuit

529 3115 621 3172 ille
648 3116 742 3187 qui
772 3118 840 3173 ad
870 3119 1163 3188 discipulos
1187 3119 1434 3174 scribens
1463 3119 1571 3174 ait:
1612 3119 1711 3174 Dei
1746 3134 1929 3173 sumus
1962 3117 2127 3189 adju-

2231 1940 2354 1980 rum
2382 1932 2438 1980 et
2457 1925 2707 1997 magistri
2743 1924 2986 2003 fuerunt,
3011 1925 3079 1982 ad
3101 1924 3449 1980 limitandum
3477 1923 3750 1980 festivitatum

2232 2031 2528 2089 congruam
2556 2017 2999 2085 celebrationem,
3036 2026 3376 2089 caeterasque
3409 2017 3537 2088 legis
3556 2032 3750 2074 ceremo-

2230 2110 2351 2165 nias
2371 2109 2763 2166 observandas.
2778 2108 2909 2165 Inde
2928 2109 3135 2165 dictum
3157 2110 3321 2166 estin
3340 2109 3748 2174 benedictionibus,

2231 2201 2427 2272 quibus
2451 2199 2618 2256 Iacob
2644 2200 2886 2272 singulos
2917 2199 3058 2257 ﬁlios
3095 2201 3417 2257 benedixit:
3449 2199 3749 2256 Issacltaraxi-

2232 2309 2332 2348 nus
2352 2293 2506 2364 fortis
2529 2293 2790 2348 accubans
2809 2292 2948 2367 inter
2970 2292 3247 2361 terminos,
3271 2293 3402 2349 vidit
3432 2292 3635 2364 requiem
3658 2290 3749 2362 quod

2229 2395 2363 2441 esset
2388 2385 2544 2452 bona,
2559 2393 2609 2440 et
2633 2393 2777 2440 terra
2795 2385 2937 2457 quod
2960 2386 3180 2457 optima,
3195 2393 3246 2441 et
3266 2386 3531 2458 supposuit
3548 2385 3748 2439 humerus

2229 2492 2385 2532 suum
2415 2476 2486 2531 ad
2512 2475 2833 2547 portandum
2853 2516 2870 2543 ,
2917 2476 3194 2548 factusque
3238 2486 3315 2532 est
3360 2476 3560 2531 tributis
3593 2474 3751 2530 servient

2232 2565 2388 2641 (Gen.
2414 2566 2589 2640 χιιι).
2626 2566 2856 2639 Mystice
2883 2575 3068 2624 autem
3104 2567 3395 2637 lssachar,
3439 2569 3527 2641 qui
3560 2568 3753 2638 intepu-

2232 2668 2382 2717 tatur
2413 2676 2644 2728 merces,
2685 2660 2924 2717 refertur
2969 2660 3040 2716 ad
3072 2660 3335 2733 populum
3373 2662 3621 2735 gentium,
3644 2671 3751 2730 quem

2229 2753 2495 2809 Dominus
2516 2754 2797 2826 sanguinis
2827 2754 2913 2810 sui
2934 2754 3114 2824 pretio
3137 2763 3225 2811 est
3251 2764 3536 2812 mercatus.
3565 2753 3647 2809 ilic
3663 2750 3752 2807 Issa-

2231 2847 2366 2904 char
2395 2847 2582 2904 asinus
2623 2845 2782 2903 fortis
2807 2846 3101 2915 scribitur,
3129 2848 3260 2919 quia
3286 2848 3437 2920 prius
3457 2845 3659 2919 gentium
3686 2856 3750 2911 po-

2229 2938 2390 3010 pulus
2410 2938 2565 3010 quasi
2590 2939 2811 2994 brutum
2837 2947 2894 2994 et
2920 2937 3267 2994 luxuriosum
3305 2936 3501 2993 animal
3528 2942 3646 3000 erat,
3668 2930 3747 2987 nul-

2230 3030 2392 3101 laque
2425 3030 2642 3086 ratione
2666 3028 2991 3086 subsistens.
3020 3027 3179 3085 Nunc
3201 3043 3338 3086 vere
3358 3027 3510 3085 fortis
3535 3034 3606 3082 est
3622 3023 3751 3080 Salu-

2233 3122 2340 3178 tori
2366 3128 2555 3177 nostro
2583 3120 2783 3177 mentis
2801 3119 3019 3177 occulta
3039 3120 3324 3193 subigens,
3350 3135 3435 3185 ac,
3457 3111 3749 3187 Redemptoris

528 3216 687 3262 tores.
714 3207 815 3263 Dei
836 3209 1164 3280 agricultura
1185 3210 1329 3265 estis.
1356 3209 1454 3265 Dei
1474 3210 1760 3280 a’diﬁcatio
1778 3210 1903 3265 estis
1925 3208 1980 3282 (Ι
2002 3208 2126 3265 Cor.
2158 3192 2205 3257 C
2238 3214 2480 3271 dominio
2502 3212 2641 3270 colla
2664 3212 3003 3282 subiiciendo
3022 3252 3038 3279 ,
3059 3192 3256 3285 iugum
3290 3211 3570 3283 disciplina:
3588 3218 3749 3275 evange-

530 3300 636 3371 m).
675 3299 785 3355 Deo
807 3310 982 3356 autem
1009 3303 1211 3372 gratias
1234 3343 1250 3369 ,
1280 3303 1370 3372 qui
1412 3318 1615 3372 semper
1635 3301 1927 3373 triumphat
1954 3316 2050 3355 nos
2073 3302 2131 3355 in

528 3388 737 3446 Christo
775 3391 938 3459 Jesu,
982 3405 1030 3446 et
1075 3392 1285 3447 odorem
1317 3394 1517 3448 notitia:
1559 3410 1672 3449 sum
1708 3392 2015 3463 manifestat
2039 3407 2134 3462 per

530 3500 626 3538 nos
653 3486 709 3538 in
737 3485 880 3539 omni
909 3484 1024 3539 loco
1054 3484 1153 3557 (II
1186 3485 1311 3540 Cor.
1345 3501 1384 3541 ιι
1403 3486 1444 3558 ).
1471 3485 1580 3541 Sed
1604 3494 1661 3541 et
1685 3486 1840 3553 illud,
1871 3486 2016 3555 quod
2045 3499 2131 3540 se-

529 3576 753 3648 quitur:
792 3576 932 3644 Quia
960 3593 1054 3648 per
1083 3577 1320 3648 singulos
1344 3578 1457 3633 dies
1480 3577 1750 3632 veniebant
1771 3577 1841 3631 ad
1871 3577 2038 3633 Dauid
2060 3577 2131 3631 ad

529 3668 902 3723 auxiliandum
943 3670 993 3723 ei
1018 3710 1032 3734 ,
1075 3685 1239 3741 usque
1277 3670 1403 3725 dum
1441 3670 1589 3739 ﬁeret
1612 3669 1830 3741 grandis
1860 3686 2129 3737 numerus,

531 3759 687 3831 quasi
702 3759 972 3814 exercitus
994 3759 1109 3814 Dei.
1139 3759 1290 3815 Licet
1318 3760 1531 3815 Hebrmi
1553 3760 1755 3826 dicant,
1778 3760 1934 3831 juxta
1959 3760 2132 3816 histo-

534 3851 696 3917 riam,
727 3858 938 3907 tantum
969 3867 1258 3907 numerum
1287 3852 1597 3907 excrevisse
1636 3851 1846 3907 illorum
1868 3892 1884 3917 ,
1919 3852 2013 3922 qui
2042 3867 2135 3909 ve-

405 3991 411 3997 .
529 3952 730 3999 nerunt
756 3943 929 3998 David
960 3944 1014 4001 in
1038 3943 1325 4009 auxilium,
1358 3944 1528 3999 donec
1568 3944 1723 3998 ﬁeret
1750 3943 1840 3999 ille
1870 3959 2131 4000 numerus

530 4043 866 4089 armatorum
888 4034 983 4103 qui
1003 4048 1259 4105 egressus
1280 4041 1452 4089 estex
1476 4033 1732 4107 IEgypto,
1757 4035 1862 4090 hoc
1881 4044 1986 4102 est,
2007 4050 2130 4092 sex-

529 4131 814 4181 centorum
841 4122 1071 4177 millium
1091 4163 1107 4190 ,
1146 4138 1283 4193 quos
1331 4122 1543 4195 Moyses
1575 4138 1677 4194 per
1703 4124 1949 4180 Rubrum
1978 4140 2131 4181 mare

530 4213 721 4271 eduxit
743 4213 799 4268 in
831 4215 1109 4270 chertum
1138 4215 1335 4287 (Exod.
1367 4216 1514 4287 xiv);
1552 4224 1735 4271 tamen
1762 4216 1943 4273 altiori
1969 4218 2132 4275 intel-

530 4306 677 4361 lectu
717 4306 990 4377 signiﬁcat
1034 4306 1274 4378 quotidie
1312 4309 1367 4363 in
1398 4308 1701 4365 exercitum
1742 4308 1913 4365 David
1956 4309 2129 4367 nostri

529 4396 773 4452 ﬁdelium
802 4395 1089 4454 numerum
1131 4413 1416 4466 crescere,
1452 4400 1626 4456 donec
1666 4399 1964 4456 electorum
1991 4401 2126 4469 Dei,

529 4489 624 4560 qui
671 4490 740 4546 ad
778 4497 1041 4546 aeternam
1080 4492 1244 4546 vitam
1288 4492 1662 4562 prmdestinati
1707 4503 1869 4560 sunt,
1915 4508 2129 4549 summa

529 4579 899 4649 compleatur:
935 4579 1077 4646 Quia
1097 4598 1227 4652 quos
1255 4582 1513 4652 pra'sciuit
1534 4622 1551 4649 ,
1582 4582 1675 4636 hos
1710 4591 1758 4636 et
1784 4582 2129 4652 prwdestina-

529 4670 644 4735 vit;
681 4678 732 4724 et
769 4686 897 4742 quos
938 4671 1327 4744 praedestinavit
1349 4713 1365 4740 ,
1407 4673 1502 4727 hos
1545 4680 1595 4727 et
1638 4674 1879 4739 vocavit;
1916 4681 1967 4729 et
1998 4664 2129 4746 quos

529 4763 763 4828 uocauit,
800 4760 921 4817 illos
955 4772 1005 4818 et
1025 4762 1543 4836 justiﬁcavit;’quos
1580 4776 1755 4819 autem
1775 4765 2088 4835 justi/iacvit
2110 4807 2128 4834 ,

529 4851 648 4927 illos
672 4862 720 4908 et
746 4852 1058 4925 gloriﬁcavit
1079 4852 1261 4927 (Rom.
1300 4855 1442 4926 vm).
1471 4854 1644 4910 Porro
1666 4855 1812 4926 quod
1840 4857 2126 4927 sequitur:

601 4926 711 5004 iste
732 4966 939 5022 quoque
965 4959 1042 5004 est
1088 4926 1338 5002 numerus
1379 4950 1675 5020 principum
1714 4926 2004 5017 exercitus,
2038 4952 2130 5022 qui

531 5036 778 5096 uenerunt
807 5040 877 5095 ad
913 5038 1106 5104 Dauid,
1132 5055 1250 5091 cum
1273 5049 1403 5093 esset
1427 5040 1484 5093 in
1521 5039 1750 5109 Hebron,
1785 5052 1841 5096 ut
1867 5042 2126 5113 transfer-

532 5127 646 5189 rent
668 5141 888 5205 regnum
912 5129 1047 5186 Saul
1067 5131 1137 5185 ad
1157 5148 1298 5198 eum,
1309 5132 1469 5202 juxta
1498 5134 1709 5188 verbum
1731 5134 1975 5202 Domini,
1998 5136 2126 5193 huic

531 5224 796 5296 mysterio
841 5223 1231 5279 convenienter
1270 5234 1522 5295 aptatur,
1560 5228 1688 5298 quia
1733 5229 1839 5284 hoc
1872 5229 2126 5286 doctores

532 5316 734 5381 sancti,
765 5316 873 5371 hoc
898 5323 1012 5384 est,
1039 5316 1227 5373 ﬁdeles
1260 5305 1530 5389 discipuli,
1564 5320 1800 5376 maxime
1825 5330 2088 5393 appetunt
2105 5362 2122 5391 ,

534 5415 757 5477 totoque
799 5408 923 5463 nisu
956 5408 1268 5476 decertant,
1319 5420 1382 5465 ut
1432 5398 1624 5482 priscae
1659 5411 1792 5484 legis
1830 5412 2124 5471 historicus

535 5500 713 5556 cultus
750 5500 805 5555 in
847 5501 1146 5572 spiritalem
1188 5502 1466 5576 Evangelii
1513 5504 1878 5562 transferatur
1921 5506 2122 5562 intelli—

536 5590 798 5663 gentiam,
818 5601 989 5664 utque
1007 5582 1195 5651 vetera
1217 5602 1517 5665 transeant,
1535 5604 1593 5653 et
1613 5598 1797 5655 omnia
1817 5598 1953 5653 ﬁant
1985 5613 2123 5656 nova

535 5684 627 5756 (ΙΙ
652 5683 776 5742 Cor.
816 5686 895 5760 γ).

610 5780 806 5837 loiada
828 5800 1027 5856 quoque
1052 5788 1289 5859 princeps
1319 5790 1381 5843 de
1411 5788 1569 5857 stirpe
1592 5787 1774 5844 Aaron
1791 5831 1806 5856 ,
1844 5801 1892 5846 et
1921 5806 2039 5845 cum
2065 5806 2124 5845 eo

2236 3306 2356 3362 lica:
2374 3304 2602 3376 perfert.
2634 3304 2738 3361 Hic
2776 3305 3051 3361 accubans
3088 3305 3237 3361 inter
3270 3304 3555 3369 terminos;
3587 3308 3748 3366 namque

2237 3397 2508 3454 accubare
2532 3404 2618 3454 est
2642 3395 2961 3469 praestolato
2984 3395 3176 3451 mundi
3219 3395 3331 3452 ﬁne
3366 3394 3682 3466 requiescere,
3699 3384 3749 3439 ni-

2235 3492 2422 3564 hilque
2451 3491 2520 3547 de
2547 3491 2636 3547 his
2655 3506 2777 3561 quae
2802 3504 2949 3547 nunc
2975 3498 3274 3547 versantur
3298 3491 3353 3546 in
3376 3486 3545 3545 medio
3559 3492 3746 3556 quem.

2236 3584 2336 3641 sed
2376 3582 2569 3640 ultima
2607 3582 2938 3640 desiderare.
2971 3581 3043 3639 Et
3074 3584 3266 3640 asinus
3311 3582 3466 3640 fortis
3507 3577 3749 3649 requiem!

2234 3686 2442 3734 terram
2466 3679 2727 3749 optimam
2753 3677 2913 3745 vidit,
2941 3692 3068 3734 cum
3093 3678 3327 3751 simplex
3346 3675 3595 3753 gentilitas
3610 3668 3748 3728 idcirco

2235 3783 2297 3826 se
2324 3769 2395 3825 ad
2422 3770 2594 3826 robur
2612 3769 2743 3826 boni
2768 3769 2952 3840 operis
2976 3770 3161 3841 erigit,
3194 3770 3328 3841 quia
3364 3770 3431 3825 ad
3468 3774 3650 3823 reterns
3667 3758 3748 3813 vii:

2234 3863 2470 3933 patriam
2494 3852 2688 3918 tendit.
2727 3860 2880 3918 Unde
2912 3861 3083 3918 etiam
3116 3864 3345 3935 apponit
3366 3862 3622 3919 humerum
3642 3862 3747 3910 suum

2236 3954 2305 4009 ad
2331 3953 2683 4023 portandum,
2706 3954 2838 4024 quia
2855 3952 2987 4009 dum
3007 3955 3074 4011 ad
3096 3956 3425 4026 promissam
3448 3950 3654 4023 requiem
3670 3956 3749 4016 per-

2231 4045 2422 4100 venire
2450 4044 2746 4112 desiderat,
2771 4052 2969 4101 cuncta
3008 4047 3393 4105 mandatorum
3420 4058 3570 4103 onera
3587 4037 3748 4095 hbeam

2234 4145 2436 4209 portat.
2468 4136 2626 4193 Unde
2655 4145 2711 4193 et
2731 4136 2910 4194 factus
2930 4145 3016 4193 est
3043 4138 3266 4196 tributis
3293 4138 3553 4201 serviens,
3578 4132 3661 4188 hoc
3678 4132 3745 4186 est.

2233 4230 2350 4301 regi
2379 4237 2437 4285 et
2468 4230 2687 4287 Christo
2722 4245 2823 4287 suo
2862 4230 2988 4286 ﬁdei
3016 4230 3161 4287 bona
3201 4243 3528 4303 operumque
3555 4226 3746 4281 bonorum

2231 4337 2460 4378 munera
2483 4322 2752 4393 offerens;
2785 4324 2909 4382 sive
2929 4325 3152 4382 tributis
3177 4326 3369 4394 servit,
3398 4338 3514 4382 cum
3535 4315 3659 4376 verbi
3677 4307 3769 4398 ωίῄ

2233 4415 2521 4471 nisterium
2546 4417 2757 4473 devotis
2783 4416 3125 4474 auditoribus
3142 4419 3384 4484 exhibet,
3408 4414 3585 4488 quibus
3600 4403 3746 4464 debitor

2234 4516 2321 4562 est
2346 4507 2615 4564 talentum
2640 4508 2857 4565 Domini
2880 4509 2949 4565 ad
2972 4509 3439 4580 multiplicandum
3474 4507 3526 4563 iu
3549 4503 3751 4591 b00031”,

2231 4614 2460 4671 operum
2488 4608 2784 4672 augmento
2798 4600 3046 4657 tradere.
3080 4599 3237 4658 Unde
3255 4600 3450 4657 Paulus
3475 4597 3537 4654 de
3554 4586 3751 4666 prmi“;

2231 4690 2382 4745 tione
2424 4704 2525 4745 sua
2574 4690 2693 4746 ait:
2737 4687 3075 4762 Sapientibus
3123 4701 3175 4747 et
3218 4688 3564 4764 insipientibus
3603 4677 3753 4764 Mli",

2231 4798 2348 4837 sum
2385 4780 2560 4853 (Rom.
2594 4779 2656 4852 ι).
2697 4780 2767 4836 Ει
2805 4780 2976 4838 alibi:
3018 4781 3163 4838 Nam
3184 4784 3231 4838 si
3250 4778 3652 4855 euangelizautro,
3675 4777 3743 4855 γι

2232 4883 2308 4929 est
2337 4852 2467 4927 mihi
2508 4871 2714 4943 gloria,
2748 4874 3029 4928 necessitas
3059 4875 3199 4929 enim
3242 4873 3373 4929 mihi
3383 4852 3642 4925 incumbit-
3681 4852 3741 4907 γι

2232 4966 2371 5020 enim
2400 4964 2530 5018 mihi
2554 4972 2654 5030 est,
2685 4962 2733 5019 si
2762 4981 2870 5019 non
2893 4965 3332 5038 euangelizavero.
3381 4961 3442 5020 Si
3479 4958 3599 5015 enim
3621 4945 3739 5006 ωιτη

2227 5059 2325 5113 hoc
2355 5075 2474 5130 ago,
2504 5058 2793 5114 mercedem
2833 5060 3018 5115 habeo.
3068 5058 3127 5116 Si
3172 5070 3347 5117 autem
3374 5056 3570 5118 inuitus,
3592 5046 3739 5130 ἀείρας

2227 5151 2363 5205 satio
2385 5124 2517 5205 mihi
2546 5151 2747 5206 credita
2771 5162 2869 5207 est.
2900 5150 3034 5219 Quae
3071 5162 3147 5209 est
3185 5170 3307 5225 ergo
3330 5163 3513 5208 merces
3546 5134 3670 5197 πιιαῖ
3694 5124 3737 5183 ω

2228 5240 2578 5313 Evangelium
2605 5244 2903 5313 praedicans
2945 5245 3059 5299 sine
3101 5255 3313 5317 sumptu
3347 5253 3525 5315 ponam
3560 5231 3735 5317 3W
3850 5231 3851 5303 Ῐ

2227 5329 2379 5398 lium,
2410 5340 2468 5385 ut
2495 5348 2600 5387 non
2622 5333 2817 5388 abutar
2838 5343 3093 5404 potestate
3118 5313 3234 5391 mea
3256 5336 3313 5391 in
3340 5313 3610 5401 Ευαηθιιίοο

2220 5416 2347 5476 cum
2373 5420 2502 5477 liber
2524 5439 2688 5478 essem
2715 5441 2781 5480 ea:
2808 5426 3067 5493 omnibus,
3101 5428 3334 5482 omnium
3357 5440 3433 5479 me
3457 5427 3627 5476 seer
3647 5404 3730 5477 Ῑεάν

2212 5508 2287 5566 ut
2315 5512 2490 5584 plures
2511 5513 2895 5585 lucrifacerem.
2919 5516 2991 5570 Et
3015 5516 3188 5587 factus
3209 5532 3324 5573 cum
3342 5509 3531 5570 Iudicis
3547 5502 3732 5587 MM‘W

2228 5604 2478 5672 Judwus,
2519 5616 2577 5660 ut
2615 5605 2836 5663 Judwos
2865 5586 3122 5663 lucrarer.
3153 5608 3253 5664 His
3291 5606 3379 5677 qui
3409 5601 3496 5657 sub
3531 5595 3621 5663 ’⁸9⁸
3644 5586 3730 5677 ""f’

2209 5685 2381 5768 (quasi
2409 5680 2513 5753 sub.
2531 5699 2639 5770 lege
2677 5715 2843 5755 essent
2869 5700 2890 5769 (
2905 5715 3022 5754 cum
3054 5702 3162 5772 ipse
3189 5716 3289 5755 non
3327 5709 3474 5753 essem
3505 5684 3585 5743 sub
3608 5668 3725 5772 ίεθξλ

2232 5801 2284 5847 ut
2313 5807 2397 5846 eos
2432 5794 2519 5859 qui
2562 5794 2654 5846 sub
2693 5793 2798 5863 lege
2836 5805 2983 5850 erant
3010 5794 3380 5865 lucrifacerem.
3425 5784 3513 5842 llis
3549 5774 3621 5847 qui
3650 5775 3725 5820 ειπι
