3958 6470
229 425 348 482 337

1150 427 1498 486 COMMENT.
1538 430 1606 487 IN
1645 415 2192 491 PABALIPOMENA.
2232 467 2304 480 —
2336 436 2462 495 LIB.
2501 439 2543 494 1.

3383 444 3486 500 538

231 547 374 618 lege,
401 556 650 617 tanquam
675 544 784 600 sine
812 542 920 617 lege
943 561 1104 602 essem
1129 551 1270 621 (cum
1293 551 1406 606 sine
1417 534 1550 621 'lege
1578 550 1676 605 Dei
1710 568 1816 606 non
1840 552 1895 613 Α
1917 552 2195 620 prophetis
2235 561 2397 625 atque
2426 555 2770 627 evangelistis
2812 559 3068 631 disponit,
3093 560 3323 632 qualiter
3348 562 3485 620 ﬁdes

229 655 424 703 essem,
453 637 542 693 sed
569 637 628 692 in
650 636 758 707 lege
777 654 938 692 essem
962 637 1201 711 Christi),
1236 651 1292 697 ut
1322 641 1692 713 ilucrifacerem
1727 660 1814 699 eos

227 732 333 802 qui
355 731 467 784 sine
493 729 602 800 lege
629 739 796 785 erant.
834 729 1033 786 Factus
1059 750 1175 787 sum
1204 734 1422 803 infirmis
1453 736 1722 804 infirmus,
1757 747 1813 791 ut

229 823 479 891 infirmos
507 823 886 893 lucrifacerem.
914 823 1164 880 Omnibus
1186 828 1360 881 omnia
1390 828 1560 898 factus
1589 846 1726 895 sum,
1757 841 1813 885 ut

229 929 419 968 omnes
455 913 676 982 facerem
725 913 917 970 salvos.
970 914 1158 971 Omnia
1207 929 1381 973 autem
1425 920 1562 988 facio
1606 933 1816 992 propter

231 1001 606 1074 Evangelium,
627 1012 682 1057 ut
693 1005 948 1076 particeps
976 1007 1090 1076 ejus
1113 1008 1371 1081 efficiarU
1399 1006 1523 1066 Cor.
1551 1013 1649 1083 ιιι).
1676 1013 1816 1070 Ecce

227 1094 329 1150 hic
350 1095 642 1166 spiritualis
685 1097 982 1167 negotiator
1011 1097 1210 1152 tributa
1239 1114 1296 1154 se
1324 1101 1530 1156 solvere
1557 1118 1663 1157 non
1685 1103 1812 1172 uni,

227 1185 333 1241 sed
353 1186 594 1255 pluribus
618 1187 980 1253 demonstrat,
1016 1188 1141 1258 quia
1169 1186 1368 1244 Iudaeis
1400 1199 1454 1244 et
1482 1193 1730 1262 gentibus
1759 1204 1814 1249 et

228 1275 493 1332 Ecclesia:
539 1276 737 1332 Christi
784 1278 1007 1332 verbum
1058 1278 1179 1334 ﬁdei
1227 1282 1602 1349 praedicando,
1657 1284 1813 1340 bonis

226 1367 496 1437 exemplis
516 1366 590 1420 ita
617 1383 675 1423 se
699 1369 949 1424 omnibus
973 1371 1204 1439 aptavit,
1235 1372 1378 1440 quod
1407 1373 1657 1429 omnibus
1698 1374 1812 1444 pla-

227 1469 405 1528 ceret,
441 1460 690 1514 omuibus
717 1460 1020 1531 proﬁceret,
1046 1478 1110 1518 ac
1147 1461 1406 1534 cujusque
1447 1465 1662 1522 diaconi
1691 1482 1814 1538 per-

226 1569 395 1608 sonas
441 1553 509 1607 ad
553 1552 909 1608 obedientiam
958 1553 1062 1609 sibi
1107 1555 1354 1610 certatim
1399 1556 1811 1626 impendendam

225 1644 565 1699 conciliaret.
589 1643 740 1700 Unde
759 1644 1032 1715 sequitur:

302 1738 495 1792 Omnes
525 1748 700 1792 autem
723 1738 934 1809 reliqua:
963 1737 1126 1792 tribus
1158 1738 1377 1794 consilia
1418 1757 1598 1794 eorum
1631 1757 1811 1812 seque-

225 1829 442 1883 bantur.
475 1829 610 1896 Quia
632 1827 837 1897 justum
871 1839 954 1884 est
978 1837 1036 1884 ut
1064 1830 1264 1886 sanctis
1286 1830 1596 1886 doctoribus
1624 1831 1808 1887 ﬁdeles

1917 641 2304 701 incarnationis
2326 661 2440 701 sua:
2460 662 2492 700 a
2519 648 2700 717 priore
2737 650 2932 720 populo
2959 665 3056 718 per
3081 653 3242 708 verba
3272 652 3405 724 legis
3431 662 3490 710 et

1914 736 2316 804 prophetarum,
2343 738 2773 795 ministrantibus
2797 741 2930 810 ipsis
2958 743 3233 813 Evangelii
3254 745 3488 801 doctori-

1915 826 2040 891 bus,
2070 828 2134 882 ad
2163 829 2401 898 gentium
2423 829 2650 884 salutem
2683 839 3091 888 transmutctur.
3112 834 3226 891 Hoc
3242 843 3328 891 est
3341 837 3485 892 enim

1916 917 1984 973 de
2012 918 2147 974 colle
2171 919 2573 988 Cariathiarim,
2603 939 2722 993 quae
2757 933 2836 979 est
2879 926 3099 992 invidia,
3126 936 3181 983 et
3221 929 3486 1000 interpre-

1916 1017 2063 1065 tatur
2090 1012 2270 1067 civitas
2301 1012 2574 1078 silvarum,
2617 1015 2683 1068 ad
2713 1031 2771 1070 se
2804 1032 2985 1071 aream
3022 1019 3117 1074 Dei
3150 1020 3480 1076 transferre:

1917 1101 1983 1156 de
2017 1102 2307 1158 eminentia
2358 1105 2605 1160 videlicet
2651 1104 3051 1176 Scriptor-arum
3099 1111 3238 1177 apud
3274 1109 3486 1165 Judaeos

1915 1194 2317 1260 eollocatarum,
2353 1198 2443 1252 ubi
2471 1199 2660 1253 umbra
2687 1215 2974 1255 numerosa
3001 1201 3292 1271 ﬁgurarum
3315 1205 3483 1257 abun-

1916 1285 2028 1348 dat,
2073 1285 2139 1338 ad
2189 1287 2513 1341 intellectum
2561 1289 2776 1356 gentilis
2826 1290 3044 1360 populi,
3095 1293 3187 1346 ubi
3241 1293 3481 1348 Ecclesia

1915 1372 2114 1429 Christi
2148 1376 2421 1441 ftn'nlatur,
2465 1379 2619 1434 ﬁdem
2653 1381 2861 1435 Domini
2907 1384 3222 1452 perducere.
3252 1385 3316 1438 Et
3347 1386 3485 1440 bene

1915 1466 2174 1535 scriptum
2212 1477 2314 1532 est,
2357 1468 2526 1523 David
2563 1470 2782 1535 dixisse,
2813 1473 2952 1541 quod
2995 1489 3100 1527 non
3137 1475 3483 1544 requisierint

1914 1573 2034 1612 eam
2083 1559 2137 1612 in
2183 1559 2372 1614 diebus
2417 1561 2582 1626 Saul,
2627 1564 2752 1632 quia
2801 1575 3149 1632 permanente
3189 1565 3484 1636 Synagoga!

1913 1660 2054 1704 statu
2071 1649 2398 1720 temporibus
2415 1653 2625 1710 Veteris
2640 1655 2990 1722 Testamenti,
3005 1660 3158 1727 quasi
3181 1675 3287 1714 non
3301 1659 3484 1728 requi-

1912 1741 2118 1795 siernnt
2143 1758 2324 1796 arcam
2351 1743 2587 1810 Domini,
2611 1746 2738 1814 quia
2761 1747 3102 1818 spiritualcm
3121 1764 3360 1816 sensum,
3393 1753 3484 1820 qui

1914 1831 2114 1887 latebat
2156 1834 2208 1888 in
2244 1834 2442 1901 littera,
2471 1836 2560 1890 illa
2595 1837 2792 1907 populo
2817 1839 2882 1892 ad
2914 1848 3159 1907 apertum
3179 1842 3478 1909 producere

225 1920 430 1990 quique
457 1920 677 1976 obedire
706 1920 762 1974 in
793 1919 1084 1990 Evangelio
1120 1919 1318 1975 Christi
1349 1937 1456 1975 non
1485 1921 1803 1976 detrectent.
1834 1911 1882 1970 Β
1911 1939 2018 1977 non
2037 1925 2226 1994 potuit,
2255 1925 2394 1980 sicut
2417 1927 2517 1980 sub
2541 1928 2712 1998 gratia
2743 1927 2875 1982 Novi
2899 1930 3228 1986 Testamenti
3252 1932 3483 1988 manife-

223 2009 368 2066 llinc
403 2025 636 2080 quoque,
667 2011 1000 2066 enumeratis
1026 2011 1111 2067 his
1150 2012 1240 2080 qui
1280 2012 1347 2066 de
1390 2012 1614 2083 singulis
1641 2013 1809 2069 tribu-

221 2099 330 2154 bus
354 2116 474 2169 qua:
496 2102 565 2156 ad
585 2102 756 2158 David
786 2109 1068 2168 venerant,
1097 2101 1438 2174 subiungitur
1462 2118 1477 2156 :

297 2191 491 2246 Omnes
527 2194 616 2246 isti
656 2193 754 2247 viri
793 2192 1098 2259 bellatores,
1127 2203 1178 2247 et
1205 2195 1432 2266 expediti
1458 2195 1528 2249 ad
1567 2213 1810 2266 pugnan-

220 2288 372 2352 dum,
396 2289 550 2343 corde
572 2289 798 2360 perfecto
824 2301 1069 2347 venerunt
1093 2293 1149 2347 in
1179 2291 1413 2359 IIebron,
1444 2304 1501 2348 ut
1525 2297 1805 2351 constitue-

218 2387 338 2431 rent
365 2395 533 2448 regem
558 2379 728 2434 David
756 2398 913 2452 super
933 2385 1229 2439 universum
1258 2384 1448 2440 Israel.
1490 2385 1594 2441 Sed
1616 2399 1665 2442 et
1695 2406 1806 2444 ont-

220 2484 312 2521 nes
343 2467 527 2538 reliqui
572 2485 635 2523 ea:
680 2469 850 2525 Israel
881 2489 984 2525 uno
1025 2474 1178 2528 corde
1217 2485 1399 2540 erant,
1437 2485 1495 2530 ut
1540 2494 1632 2532 rea:
1659 2479 1806 2548 ﬁeret

220 2559 415 2612 David.
447 2558 582 2627 Quia
608 2562 834 2633 apostoli
861 2571 915 2619 et
943 2566 1223 2635 apostolici
1258 2568 1362 2622 viri
1407 2568 1476 2623 ad
1512 2569 1682 2626 David
1709 2589 1805 2629 no-

219 2663 396 2709 SIrum
418 2654 773 2722 conveniunt,
816 2657 1140 2728 specialique
1167 2657 1419 2730 coniugio
1448 2661 1523 2716 illi
1552 2664 1804 2734 copulan-

223 2753 313 2800 tur
337 2785 352 2812 ,
399 2761 586 2802 omnes
619 2748 832 2817 reliqui,
861 2757 970 2804 tam
1002 2765 1068 2806 ex
1097 2749 1296 2807 Judaeis
1345 2753 1587 2822 scilicet,
1638 2772 1802 2826 quam

218 2840 385 2894 etiam
433 2856 501 2897 ex
544 2841 728 2910 gentili
770 2843 996 2913 populo,
1043 2860 1151 2900 uno
1202 2846 1364 2900 corde
1406 2849 1634 2918 parique
1676 2861 1802 2908 voto

218 2941 430 3002 optant,
458 2949 522 2989 ac
545 2949 645 3004 pro
666 2935 872 2991 viribus
901 2945 1131 3004 certant,
1164 2947 1224 2994 ut
1260 2956 1355 2995 rex
1380 2941 1475 2996 ﬁat
1516 2942 1681 2998 David
1701 2985 1715 3005 ,
1743 2954 1806 3000 ut

219 3024 322 3094 ipsi
351 3025 600 3080 videlicet
622 3041 845 3096 regnum
870 3028 1072 3084 Christi
1101 3030 1253 3097 ﬁant,
1285 3031 1482 3102 quibus
1505 3034 1622 3104 ipsa
1650 3033 1805 3090 Veri-

217 3124 304 3173 tas
327 3117 437 3172 ait:
469 3117 704 3189 Regnum
731 3119 829 3174 Dei
857 3119 996 3174 intra
1023 3137 1112 3175 vos
1137 3131 1210 3175 est
1239 3120 1390 3194 (Luc.
1422 3123 1580 3194 xvn).

289 3207 630 3280 Fueruntque
658 3211 730 3264 ibi
757 3211 898 3281 apud
917 3211 1088 3266 David
1109 3213 1274 3267 tribus
1301 3213 1504 3280 diebus,
1535 3215 1802 3271 comeden-

213 3311 293 3356 tes
330 3311 377 3356 et
419 3302 640 3356 bibentes
681 3318 798 3372 qua:
835 3315 1262 3373 prazparaverunt
1291 3307 1366 3360 eis
1394 3307 1584 3376 fratres
1613 3309 1694 3362 sui
1734 3326 1800 3364 ea:

214 3391 470 3446 Issachar
507 3399 554 3444 et
596 3389 834 3446 Zabulon
875 3402 926 3447 et
958 3392 1316 3464 Nephthalim,
1343 3404 1448 3452 etc.
1480 3395 1615 3465 Quia
1651 3400 1798 3455 omni

217 3491 462 3551 tempore
487 3490 684 3538 sanctae
709 3482 991 3539 Trinitatis
1017 3483 1178 3540 ﬁdem
1215 3495 1463 3544 tenentes
1498 3498 1718 3544 manent
1743 3491 1797 3546 in

214 3573 504 3631 devotione
533 3575 740 3643 eadem,
769 3585 917 3632 utea
944 3593 1065 3648 quae
1085 3579 1246 3649 primi
1272 3580 1542 3649 doctores,
1568 3583 1671 3639 hoc
1691 3592 1794 3652 est,

215 3665 463 3737 apostoli,
494 3681 561 3721 ex
589 3667 789 3723 divinis
813 3667 1154 3742 dogmatibus
1189 3670 1294 3726 illis
1314 3671 1797 3742 prmbuerunt,ali-

213 3766 395 3815 menta
418 3760 711 3831 gaudentes
724 3761 1012 3832 accipiant,
1025 3770 1081 3818 et
1101 3763 1169 3819 de
1187 3765 1344 3821 bonis
1357 3767 1626 3837 perceptis
1647 3767 1797 3823 laeta-

214 3853 398 3910 bundo
417 3854 657 3910 omnium
668 3853 911 3928 largitori
921 3857 1517 3931 perpetualitergratias
1533 3859 1792 3916 referant.

207 3959 210 3962 ’
805 3967 1032 4025 CAPUT
1069 3969 1206 4025 XIII.

213 4037 294 4093 De
339 4054 398 4093 eo
445 4038 594 4111 quod
622 4037 790 4093 David
843 4039 1281 4111 iniit‘consilium
1328 4059 1446 4097 cum
1495 4043 1716 4100 tribunis
1741 4053 1791 4100 et

284 4108 671 4186 centurionibus
693 4117 742 4162 et
763 4108 1016 4186 universis
1036 4111 1375 4186 principibus,
1399 4122 1456 4166 ut
1479 4125 1790 4186 congregata

283 4177 612 4233 multitudine
663 4179 990 4233 sacerdotum
1036 4177 1082 4232 et
1131 4177 1459 4248 Levitarum,
1487 4177 1789 4239 reducerent

283 4265 460 4302 arcam
483 4249 694 4303 Domini
720 4250 787 4303 ad
808 4266 861 4303 se
880 4249 944 4303 de
965 4249 1118 4303 domo
1140 4250 1431 4306 Abinadab.
1452 4253 1528 4307 De
1554 4253 1666 4308 Oza
1691 4255 1792 4309 Le-

283 4320 410 4383 vita,
427 4321 512 4390 qui
527 4319 757 4374 minabat
771 4320 1082 4389 plaustrum,
1097 4330 1144 4373 et
1160 4322 1372 4376 tendens
1387 4339 1598 4377 manum
1611 4343 1787 4391 suam,

283 4397 339 4440 ut
363 4399 672 4443 sustentaret
701 4407 898 4454 arcam,
930 4407 992 4443 ne
1037 4391 1172 4459 forte
1220 4402 1408 4453 rueret,
1439 4394 1500 4446 ob
1525 4397 1789 4448 temerita-

283 4470 383 4512 tem
427 4470 592 4513 tactus
621 4475 894 4528 percussus
925 4468 998 4513 est
1031 4478 1062 4514 a
1089 4459 1332 4514 Domino.
1363 4461 1477 4515 Hoc
1513 4463 1684 4517 David
1712 4466 1788 4518 vi-

280 4531 407 4584 dens
439 4529 714 4600 obstupuit,
751 4539 798 4583 et
840 4531 1021 4585 avertit
1047 4547 1225 4584 arcam
1260 4531 1314 4584 in
1349 4532 1559 4586 domum
1588 4533 1788 4588 Obede—

279 4603 400 4656 dom
427 4599 645 4665 Gethcei,
675 4600 764 4654 ubi
781 4601 972 4655 mansit
1001 4601 1167 4655 tribus
1194 4603 1474 4656 mensibus.

268 4695 325 4773 _(l
351 4695 482 4750 ΡΑιι.
514 4693 658 4766 xm.)
685 4693 813 4749 Iniit
838 4704 1012 4749 autem
1046 4695 1324 4749 consilium
1350 4694 1522 4751 David
1545 4713 1663 4752 cum
1687 4697 1787 4753 tri-

143 4812 150 4818 -
209 4789 360 4844 bunis
381 4795 429 4841 et
454 4784 841 4841 centurionibus
884 4794 932 4840 et
976 4783 1231 4840 universis
1270 4785 1610 4856 principibus,
1635 4795 1684 4842 et
1711 4787 1787 4842 ait

209 4883 279 4937 ad
302 4898 504 4936 omnem
539 4888 725 4935 coetum
744 4879 915 4934 Israel
939 4893 956 4931 :
987 4878 1049 4935 Si
1068 4877 1236 4949 placet
1255 4878 1395 4933 vobis
1424 4888 1474 4934 et
1501 4896 1536 4933 a
1558 4878 1784 4935 Domino

207 4984 382 5030 nostro
411 4973 523 5028 Deo
569 4973 831 5044 egreditur
869 4988 1059 5039 sermo,
1088 4988 1239 5043 quem
1283 4971 1488 5042 loquor,
1511 4972 1782 5028 mittamus

207 5065 277 5120 ad
297 5067 487 5136 fratres
511 5071 714 5118 nostros
737 5061 962 5134 reliquos
980 5061 1035 5116 in
1053 5062 1319 5116 universas
1339 5061 1573 5130 regiones
1585 5059 1777 5127 Israel,

207 5164 257 5211 et
289 5155 356 5208 ad
380 5153 672 5209 sacerdotes
699 5160 746 5206 et
768 5150 992 5218 Levites,
1022 5151 1112 5221 qui
1134 5149 1370 5204 habitant
1388 5149 1442 5201 in
1466 5149 1778 5205 suburbanis

207 5249 435 5314 urbium,
463 5256 519 5301 ut
547 5254 921 5317 congregentur
956 5243 1026 5298 ad
1053 5260 1168 5310 nos,
1193 5252 1242 5297 et
1265 5242 1575 5298 reducamus
1597 5259 1778 5297 arcam

210 5341 306 5398 Dei
334 5340 499 5395 nostri
527 5339 596 5394 ad
621 5353 747 5404 nos;
778 5353 882 5392 non
905 5336 1044 5391 enim
1067 5337 1423 5408 requisivimus
1445 5351 1562 5390 eam
1590 5336 1647 5389 in
1667 5335 1778 5390 die-

208 5436 302 5490 bus
325 5433 482 5490 Saul.
500 5431 569 5486 Et
591 5429 853 5502 respondit
875 5429 1114 5483 universa
1136 5428 1415 5483 multitudo
1433 5436 1490 5483 ut
1511 5428 1587 5482 ita
1606 5427 1774 5496 ﬁeret.

209 5526 491 5581 Placuerat
528 5525 667 5579 enim
695 5537 866 5577 sermo
905 5521 1044 5576 omni
1089 5518 1298 5591 populo.
1323 5518 1463 5586 Quid
1495 5525 1602 5584 est,
1631 5517 1778 5588 quod

207 5617 374 5673 David
409 5615 692 5673 consilium
722 5613 843 5668 iniit
870 5626 994 5668 eum
1039 5610 1268 5665 tribunis
1293 5617 1349 5664 et
1375 5607 1777 5664 centurionibus

208 5717 264 5765 et
281 5707 546 5763 universis
568 5704 899 5776 principibus
926 5700 1111 5766 Israel,
1142 5708 1224 5768 ut,
1246 5710 1566 5771 congregata
1596 5701 1776 5756 multi-

211 5802 414 5868 tudine,
438 5815 622 5856 aream
659 5798 756 5854 Dei
797 5795 1115 5853 transferret
1143 5795 1209 5850 de
1237 5793 1374 5850 colle
1393 5793 1775 5850 Cariathiarim

216 5899 284 5965 ad
308 5914 384 5968 se,
414 5897 521 5957 nisi
543 5897 688 5970 quod
718 5895 1042 5968 Redemptor
1076 5898 1262 5950 noster
1285 5904 1409 5949 cum
1443 5889 1697 5961 apostolis
1720 5895 1777 5944 et

1907 2022 2109 2068 statum
2137 2023 2222 2070 est
2246 2016 2588 2072 credentibus
2614 2018 2668 2072 in
2700 2018 2991 2075 Christum.
3025 2020 3179 2079 Unde
3209 2025 3486 2096 apostolus

1907 2102 2110 2159 Paulus
2135 2104 2454 2178 in'Epistola
2497 2121 2596 2161 sua
2638 2107 2930 2179 gloriatur:
2960 2110 3259 2167 Secundum
3283 2115 3482 2170 revela—

1908 2202 2100 2249 tionem
2121 2195 2222 2250 sibi
2245 2205 2423 2250 notum
2449 2212 2568 2253 esse
2588 2210 2971 2254 sacramentum
2995 2202 3049 2254 in
3074 2206 3318 2274 mysterio
3338 2205 3488 2262 Chri-

1905 2287 1998 2350 sti,
2028 2285 2166 2355 quod
2194 2284 2313 2340 aliis
2351 2289 2769 2357 generationibus
2817 2307 2919 2344 non
2963 2303 3037 2346 est
3083 2296 3318 2366 agnitum
3358 2296 3484 2365 filiis

1896 2379 2195 2453 hominum,
2224 2381 2357 2434 sicut
2389 2397 2525 2435 nunc
2567 2384 2849 2438 revelatum
2874 2394 2947 2439 est
2984 2388 3179 2442 sanctis
3204 2388 3318 2459 ejus
3352 2405 3482 2459 apo-

1903 2473 2054 2528 stolis
2074 2483 2122 2527 et
2161 2474 2423 2544 prophetis
2452 2475 2508 2528 in
2534 2472 2758 2546 Spiritu,
2782 2493 2892 2532 esse
2915 2487 3088 2548 gentes
3113 2479 3408 2534 coheredes
3434 2489 3484 2536 et

1905 2563 2301 2635 concorporales
2361 2575 2410 2619 et
2455 2563 2732 2636 participes
2760 2568 3119 2638 promissionis
3164 2570 3220 2624 in
3273 2567 3484 2626 Christo

1902 2654 2034 2710 Iesu
2069 2672 2161 2726 per
2207 2655 2567 2726 Evangelium,
2602 2667 2658 2711 ut
2685 2656 2972 2712 innotescat
2999 2659 3378 2731 principatibus
3431 2668 3483 2715 et

1901 2747 2244 2818 potestatibus
2288 2749 2345 2801 in
2388 2746 2675 2802 coelestibus
2703 2764 2796 2816 per
2828 2747 3117 2802 Ecclesiae:
3143 2749 3481 2819 multiformis

1903 2839 2162 2908 sapientia
2212 2836 2311 2891 Dei
2355 2838 2641 2892 secundum
2691 2840 3090 2910 prm/initioncm
3141 2840 3479 2908 sazculorum,

1901 2945 2060 2998 quam
2081 2928 2200 2997 fecit
2215 2930 2268 2982 in
2289 2926 2497 2984 Christo
2515 2929 2644 2984 Jesu
2683 2930 2909 2986 Domino
2931 2941 3106 2986 nostro
3130 2932 3345 3004 (Ephes.
3369 2930 3478 3004 ιιι).

1977 3019 2092 3086 Quo
2119 3020 2350 3091 placente
2379 3021 2616 3078 omnibus
2659 3025 2900 3089 consilio,
2945 3025 3269 3096 congregavit
3307 3024 3480 3080 David

1904 3122 2148 3166 cunctum
2169 3113 2344 3168 Israel
2369 3133 2402 3169 a
2429 3114 2587 3170 Sihor
2610 3115 2851 3188 ZEgypti,
2881 3134 3041 3188 usque
3067 3118 3194 3172 dum
3217 3117 3483 3187 ingredia-

1907 3205 1980 3257 ris
2005 3203 2219 3272 Emath,
2248 3193 2304 3260 ut
2333 3207 2613 3262 adduceret
2651 3225 2828 3262 arcam
2859 3208 2958 3262 Dei
2987 3209 3051 3262 de
3080 3208 3477 3262 Cariathiarim.

1905 3297 2066 3352 Sihor
2096 3297 2320 3368 Egypti
2357 3299 2552 3356 ﬂuvius
2599 3308 2683 3354 est
2723 3299 2804 3370 (ut
2850 3299 3049 3370 ferunt)
3092 3299 3385 3365 derivatus,
3413 3300 3480 3356 de

1902 3405 2008 3460 quo
2033 3390 2086 3444 in
2107 3389 2342 3446 Ieremia
2363 3392 2438 3446 ita
2459 3392 2718 3462 scriptum
2738 3399 2851 3447 est:
2881 3390 3021 3456 Quid
3045 3391 3138 3445 tibi
3162 3399 3236 3445 est
3255 3391 3324 3444 ad
3344 3390 3479 3444 viam
3581 3402 3594 3409 ‘

1900 3483 2141 3554 {Egi/pd,
2169 3493 2225 3537 ut
2252 3483 2394 3538 bibas
2435 3501 2600 3554 aquas
2630 3482 3078 3555 Sihor(1er.n)?
3115 3481 3221 3536 Pro
3260 3496 3366 3552 quo
3397 3480 3479 3536 in~

1901 3584 2165 3647 terpretes
2200 3593 2392 3648 aquam
2434 3577 2698 3632 turbidam
2752 3577 3094 3647 interpretati
3136 3584 3262 3632 sunt
3289 3617 3305 3645 ,
3347 3577 3476 3650 quia

1899 3668 2086 3736 Sihor,
2117 3668 2536 3726 Firmamentum
2561 3687 2751 3726 novum
2773 3670 2857 3726 vel
2893 3671 3180 3738 turbidum,
3211 3671 3480 3741 interpre-

1897 3769 2046 3817 tatur
2072 3761 2274 3835 (Amos.
2299 3761 2397 3833 vt).
2425 3762 2620 3818 Emath
2644 3762 2840 3834 quippe
2867 3763 3058 3819 civitas
3083 3771 3169 3818 est
3203 3763 3476 3831 Damasci,

1895 3870 2058 3925 quam
2081 3855 2407 3927 expugnavit
2434 3871 2530 3911 rex
2575 3855 2953 3928 Assyriorum;
2995 3871 3115 3926 quae
3139 3856 3276 3911 etin
3309 3855 3476 3912 Amos

1893 3948 2225 4006 Emathraba
2268 3949 2542 4016 scribitur,
2570 3949 2713 4018 quod
2754 3950 3036 4006 nobiscum
3081 3956 3240 4005 sonat
3277 3948 3475 4004 Emath

1893 4058 2161 4113 magnum.
2177 4040 2302 4098 Haec
2315 4048 2368 4098 et
2388 4056 2530 4097 nunc
2540 4039 2840 4111 Epiphania
2854 4049 3214 4111 nuncupatur.
3230 4041 3472 4112 Denique

1893 4149 1988 4204 per
2004 4135 2118 4190 haec
2133 4136 2238 4190 duo
2252 4134 2532 4199 vocabula,
2553 4134 2658 4189 hoc
2677 4141 2780 4200 est,
2809 4132 2972 4189 Sihor
2999 4143 3054 4190 et
3066 4134 3281 4201 Emath,
3299 4143 3467 4192 totam

1894 4235 2098 4282 terram
2127 4225 2559 4297 repromissionis
2582 4225 3009 4296 comprehendit,
3037 4240 3105 4280 ex
3121 4241 3227 4296 qua
3256 4226 3473 4283 univer-

1892 4337 1985 4378 sus
2013 4319 2174 4376 Israel
2190 4326 2546 4390 congregatus
2564 4326 2648 4373 est
2669 4317 2738 4372 ad
2753 4317 2937 4372 David.
2953 4317 3058 4373 Per
3073 4317 3235 4374 Sihor
3249 4320 3464 4389 quippe,

1890 4413 1993 4469 hoc
2014 4419 2097 4468 est
2123 4413 2299 4466 rivum
2325 4411 2439 4465 sive
2455 4416 2748 4464 torrentem
2762 4407 3002 4479 IEgypti,
3016 4407 3322 4464 Anstralem
3342 4425 3468 4478 par-

1891 4516 2000 4562 tem
2022 4514 2204 4570 terrm,
2236 4511 2292 4558 et
2313 4518 2410 4574 per
2439 4502 2650 4564 Emath,
2678 4500 3162 4570 Septentrionalem
3194 4501 3460 4570 designat.

1811 4617 1866 4677 Β
1964 4597 2032 4651 Et
2059 4595 2289 4651 ascendit
2319 4593 2489 4648 David
2511 4600 2560 4646 et
2603 4608 2778 4646 omnes
2825 4591 2922 4646 viri
2956 4589 3127 4645 Israel
3167 4590 3248 4653 ad,
3281 4589 3467 4646 collem

1892 4687 2292 4751 Cariathiarim,
2315 4700 2432 4756 qua:
2455 4692 2532 4738 est
2559 4683 2614 4738 in
2637 4682 2806 4748 Juda,
2833 4691 2889 4736 ut
2907 4681 3120 4752 afferret
3143 4681 3265 4736 inde
3285 4697 3465 4736 arcam

1889 4778 2104 4834 Domini
2135 4776 2232 4832 Dei
2270 4774 2493 4830 sedentis
2537 4790 2692 4845 super
2733 4772 3018 4839 cherubim,
3046 4771 3135 4827 ubi
3170 4773 3463 4828 invocatum

1886 4879 1964 4927 est
1989 4886 2176 4926 nomen
2205 4867 2339 4939 ejus.
2364 4865 2833 4937 Imposueruntque
2860 4880 3040 4919 arcam
3085 4865 3142 4918 in
3167 4863 3463 4934 plaustrum

1887 4979 2073 5019 novum
2095 4963 2160 5017 de
2186 4961 2342 5015 domo
2369 4959 2686 5014 Aminadab.
2718 4957 2831 5012 Oza
2853 4966 3030 5010 autem
3056 4964 3104 5011 et
3132 4955 3324 5025 fratres
3345 4956 3461 5025 ejus

1885 5056 2157 5111 minabant
2182 5053 2495 5125 plaustrum.
2520 5049 2690 5105 Porro
2719 5049 2892 5104 David
2914 5057 2962 5104 et
2991 5048 3262 5102 universus
3287 5045 3460 5101 Israel

1880 5148 2128 5204 ludebant
2180 5162 2356 5201 coram
2408 5144 2653 5208 Domino,
2697 5143 2836 5197 omni
2883 5143 3093 5208 virtute,
3136 5142 3195 5196 in
3237 5141 3453 5196 canticis

1878 5249 1929 5297 et
1973 5239 2188 5294 citharis
2232 5247 2280 5293 et
2325 5235 2584 5308 psalteriis
2627 5244 2675 5290 et
2723 5233 2980 5304 tympanis
3021 5242 3070 5288 et
3115 5233 3365 5304 cymbalis
3404 5244 3458 5289 et

1879 5331 2041 5388 tubis.
2069 5329 2348 5395 Ascendit,
2386 5328 2580 5398 inquit,
2614 5327 2785 5382 David
2823 5333 2878 5380 et
2913 5340 3102 5381 omnes
3147 5327 3252 5382 viri
3289 5326 3457 5385 lsrael

1879 5424 1951 5480 ad
1977 5421 2168 5479 collem
2193 5420 2597 5484 Cariathiarim,
2626 5432 2748 5488 quas
2771 5425 2856 5473 est
2883 5419 2937 5473 in
2961 5415 3122 5486 Juda,
3149 5427 3212 5475 ut
3235 5420 3458 5478 atl‘erret

1877 5516 2003 5573 inde
2051 5530 2234 5571 arcam
2278 5512 2510 5568 Domini.
2552 5509 2710 5565 Viros
2748 5510 2913 5566 Israel
2951 5511 3040 5568 hic
3087 5527 3195 5568 non
3245 5514 3456 5571 aestimo

1881 5609 2212 5678 Seriptorem
2242 5621 2432 5662 omnes
2455 5604 2742 5670 masculos,
2770 5605 2862 5675 qui
2892 5605 2962 5660 ad
2984 5604 3194 5660 virilem
3235 5614 3451 5661 aetatem

1878 5706 2254 5772 pervenerant,
2284 5695 2380 5752 sed
2426 5693 2707 5750 electiores
2747 5711 2990 5765 quosque
3039 5710 3105 5751 ac
3157 5696 3451 5754 nobiliores

1876 5789 2102 5859 intelligi
2128 5787 2284 5843 velle.
2325 5784 2588 5842 Numerus
2617 5793 2796 5853 autem
2828 5785 3090 5850 virorum,
3112 5787 3203 5856 qui
3244 5784 3310 5838 ad
3339 5785 3446 5839 hoc

1878 5879 2186 5955 congregati
2210 5874 2584 5946 sunt,videtur
2603 5875 2655 5932 in
2678 5875 2817 5934 libro
2847 5875 3054 5947 Regum
3097 5873 3446 5945 compreheu.
