3958 6468
180 423 289 481 5H

1117 422 1472 481 COMMENT.
1513 423 1582 479 IN
1621 424 2180 482 PARALIPOMENA.
2220 457 2290 470 -
2327 429 2453 486 LIB.
2493 428 2532 485 Ι.

3374 435 3482 492 542

184 541 369 607 mino,
396 537 621 596 diversis
661 538 993 596 musicorum
1025 542 1339 612 generibus,
1367 542 1494 612 quia
1529 557 1676 606 mox,
1702 543 1781 598 in—
1808 547 1862 608 Α
1891 543 2179 601 lectionem
2208 549 2545 617 perveniunt.
2570 547 2634 605 lii
2660 564 2896 617 menses,
2918 567 3187 622 quousque
3207 552 3480 623 plenitudo

184 636 430 691 choante
479 645 635 686 nova:
685 631 872 702 gratia:
921 633 1213 702 praeconio,
1247 633 1508 690 Dominus
1535 635 1604 690 ad
1631 634 1784 690 exhi-

185 724 403 782 bendas
436 722 547 778 Deo
575 719 725 778 Patri
761 723 949 780 laudes
978 725 1300 781 humilitatis
1326 742 1519 783 omnes
1569 727 1781 793 invitat,

186 818 415 873 dicens:
443 815 548 884 Qui
571 817 700 872 mihi
742 816 1031 884 ministrat,
1057 835 1138 874 me
1165 829 1415 890 sequatur
1443 820 1628 892 (Joan.
1664 822 1785 894 xu).

185 907 296 962 Alii
334 907 514 962 dando
538 925 632 978 per
655 907 914 979 Spiritum
937 926 1225 966 sermonem
1248 912 1538 981 sapientiae,
1565 912 1656 966 alii
1679 929 1790 968 ser-

185 1015 405 1054 monem
452 999 706 1066 scientite,
738 1000 833 1054 alii
861 1018 1050 1072 genera
1089 1001 1410 1072 linguarum,
1440 1001 1535 1056 alii
1561 1005 1789 1074 gratiam

187 1091 554 1157 curationum,
589 1101 698 1148 etc.
723 1090 779 1164 (Ι
815 1090 938 1146 Cor.
962 1091 1089 1163 xu.)
1118 1092 1225 1148 Sed
1272 1093 1357 1149 his
1404 1101 1568 1163 atque
1605 1092 1793 1163 htu'us-

188 1184 341 1241 modi
372 1185 763 1242 charismatum
802 1187 1092 1255 generibus
1129 1185 1512 1257 pregrediente
1559 1201 1708 1252 area,
1737 1186 1793 1242 id

187 1289 293 1344 est,
328 1289 614 1336 crescente
652 1279 895 1336 Ecclesia
938 1280 1233 1350 primitiva,
1261 1288 1482 1334 ventum
1528 1288 1612 1335 est
1634 1279 1792 1350 juxta

190 1373 486 1429 historiam
531 1372 738 1444 Regum
765 1371 852 1443 (II
887 1370 1015 1442 Reg.
1056 1371 1156 1444 vi),
1190 1372 1258 1426 ad
1298 1387 1484 1427 aream
1536 1370 1708 1436 Naon,
1737 1371 1794 1427 id

189 1473 298 1530 est,
321 1480 509 1519 arcam
535 1474 909 1534 praeparatam,
933 1464 1175 1535 gentium
1199 1463 1450 1518 videlicet
1469 1463 1790 1530 Ecclesiam,

192 1559 318 1615 ﬁdei
345 1559 580 1616 veritate
632 1558 1082 1623 consecrandam,
1119 1559 1184 1613 de
1230 1573 1335 1627 qua
1387 1555 1622 1613 Joannes
1675 1556 1790 1610 ait:

190 1649 260 1704 Et
281 1650 659 1722 permundabit
695 1667 875 1705 aream
896 1667 1083 1714 suam;
1113 1649 1227 1705 sive
1262 1650 1329 1704 ad
1355 1664 1539 1704 aream
1559 1648 1791 1716 Chidon,

191 1742 295 1796 hoc
325 1750 437 1807 est,
471 1743 723 1812 protectio
753 1741 939 1812 clgpei,
966 1743 1266 1797 secundum
1294 1743 1372 1808 id,
1397 1742 1539 1812 quod
1580 1743 1634 1797 in
1658 1756 1796 1811 prte-

1892 640 2122 710 gentium
2148 639 2304 696 intret
2333 639 2533 713 (Halat.
2559 640 2660 713 vr),
2691 659 2914 702 currere
2935 660 3046 702 non
3075 655 3314 704 cessant.

2474 769 2707 832 CAPUT
2744 773 2884 832 XIV.

1891 881 1970 941 De
1987 885 2093 962 _hoc_
2129 887 2290 962 quod,
2318 888 2648 962 confirmato
2675 906 2831 962 regno
2877 905 3034 962 super
3087 887 3282 959 Israel,
3314 891 3487 949 David

1963 957 2114 1033 duxit
2137 957 2273 1033 alias
2303 957 2494 1033 arceres
2533 961 2590 1013 in
2614 957 3076 1033 Jerusalemgutc
3119 957 3406 1033 genuerunt
3436 973 3487 1018 et

1963 1027 2103 1106 ﬁlias
2123 1040 2170 1106 et
2196 1028 2459 1106 ﬁlias._De
2499 1031 2736 1106 ecquod
2765 1031 2937 1106 David
2969 1027 3326 1106 'Bhilisthtros
3371 1051 3490 1106 per-

1964 1101 2205 1176 cussitin
2233 1101 2666 1176 Baalpltarasim,
2687 1119 2818 1173 quos
2849 1102 2959 1158 alia
2987 1105 3204 1160 victoria
3232 1101 3489 1176 percussit

1964 1171 2020 1224 in
2047 1167 2265 1226 Gabaon
2289 1167 2450 1244 usque
2479 1167 2702 1228 Gazera.

1966 1281 2009 1352 (Ι
2042 1282 2174 1336 PAR.
2203 1283 2338 1353 xw.)
2377 1283 2733 1358 Cognovitgue
2757 1285 2927 1340 David
2949 1287 3091 1355 quod
3120 1288 3484 1358 conﬁrmasset

1891 1389 2011 1428 eum
2047 1374 2301 1430 Dominus
2347 1378 2401 1430 in
2431 1394 2601 1448 regem
2649 1395 2807 1448 super
2850 1377 3045 1444 Israel,
3077 1388 3128 1433 et
3158 1379 3490 1436 sublevatum

1891 1481 2028 1526 esset
2057 1486 2274 1543 regnum
2308 1489 2461 1527 suum
2501 1491 2658 1544 super
2681 1473 2931 1545 populum
2961 1474 3078 1544 ejus
3109 1473 3301 1529 Israel.
3327 1475 3490 1530 Acce-

1894 1564 1970 1634 pit
1998 1581 2202 1636 quoque
2234 1565 2406 1620 David
2437 1566 2571 1622 alias
2597 1585 2788 1622 uxores
2829 1569 2883 1622 in
2927 1568 3256 1632 Jerusalem,
3284 1570 3491 1640 genuit-

1894 1669 1994 1724 gue
2039 1655 2177 1736 ﬁlios
2225 1666 2272 1710 et
2308 1657 2484 1726 ﬁlias,
2515 1668 2619 1714 etc.
2653 1659 2761 1715 Sed
2788 1659 3021 1716 fortasse
3049 1661 3170 1732 quis
3212 1662 3394 1718 dicat:
3427 1661 3489 1716 Si

1898 1745 2069 1801 David
2121 1747 2414 1819 imaginem
2446 1750 2650 1806 Christi
2697 1752 2938 1819 gerebat,
2967 1752 3239 1821 quomodo
3283 1751 3486 1807 multas

190 1837 330 1894 senti
384 1836 620 1892 historia
663 1838 991 1902 continetur,
1037 1837 1163 1906 quia
1213 1837 1269 1892 in
1318 1837 1505 1892 eadem
1557 1835 1798 1892 Ecclesia
1901 1853 2100 1894 uxores
2125 1847 2179 1895 et
2211 1840 2544 1896 concubinas
2573 1842 2828 1898 habuisse
2850 1842 3072 1909 dicitur,
3105 1858 3227 1898 cum
3257 1841 3356 1897 has
3391 1857 3490 1896 rex.

190 1941 340 1986 certa
372 1937 463 1984 est
492 1929 758 1999 protectio
794 1929 1042 1984 lidclibus
1083 1927 1334 1997 adjutorii
1369 1928 1483 1982 Dei.
1523 1927 1679 1984 Unde
1708 1927 1794 1982 dic
1825 1922 1872 1982 B
1899 1930 2150 1988 Christus
2172 1941 2226 1987 et
2246 1934 2531 1989 horrescat
2555 1942 2611 1989 et
2640 1935 3000 1989 condemnat?
3029 1933 3143 1990 Hoc
3191 1934 3340 1989 enim
3392 1948 3492 2004 per

189 2032 321 2077 cunt
349 2039 481 2078 cum
509 2023 778 2093 Propheta
803 2041 815 2076 :
845 2023 1091 2089 Domine,
1113 2033 1168 2076 ut
1189 2016 1338 2077 scuto
1373 2023 1522 2077 bona:
1553 2021 1795 2076 volunta-

190 2115 256 2170 tis
307 2126 417 2170 tum
472 2117 735 2170 coronasti
780 2132 875 2170 nos
921 2115 1094 2186 (Psal.
1137 2115 1227 2186 v);
1258 2117 1350 2170 ubi
1399 2115 1654 2170 sacerdos
1702 2113 1794 2184 qui

189 2222 376 2261 arcam
402 2207 682 2262 incautius
713 2208 868 2278 quasi
897 2208 1222 2279 corrigendo
1255 2209 1452 2278 tetigit,
1481 2223 1607 2263 mox
1635 2223 1665 2262 a
1691 2209 1793 2262 Do-

189 2299 338 2354 mino
393 2315 691 2371 percussus
725 2302 1003 2367 occubuit,
1041 2303 1165 2371 quia
1215 2301 1525 2358 Iudaeorum
1563 2301 1795 2372 populus

186 2393 313 2447 dum
344 2393 606 2465 gentibus
628 2395 848 2460 invidet,
867 2395 1056 2450 salutis
1082 2411 1142 2451 se
1172 2410 1398 2451 munere
1422 2396 1636 2466 privat;
1665 2396 1794 2449 dum

187 2484 366 2556 legem
389 2487 516 2540 vult
549 2487 602 2540 in
636 2487 932 2559 Evangelia
958 2487 1212 2554 miscere,
1238 2487 1522 2556 utriusque
1547 2486 1649 2541 sibi
1673 2501 1794 2557 gra-

188 2578 320 2633 tiam
348 2578 516 2634 tollit.
544 2579 612 2632 Et
656 2580 836 2644 tenuit,
865 2580 1062 2650 inquit,
1093 2595 1211 2634 eam
1241 2580 1491 2650 quoniam
1541 2578 1792 2633 calcitra-

189 2669 314 2724 bant
341 2671 501 2726 boves
523 2671 606 2743 (ll
637 2671 766 2743 Reg.
801 2671 899 2745 vr).
930 2673 1103 2728 Boves
1150 2673 1348 2743 quippe
1397 2672 1687 2726 calcitrare
1713 2679 1796 2726 est

185 2763 582 2832 praedicatores
611 2763 889 2835 Evangelii
921 2762 1143 2820 liberius
1197 2765 1345 2819 circa
1401 2764 1560 2819 ﬁdem
1607 2778 1790 2834 agere,

185 2867 368 2925 neque
413 2857 710 2910 secundum
757 2856 1202 2911 consuetudinem
1246 2856 1381 2925 legis
1419 2855 1660 2926 ingredi,
1698 2855 1794 2910 sed

191 2944 459 3012 Sabbata,
513 2948 852 3012 neomenias,
893 2948 1387 3013 circumcisionem,
1434 2947 1796 3016 victimasque

189 3038 554 3108 spiritualiter
583 3040 954 3110 interpretari.
999 3041 1168 3108 Quos,
1198 3039 1345 3096 velut
1373 3047 1641 3105 errantes,
1675 3052 1794 3092 cor-

190 3129 373 3201 rigere
429 3132 725 3197 tentabant,
759 3133 852 3202 qui
891 3133 1281 3188 descendentes
1305 3131 1373 3186 de
1414 3129 1600 3186 Judata
1635 3129 1794 3184 (loce-

189 3220 324 3277 bant
345 3222 588 3279 fratres:
620 3223 758 3290 Quia
793 3225 894 3279 nisi
927 3224 1330 3278 circumdamini
1355 3222 1644 3279 secundum
1675 3237 1790 3276 mo-

1897 2021 2128 2094 ﬁguram
2153 2023 2334 2080 ﬁebat.
2365 2024 2545 2079 Multae
2571 2025 2716 2081 enim
2745 2042 2945 2081 uxores
2982 2026 3153 2081 David
3193 2026 3490 2082 multarum

1897 2117 2138 2187 gentium
2179 2126 2235 2172 et
2276 2118 2555 2172 nationum
2600 2118 2891 2188 imaginem
2922 2118 3255 2185 indicabant,
3284 2132 3405 2187 quae
3434 2117 3491 2170 in

1896 2208 2058 2264 ﬁdem
2105 2209 2308 2265 Christi
2335 2211 2611 2266 consortio
2650 2210 2972 2282 junguntur.
3002 2210 3331 2266 Concubinae
3361 2223 3492 2264 vero

1895 2299 2014 2369 ejus
2063 2301 2372 2372 significant
2436 2304 2816 2358 haereticorum
2886 2303 3191 2369 Ecelesias,
3241 2302 3334 2372 qui
3390 2302 3494 2356 sub

1895 2390 2101 2448 Christi
2124 2394 2359 2449 nominis
2381 2394 2538 2450 titulo
2566 2396 2838 2450 seminare
2872 2395 3208 2465 gloriantur:
3244 2393 3339 2449 sed
3359 2392 3490 2463 quia

1895 2492 2122 2553 propter
2147 2485 2388 2540 carnalia
2411 2485 2561 2542 lucra
2594 2485 2875 2542 Christum
2904 2494 3201 2549 sectantur,
3235 2500 3344 2540 non
3365 2499 3493 2541 cou-

1889 2573 2068 2646 juges,
2104 2578 2197 2632 scd
2234 2579 2553 2633 concubinae
2577 2587 2862 2635 vocantur.
2897 2579 3140 2648 Denique
3163 2592 3311 2632 nunc
3331 2591 3492 2648 reges

1895 2669 1944 2722 si
1970 2668 2150 2738 plures
2187 2670 2426 2725 habeant
2452 2687 2651 2726 uxores
2686 2680 2741 2727 et
2766 2671 3122 2737 concubinas,
3149 2672 3358 2726 crimen
3385 2680 3490 2734 est,
3578 2689 3592 2706 ι

1896 2763 2024 2832 quia
2061 2761 2169 2830 iam
2199 2765 2537 2820 transierunt
2562 2765 2769 2835 ﬁgurat,
2802 2780 2903 2835 pro
2936 2765 3134 2833 quibus
3183 2777 3380 2818 uxores
3405 2761 3492 2817 vel

1895 2856 2326 2911 concubinarum
2348 2858 2503 2912 venia
2531 2857 2948 2912 concedebatur.
2981 2857 3050 2911 At
3080 2870 3244 2920 nunc,
3270 2855 3398 2926 quia
3421 2853 3489 2908 li-

1895 2963 2047 3020 gurte
2070 2950 2419 3016 transierunt,
2451 2951 2611 3006 venia
2635 2951 2783 3005 nulla
2812 2951 2990 3005 datur.

1969 3043 2253 3100 Audientes
2276 3054 2453 3100 autem
2476 3041 2804 3100 Philistht'im
2834 3045 2973 3116 quod
2997 3052 3186 3099 unctus
3209 3050 3343 3098 esset
3380 3040 3492 3096 Dn-

1897 3132 1984 3187 vid
2024 3135 2078 3187 in
2123 3151 2292 3206 regem
2341 3151 2498 3206 super
2541 3137 2842 3192 universum
2898 3136 3093 3203 Israel,
3139 3135 3491 3191 ascenderunt

1899 3240 2098 3291 omnes,
2131 3236 2188 3280 ut
2216 3235 2509 3297 quwrerent
2551 3243 2689 3282 eum.
2717 3228 2871 3294 Quod
2895 3243 3012 3282 cum
3044 3227 3276 3282 audisset
3295 3223 3490 3288 David,

189 3331 301 3368 rem
339 3313 540 3385 Moysi,
590 3333 696 3369 non
725 3317 937 3387 potestis
967 3314 1097 3371 salvi
1134 3316 1249 3384 ﬁeri
1303 3315 1440 3386 (Act.
1483 3313 1615 3385 xv);
1647 3313 1794 3368 etde
1822 3302 1867 3367 C
1901 3333 2140 3387 egressus
2169 3327 2243 3372 est
2286 3319 2491 3374 obviam
2532 3321 2629 3375 eis.
2661 3318 2834 3374 Porro
2874 3316 3198 3374 Philisﬂtilm
3236 3317 3492 3372 venientes

185 3407 394 3478 quibus
445 3406 681 3478 Iacobus
728 3409 795 3465 ad
847 3408 1111 3464 Paulum:
1152 3406 1326 3472 Vides,
1374 3407 1571 3478 inquit,
1602 3406 1790 3476 frater,

187 3511 318 3572 quot
373 3501 548 3557 millia
595 3512 715 3558 sunt
763 3503 820 3558 in
874 3503 1114 3570 Judwis,
1161 3503 1254 3573 qui
1307 3501 1696 3557 crediderunt?-
1725 3499 1795 3554 Et

188 3611 372 3649 omnes
396 3595 454 3648 hi
495 3596 827 3653 aemulatores
873 3607 996 3652 sunt
1025 3597 1152 3668 legis
1196 3596 1337 3668 (Act.
1378 3595 1517 3668 χχι).
1559 3594 1640 3652 Ob
1667 3611 1796 3651 cau-

190 3701 309 3743 sam
339 3702 477 3759 ergo
503 3689 807 3746 sacerdotis
839 3690 1007 3746 occisi
1035 3689 1205 3746 David
1232 3689 1408 3745 noluit
1435 3689 1706 3745 divertere
1725 3688 1795 3745 ad

191 3794 252 3835 se
279 3795 471 3836 arcam
499 3781 713 3836 Domini
739 3783 794 3838 in
820 3782 1094 3839 civitatem
1112 3781 1304 3848 David,
1327 3781 1422 3838 sed
1439 3781 1794 3838 divertiteam

195 3871 251 3928 in
302 3871 529 3928 domum
576 3872 885 3940 Ohededom
941 3873 1195 3931 Gethzci:
1231 3873 1361 3944 quia
1410 3873 1794 3943 respuentibus

196 3966 425 4019 verbum
446 3963 647 4020 Iudaeis
677 3983 746 4022 ne
765 3949 1000 4038 amplius
1033 3967 1217 4022 audita
1241 3973 1297 4020 et
1318 3973 1566 4037 suscepta
1598 3965 1793 4036 prsidi-

198 4059 338 4114 catio
386 4069 636 4126 noceret,
665 4060 906 4130 Apostoli
958 4062 1026 4116 ab
1073 4062 1153 4118 eis
1185 4060 1351 4115 ablati
1399 4069 1453 4114 et
1502 4059 1569 4115 ad
1603 4068 1792 4130 gentes

198 4147 520 4206 imbuendus
550 4161 676 4207 sunt
701 4153 851 4208 missi
874 4153 1012 4224 (Act.
1038 4153 1180 4221 xui).
1212 4152 1368 4209 Unde
1395 4161 1450 4206 et
1477 4151 1628 4207 locus
1652 4164 1792 4206 area

198 4237 370 4308 Naon,
407 4259 534 4314 quae
575 4245 816 4315 gentium
850 4244 1011 4300 ﬁdem
1041 4238 1255 4301 Domini
1287 4244 1474 4314 gratia:
1517 4257 1792 4313 praepara-

200 4339 305 4387 tam
335 4335 699 4399 demonstrat,
725 4334 968 4404 percussi
1003 4333 1114 4391 Oza
1145 4342 1510 4404 nuncupatur,
1539 4332 1793 4388 videlicet

197 4425 316 4496 quia
347 4426 566 4481 illorum
609 4427 796 4482 delicto
839 4427 983 4482 salus
1027 4426 1261 4499 gentibus
1288 4434 1363 4482 est
1391 4425 1582 4481 collata
1607 4424 1788 4497 (Rom.

198 4520 292 4586 si).
323 4519 641 4576 Obededom
690 4535 944 4591 iramque,
976 4519 1070 4591 qui
1118 4520 1511 4589 interpretatur
1562 4515 1789 4573 serviens

197 4609 364 4676 homo,
395 4613 494 4670 ille
539 4606 626 4669 est
648 4613 834 4684 utique
863 4613 930 4668 de
957 4627 1066 4684 quo
1108 4613 1371 4670 Dominus
1409 4611 1478 4666 ad
1522 4609 1783 4667 Patrem:

1901 3408 2087 3479 ἀψιιεὶ
2111 3422 2232 3465 sunt
2282 3413 2339 3467 in
2380 3411 2518 3467 valle
2567 3412 2849 3484 Raphaitn.
2899 3411 3278 3482 Consulaitque
3321 3407 3494 3465 David

1900 3502 2210 3570 Dominum,
2266 3506 2446 3560 dicens
2467 3519 2486 3558 :
2517 3504 2579 3563 Si
2628 3506 2911 3561 ascendam
2952 3506 3023 3560 ad
3066 3503 3426 3569 Philistlueos,
3449 3501 3497 3557 si

1899 3596 2079 3650 trades
2103 3613 2190 3650 eos
2219 3598 2274 3651 in
2304 3613 2465 3651 manu
2509 3613 2625 3652 mea
2642 3598 2668 3652 7
2694 3596 2762 3652 Et
2789 3597 2924 3652 dixit
2949 3597 2998 3651 ei
3021 3595 3162 3652 Deus
3189 3609 3208 3648 :
3238 3593 3494 3658 Ascende,

1899 3697 1950 3744 et
1972 3689 2182 3744 tradam
2213 3706 2300 3745 eos
2321 3692 2378 3744 in
2401 3705 2561 3745 manu
2609 3697 2725 3744 tua.
2749 3687 2984 3761 Curtaque
3011 3685 3096 3744 illi
3142 3685 3496 3743 ascendissent

1896 3781 1956 3834 in
1974 3780 2678 3853 Baalpltarasint,percussit
2704 3781 2776 3836 ibi
2799 3797 2885 3837 eos
2915 3777 3088 3836 David
3116 3789 3165 3835 st
3195 3779 3330 3833 dixit
3355 3792 3374 3832 :
3399 3777 3497 3832 Di-

1898 3875 2020 3930 visit
2041 3871 2182 3928 Deus
2221 3875 2464 3929 inimicos
2491 3889 2632 3928 meas
2656 3885 2751 3945 per
2790 3883 3012 3928 manant
3037 3881 3208 3926 meam
3238 3871 3376 3924 sicut
3413 3868 3498 3923 di-

1897 3967 2150 4024 viduntur
2182 3981 2352 4040 aqua,
2371 3975 2421 4024 et
2435 3967 2632 4023 idcirco
2653 3974 2892 4022 evocatam
2918 3973 2992 4020 est
3016 3977 3208 4020 nomen
3227 3962 3330 4017 loci
3350 3957 3495 4016 illius

1897 4059 2330 4132 Daalpltarasim,
2363 4068 2470 4116 etc.
2515 4060 2656 4129 Quid
2691 4067 2797 4125 est,
2828 4059 2992 4130 quod,
3022 4057 3206 4114 audita
3240 4055 3498 4112 unctione

1895 4155 2070 4211 David
2097 4156 2153 4210 in
2185 4161 2366 4227 regem
2389 4167 2554 4225 super
2579 4153 2766 4221 Israel,
2785 4152 3147 4209 ascenderunt
3165 4147 3496 4203 Philistbiim

1897 4255 2111 4313 Omnes,
2159 4253 2220 4302 ut
2279 4249 2588 4320 quaererent
2643 4257 2789 4313 eum,
2847 4244 2952 4300 nisi
3003 4242 3172 4314 «food,
3219 4239 3497 4296 dil‘amata

1897 4341 2178 4413 Evangelii
2200 4342 2379 4412 gratia
2409 4349 2465 4396 et
2491 4339 2703 4410 imperii
2732 4338 2936 4395 Christi
2967 4338 3025 4391 iu
3049 4343 3164 4392 toto
3193 4336 3328 4392 orbe
3351 4341 3494 4404 pra-

1898 4431 2193 4498 dicatione,
2237 4433 2480 4487 omnium
2531 4431 2773 4502 gentium
2824 4429 3076 4484 nationes
3117 4425 3357 4495 undique
3384 4425 3497 4494 pri-

1897 4534 2048 4583 mum
2099 4531 2583 4586 consurrexerunt,
2629 4529 2689 4577 ut
2734 4521 3156 4576 adversarentur
3202 4514 3497 4588 Evangelio

1894 4620 2090 4692 pacis?
2117 4617 2422 4675 Veniebant
2471 4632 2620 4690 ergo,
2648 4623 2709 4671 ut
2753 4622 3059 4687 quaererent
3101 4621 3249 4679 eum,
3285 4625 3393 4668 non
3433 4619 3496 4669 ot

199 4701 516 4772 Canstitues,
564 4662 763 4775 inquit:
809 4721 892 4761 me
929 4662 992 4761 inII
1025 4715 1181 4777 caput
1224 4705 1494 4778 gentium;
1540 4701 1788 4774 populus,

1935 4662 2080 4676 μνη.
2136 4662 2422 4675 Nam”...
2472 4662 2522 4674 ν.
2571 4662 2620 4682 ν,
2652 4662 2709 4671 ι.-
2755 4662 3059 4687 ,ιμηηψη
3104 4662 3249 4679 -_-__,
3285 4662 3392 4668 ---η
3439 4662 3493 4669 __

1903 4662 2024 4770 ﬁdei
2063 4714 2347 4770 detotione
2376 4662 2908 4783 illumosusciperent,
2943 4711 3040 4767 sed
3059 4717 3120 4766 ut
3153 4707 3274 4766 ddlo
3301 4708 3493 4780 ncqui—

197 4812 343 4866 quam
369 4815 480 4854 non
519 4799 760 4871 cognovi,
786 4798 990 4854 servivit
1033 4798 1161 4853 mihi
1201 4794 1376 4869 (Psal.
1417 4797 1574 4866 xvu).
1605 4793 1706 4850 Ubi
1735 4803 1792 4850 et

200 4885 506 4947 iudicaram
532 4889 911 4960 abjectionem,
935 4889 1091 4960 quasi
1117 4887 1244 4946 0w
1278 4895 1530 4952 mortem,
1553 4886 1792 4957 praemit-

203 4986 334 5047 tens,
375 4983 453 5038 ait
483 5000 494 5036 :
526 4981 738 5052 Eripies
789 4997 874 5038 me
924 4981 990 5037 de
1046 4978 1556 5036 contradictionibus
1609 4975 1790 5048 pepuli

203 5071 407 5148 (lout).
455 5075 565 5132 Cui
612 5075 754 5132 Geth
806 5090 1023 5148 quoque
1082 5089 1280 5132 nomen
1313 5073 1468 5130 urbis
1517 5073 1788 5146 congruit.

206 5165 336 5226 Getb
355 5173 505 5228 enim
526 5169 918 5244 interpretatur
939 5171 1195 5240 torcular,
1212 5169 1525 5242 signiﬁcans
1543 5183 1784 5236 crucem,

210 5260 261 5316 in
284 5278 386 5334 qua
413 5266 542 5323 vitis
574 5279 704 5323 vera
749 5265 947 5323 calcari
990 5273 1049 5322 et
1091 5264 1321 5336 exprimi
1363 5263 1581 5333 dig-nata
1619 5269 1726 5329 est,
1755 5274 1788 5316 ι

210 5366 310 5424 qua
355 5367 582 5416 cunctus
613 5358 854 5431 gentium
898 5357 1130 5430 populus
1166 5356 1365 5414 merito
1391 5355 1646 5412 Gethams
1689 5367 1785 5425 ap-

211 5449 392 5518 pellari
427 5461 626 5526 potest,
652 5467 778 5510 cum
803 5452 969 5510 dicit:
1004 5445 1138 5508 lilii
1167 5465 1341 5508 autem
1370 5453 1508 5507 absit
1543 5451 1784 5524 gloriari,

213 5541 310 5597 nisi
327 5545 384 5600 in
404 5563 555 5603 cruce
589 5547 804 5602 Domini
836 5545 1000 5602 nostri
1025 5545 1153 5602 less
1188 5544 1405 5602 Christi.
1439 5545 1580 5601 Tres
1603 5552 1787 5600 autem

216 5645 444 5707 menses,
472 5639 670 5711 quibus
720 5639 921 5696 ibidem
970 5653 1096 5695 area
1125 5639 1458 5705 demoratur,
1481 5637 1636 5705 ﬁdes,
1664 5651 1789 5709 spes

217 5731 268 5781 et
289 5730 521 5791 eharitas
535 5735 810 5792 est.'Sicut
828 5735 975 5792 enim
997 5733 1188 5792 diebus
1213 5733 1538 5805 adimpletur
1560 5733 1786 5801 mensis,

220 5813 292 5875 ita
312 5821 532 5895 singula:
566 5828 796 5886 virtutes
837 5827 951 5888 suis
988 5842 1204 5903 quoque
1248 5824 1501 5900 passibus
1546 5826 1616 5884 ad
1665 5839 1791 5899 per-

1900 4806 1990 4861 tiae
2019 4807 2354 4861 resisterent.
2386 4801 2683 4875 Propterea
2713 4803 2897 4858 taiiter
2925 4809 3230 4872 quaerentes
3253 4809 3358 4856 non
3379 4811 3495 4854 me-

1899 4905 2128 4955 ruerunt
2158 4898 2422 4963 invenire,
2457 4897 2598 4952 sicut
2620 4897 2735 4968 ipsa
2763 4893 2976 4951 Veritas
3006 4893 3084 4949 ait
3125 4893 3192 4949 ad
3239 4889 3488 4947 Judmos:

1898 4989 2018 5062 Ego
2042 4991 2180 5046 vado
2215 4999 2264 5045 et
2293 4990 2539 5061 qnwretis
2569 4997 2672 5054 nte,
2701 4997 2749 5044 et
2787 4987 2844 5041 in
2874 4995 3085 5058 peccato
3108 4991 3274 5038 vestro
3303 4983 3494 5037 morie-

1897 5084 2049 5138 mini.
2083 5081 2200 5148 οπο
2229 5095 2322 5154 ego
2361 5081 2528 5149 vado,
2566 5087 2652 5136 vos
2699 5087 2804 5134 n'ott
2846 5076 3058 5150 potestis
3091 5075 3263 5131 venire
3303 5073 3488 5146 (Joan.

1897 5173 2042 5246 Vm).
2075 5173 2253 5242 Q'trare
2278 5187 2386 5229 non
2415 5175 2711 5245 potuerunt
2735 5165 2962 5225 venire?
2990 5166 3092 5222 nisi
3121 5163 3264 5236 quod
3305 5166 3493 5222 nolue.

1897 5272 2026 5326 runt
2064 5263 2326 5324 credere?
2355 5263 2484 5323 Sine
2529 5263 2636 5320 ﬁde
2678 5261 2822 5320 enim
2853 5258 3032 5315 nullus
3055 5257 3253 5314 salvari
3288 5265 3486 5329 potest.

1894 5361 2080 5434 Pergit
2103 5373 2232 5434 ergo
2276 5357 2451 5415 David
2485 5348 2702 5412 obviam
2743 5351 2992 5408 hostibus
3038 5351 3170 5417 suis,
3207 5367 3329 5408 cum
3384 5351 3491 5409 illis

1894 5453 2149 5512 beneﬁcii
2173 5453 2256 5508 sui
2285 5457 2514 5507 munera
2536 5445 2716 5519 palam
2760 5443 3014 5501 ostendit.
3049 5441 3157 5499 Sed
3190 5444 3283 5514 qui
3310 5443 3492 5516 ingra-

1898 5557 1986 5605 tus
2032 5547 2297 5603 donorum
2327 5543 2424 5598 Dei
2463 5537 2694 5606 exstitit,
2732 5543 2962 5593 mortem
2991 5534 3093 5592 sibi
3110 5533 3316 5606 judicio
3364 5549 3492 5606 pro-

1896 5631 2018 5714 prio
2054 5637 2306 5709 acquirit.
2340 5636 2486 5703 Quos
2521 5631 2758 5704 percutit
2796 5629 2966 5687 David
2997 5636 3182 5686 noster
3226 5627 3280 5681 in
3334 5625 3490 5681 Βάθι-

1895 5735 2197 5809 pharasim,
2229 5745 2354 5788 cum
2377 5729 2621 5786 fidelium
2656 5729 2844 5800 plebes
2879 5739 2975 5798 per
3015 5724 3333 5782 electionem
3366 5734 3490 5792 gra—

1896 5831 1988 5890 tia:
2009 5829 2110 5889 sibi
2136 5823 2434 5898 conjungit,
2462 5832 2518 5880 et
2551 5821 2748 5895 impios
2791 5829 2957 5893 atque
3000 5816 3345 5888 blasphemas
3392 5823 3490 5883 per
