3958 6472
509 447 614 504 545

1149 445 1208 498 Β.
1252 444 1508 500 RABANI
1550 442 1769 502 MAURI
1809 437 2134 497 ARCIIIEP.
2178 433 2487 492 MOGUNT.
2529 433 2815 492 OPERUM
2855 432 3034 490 PARS
3070 431 3113 487 1.

3663 433 3778 491 3M

507 562 885 620 discretionem
903 559 1037 628 justi
1051 557 1242 629 judicii
1264 575 1295 614 a
1319 574 1378 615 se
1411 559 1701 630 expellens,
1733 558 1790 614 in
1813 565 2080 612 tartarum
2107 557 2161 614 Α
2184 549 2437 618 percussit
2460 558 2630 602 castra
2659 545 3091 602 Philisthinorum
3123 545 3188 600 de
3217 543 3434 600 Gabaon
3465 562 3637 617 usque
3671 544 3781 600 Ga-

507 654 812 711 damnando
839 649 1097 706 detrudit.

575 744 697 798 Alia
717 743 874 797 etiam
898 742 1004 797 vice
1014 738 1336 796 Philisthiim
1347 741 1611 795 irruerunt
1625 747 1672 795 et
1687 739 1870 810 di/fusi
1889 747 2010 794 sunt
2023 737 2082 794 in

503 833 653 889 valle.
669 829 1048 903 Consuluitque
1068 848 1277 886 rursum
1306 831 1472 886 David
1504 831 1867 897 Dominum,et
1883 832 2016 884 dixit
2031 833 2080 887 ei

502 925 643 980 Deus
668 939 688 977 .'
711 924 838 979 Non
853 925 1098 980 ascendes
1126 933 1240 995 post
1265 941 1372 979 eos.
1398 923 1598 980 Recede
1619 925 1682 979 ab
1715 926 1810 990 eis,
1832 934 1880 978 et
1911 924 2078 979 venies

502 1023 686 1069 contra
707 1014 828 1070 illos
862 1031 928 1070 ex
964 1015 1180 1070 adverso
1202 1015 1458 1085 pirorum.
1486 1013 1718 1086 Cumque
1741 1014 1971 1069 audieris
1992 1031 2080 1069 so-

502 1105 670 1159 nitum
694 1105 984 1175 gradientis
1006 1106 1061 1160 in
1087 1107 1356 1162 cacumine
1381 1107 1632 1177 pirorum,
1650 1116 1774 1160 tunc
1795 1106 2077 1178 egredieris

501 1194 571 1247 ad
615 1194 838 1251 bellum:
865 1212 1100 1266 egressus
1133 1204 1209 1250 est
1240 1197 1375 1250 enim
1399 1195 1541 1250 Deus
1561 1205 1682 1250 ante
1708 1205 1779 1262 te,
1810 1204 1867 1249 ut
1892 1213 2076 1266 percu-

499 1285 597 1338 tiat
639 1295 815 1341 castra
854 1284 1314 1352 Philisthinorum,
1345 1296 1453 1343 etc.
1480 1286 1618 1354 Quid
1643 1295 1728 1343 est
1751 1303 1902 1359 ergo,
1931 1288 2075 1358 quod

497 1375 757 1452 Dominus
810 1377 878 1433 ad
923 1376 1186 1447 judicium
1229 1379 1490 1434 adventus
1539 1379 1622 1432 sui
1657 1387 1847 1434 contra
1888 1379 2074 1434 hostes

495 1482 624 1522 suos
652 1468 744 1522 dat
772 1468 984 1538 signum
1019 1470 1317 1540 gradientis
1371 1470 1427 1524 in
1481 1471 1759 1525 cacumine
1807 1471 2069 1541 pirorum,

496 1559 597 1612 nisi
619 1560 762 1628 quod
782 1560 1068 1616 invisibilis
1088 1561 1249 1627 Deus,
1273 1561 1364 1631 qui
1391 1559 1671 1630 majestate
1699 1577 1796 1616 sua
1819 1563 2070 1617 omnibus

495 1653 830 1720 praeminet,
865 1669 964 1723 per
987 1653 1222 1709 visibilia
1243 1669 1406 1724 opera
1423 1655 1677 1724 potentiae
1701 1669 1812 1710 sua:
1833 1654 2071 1709 ostendit

2183 654 2321 692 sera.
2352 637 2508 693 Fecit
2536 652 2667 709 ergo
2711 637 2877 692 David
2923 645 3126 704 noster,
3164 637 3303 692 sicut
3328 649 3680 709 prmceperat
3729 640 3782 696 ei

2179 729 2322 785 Deus
2349 729 2532 796 Pater,
2559 736 2616 784 et
2641 730 2910 800 percussit
2936 738 3116 786 castra
3139 729 3617 797 Philisthinorum,
3645 747 3780 786 cum

2177 821 2536 892 malignorum
2558 821 2844 891 spirituum
2872 821 3124 877 contrivit
3147 822 3426 892 impetum,
3458 824 3579 878 sive
3601 824 3777 879 etiam

2177 913 2362 968 mundi
2402 913 2694 983 prostravit
2730 921 3087 984 potentatum,
3115 915 3338 985 eripiens
3379 933 3474 970 nos
3520 917 3590 970 de
3619 926 3777 986 pote-

2175 1011 2310 1056 state
2339 1003 2686 1069 tenebrarum,
2713 1014 2761 1058 et
2790 1005 3108 1074 transferens
3150 1007 3206 1059 in
3250 1022 3465 1076 regnum
3493 1005 3602 1074 filii
3644 1008 3776 1061 cha-

2177 1093 2347 1146 ritatis
2382 1109 2492 1148 suae
2541 1091 2676 1164 (Col.
2717 1094 2786 1163 l).
2831 1095 2898 1149 Et
2941 1096 3078 1150 bene
3115 1110 3214 1166 per
3251 1094 3495 1150 locorum
3541 1097 3773 1150 nomina

2173 1187 2426 1258 potentiae
2469 1203 2579 1242 sua:
2606 1189 2839 1244 ostendit
2865 1189 3018 1244 nobis
3045 1188 3208 1244 facta.
3249 1189 3328 1244 De
3374 1187 3609 1243 Gabaon
3638 1204 3776 1260 ergo

2173 1292 2346 1348 usque
2378 1277 2580 1333 Gazera
2611 1279 2879 1349 percussit
2917 1290 3098 1336 castra
3144 1279 3628 1335 Philisthinorum.
3658 1280 3772 1334 Ga-

2173 1372 2312 1424 baon
2354 1369 2742 1438 interpretatur
2783 1369 2930 1424 collis
2959 1371 3044 1426 vel
3077 1369 3392 1435 sublimitas,
3420 1368 3642 1424 Gazera
3675 1385 3774 1423 au-

2173 1467 2282 1513 tem
2310 1461 2444 1530 sepis
2475 1460 2590 1529 ejus
2617 1459 2703 1514 vel
2732 1460 2938 1514 divisio.
2972 1460 3247 1516 Percussit
3272 1475 3402 1530 ergo
3432 1459 3552 1515 Rex
3584 1469 3772 1514 noster

2173 1549 2421 1607 inimicos
2445 1567 2588 1617 suos,
2621 1551 2712 1623 qui
2745 1553 2799 1606 in
2831 1553 3096 1622 superbiae
3125 1552 3260 1607 colle
3282 1552 3675 1622 persistebant,
3717 1562 3773 1606 et

2171 1643 2425 1698 contrivit
2452 1657 2632 1713 sepem
2673 1642 2883 1698 duritiae
2911 1658 3121 1710 eorum,
3143 1643 3435 1712 divisitque
3474 1653 3648 1712 atque
3671 1643 3766 1697 de-

495 1743 952 1811 magnitudinem?
977 1742 1136 1798 Juxta
1189 1744 1336 1798 illam
1382 1744 1536 1798 Pauli
1587 1745 1929 1810 sententiam,
1959 1759 2061 1814 qua

2170 1729 2297 1799 iecit
2339 1733 2792 1803 conspirationem
2839 1734 3150 1803 pertinaciae
3184 1733 3460 1803 ipsorum,
3494 1742 3772 1803 quatenus

493 1833 570 1887 ait
603 1853 616 1888 :
655 1833 947 1888 Invisibilia
966 1837 1103 1889 enim
1141 1837 1304 1905 ipsius
1332 1853 1364 1889 a
1386 1844 1629 1890 creatura
1667 1836 1850 1890 mundi
1889 1853 1982 1907 per
2005 1853 2068 1890 ea

2169 1825 2284 1895 ipse
2313 1825 2458 1881 solus
2482 1826 2852 1882 dominaretur
2875 1827 2930 1882 in
2961 1834 3072 1882 toto
3119 1827 3250 1882 orbe
3280 1833 3583 1880 terrarum.
3619 1825 3770 1881 Unde

493 1939 610 1994 qua:
646 1924 787 1993 facta
834 1935 955 1979 sunt
999 1925 1256 1980 intellecta
1302 1927 1710 1996 conspiciuntur,
1752 1928 2066 1997 sempiterna
2091 1933 2140 1992 Β
2169 1919 2454 1987 sequitur:

491 2030 694 2086 quoque
724 2017 884 2070 virtus
913 2017 1027 2087 ejus
1057 2026 1105 2071 et
1133 2018 1375 2073 divinitas
1419 2018 1594 2090 (Rom.
1630 2019 1694 2090 ι).
1726 2019 1950 2098 Mystice
1973 2035 2068 2074 au-

491 2116 599 2162 tem
627 2109 847 2165 instruit
865 2109 1048 2166 ﬁdeles
1067 2127 1192 2168 suos
1212 2111 1494 2179 Dominus,
1518 2122 1577 2168 ut
1597 2115 1653 2168 in
1679 2115 1928 2169 omnibus
1949 2115 2067 2185 ejus

488 2201 854 2270 opitulationis
880 2212 1126 2272 quaerant
1160 2204 1436 2269 auxilium,
1463 2213 1518 2260 et
1547 2213 1673 2260 tunc
1697 2205 1960 2275 proﬁcere
2007 2221 2068 2261 se

488 2305 648 2361 posse
695 2292 968 2348 conﬁdant
1017 2293 1073 2348 in
1117 2293 1351 2350 conﬁcta
1391 2295 1769 2362 certaminum,
1801 2303 2065 2366 quantum

457 2385 779 2453 .adventum
799 2386 903 2442 sibi
945 2388 1180 2444 sentient
1223 2390 1414 2445 adesse
1463 2390 1722 2445 divinum.
1770 2390 2064 2446 Cacumina

487 2489 616 2545 ergo
642 2476 883 2546 pirorum
917 2487 1145 2547 possunt
1189 2494 1285 2550 per
1314 2479 1760 2549 signiﬁcationem
1789 2480 2066 2536 celsitudi-

491 2582 613 2620 nem
668 2567 1015 2638 perfectionis
1061 2571 1366 2641 exprimere
1421 2581 1748 2627 sanctorum.
1787 2572 1890 2626 Dat
1934 2587 2063 2644 ergo

487 2659 700 2728 signum
743 2661 1002 2716 Dominus
1064 2662 1375 2719 doctoribus
1430 2663 1496 2718 ad
1557 2664 1957 2733 praedicandum
2006 2663 2062 2719 in

489 2753 750 2807 mundum
789 2754 1030 2818 directis,
1086 2763 1144 2809 ut
1171 2755 1344 2810 sciant
1379 2756 1595 2825 quando
1618 2764 1674 2810 et
1697 2757 1789 2810 ubi
1817 2764 2065 2827 oporteat

488 2844 888 2911 praedicationis
909 2859 1165 2902 exercere
1193 2846 1452 2912 oﬂicium,
1477 2848 1580 2902 hoc
1623 2855 1709 2902 est
1737 2856 1797 2902 ut
1820 2848 1947 2903 illuc
1973 2864 2060 2904 se-

486 2945 724 3006 quantur
745 2939 1044 2994 devotionis
1075 2955 1185 2996 sua:
1204 2940 1523 3005 ministerio,
1547 2955 1654 3009 quo
1678 2939 1912 3010 Spiritus
1937 2957 2060 2996 san-

484 3037 624 3094 ctus,
640 3029 732 3098 qui
754 3030 967 3085 mundis
992 3030 1286 3085 electorum
1305 3031 1558 3087 cordibus
1569 3041 1784 3100 praeest,
1803 3032 2060 3086 instinctu

484 3134 582 3175 suo
608 3119 870 3176 direxerit
912 3120 1270 3178 admonendo.
1303 3121 1456 3179 Unde
1493 3122 1688 3194 legitur
1736 3123 1790 3177 in
1835 3121 2061 3178 Actibus

480 3212 884 3284 Apostolorum,
913 3215 1056 3284 quod
1080 3212 1286 3270 Paulus
1323 3223 1371 3270 et
1404 3215 1548 3271 Silas
1577 3215 1797 3287 apostoli
1838 3212 2054 3280 Christi,

481 3309 810 3359 transeuntes
851 3301 1140 3376 Phrygiam
1184 3315 1234 3361 et
1281 3303 1508 3360 Galatia:
1557 3307 1855 3376 regionem,
1901 3305 2059 3359 velati
2085 3295 2130 3358 C

479 3407 600 3452 sunt
626 3414 660 3451 a
683 3397 888 3468 Spiritu
924 3408 1107 3455 sancto
1132 3398 1276 3472 loqui
1307 3399 1516 3455 verbum
1543 3399 1642 3454 Dei
1665 3400 1722 3454 in
1746 3399 1894 3454 Asia.
1925 3396 2059 3454 Cum

479 3488 735 3542 venissent
761 3497 935 3543 autem
973 3489 1225 3560 Mysiam,
1270 3491 1538 3546 tentabant
1575 3491 1651 3545 ire
1687 3491 1743 3544 in
1786 3490 2057 3561 Bithynia,

481 3588 530 3632 et
573 3596 678 3632 non
711 3580 946 3648 permisit
993 3597 1080 3634 eos
1124 3580 1354 3650 Spiritus
1390 3581 1539 3636 Jesu.
1569 3581 1700 3635 Cum
1729 3592 1904 3636 autem
1943 3598 2061 3652 per-

481 3670 794 3726 transissent
819 3669 1066 3743 Mysiam,
1097 3671 1471 3729 descenderunt
1508 3671 1808 3728 Troiadem.
1838 3672 1906 3728 Et
1929 3673 2059 3728 visio

480 3777 575 3831 per
614 3768 814 3816 noctem
857 3761 1033 3817 Paulo
1073 3771 1278 3818 ostensa
1315 3774 1410 3818 est.
1452 3762 1545 3818 Vir
1581 3763 1800 3818 Macedo
1841 3764 2060 3835 quidam

480 3860 595 3907 erat
631 3860 775 3908 stans
818 3861 868 3908 et
920 3852 1204 3924 deprecans
1245 3870 1383 3920 eum,
1432 3853 1608 3910 dicens
1630 3869 1649 3908 :
1689 3854 1970 3911 Transiens
2001 3856 2060 3910 in

483 3940 849 3998 Macedoniam
873 3942 1068 4014 adjuva
1094 3959 1208 3999 nos.
1226 3942 1292 3998 Ut
1318 3953 1492 3999 autem
1511 3945 1678 4000 visum
1705 3947 1855 4014 vidit,
1880 3948 2059 4002 statim

478 4034 812 4104 quwsivimus
844 4034 1105 4105 proﬁcisci
1130 4037 1188 4090 in
1210 4035 1598 4104 Macedoniam,
1623 4038 1750 4092 certi
1772 4037 1898 4108 facti
1918 4039 2058 4110 quod

479 4133 710 4178 vocasset
735 4140 831 4179 nos
859 4123 1004 4180 Deus
1049 4126 1401 4198 euangelizare
1425 4128 1499 4183 eis
1524 4128 1661 4201 (Act.
1689 4128 1824 4203 xvr).
1849 4129 2056 4186 Notan-

481 4214 609 4269 dum
638 4223 836 4281 autem,
875 4216 1019 4286 quod
1058 4217 1150 4272 ubi
1204 4218 1260 4274 in
1311 4227 1498 4274 nostra
1545 4219 1782 4276 editione
1826 4219 2054 4291 legitur:

481 4308 549 4363 In
562 4310 830 4365 cacumine
851 4312 1107 4381 pirorum,
1131 4313 1316 4370 dicunt
1335 4315 1389 4371 in
1407 4315 1658 4384 Hebrzeo,
1672 4333 1778 4374 non
1797 4321 2055 4390 pirorum,

479 4399 575 4455 sed
588 4401 863 4470 ﬂuentium
875 4402 1083 4460 haberi.
1103 4405 1180 4460 De
1203 4422 1311 4478 quo
1335 4407 1408 4462 ita
1436 4409 1626 4464 sentiri
1647 4417 1855 4480 potest:
1873 4425 1941 4466 ex
1957 4414 2056 4466 ad-

478 4505 640 4548 verso
653 4492 838 4564 itaque
849 4495 1125 4564 ﬂuentium
1137 4498 1323 4554 venire
1337 4499 1510 4570 jubet,
1529 4501 1632 4556 hoc
1643 4510 1746 4567 est,
1759 4518 1824 4556 ea:
1837 4502 2057 4558 adverso

478 4583 745 4640 idolorum
786 4604 1024 4655 suorum,
1053 4591 1144 4646 ubi
1169 4591 1379 4647 scilicet
1414 4594 1554 4648 idola
1576 4609 1765 4649 eorum
1795 4603 1972 4661 erant,
1999 4597 2055 4651 in

476 4673 676 4746 quibus
720 4677 1152 4736 considerabant.
1196 4681 1327 4747 Quae
1369 4682 1510 4738 idola
1541 4683 1745 4740 idcirco
1777 4686 2054 4754 [tuentium

478 4774 758 4834 vocantur,
795 4769 922 4839 quia
965 4769 1091 4825 ﬁetu
1125 4771 1286 4840 digna
1328 4780 1474 4835 sunt,
1521 4780 1576 4826 et
1602 4787 1696 4828 eos
1723 4774 1816 4844 qui
1865 4789 1928 4829 ea
1963 4791 2054 4832 co-

477 4859 596 4914 lunt
643 4861 711 4916 ad
747 4859 934 4917 ﬂetum
976 4863 1321 4918 miseriarum
1375 4865 1697 4933 perducunt.
1746 4866 2050 4925 Fluentium

475 4949 660 5022 itaque
687 4964 878 5006 eorum
913 4951 1056 5006 idola
1099 4952 1170 5008 ob
1207 4952 1598 5023 blasphemiam
1646 4957 1736 5013 hic
1768 4973 1948 5015 sermo
1974 4960 2056 5015 di-

476 5041 635 5096 vinus
673 5049 833 5095 vocat
878 5039 1080 5095 idolum
1125 5040 1303 5108 Moab,
1352 5044 1740 5102 contaminatio
1782 5046 1956 5104 Moab.
1983 5046 2054 5103 Et

475 5149 594 5188 cum
625 5133 878 5200 audieris,
915 5133 1109 5204 inquit,
1130 5135 1360 5190 sonitum
1381 5138 1668 5208 gradientis
1694 5141 1750 5194 in
1778 5157 1860 5206 ea,
1884 5141 1941 5204 in
1965 5153 2052 5196 ca-

476 5222 683 5276 cumine
709 5222 1014 5290 ﬂuentium;
1047 5224 1149 5280 hoc
1179 5233 1284 5292 est,
1309 5241 1430 5281 cum
1455 5226 1713 5295 audieris,
1744 5243 1775 5282 a
1811 5237 2053 5298 potesta-

475 5313 620 5367 tibus
655 5314 910 5384 angelicis
954 5332 1283 5387 paganorum
1329 5317 1500 5386 idola,
1544 5318 1601 5373 in
1637 5318 1832 5388 quibus
1875 5320 2052 5378 omnis

475 5404 738 5459 fortitudo
783 5420 994 5475 eorum,
1021 5411 1227 5466 conteri
1275 5419 1331 5467 et
1375 5411 1703 5479 conculcari,
1735 5420 1862 5468 tunc
1891 5413 2051 5470 inibis

475 5495 742 5564 praelium,
768 5497 893 5568 quia
923 5507 1049 5556 tunc
1080 5502 1387 5574 egredietur
1413 5503 1672 5560 Dominus
1703 5513 1828 5560 ante
1853 5503 2050 5560 faciem

477 5593 645 5652 tuam,
670 5595 728 5641 ut
752 5590 1016 5656 percutiat
1035 5600 1212 5647 castra
1233 5592 1594 5660 Philisthiim;
1619 5594 1673 5648 in
1693 5609 1883 5650 eorum
1903 5610 2052 5649 nam-

475 5691 580 5743 que
628 5677 785 5734 idolis
838 5679 1094 5738 Dominus
1137 5683 1343 5755 judicia
1386 5686 1536 5754 fecit,
1575 5687 1717 5744 sicut
1760 5698 1817 5744 et
1858 5689 1913 5744 in
1947 5688 2051 5744 diis

476 5768 870 5840 1Egyptiomm.

549 5861 696 5918 i‘ecit
743 5884 862 5936 ergo
911 5867 1116 5936 Dat-id,
1160 5863 1303 5923 sicut
1338 5881 1648 5939 pra'ceperat
1696 5874 1744 5926 ci
1795 5873 1965 5940 Deus,
2001 5885 2048 5928 et

2239 2006 2679 2078 Divulgatumque
2704 2017 2780 2064 est
2808 2011 2995 2064 nomen
3021 2008 3190 2063 David
3215 2009 3271 2062 in
3296 2009 3558 2063 universis
3605 2009 3771 2079 regio-

2170 2099 2343 2162 nibus,
2371 2107 2420 2152 et
2459 2097 2714 2154 Dominus
2758 2100 2900 2154 dedit
2940 2116 3181 2170 pavorem
3229 2099 3341 2169 ejus
3379 2117 3542 2170 super
3591 2116 3769 2153 omnes

2166 2200 2362 2262 gentes,
2403 2198 2509 2246 etc.
2545 2191 2708 2258 Quia,
2738 2191 2876 2246 sicut
2906 2191 3196 2262 Apostolus
3245 2191 3356 2256 ait,
3387 2189 3645 2245 Christus
3691 2192 3770 2260 fu—
3805 2203 3816 2208 ·

2166 2290 2280 2335 ctus
2319 2290 2395 2336 est
2428 2297 2522 2351 pro
2562 2282 2708 2336 nobis
2737 2281 2976 2336 obediens
3020 2279 3172 2335 Patri
3202 2297 3365 2352 usque
3404 2283 3477 2333 ad
3517 2290 3766 2346 mortem,

2165 2382 2381 2428 mortem
2408 2383 2582 2428 autem
2624 2375 2816 2428 crucis.
2849 2373 3072 2444 Propter
3096 2373 3236 2444 quod
3264 2382 3312 2428 et
3335 2373 3478 2451 Deus
3508 2374 3768 2428 exultavit

2163 2463 2336 2530 illum,
2366 2474 2416 2519 et
2464 2466 2606 2519 dedit
2651 2465 2730 2520 illi
2766 2481 2952 2519 nomen
2992 2465 3130 2536 quod
3159 2475 3232 2520 est
3280 2482 3436 2536 super
3481 2483 3647 2520 omne
3681 2482 3771 2521 no-

2163 2573 2305 2622 men,
2329 2567 2386 2611 ut
2408 2557 2462 2611 in
2486 2558 2694 2612 nomine
2712 2555 2840 2612 Jesu
2861 2572 3010 2611 omne
3033 2573 3167 2627 genu
3185 2557 3429 2626 ﬂectatur
3450 2555 3768 2622 cmlestiusn,

2163 2649 2486 2702 terrestrium
2519 2657 2568 2702 et
2614 2647 2971 2716 infernarum,
2999 2657 3047 2701 et
3075 2647 3241 2700 omnis
3281 2645 3461 2716 lingua
3509 2645 3770 2713 conﬁtea-

2161 2745 2250 2790 tur
2303 2739 2423 2809 quia
2455 2737 2712 2793 Dominus
2749 2737 2904 2792 Jesus
2953 2735 3192 2793 Christus
3231 2736 3288 2791 in
3319 2735 3492 2809 gloria
3538 2747 3619 2790 est
3671 2737 3768 2791 Dei

2163 2825 2342 2883 Patris
2393 2827 2613 2901 (Philip.
2645 2827 2727 2898 ιι).
2780 2827 3001 2884 Necnon
3047 2835 3105 2884 et
3149 2827 3282 2883 illud
3328 2827 3475 2897 quod
3523 2825 3761 2895 subjun-

2162 2916 2328 2986 gitur.

2762 3009 2990 3068 CAPUT
3010 3004 3140 3067 'XV.

2159 3115 2240 3172 De
2263 3136 2322 3174 eo
2353 3121 2491 3192 quod
2515 3121 2686 3176 David
2708 3122 2976 3176 constituit
3004 3119 3363 3192 cantoresgqui
3387 3119 3680 3192 cantabant
3711 3121 3763 3173 in

2233 3190 2444 3260 organis
2477 3192 2799 3246 musicorum
2848 3207 3028 3245 coram
3073 3208 3200 3245 arca
3239 3190 3477 3255 Domini,
3508 3190 3608 3243 hoc
3664 3200 3761 3252 est.

2234 3259 2476 3328 lleman,
2536 3261 2746 3332 Asaplt,
2783 3261 2982 3328 Ethan,
3017 3270 3065 3316 et
3111 3270 3324 3316 caeteros
3366 3261 3459 3331 qui
3509 3277 3634 3314 cum
3692 3262 3762 3314 eis

2233 3341 2403 3385 erant.

2236 3423 2278 3495 (1
2314 3423 2447 3478 PAR.
2492 3421 2609 3494 xv.)
2657 3421 2810 3478 Fecit
2855 3440 3058 3495 quoque
3097 3424 3196 3479 sibi
3237 3424 3420 3478 domos
3459 3424 3518 3477 in
3555 3424 3761 3479 civitate

2161 3513 2364 3580 David,
2412 3523 2460 3567 et
2505 3514 2786 3583 aediﬁcavit
2830 3514 3001 3569 locum
3045 3531 3184 3570 arcte
3216 3514 3314 3569 Dei
3350 3514 3673 3584 tetenditque
3713 3515 3759 3568 ei

2161 3603 2577 3658 tabernaculum.
2610 3604 2830 3676 Mystice
2859 3605 3214 3672 demonstrat,
3247 3605 3374 3676 quia
3416 3605 3472 3659 in
3504 3620 3616 3658 una
3657 3604 3760 3659 Ee-

2161 3695 2327 3751 clesia
2356 3695 2642 3762 catholica,
2671 3695 2725 3749 in
2750 3704 2865 3752 toto
2892 3697 3024 3751 orbe
3047 3705 3316 3750 terrarum
3345 3693 3565 3758 diﬁ'usa,
3596 3694 3757 3764 plura

2159 3790 2401 3864 plebium
2439 3790 2658 3847 nomine
2699 3805 2798 3847 suo
2839 3789 3120 3846 constituit
3163 3787 3565 3853 conventicula,
3613 3796 3674 3842 ut
3705 3789 3758 3842 in

2159 3899 2268 3938 una
2298 3883 2459 3938 domo
2488 3883 2718 3938 diversae
2743 3881 2935 3938 ﬁerent
2957 3881 3286 3937 mansiones.
3315 3878 3470 3936 Unde
3499 3888 3560 3933 et
3588 3879 3756 3934 Joan-

2157 3989 2257 4031 nes
2302 3975 2356 4030 in
2385 3973 2708 4046 Apocalypsi
2743 3989 2842 4029 sua
2871 3974 2940 4028 ad
2987 3981 3194 4044 septem
3241 3971 3431 4028 scribit
3475 3972 3755 4028 Ecclesias

2159 4063 2343 4136 (Apoc.
2369 4062 2431 4136 ι).
2475 4063 2628 4130 Quod
2674 4071 2854 4118 autem
2882 4062 3170 4118 aediﬁcavit
3217 4061 3394 4117 locum
3443 4076 3590 4116 arcae
3627 4062 3751 4126 Dei,

2159 4157 2492 4227 tetenditque
2533 4158 2583 4212 ei
2632 4157 3062 4233 tabernaculum,
3093 4155 3362 4226 signiﬁcat
3388 4156 3537 4226 quod
3568 4155 3628 4210 in
3654 4155 3753 4210 Ec-

2159 4247 2324 4304 clesia
2370 4247 2621 4317 praesenti
2682 4245 3076 4301 lncarnationis
3130 4260 3242 4300 suae
3288 4244 3752 4299 commendaverit

2158 4338 2498 4410 mysterium,
2540 4345 2595 4392 et
2623 4337 2890 4407 passionis
2918 4352 3030 4393 sua:
3069 4335 3467 4392 observandum
3506 4335 3749 4392 docuerit

2157 4438 2564 4486 sacramentum
2573 4470 2587 4483 .

2231 4519 2376 4575 Tunc
2397 4521 2529 4575 dixit
2550 4520 2722 4575 David
2744 4537 2764 4575 :
2787 4519 3040 4575 Illicitum
3063 4528 3136 4575 est
3155 4529 3215 4574 ut
3235 4537 3267 4574 a
3297 4536 3610 4591 quocunque
3632 4536 3745 4589 por-

2077 4649 2133 4709 D
2160 4621 2294 4668 tetur
2317 4627 2443 4666 arca
2471 4611 2589 4677 Dei,
2621 4612 2725 4666 nisi
2751 4629 2785 4664 a
2810 4610 3022 4677 Levitis,
3059 4627 3188 4682 quos
3213 4611 3362 4681 elegit
3393 4611 3652 4665 Dominus
3676 4611 3744 4664 ad

2155 4704 2470 4776 portandum
2490 4720 2629 4771 eam,
2649 4714 2697 4758 et
2717 4704 3192 4758 administrandum
3216 4704 3315 4758 sibi
3335 4721 3500 4776 usque
3519 4705 3575 4759 in
3598 4715 3744 4759 teter-

2157 4810 2282 4849 num
2309 4793 2498 4865 (Num.
2522 4793 2618 4865 ιγ).
2648 4793 2774 4850 Haec
2809 4795 3072 4850 sententia
3103 4783 3437 4850 demonstrat
3466 4795 3613 4865 quod
3641 4793 3742 4849 Re-

2157 4887 2404 4957 demptor
2437 4894 2621 4942 noster
2646 4903 2754 4943 non
2782 4887 2898 4942 vult
2926 4896 2986 4942 ut
3020 4886 3245 4957 quilibet
3285 4885 3493 4957 indigni
3521 4893 3577 4940 et
3602 4886 3742 4940 iner-

2155 4984 2238 5033 tes
2282 4976 2653 5033 ecclesiastico
2686 4975 2862 5032 oﬁieio
2895 4975 3207 5048 fungantur,
3248 4976 3342 5030 sed
3378 4974 3436 5029 hi
3481 4976 3576 5044 qui
3618 4982 3739 5030 sunt

2156 5067 2354 5123 eruditi
2383 5067 2609 5123 scientia
2645 5075 2701 5122 et
2742 5081 2955 5122 morum
2994 5066 3275 5122 honestate
3316 5064 3650 5134 probabiles,
3681 5073 3736 5119 ut

2157 5157 2261 5226 ipsi
2289 5164 2503 5226 portent
2529 5171 2714 5212 arcam
2739 5156 2857 5221 Dei,
2885 5156 2989 5212 hoc
3020 5164 3106 5213 est
3139 5164 3380 5212 sanctam
3420 5155 3730 5221 Ecclesiam,

2156 5247 2324 5302 verbo
2359 5254 2525 5302 recta:
2567 5245 2713 5314 ﬁdei,
2738 5261 2805 5301 ac
2829 5247 3093 5302 bonorum
3121 5261 3344 5316 operum
3369 5246 3639 5316 exemplo,
3681 5246 3731 5300 in

2157 5335 2396 5390 humeris
2431 5335 2504 5404 pii
2534 5334 2736 5390 laboris
2763 5342 2992 5406 gestent,
3027 5345 3084 5390 et
3106 5335 3210 5391 hoc
3233 5333 3393 5389 modo
3428 5334 3732 5389 ministrent

2155 5426 2259 5483 sibi
2287 5440 2458 5497 usque
2486 5427 2541 5482 in
2581 5435 2863 5482 aeternum.
2892 5425 3046 5482 Unde
3071 5435 3128 5482 et
3169 5426 3368 5482 Paulus
3410 5427 3730 5498 discipulum

2156 5519 2391 5584 instruit,
2425 5519 2644 5575 dicens:
2678 5518 2756 5572 Tu
2793 5535 2910 5574 vero
2949 5518 3127 5590 vigila,
3163 5521 3220 5573 in
3245 5519 3485 5574 omnibus
3529 5518 3726 5582 labora,

2156 5624 2285 5678 opus
2325 5607 2410 5677 {ac
2455 5608 2803 5678 evangelista,
2848 5610 3194 5664 ministerium
3239 5617 3385 5662 tuum
3429 5609 3605 5680 imple,
3641 5624 3727 5663 so-

2155 5700 2298 5754 brius
2323 5710 2431 5755 esto
2466 5701 2550 5773 (II
2588 5701 2722 5757 Tim.
2743 5701 2839 5774 1v).
2889 5701 3122 5758 Sollicite
3143 5720 3270 5758 cura
3296 5703 3518 5775 teipsum
3543 5704 3726 5774 proba-

2157 5789 2306 5843 bilem
2353 5791 2588 5846 exhibere
2622 5792 2730 5846 Deo
2765 5794 3062 5862 aperarium
3107 5791 3549 5861 inconfusibilem,
3596 5800 3725 5847 recte

2157 5890 2461 5936 tractantem
2502 5883 2707 5938 verbum
2746 5883 2978 5939 veritatis
3021 5882 3103 5954 (II
3135 5882 3268 5937 Tim.
3309 5882 3395 5957 ιι).
3441 5883 3507 5940 Et
3552 5883 3716 5939 item:
