3958 6472
131 379 263 438 345
339 424 349 434 .

1091 375 1447 437 COMMENT.
1483 376 1551 435 IN
1589 374 2148 437 PARALIPOMENA.
2188 408 2259 420 —-
2297 379 2428 440 LIB.
2463 375 2507 438 Ι.

3339 379 3449 442 546

133 500 499 572 Confortare,
528 496 724 569 inquit,
751 495 832 567 fili
853 498 944 565 mi,
975 497 1031 553 in
1054 501 1251 572 gratia,
1272 516 1391 572 aure
1412 508 1489 555 est
1520 498 1576 554 in
1598 497 1753 554 Chri-
1778 497 1832 561 Α
1853 496 1955 567 ﬁlii
1982 493 2136 564 Core,
2165 504 2221 553 et
2243 497 2331 554 his
2373 497 2592 566 similia,
2619 496 2747 570 quia
2793 494 2902 553 non
2946 495 3050 568 ipsi
3096 495 3181 569 (ut
3223 497 3445 569 quidam

72 628 80 663 τ
131 603 230 647 sto
264 589 431 657 Iesu;
456 598 505 644 et
540 604 658 661 qua:
686 587 884 644 audisti
908 606 942 645 a
970 607 1052 647 me
1085 608 1178 662 per
1211 589 1404 645 multos
1433 599 1605 658 testes,
1637 590 1750 644 ha’c

65 668 77 683 ’
132 683 467 740 commenda
511 682 754 753 ﬁdelibus
798 683 1119 753 hominibus,
1162 687 1252 759 qui
1290 686 1467 742 idonei
1504 695 1655 741 erunt
1699 694 1747 741 et

133 778 293 834 alios
321 779 523 833 docere.

216 869 677 943 Congregavitque
713 869 1011 927 universum
1038 870 1211 929 Israel
1245 874 1301 928 in
1341 870 1657 937 Jerusalem,
1686 881 1746 926 ut

132 959 440 1030 a/ferretur
483 978 613 1016 arca
656 960 754 1016 Dei
787 961 843 1016 in
880 960 1050 1017 locum
1079 979 1252 1029 suum,
1282 946 1437 1035 quem
1476 979 1747 1035 praepara-

131 1059 297 1105 verat
334 1051 404 1117 ei,
435 1068 527 1106 nec
554 1067 661 1106 non
686 1061 736 1106 et
761 1051 902 1121 ﬁlios
924 1051 1103 1108 Aaron
1129 1063 1178 1108 et
1208 1051 1433 1120 Levitas,
1463 1062 1571 1111 etc.
1605 1052 1746 1109 Con-

131 1151 344 1216 gregat
381 1142 552 1199 David
590 1143 906 1199 universum
934 1144 1098 1200 Israel
1144 1144 1200 1199 in
1240 1142 1575 1212 Jerusalem,
1618 1159 1746 1200 cum

128 1234 406 1292 Christus
446 1235 647 1292 electos
682 1251 809 1292 suos
852 1245 909 1293 et
945 1252 1133 1293 omnes
1170 1237 1263 1308 qui
1309 1238 1377 1293 ad
1407 1246 1611 1294 sortem
1646 1236 1745 1295 Dei

125 1329 427 1400 pertinent
464 1336 623 1384 vocat
651 1327 707 1384 in
740 1328 1039 1385 Ecclesiam
1083 1346 1258 1397 suam,
1290 1337 1350 1386 ut
1380 1330 1453 1386 ibi
1484 1330 1741 1387 lncarua-

126 1420 312 1476 tionis
359 1436 471 1478 suae
522 1431 864 1478 sacramenta
908 1432 1265 1492 venerentur;
1305 1433 1361 1481 et
1408 1440 1517 1481 non
1566 1425 1740 1482 solum

123 1512 416 1580 subditos,
442 1514 538 1570 sed
563 1514 729 1570 etiam
755 1514 1029 1587 praelatos,
1059 1532 1196 1587 quos
1223 1517 1317 1572 ﬁlii
1348 1515 1527 1573 Aaron
1549 1533 1614 1574 ac
1638 1518 1741 1574 Le-

121 1607 260 1663 vitze
288 1607 665 1681 praeﬁgurant,
694 1609 763 1664 ad
788 1610 930 1665 hanc
957 1610 1383 1668 celebrationem
1409 1614 1739 1684 praecipuam

120 1716 192 1757 ac
244 1701 661 1758 solemnitatem
706 1703 1002 1759 maximam
1048 1713 1323 1776 aggregat,
1363 1706 1492 1776 quia
1538 1706 1613 1762 ibi
1661 1705 1739 1761 di-

120 1811 305 1865 gnum
336 1804 421 1852 est
443 1803 503 1851 ut
529 1809 719 1851 omnes
745 1797 1089 1863 conveniant,
1117 1797 1301 1868 pusilli
1329 1805 1385 1853 et
1418 1798 1624 1870 magni,
1649 1798 1739 1869 ju-

1851 589 2061 663 volunt)
2115 598 2367 647 auctores
2414 589 2567 646 fuere
2620 588 2989 661 psalmorum,
3034 588 3130 645 sed
3182 588 3445 659 quoniam

1848 682 2122 753 praepositi
2168 681 2480 739 artiﬁcibus.
2516 680 2985 738 administratores
3025 695 3214 737 earum
3256 694 3446 737 rerqu

1848 774 2154 844 probabiles
2195 775 2542 842 exstiterunt,
2572 783 2634 830 ut
2682 775 2947 831 honorem
2975 773 3044 831 de
3073 773 3166 830 tali
3197 788 3443 830 comme-

1848 866 2148 947 moratione
2176 874 2473 933 sumerent,
2501 865 2595 936 qui
2622 862 2799 921 otlicio
2835 872 3026 921 sancto
3053 865 3265 922 devotis
3292 880 3439 921 men-
3476 910 3481 913 ν

1849 960 1993 1016 tibus
2034 960 2362 1016 serviebant.
2410 959 2754 1029 Maximeque
2781 968 2837 1014 et
2871 959 3091 1016 nomina
3121 975 3308 1017 earum
3354 959 3445 1015 in-

1847 1052 2093 1108 tellectus
2142 1067 2325 1108 rerum
2361 1068 2634 1124 congruos
2676 1052 2918 1109 indicare
2956 1062 3278 1109 noscuntur.
3323 1052 3445 1111 Non

1845 1146 1991 1202 enim
2017 1148 2311 1217 supradicti
2334 1148 2439 1203 viri
2464 1148 2518 1203 in
2541 1147 2778 1218 psalmos
2806 1148 3085 1203 faciendos
3107 1148 3263 1203 electi
3291 1156 3442 1216 sunt,

1846 1238 1941 1293 sed
1983 1248 2462 1311 eoscongregatos
2492 1246 2704 1294 tantum
2748 1237 2979 1307 legimus
3011 1236 3079 1292 ad
3114 1239 3444 1306 canendum,

1843 1330 2292 1404 psalmographos
2329 1340 2511 1388 autem
2539 1331 2708 1387 fuisse
2736 1331 2963 1387 historia
3006 1330 3150 1386 nulla
3183 1337 3441 1397 testatur,

1845 1430 1899 1479 et
1924 1431 2415 1493 prmsumptuosum
2443 1429 2529 1479 est
2570 1422 2749 1478 dicere
2776 1421 2922 1494 quod
2948 1421 3096 1477 nulla
3126 1420 3302 1492 possit
3347 1435 3441 1476 au-

1844 1514 2098 1569 ctoritate
2144 1513 2372 1569 ﬁrmari.
2423 1512 2555 1580 Quae
2601 1521 2780 1568 autem
2831 1511 3031 1568 fuerint
3078 1511 3444 1568 instrumenta

1841 1605 2049 1661 musica
2091 1619 2211 1675 quae
2239 1605 2296 1660 in
2322 1604 2577 1675 prmsenti
2615 1604 2736 1660 loco
2775 1603 3047 1676 leguntur,
3073 1618 3141 1659 ex
3171 1601 3440 1672 majorum

1841 1699 2002 1755 dictis
2040 1698 2401 1770 proferamus.
2444 1697 2678 1753 Nablum
2722 1705 2806 1754 est
2847 1698 2991 1753 idem
3032 1698 3179 1768 quod
3225 1697 3435 1768 psalte-

1841 1790 2015 1858 rium;
2062 1792 2159 1847 sed
2204 1790 2471 1847 Hebraice
2506 1791 2751 1857 nablum,
2799 1788 2986 1846 Graece
3026 1798 3206 1845 autem
3235 1790 3441 1860 psalte-

118 1902 302 1942 venes
341 1896 400 1942 et
438 1886 697 1960 virgines,
728 1894 784 1943 et
831 1887 1074 1945 seniores
1102 1904 1228 1945 cum
1263 1887 1573 1958 junioribus
1616 1890 1738 1945 lau-
1765 1875 1816 1937 B
1842 1870 2007 1951 rium,
2037 1882 2232 1940 Latine
2261 1893 2442 1940 autem
2471 1884 2837 1940 laudatorium
2866 1882 3087 1938 dicitur.
3126 1883 3202 1937 De
3236 1898 3344 1953 quo
3384 1882 3443 1939 in

118 1976 262 2032 dent
288 1992 496 2033 nomen
538 1977 773 2033 Domini.
817 1979 886 2034 Et
926 1978 1064 2035 bene
1091 1980 1296 2035 dictum
1324 1989 1406 2036 est
1440 1982 1584 2053 quod
1611 1997 1740 2039 arca

117 2065 428 2123 afferretur
453 2069 508 2123 in
535 2067 713 2124 locum
736 2086 912 2137 suum,
942 2085 1103 2141 quem
1130 2081 1536 2142 praaparaverat
1558 2074 1610 2129 ei
1637 2073 1738 2130 Da-

115 2159 240 2227 vid,
279 2160 420 2231 quia
447 2175 555 2216 non
585 2161 758 2217 solum
806 2161 995 2228 David,
1034 2162 1129 2218 sed
1164 2169 1219 2218 et
1245 2178 1435 2219 omnes
1462 2165 1740 2235 prophetae

34 2310 47 2319 ,
116 2252 289 2309 dictis
305 2261 367 2308 et
387 2252 547 2309 factis
566 2252 810 2317 futurum
829 2255 1174 2311 vaticinando
1196 2255 1251 2311 in
1273 2255 1519 2313 Ecclesia
1532 2257 1737 2314 Christi

116 2342 502 2402 Incarnationi
539 2346 824 2416 praebuere
855 2346 1057 2415 locum,
1100 2355 1163 2403 ut
1189 2362 1255 2404 eo
1306 2346 1537 2404 celerius
1565 2349 1739 2406 susci-

114 2448 322 2509 perent
363 2439 762 2508 advenientem,
790 2456 899 2513 quo
926 2456 1052 2498 eum
1095 2442 1412 2513 praescirent
1453 2450 1582 2499 ante
1615 2458 1739 2502 esse

114 2529 542 2602 prophetatum.

189 2619 541 2690 Sanctiﬁcati
567 2631 688 2677 sunt
716 2639 838 2695 ergo
867 2624 1183 2690 sacerdotes,
1207 2634 1258 2681 et
1283 2622 1501 2694 Levites,
1530 2632 1587 2679 ut
1612 2641 1737 2697 por-

114 2723 295 2770 tarent
329 2731 515 2770 arcam
540 2714 756 2771 Domini
782 2716 883 2771 Dei
924 2716 1116 2773 Israel.
1144 2717 1215 2772 Et
1241 2718 1473 2772 tulerunt
1504 2716 1606 2787 ﬁlii
1634 2717 1737 2773 sibi

113 2802 243 2860 Levi
268 2822 461 2861 arcam
484 2805 581 2861 Dei
603 2804 799 2874 Israel,
820 2807 954 2862 sicut
980 2816 1298 2880 praeceperat
1328 2807 1557 2880 Moyses,
1573 2808 1736 2879 juxta

112 2898 345 2954 uerbum
374 2899 611 2968 Domini,
654 2902 887 2957 humeris
919 2903 1030 2958 suis
1059 2903 1116 2958 in
1153 2903 1382 2958 vectibus
1414 2902 1605 2975 (Num.
1632 2902 1731 2975 1v).

115 2987 508 3048 Sanctiﬁcatio
532 2992 879 3049 sacerdotum
899 3000 955 3048 et
986 2992 1301 3049 Levitarum
1315 2991 1474 3063 juxta
1493 2992 1736 3064 tropolo-

113 3083 219 3153 giae
243 3083 500 3156 regulam
529 3084 688 3140 docet
713 3085 992 3141 ministros
1015 3084 1152 3141 Novi
1173 3084 1510 3142 Testamenti
1538 3100 1736 3157 puram

115 3175 438 3232 doctrinam
458 3182 516 3232 et
545 3177 804 3232 mundam
830 3177 1035 3234 habere
1055 3178 1247 3243 vitam,
1270 3177 1469 3249 quibus
1497 3177 1626 3233 alibi
1649 3176 1730 3232 di-

110 3266 266 3323 citur
295 3287 311 3322 :
341 3265 527 3323 Sancti
550 3276 734 3336 estote,
756 3269 882 3340 quia
906 3278 955 3323 et
977 3285 1071 3339 ego
1094 3277 1310 3324 sanctus
1333 3286 1452 3324 sum
1472 3268 1732 3325 Dominus

110 3355 266 3413 Deus
299 3368 472 3413 uester
514 3357 702 3430 (Leuit.
724 3359 826 3427 ιι).
867 3358 1014 3416 Bene
1051 3375 1182 3431 ergo
1214 3360 1468 3416 convenit
1495 3366 1735 3431 gestato-

110 3448 277 3505 ribus
311 3464 458 3505 areae
485 3450 698 3505 Domini
723 3458 785 3506 ut
825 3450 936 3508 sint
973 3451 1298 3508 sanctiﬁcati
1330 3451 1489 3521 juxta
1522 3467 1732 3533 prince:-

110 3549 276 3611 ptum
302 3540 443 3612 legis
469 3541 706 3609 Domini,
741 3544 868 3615 quia
902 3551 1066 3600 rectae
1096 3543 1221 3600 ﬁdei
1246 3545 1452 3610 verbis,
1480 3553 1535 3601 et
1563 3545 1736 3601 bono-

114 3649 241 3690 rum
269 3648 505 3705 Operum
533 3636 796 3707 exemplis
823 3636 1023 3693 debent
1047 3637 1386 3694 auditoribus
1414 3638 1530 3694 suis
1551 3638 1735 3694 Incaro

117 3727 412 3784 nationem
459 3730 843 3786 commendare
875 3729 1001 3786 Filii
1028 3731 1156 3800 Dei,
1198 3739 1254 3788 et
1279 3730 1732 3801 Redemptionem

115 3821 349 3877 humani
380 3821 619 3893 generis,
646 3838 713 3879 ac
758 3823 928 3879 vitam
974 3832 1265 3891 aeternam,
1296 3831 1459 3895 atque
1489 3820 1732 3878 futurum

114 3912 394 3983 judicium
421 3913 626 3970 Christi
656 3914 977 3985 praedicare.

188 4004 344 4061 Dixit
376 4022 581 4077 quoque
610 4004 782 4061 David
810 4004 1136 4077 principibus
1172 4003 1477 4061 Leuitarum
1509 4013 1569 4059 ut
1608 4021 1734 4060 con—

120 4097 404 4155 stituerent
430 4099 495 4154 de
526 4097 781 4169 fratribus
821 4099 931 4154 suis
959 4108 1199 4154 cantores
1223 4099 1279 4154 in
1318 4098 1534 4170 organis
1568 4096 1734 4151 musi-

121 4208 329 4261 corum,
361 4190 535 4247 nablis
556 4190 792 4248 uidelicet
814 4201 864 4247 et
890 4190 1021 4264 lyris
1047 4199 1096 4248 et
1125 4190 1400 4264 cymbalis,
1434 4200 1491 4246 ut
1518 4206 1735 4246 resona~

124 4294 235 4341 rent
279 4288 339 4342 in
386 4286 605 4343 excelsis
648 4287 852 4342 sonitus
891 4285 1112 4354 latitia,
1159 4292 1268 4341 etc.
1311 4284 1364 4357 (Ι
1390 4283 1523 4340 Par.
1548 4282 1731 4355 xxm).

123 4373 400 4435 Narratur
422 4393 553 4451 ergo
581 4378 710 4434 alibi
753 4378 808 4433 in
851 4378 1104 4448 praesenti
1147 4378 1399 4445 historia,
1430 4375 1576 4447 quod
1605 4390 1732 4431 cum

122 4470 397 4539 propheta
430 4469 602 4526 David
632 4470 823 4525 devota
857 4478 1016 4526 aetate
1042 4469 1333 4536 senuisset,
1358 4476 1592 4539 quatuor
1618 4464 1735 4521 mil-

125 4559 195 4661 ξιξ
240 4560 514 4633 juvenum
564 4577 633 4618 ex
676 4560 975 4618 Israelitico
1024 4559 1593 4661 populo-delegisset,
1638 4558 1733 4629 qui
1756 4601 1811 4661 D

126 4652 401 4724 Psalmos,
437 4669 576 4727 quos
615 4654 733 4726 ipse
779 4654 995 4711 Domini
1036 4653 1369 4725 aspiratione
1400 4651 1727 4723 protulerat,

128 4750 373 4820 organis,
394 4749 641 4817 citharis,
670 4746 864 4812 nablis,
895 4746 1181 4819 cymbalis,
1204 4745 1368 4812 tubis,
1399 4743 1731 4816 propriaque

128 4856 259 4899 voce
295 4845 355 4900 in
398 4859 594 4917 magna
613 4841 953 4912 iucunditate
981 4853 1230 4910 supernae
1259 4838 1449 4908 gratia:
1475 4850 1731 4908 persona-

134 4944 271 4991 rent.
315 4936 454 5006 Quae
500 4936 683 4992 suavis
734 4932 992 4989 adunatio
1039 4932 1214 4987 tribus
1265 4929 1512 5001 partibus
1558 4926 1731 4983 divisa

136 5030 436 5086 constabat.
450 5027 753 5086 Rationalis
772 5026 1079 5098 pertinebat
1096 5024 1167 5080 ad
1188 5025 1481 5080 humanam
1502 5036 1694 5077 vocem
1711 5060 1728 5088 ,

138 5116 466 5179 irrationalis
486 5121 555 5177 ad
574 5122 934 5178 instrumenta
955 5118 1192 5185 musica;
1221 5115 1527 5173 communis
1551 5122 1733 5169 autem

139 5208 203 5264 de
235 5214 524 5286 utriusque
566 5213 814 5285 partibus
856 5216 1093 5283 aptatur,
1134 5217 1197 5264 ut
1240 5216 1297 5265 et
1340 5222 1448 5263 vox
1494 5205 1733 5262 hominis

143 5303 301 5360 certis
341 5305 804 5363 modulationibus
831 5305 1103 5371 ederetur,
1147 5311 1204 5358 et
1224 5301 1735 5377 instrumentorum

143 5396 309 5456 melos
335 5414 575 5456 consona
596 5415 656 5457 se
693 5388 972 5455 vicinitate
1011 5397 1382 5469 coniungeret.
1414 5393 1506 5450 Sic
1547 5391 1736 5450 suavis

149 5484 236 5544 illa
276 5500 332 5548 et
370 5492 612 5563 jucunda
659 5493 868 5549 musica
918 5491 1218 5548 Ecclesiam
1263 5489 1591 5546 catholicam
1635 5486 1731 5543 tali

150 5587 269 5635 actu
295 5585 643 5654 praedicebat,
671 5601 793 5656 quas
819 5601 889 5641 ex
926 5583 1157 5641 diversis
1202 5581 1425 5655 linguis,
1470 5579 1735 5650 varioque

156 5684 408 5733 concentu
452 5678 508 5733 in
553 5693 718 5734 unam
764 5677 887 5733 ﬁdei
930 5675 1279 5733 concordiam
1310 5681 1459 5738 erat,
1505 5671 1736 5727 Domino

156 5772 462 5837 praestante,
487 5770 766 5827 coalitura.
798 5770 881 5826 Ex
907 5784 1014 5841 quo
1048 5776 1276 5824 numero
1309 5766 1482 5821 indita
1511 5763 1733 5819 nomina

163 5848 459 5932 frequenter
489 5864 548 5925 in
590 5864 764 5924 titulis
805 5838 1136 5933 invenimus,
1168 5869 1232 5923 ut
1271 5860 1529 5930 ldithun,
1558 5838 1746 5933 Αεαριί

606 6001 659 6021 τι.

1841 1976 2290 2050 quinquagesimo
2315 1986 2371 2033 et
2395 1986 2590 2049 quarto
2616 1975 2825 2048 psalmo
2851 1974 3109 2031 scribitur
3133 1993 3147 2029 :
3175 1974 3442 2046 Exsurge,

1839 2070 2147 2139 psalterium
2173 2078 2221 2125 et
2254 2070 2458 2124 cithara
2502 2067 2677 2142 (Psal.
2716 2083 2826 2131 va,
2855 2066 3020 2137 cvn);
3050 2081 3163 2121 non
3209 2064 3354 2137 quod
3383 2064 3441 2121 in

1840 2159 2062 2219 modum
2086 2160 2332 2226 citharas,
2362 2159 2457 2216 sed
2482 2159 2628 2231 quod
2655 2158 2712 2215 in
2736 2157 2957 2214 modum
2986 2157 3159 2231 clypei
3185 2154 3442 2227 quadrati

1840 2251 2212 2309 conformetur
2236 2267 2360 2309 cum
2386 2252 2577 2308 decem
2599 2251 2841 2316 chordis,
2865 2249 3007 2305 sicut
3030 2249 3292 2319 scriptum
3318 2253 3439 2303 est:

1839 2345 1909 2402 In
1953 2346 2201 2418 psalterio
2243 2346 2421 2400 decem
2475 2345 2795 2400 chordarum
2835 2342 3061 2414 psallam
3113 2342 3205 2396 tibi
3259 2338 3441 2414 (Psal.

1837 2438 2057 2513 cxun).
2096 2439 2274 2495 Habet
2310 2454 2441 2511 ergo
2484 2437 2805 2509 psalterium
2833 2436 3061 2492 obesum
3089 2440 3336 2489 ventrem
3384 2429 3445 2487 in
3481 2452 3487 2461 ο

1839 2529 2234 2601 superioribus,
2281 2528 2374 2585 ubi
2405 2527 2734 2584 chordarum
2774 2524 2863 2579 ﬁla
2907 2523 3157 2594 religata,
3194 2519 3443 2592 discipli-

1837 2622 2098 2679 nabiliter
2143 2621 2349 2694 plectro
2401 2629 2696 2691 percussa,
2748 2615 3131 2673 suavissimam
3185 2614 3449 2669 dicuntur

1838 2713 2066 2771 reddere
2125 2713 2478 2768 cantilenam.
2528 2709 2667 2765 Huic
2713 2707 2936 2764 citharae
2971 2705 3172 2777 positio
3221 2703 3445 2759 videtur

1836 2821 1958 2864 esse
1987 2806 2284 2871 contraria,
2314 2804 2442 2860 dum
2471 2803 2616 2874 quod
2645 2803 2749 2858 ista
2779 2801 2836 2857 in
2864 2799 2975 2855 imo
3003 2798 3273 2864 continet,
3305 2793 3441 2851 illud

1837 2915 2101 2956 conversa
2143 2898 2264 2954 vice
2312 2905 2491 2970 gestat
2533 2896 2589 2951 in
2633 2895 2830 2966 capite.
2874 2892 3208 2949 Psalterium
3258 2889 3444 2959 itaque

1837 3008 1962 3049 cum
1992 2993 2183 3048 decem
2213 2990 2434 3047 chordis
2462 2988 2710 3044 Ecclesia
2738 2995 2825 3043 est
2870 3001 2995 3042 cum
3033 2973 3238 3040 decent.
3261 2980 3445 3037 verbis

1834 3083 1971 3156 legis
1994 3082 2267 3149 contritis,
2290 3095 2411 3153 quae
2433 3087 2626 3138 contra
2649 3093 2867 3135 omnem
2894 3076 3149 3133 haeresim
3175 3072 3445 3146 quadrata

1836 3192 1936 3249 per
1984 3184 2222 3248 quatuor
2251 3173 2545 3246 Evangelia
2591 3171 2933 3244 intelligitur.
2967 3169 3107 3226 Hinc
3146 3168 3325 3241 posita
3361 3171 3448 3223 est

1841 3269 2078 3336 cithara,
2109 3269 2177 3325 de
2223 3284 2331 3339 qua
2380 3268 2435 3322 in
2483 3264 2905 3337 quadragesimo
2949 3261 3189 3319 secundo
3233 3258 3447 3332 psalmo

1840 3361 2106 3433 scriptum
2132 3366 2217 3416 est
2252 3376 2266 3413 :
2300 3356 2601 3427 Conﬁtebor
2626 3340 2720 3410 tibi
2748 3354 2805 3408 in
2830 3352 3057 3420 cithara,
3099 3351 3262 3417 Deus,
3299 3349 3444 3406 Deus

1838 3472 2005 3521 meus,
2060 3453 2206 3525 quod
2256 3450 2491 3525 propriae
2543 3446 2952 3506 consuetudinis
2995 3452 3081 3503 est
3126 3442 3269 3516 apud
3334 3440 3445 3499 He-

1838 3544 2036 3614 braeos,
2071 3559 2193 3616 quae
2239 3557 2365 3598 cum
2414 3541 2634 3597 chordis
2675 3539 2866 3613 viginti
2899 3526 3132 3609 q'uatuor
3180 3534 3340 3607 quasi
3383 3532 3443 3590 in

1839 3640 2063 3698 modum
2093 3637 2252 3694 deltaa
2278 3637 2476 3693 litterae
2505 3634 2671 3708 (sicut
2707 3630 3026 3706 peritissimi
3064 3626 3306 3699 tradunt)
3335 3626 3444 3683 uti-

1838 3746 1945 3802 que
1972 3727 2341 3801 componitur,
2369 3734 2425 3782 et
2460 3740 2559 3796 per
2585 3724 2781 3797 digitos
2824 3720 3052 3778 Pindari
3096 3717 3266 3774 variis
3295 3714 3448 3773 voci-
3546 3762 3557 3771 .

1836 3823 1941 3880 bus
1972 3821 2305 3892 tiunulisque
2334 3835 2399 3875 ac
2435 3816 2621 3874 tibidis
2648 3816 2704 3872 in
2749 3816 2997 3872 diversos
3027 3811 3217 3869 modos
3262 3807 3449 3866 conci-

1840 3924 2005 3972 tatur.
2049 3914 2275 3971 Cithara
2305 3919 2512 3977 autem,
2545 3910 2613 3965 de
2652 3924 2761 3980 qua
2805 3922 2988 3964 sermo
3019 3912 3138 3972 est,
3184 3899 3445 3958 Ecclesiae

1836 4006 2197 4080 spiritualiter
2227 4013 2416 4077 typum
2446 4000 2629 4057 habet.
2659 3999 2793 4069 Quae
2829 4012 2955 4054 cum
2983 3993 3177 4068 viginti
3203 3998 3440 4064 quatuor

1836 4097 2116 4155 seniorum
2153 4093 2497 4167 dogmatibus
2526 4091 2724 4146 trinam
2767 4088 2997 4145 formam
3028 4085 3197 4142 habet
3222 4084 3280 4140 in
3321 4097 3440 4137 mo-

1838 4190 1966 4245 dum
1989 4187 2146 4243 deltae
2169 4185 2383 4248 litterae,
2412 4182 2571 4238 ﬁdem
2600 4189 2801 4237 sancta:
2829 4177 3113 4234 Trinitatis
3140 4180 3251 4231 sum
3274 4172 3438 4230 dubio

1837 4277 2126 4352 signiﬁcat,
2157 4285 2212 4331 et
2241 4291 2339 4348 per
2366 4289 2562 4329 manus
2590 4271 2741 4327 Petri
2771 4270 3024 4342 apostoli,
3050 4276 3445 4324 caeterorumve

1837 4371 2208 4444 apostolorum
2248 4383 2314 4424 ac
2362 4368 2650 4423 doctorum
2696 4364 3007 4435 Evangelii,
3038 4363 3128 4432 qui
3168 4360 3443 4431 praedica-

1838 4474 1986 4521 tores
2016 4462 2160 4518 illius
2204 4467 2351 4527 sunt,
2384 4458 2439 4513 in
2476 4458 2722 4513 diversos
2751 4454 2940 4510 modos
2976 4451 3190 4508 Veteris
3218 4458 3276 4507 et
3303 4447 3442 4504 Novi

1838 4554 2174 4613 Testamenti
2212 4552 2374 4607 aliter
2417 4551 2473 4605 in
2519 4549 2726 4616 littera,
2759 4548 2918 4603 aliter
2945 4547 3000 4602 in
3043 4556 3209 4601 sensu
3242 4543 3446 4614 ﬁgura-

1835 4649 1960 4706 liter
2004 4647 2332 4705 concitatur.
2362 4644 2507 4717 Lyra
2534 4643 2681 4700 dicta
2706 4649 2791 4699 est
2822 4640 2925 4699 ἀπὸ
2948 4642 3009 4699 τὸ
3036 4638 3216 4711 lyrim,
3248 4636 3303 4692 id
3332 4642 3457 4704 est,‘

1835 4759 1870 4799 a
1894 4741 2160 4798 varietate
2199 4754 2418 4804 vocum,
2454 4751 2521 4793 eo
2564 4736 2711 4807 quod
2751 4735 2998 4791 diversos
3028 4746 3192 4789 sonos
3217 4728 3438 4787 efﬁciat.

1835 4834 1965 4891 Hac
2008 4842 2193 4889 autem
2229 4813 2483 4888 similiter
2533 4835 2711 4900 potest
2765 4826 3067 4884 Ecclesium
3104 4824 3436 4897 signiﬁcare,

1837 4942 1959 4999 quae
1991 4926 2047 4983 in
2087 4924 2405 4981 diversitate
2437 4921 2716 4977 variarum
2742 4920 3117 4977 doctrinarum
3146 4931 3248 4987 per
3275 4915 3441 4970 histo-
3466 4916 3483 4941 *

1837 5022 1996 5087 riam,
2025 5035 2122 5091 per
2164 5016 2509 5089 allegoriam,
2556 5010 2655 5086 per
2697 5012 3059 5085 tropologiam
3096 5016 3153 5065 et
3183 5023 3283 5079 per
3310 5020 3441 5061 ana-
3472 5066 3473 5071 η

1840 5129 2014 5188 gogen
2036 5127 2259 5169 suavem
2284 5124 2478 5166 sonum
2503 5106 2783 5179 exprimit,
2812 5103 2908 5160 sed
2935 5110 3116 5157 tamen
3138 5114 3171 5154 a
3192 5096 3446 5169 sympho-

1841 5210 1949 5266 niae
1989 5205 2335 5277 simplicitate
2362 5218 2470 5260 non
2496 5201 2723 5258 recedit.
2757 5194 3018 5269 Cymbala
3047 5199 3232 5250 autem
3259 5198 3467 5248 aceta-a

1840 5298 1969 5357 bula
2014 5269 2262 5370 quaedam
2302 5302 2459 5361 sunt,
2508 5307 2631 5363 qua:
2660 5302 2921 5361 percussa
2964 5284 3200 5342 invicem
3229 5298 3288 5339 se
3318 5289 3440 5338 tan-
3471 5269 3479 5301 "

1843 5400 1998 5465 gunt,
2021 5400 2078 5448 et
2103 5388 2310 5446 faciunt
2335 5400 2555 5451 sonum,
2576 5383 2645 5439 de
2668 5380 2867 5453 quibus
2890 5377 3088 5435 dicitur
3110 5376 3166 5432 in
3191 5373 3435 5465 psalmo:

1840 5462 2080 5539 Laudate
2110 5496 2230 5537 eum
2258 5478 2314 5535 in
2351 5475 2602 5548 cymbalis
2633 5473 2758 5527 bene
2785 5470 3096 5527 sonantibus
3126 5465 3303 5541 (Psal.
3323 5462 3436 5537 eL).

1836 5574 2097 5649 Cymbala
2124 5574 2266 5630 bene
2293 5568 2544 5627 sonantia
2588 5565 2734 5622 labia
2777 5572 2968 5621 nostra
2996 5562 3257 5618 debemus
3297 5554 3440 5612 acci-

1835 5683 1986 5744 pere,
2015 5683 2137 5739 quae
2178 5680 2289 5722 non
2326 5660 2599 5718 immerito
2630 5659 2771 5715 inter
2816 5656 3028 5713 musica
3073 5653 3439 5744 instrumenta

1824 5739 2012 5834 .posita
2042 5765 2189 5825 sunt,
2215 5756 2343 5828 quia
2377 5761 2434 5811 et
2478 5751 2775 5810 similitudo
2810 5749 3058 5820 quaedam
3087 5750 3172 5815 est
3206 5739 3433 5834 cymba-

1837 5828 2038 5923 lorum,
2067 5858 2125 5910 et
2151 5864 2252 5926 per
2277 5863 2345 5909 ea
2369 5859 2534 5907 voces
2560 5844 2813 5905 humanae
2837 5834 3181 5899 harmoniam
3206 5828 3437 5913 reddere
