3958 6472
539 435 643 492 ω

1098 484 1103 491 .
1189 430 1249 485 Β.
1292 428 1546 486 RABANI
1586 427 1808 485 MAURI
1847 423 2169 483 AllClilEP.
2213 422 2523 480 MOGUNT.
2567 418 2849 480 OPERUM
2888 422 3069 479 PARS
3106 421 3147 476 1.

3614 414 3819 473 ’.³548

538 547 915 610 suavissimam
944 543 1398 616 comprobantur;
1433 543 1715 599 harmonia
1746 542 1892 598 enim
1931 550 2017 597 est
2044 539 2125 595 di-
2151 540 2204 601 Α
2228 552 2452 592 munera
2496 537 2932 606 praestabantur;
2977 536 3069 591 sed
3114 543 3173 591 ut
3220 534 3285 590 de
3326 533 3584 605 plurimis
3643 547 3819 603 pauca

537 652 818 699 versarum
841 651 1025 693 rerum
1052 636 1106 692 in
1134 650 1296 691 unam
1324 634 1759 691 convenientiam
1788 633 2007 689 redacta
2036 647 2121 687 co-

537 733 760 809 pulatio.
805 731 938 801 Quae
967 739 1023 788 et
1065 731 1122 787 in
1149 745 1281 786 voce
1323 729 1561 785 humana
1586 735 1818 799 constat
1849 724 2117 788 accidere,

537 824 752 898 quando
779 830 836 880 et
880 831 1123 894 tempora
1164 823 1281 894 ipsa
1325 832 1379 877 et
1421 821 1639 893 syllaba:
1680 820 1748 875 ad
1776 835 1941 875 unam
1970 817 2122 873 vocis

536 913 884 973 concordiam
913 913 1299 985 perducuntur.
1325 911 1581 985 Cymbala
1613 927 1741 984 ergo
1771 921 1957 967 nostra
1995 917 2121 965 sunt

535 1005 683 1061 labia
721 1018 980 1077 percussa
1012 1004 1080 1059 ad
1114 1019 1305 1059 sonum
1334 1003 1486 1059 vocis
1528 1002 1935 1059 distiuctissime
1981 1010 2120 1056 tem-

532 1104 742 1169 perata,
775 1112 894 1168 quae
918 1104 1049 1152 tunc
1083 1095 1397 1151 salutariter
1422 1104 1639 1162 sonant,
1667 1093 1883 1165 quando
1912 1093 1981 1147 ad
2006 1091 2121 1147 lau-

535 1190 633 1248 des
685 1189 898 1247 Domini
968 1187 1314 1245 devotissim‘e
1380 1194 1809 1243 commoventur.
1861 1183 2121 1257 Cymbala

536 1294 752 1351 quoque
799 1275 937 1335 bene
982 1276 1201 1333 inventa
1249 1285 1377 1332 sunt
1424 1291 1491 1331 ex
1538 1275 1814 1346 permistis
1866 1272 2117 1339 metallis,

533 1368 870 1441 parvissimae
900 1369 1095 1440 phialae
1125 1366 1460 1441 compositae,
1489 1366 1791 1423 ventricula
1835 1382 1929 1421 sua
1962 1365 2018 1420 in
2044 1365 2123 1419 la-

536 1459 739 1516 teribus
771 1460 1054 1527 habentes,
1098 1474 1218 1531 quae
1264 1460 1557 1515 artificiosa
1603 1458 1975 1514 modulatione
2012 1456 2123 1513 col-

531 1550 670 1619 lisa,
718 1553 1091 1610 acutissimum
1136 1570 1327 1610 sonum
1374 1552 1678 1610 delectabili
1730 1553 2122 1609 consonationc

536 1643 787 1700 reddunt.
817 1644 972 1702 Unde
996 1645 1242 1715 sequitur
1269 1663 1283 1700 :

611 1731 778 1789 Porro
815 1745 1053 1790 cantores
1087 1734 1313 1803 Heman,
1354 1735 1532 1809 Asaph
1578 1747 1626 1791 et
1665 1736 1842 1792 Ethan
1882 1736 1937 1791 in
1981 1754 2124 1808 cym-

536 1824 668 1881 balis
704 1826 860 1881 teneis
902 1838 1289 1898 concrepantes.
1316 1825 1608 1884 Zacharias
1637 1840 1831 1894 autem,
1870 1839 1919 1883 et
1949 1828 2120 1895 Oziel,

2223 628 2571 700 complectar,
2615 637 2736 684 acta
2778 637 2861 684 cst
2888 644 2986 699 per
3027 627 3366 699 operationes
3398 626 3727 686 hominum,
3768 636 3820 679 ut

2223 718 2324 773 i'uit
2368 733 2495 774 arca
2540 717 2651 774 Noe
2699 716 2849 790 (Gen.
2882 734 2989 786 vn;
3026 716 3057 771 1
3099 716 3242 772 Petr.
3289 716 3366 789 v),
3393 723 3448 771 et
3475 714 3817 771 sacriﬁcium

2221 808 2452 865 Abrahae
2478 807 2629 881 (Gen.
2653 806 2768 880 xv),
2810 816 2866 864 et
2904 809 3161 865 transitus
3190 809 3358 863 maris
3396 807 3575 863 Rubri
3614 806 3815 879 (Exod.

2223 899 2358 971 xrv).
2390 898 2493 955 Per
2528 900 2837 956 nativitates
2862 915 3077 972 quoque
3102 901 3438 970 geminorum
3466 899 3619 956 Esau
3653 906 3713 954 et
3736 897 3819 954 Ja-

2222 996 2353 1063 cob,
2400 996 2491 1065 qui
2537 993 2838 1067 futurarum
2886 1010 3069 1051 rerum
3124 982 3465 1052 sacramenta
3528 992 3817 1065 gestabant

2223 1085 2433 1160 (Cenes.
2468 1088 2615 1160 xxv).
2642 1082 2747 1142 Per
2789 1086 3008 1160 angelos
3036 1087 3175 1143 sicut
3204 1086 3370 1144 locuti
3419 1092 3556 1142 sunt
3583 1084 3817 1140 Abrahz

2222 1186 2277 1235 et
2309 1177 2428 1247 Lot,
2457 1179 2734 1235 Zachariae
2758 1189 2812 1235 et
2842 1178 3021 1236 Mariae
3051 1178 3202 1252 (Gen.
3228 1195 3359 1235 xvin
3377 1221 3392 1246 ,
3428 1194 3565 1244 nx;
3596 1175 3735 1230 Luc.
3760 1176 3816 1245 ι).

2221 1271 2326 1326 Per
2350 1271 2602 1335 visiones,
2630 1271 2771 1327 sicut
2794 1270 2948 1327 lsaiae
2971 1280 3026 1326 et
3053 1269 3340 1337 Ezechieli,
3368 1278 3425 1325 et
3453 1268 3684 1325 caeteris
3714 1281 3819 1322 san-

2222 1345 2486 1434 ctis.(lsa.
2514 1379 2565 1429 ι,
2592 1378 2698 1428 vn;
2727 1360 2922 1416 Ezech.
2952 1377 2992 1430 1,
3024 1360 3103 1434 χ).
3133 1361 3237 1416 Per
3280 1360 3515 1424 somnia,
3551 1358 3704 1412 sicut
3731 1354 3819 1411 Sa-

2222 1455 2398 1511 lomon
2426 1461 2481 1510 et
2512 1452 2700 1510 Daniel
2729 1452 2847 1527 (ΙΙΙ
2883 1453 3006 1525 Reg.
3033 1470 3123 1520 iii;
3156 1452 3295 1507 Dan.
3322 1450 3443 1524 v11).
3479 1444 3593 1504 Per
3625 1448 3820 1503 nubem

2221 1556 2277 1603 et
2304 1560 2491 1602 vocem
2525 1547 2591 1601 de
2621 1544 2779 1612 coelo,
2811 1546 2951 1601 sicut
2997 1544 3189 1617 Moysi.
3220 1543 3373 1601 Unde
3416 1548 3650 1598 constat
3701 1552 3820 1595 san-

2224 1647 2368 1696 ctum
2398 1638 2569 1694 David
2596 1654 2706 1694 non
2733 1654 2833 1709 per
2857 1638 3200 1709 operationes
3226 1636 3540 1701 hominum,
3576 1649 3695 1689 non
3733 1648 3821 1703 per

2222 1735 2531 1789 nativitates
2577 1734 2933 1806 geminorum,
2983 1748 3090 1788 non
3136 1744 3233 1803 per
3282 1730 3533 1802 angelos,
3574 1742 3689 1782 non
3735 1740 3822 1796 ﬁt

2222 1827 2482 1893 visiones,
2513 1841 2621 1882 non
2658 1840 2755 1896 per
2784 1825 3054 1882 somnium
3072 1867 3087 1892 ,
3134 1840 3241 1880 non
3270 1839 3367 1895 per
3405 1824 3626 1879 nubem
3655 1828 3713 1876 et
3738 1836 3820 1875 vo-

535 1925 583 1969 et
625 1913 995 1983 Semiramoth,
1041 1927 1089 1972 et
1125 1917 1319 1986 Jahiel,
1354 1930 1401 1973 et
1450 1919 1572 1986 Ani,
1597 1929 1643 1973 et
1680 1918 1854 1985 Eliab,
1892 1928 1938 1973 et
1969 1918 2123 1974 Maa-
2150 1921 2197 1982 B
2226 1931 2345 1972 cem
2376 1917 2442 1970 de
2472 1916 2631 1981 etelo,
2664 1930 2766 1970 nec
2793 1932 2889 1987 per
2916 1915 3049 1971 alios
3078 1928 3432 1986 quoscunque
3480 1912 3712 1977 modos,
3740 1909 3817 1965 sed

535 2008 664 2075 sias,
693 2020 740 2062 et
766 2007 1023 2077 Banaias,
1052 2011 1108 2064 in
1139 2010 1308 2066 nablis
1338 2029 1533 2067 arcana
1569 2014 1867 2067 cantabant.
1905 2013 2118 2067 Arcana

536 2098 681 2153 dicta
720 2107 846 2154 sunt
873 2101 1103 2156 occulta.
1135 2100 1270 2157 Cum
1296 2104 1439 2158 enim
1469 2104 1522 2158 in
1551 2105 1799 2160 manibus
1829 2104 1941 2160 suis
1976 2122 2120 2160 sum-

532 2187 768 2257 psissent
801 2206 1024 2261 organa,
1064 2207 1164 2262 per
1212 2193 1502 2249 adventura
1555 2195 1790 2266 Spiritus
1830 2196 2003 2251 sancti
2044 2194 2122 2249 fu—

533 2280 654 2334 tura
680 2295 878 2336 arcana
906 2291 1131 2337 cantare
1161 2291 1218 2337 ut
1258 2284 1311 2338 in
1352 2286 1607 2354 psalterio
1630 2286 1967 2341 Psalmorum
1995 2302 2121 2341 con-

533 2369 762 2426 ciuendo
801 2372 1014 2427 Domini
1043 2380 1098 2428 ct
1145 2372 1442 2431 Salvatoris
1482 2377 1771 2433 adventum
1802 2376 2116 2448 praedicare,

533 2464 697 2528 Quem
723 2460 1019 2516 divinitatis
1045 2477 1155 2517 suae
1184 2462 1422 2518 mirabili
1459 2473 1674 2520 secreto
1711 2480 1811 2535 pro
1841 2465 2122 2520 hominum

534 2547 708 2603 salute
737 2550 1020 2620 disposuit.
1051 2550 1221 2620 Hujus
1251 2554 1399 2607 verbi
1430 2556 1634 2611 mentio
1660 2555 1714 2609 in
1744 2555 1899 2611 titulo
1927 2555 2121 2627 psalmi

533 2640 933 2712 quadragesimi
956 2643 1133 2714 quinti
1158 2646 1335 2716 posita
1362 2652 1465 2702 est.

604 2726 777 2785 Porro
806 2729 1134 2790 Mathathias
1162 2744 1209 2790 et
1239 2736 1489 2808 Eliphalu
1517 2748 1565 2794 et
1595 2737 1867 2795 Macenias
1897 2749 1946 2795 et
1987 2738 2121 2795 Obe-

531 2820 722 2877 dedom
754 2831 802 2878 et
835 2823 1004 2880 Jehiel
1030 2835 1077 2882 et
1110 2826 1313 2883 Ozaziu
1339 2831 1395 2884 in
1425 2831 1639 2886 citharis
1682 2850 1775 2902 pro
1813 2844 1993 2888 octava
2034 2851 2122 2887 ca-

531 2911 742 2968 nebant.
787 2912 894 2970 Pro
940 2924 1132 2973 octava
1175 2932 1307 2975 vero
1338 2919 1417 2992 (ut
1445 2922 1668 2993 quidam
1711 2924 1916 2996 volunt)
1951 2924 2119 2995 signi-

532 3001 661 3058 llcat
687 3004 743 3059 ih
787 3005 875 3062 die
896 3006 1085 3078 judicii
1112 3011 1401 3067 adventum
1431 3013 1668 3080 Domini,
1700 3016 1934 3086 quando,
1970 3016 2120 3072 ﬁnita

531 3094 713 3152 sinculi
742 3096 1099 3169 hebdomada,
1129 3101 1196 3157 ad
1225 3103 1577 3174 judicandum
1603 3108 1815 3163 venerit
1836 3108 2114 3163 mundum.

530 3182 688 3243 Unde
715 3197 904 3245 sextus
930 3188 1195 3260 Psaimus,
1223 3195 1315 3263 qui
1360 3196 1416 3249 in
1448 3203 1685 3253 tremore
1733 3196 1903 3253 divini
1929 3197 2117 3267 iudicii

2224 2008 2437 2063 caelesti
2464 2007 2794 2079 aspiratione
2826 2006 2994 2061 fuisse
3038 2005 3384 2076 completum.
3421 2002 3592 2059 Sicut
3622 2002 3692 2057 de
3720 2000 3819 2070 ipso

2220 2097 2419 2168 legitur
2454 2097 2508 2151 in
2553 2097 2731 2167 primo
2768 2096 2976 2168 Regum
3002 2096 3315 2152 volumine:
3349 2093 3416 2148 Et
3466 2095 3717 2147 directus
3756 2100 3817 2145 est

2226 2189 2455 2261 Spiritus
2485 2189 2697 2245 Domini
2741 2190 2795 2244 in
2842 2189 3011 2244 David
3041 2206 3074 2244 a
3110 2189 3194 2243 die
3224 2188 3350 2253 illa,
3394 2196 3445 2241 et
3480 2188 3739 2254 deinceps
3776 2182 3817 2254 (Ι

2224 2279 2350 2351 Reg.
2384 2282 2515 2351 xvr).
2548 2282 2667 2352 ipse
2698 2297 2911 2353 quoque
2940 2281 3201 2336 Dominus
3231 2281 3285 2335 in
3314 2279 3629 2351 Evangelio
3658 2277 3814 2333 dicit:
3862 2304 3867 2307 >

2226 2371 2287 2428 Si
2321 2373 2489 2427 David
2519 2375 2572 2428 in
2608 2373 2795 2445 spiritu
2833 2382 2983 2429 uocat
3023 2390 3142 2428 eum
3194 2370 3510 2433 Dominum,
3562 2368 3817 2442 quomoda

2224 2463 2397 2518 dicitis
2446 2465 2585 2535 quod
2637 2465 2779 2534 ﬁlius
2807 2476 2883 2521 est
2929 2464 3145 2539 (Matth.
3190 2464 3362 2535 uti)?
3389 2463 3513 2531 Quo
3551 2464 3714 2518 dicto
3742 2477 3818 2517 re-

2224 2560 2600 2630 cognoscimus
2634 2562 2935 2627 evidenter,
2976 2577 3075 2630 per
3103 2568 3351 2616 sanctum
3380 2558 3666 2631 Spiritum
3694 2557 3820 2629 psal-

2223 2660 2343 2707 mos
2392 2650 2559 2708 fuisse
2593 2653 2963 2724 prophetatos.
3014 2651 3306 2709 Sciendum
3356 2660 3441 2708 est
3489 2667 3635 2707 sane
3685 2650 3817 2722 quod

2223 2743 2401 2797 omnis
2428 2743 2711 2813 prophetia
2751 2751 2845 2798 aut
2872 2744 2938 2799 de
2973 2744 3272 2815 praeterito,
3304 2749 3399 2797 aut
3433 2740 3505 2797 de
3534 2740 3817 2813 praesenti,

2223 2840 2317 2887 aut
2353 2835 2419 2889 de
2466 2833 2648 2890 futuro
2690 2843 2931 2904 tempore
2976 2832 3373 2905 loquatur,‘aut
3417 2840 3549 2905 agat
3593 2831 3814 2903 aliquid.

2222 2920 2319 2980 Est
2366 2933 2544 2981 autem
2593 2927 2873 2997 prophetia
2924 2927 3269 2999 magnificum
3301 2925 3466 2983 nimis
3515 2932 3574 2981 et
3623 2922 3815 2980 verib-

2223 3016 2408 3087 quium
2456 3018 2667 3074 dicendi
2714 3032 2901 3090 genus.
2937 3017 3063 3074 Non
3098 3018 3333 3073 humana
3386 3016 3668 3073 uoluntate
3711 3012 3813 3072 ccl-

2223 3107 2331 3164 lata
2372 3118 2447 3165 est
2492 3108 2777 3182 aliquando
2807 3112 3102 3182 prophetia,
3128 3111 3218 3166 sed
3261 3108 3461 3182 Spiritu
3506 3120 3701 3167 saneto
3738 3112 3813 3163 is-

2222 3202 2408 3273 spirati
2453 3202 2615 3258 locuti
2661 3212 2781 3258 sunt
2818 3205 2988 3259 sancti
3038 3202 3137 3258 Dei
3182 3202 3416 3258 homines
3449 3200 3545 3275 (II
3578 3201 3809 3271 Pani).

528 3280 675 3335 totus
710 3286 979 3350 cantatur,
1011 3283 1105 3339 tali
1152 3285 1305 3340 titulo
1334 3295 1683 3357 praenotatur.
1716 3288 1853 3343 Nam
1901 3296 1956 3344 et
1998 3290 2113 3359 ipse
2141 3278 2188 3350 C
2216 3294 2354 3351 Nam
2395 3302 2447 3352 et
2483 3296 2678 3353 Paulus
2719 3297 2996 3368 apostolus
3025 3298 3136 3353 ait:
3172 3297 3278 3364 Qui
3312 3295 3621 3367 prophetat,
3656 3296 3808 3350 homi-

526 3378 787 3428 numerus
825 3372 1084 3445 ogdoadis
1110 3376 1165 3431 in
1207 3375 1503 3448 Scripturis
1553 3380 1749 3436 divinis
1794 3394 2116 3453 magnarum

528 3474 713 3518 rerum
757 3475 1098 3531 sacramenta
1133 3470 1411 3525 continere
1461 3471 1816 3542 dignoscitur.
1851 3473 1987 3531 Octo
2036 3482 2116 3531 et-

526 3552 675 3609 enim
722 3556 916 3613 animae
964 3558 1225 3632 ingressae
1272 3571 1396 3619 sunt
1449 3563 1506 3619 in
1554 3579 1737 3622 arcam
1789 3565 1920 3633 Noe,
1972 3583 2113 3639 qum,

529 3645 733 3701 mundo
772 3657 1055 3717 pereunte,
1102 3651 1321 3708 salvatae
1368 3662 1492 3710 sunt
1531 3653 1682 3728 (Gen.
1713 3658 1834 3730 vn).
1879 3658 2115 3715 Octavus

528 3730 672 3790 illius
711 3734 863 3793 Jesse
889 3737 1058 3796 David
1088 3740 1207 3809 fuit,
1237 3759 1398 3814 quem
1432 3760 1463 3801 a
1493 3747 1720 3804 Domino
1750 3756 1962 3805 constat
2008 3750 2117 3806 ele-

528 3831 676 3913 ctum
702 3825 754 3899 (Ι
779 3824 905 3900 Reg.
926 3830 1063 3903 xvn).
1090 3831 1294 3891 Octavo
1331 3836 1492 3892 etiam
1522 3838 1608 3894 die
1647 3839 1994 3897 circumcisio
2023 3857 2118 3913 pu-

527 3912 775 3972 riﬁcahat
800 3916 1055 3978 Hebraeos
1099 3921 1251 3995 (Gen.
1279 3927 1435 3999 xvn).
1464 3928 1667 3985 Octavo
1702 3930 1891 3987 itidem
1933 3912 2117 3987 Domi-

528 4005 652 4097 nico
670 4005 757 4064 die
776 4007 1036 4069 Dominus
1054 4019 1352 4073 resurrexit
1371 4034 1399 4073 a
1424 4021 1651 4076 mortuis
1667 4021 1879 4093 (Matth.
1895 4024 2112 4097 xxviii),

530 4093 588 4151 in
612 4112 721 4167 quo
747 4099 969 4158 humani
1012 4108 1226 4177 generis
1256 4120 1379 4180 spes
1407 4112 1474 4167 ab
1506 4112 1794 4182 impiorum
1820 4114 2034 4172 inferno
2058 4093 2115 4172 in

530 4190 790 4249 castorum
817 4204 899 4252 est
939 4197 1144 4256 elevata
1178 4202 1473 4278 fastigium.
1503 4205 1610 4261 iste
1645 4215 1826 4263 autem
1855 4224 2115 4268 numerus

529 4290 633 4350 est,
656 4298 817 4355 quem
843 4289 1170 4350 arithmetici
1195 4306 1317 4351 actu
1338 4298 1565 4368 primum
1589 4302 1913 4370 quadrante!
1937 4304 2116 4375 appel-

530 4375 659 4472 lant,
692 4394 852 4463 quem
883 4380 1095 4444 Siolaus
1116 4388 1507 4464 Pythagoricus
1532 4394 1873 4455 harmoniam
1901 4416 2116 4472 geome-

533 4470 721 4527 tricam
754 4485 929 4544 vocat,
956 4494 1021 4536 eo
1047 4483 1192 4552 quod
1216 4498 1404 4543 omnes
1431 4487 1485 4542 in
1516 4488 1634 4559 ipso
1661 4470 1948 4548 videantur
1987 4495 2114 4550 har-

528 4563 756 4621 mtmicae
779 4571 1067 4627 convenire
1097 4575 1354 4631 rationes.

2223 3391 2373 3445 nibus
2434 3390 2667 3463 loquitur
2705 3391 2777 3445 ad
2828 3391 3231 3462 wdiﬁcationem
3278 3399 3328 3446 et
3393 3392 3809 3446 exhortationem

2219 3493 2268 3539 et
2306 3483 2714 3540 consolationem
2765 3483 2816 3557 (Ι
2848 3484 2968 3540 Cor.
2996 3486 3128 3559 XIV).
3181 3485 3250 3540 Et
3297 3485 3459 3556 paulo
3509 3493 3677 3556 post:
3715 3482 3809 3550 Qui

2217 3579 2489 3650 praphctat
2536 3574 2825 3635 Ecclesium
2878 3577 3019 3652 (Dei)
3069 3579 3329 3649 (ediﬁcat,
3360 3578 3548 3650 plane,
3596 3579 3808 3651 quando

2220 3685 2308 3727 res
2346 3671 2665 3743 incognitas,
2699 3671 2965 3744 nimisque
3008 3671 3347 3729 necessarias
3373 3687 3485 3741 prae
3517 3670 3807 3727 locutionis

2216 3762 2482 3820 beneﬁcio
2524 3762 2653 3818 facit
2683 3778 2802 3820 esse
2831 3763 3158 3821 notissimas.
3194 3762 3330 3819 Nam
3367 3772 3423 3819 et
3453 3764 3660 3835 quibus
3694 3766 3807 3820 data

2218 3863 2301 3912 est
2360 3856 2501 3912 bene
2565 3857 2896 3930 intelligendi
2962 3857 3224 3924 facultas,
3273 3857 3358 3913 vel
3413 3857 3810 3930 interpretandi

2217 3949 2529 4021 Scripturas
2577 3951 2806 4019 divinas,
2852 3968 2882 4007 a
2936 3968 3160 4009 munere
3216 3952 3517 4024 prophetiae
3575 3968 3688 4007 non
3736 3952 3809 4005 vi-

2217 4034 2414 4097 dentur
2455 4042 2694 4115 excepti,
2733 4044 2872 4101 sicut
2915 4043 3203 4115 Apostolus
3246 4045 3321 4101 ait
3361 4045 3414 4100 in
3462 4045 3715 4115 Epistoia
3751 4046 3809 4101 ad

2216 4120 2527 4187 Corinthios
2573 4134 2747 4204 prima
2782 4153 2794 4188 :
2828 4132 3054 4207 Spiritus
3104 4134 3367 4207 prophetis
3417 4134 3693 4206 subjectus
3734 4146 3799 4191 est

2217 4218 2271 4293 (Ι
2300 4218 2421 4277 Cor.
2443 4222 2575 4295 xw).

2293 4310 2457 4368 Porro
2488 4313 2737 4369 Sebenias
2761 4324 2809 4370 et
2838 4314 3097 4387 Josaphat
3120 4325 3168 4372 et
3211 4314 3482 4373 Natanael
3502 4328 3557 4374 et
3589 4318 3803 4375 Antam“

2214 4410 2262 4458 et
2292 4400 2582 4460 Zacharias
2622 4415 2669 4461 et
2711 4405 2945 4462 Banaias
3002 4416 3050 4463 et
3095 4408 3301 4464 Eliezer
3332 4410 3641 4467 sacerdotes
3667 4412 3804 4468 elati-

2211 4493 2401 4565 gebant
2448 4494 2584 4551 tubis
2632 4508 2809 4552 coram
2841 4510 2967 4554 arca
3003 4499 3235 4556 Domini.
3268 4498 3415 4570 Quid
3446 4516 3547 4574 per
3578 4498 3685 4560 hos
3724 4514 3801 4561 se-

2211 4591 2360 4653 ptem
2408 4588 2736 4653 sacerdotes,
2780 4591 2872 4659 qui
2920 4590 3060 4646 tubis
3090 4602 3272 4648 coram
3304 4588 3415 4650 Deo
3458 4594 3798 4669 clangebat,

599 4653 893 4715 Chonenias
944 4666 1119 4754 autem
1186 4664 1422 4741 princeps
1483 4667 1784 4728 Levitarum
1831 4679 2115 4749 prophetia:

2219 4671 2326 4728 nisi
2361 4675 2743 4743 praedicatores
2771 4653 2943 4735 sancti
2994 4680 3321 4752 septiformis
3366 4653 3620 4754 Spiritus:

526 4756 771 4845 pra-erat,
797 4760 846 4845 et
883 4753 954 4807 ad
995 4757 1380 4825 prtecinendam
1418 4762 1730 4832 melodiam;
1769 4777 1883 4824 erat
1924 4773 2113 4845 quippe

527 4839 678 4897 ualde
711 4844 941 4914 sapiens,
968 4853 1074 4900 etc.
1108 4846 1415 4907 Chonenias
1438 4839 1959 4930 diciturprophetiae
1982 4839 2115 4935 prae-

526 4934 1186 5027 essead‘praecinendam
1233 4943 1553 5015 melodiam,
1585 4952 1710 5020 quia
1759 4952 1874 5025 ipse
1916 4956 2111 5027 spiritu

525 5020 823 5115 prophetia:
838 5024 1136 5084 instructus
1156 5030 1442 5090 melodian
1456 5045 1512 5093 et
1532 5040 1693 5115 verba
1713 5020 2028 5102 cantoribus
2043 5048 2110 5103 ad

525 5112 845 5169 memoriam
865 5119 1172 5175 revocabat.
1195 5120 1485 5195 Prophetia
1513 5138 1595 5186 est
1619 5112 1878 5204 aspiratio
1902 5138 2105 5208 divina,

527 5214 650 5273 qua:
670 5212 900 5299 eventus
928 5222 1114 5299 rerum
1138 5223 1232 5269 aut
1259 5226 1356 5285 per
1388 5217 1533 5276 facta
1560 5230 1653 5278 aut
1677 5239 1776 5295 per
1802 5227 1944 5282 dicta
1977 5243 2110 5299 quo-

528 5292 775 5387 rumdam
805 5295 1065 5387 immobiii
1100 5304 1324 5362 veritate
1349 5292 1694 5380 pronuntiat:
1715 5315 1793 5371 De
1817 5328 1925 5387 qua
1970 5292 2111 5378 bene

527 5383 746 5477 quidam
791 5385 927 5446 dixit
963 5409 978 5449 :
1022 5408 1041 5447 ι
1069 5390 1358 5467 Prophetia
1397 5409 1481 5459 est
1509 5406 1691 5463 suavis
1719 5383 1909 5477 dictio,
1939 5412 2108 5469 etaia-

526 5474 628 5532 stis
669 5478 927 5539 doctrinae
972 5483 1147 5555 favus,
1194 5500 1250 5548 et
1280 5494 1457 5549 dulcia
1501 5494 1669 5553 divini
1705 5474 1905 5572 eloquii
1949 5498 2110 5563 mella

525 5578 875 5640 componens.
897 5593 917 5628 ι
946 5576 1098 5636 Unde
1126 5591 1182 5638 et
1224 5583 1340 5654 ipse
1370 5586 1540 5643 David
1576 5588 1631 5643 in
1678 5594 1976 5650 centesimo
2018 5610 2109 5651 oc-

524 5664 653 5716 tavo
696 5662 905 5725 decimo
950 5666 1165 5730 Pssimo
1207 5674 1386 5730 dicit:
1427 5674 1598 5742 Quam
1641 5679 1818 5737 dulcia
1864 5684 2107 5754 faucibus

523 5759 656 5814 Ms
688 5760 897 5835 eloquia
939 5773 1063 5835 tua,
1113 5767 1354 5838 Domine,
1396 5784 1554 5844 super
1600 5776 1702 5832 mel
1730 5788 1780 5832 et
1810 5778 1985 5848 favum
2028 5783 2107 5837 ori

518 5854 640 5909 νιεο
665 5848 836 5928 (Paul.
858 5860 1082 5934 cxvm)!
1114 5860 1294 5922 Multis
1322 5872 1501 5924 autem
1531 5871 1704 5928 modis
1730 5870 1916 5945 gratiae
1946 5875 2102 5933 istius

2218 4763 2392 4833 gratia
2422 4764 2613 4835 repleti
2659 4768 3044 4839 designantur?
3072 4772 3173 4840 Qui
3203 4775 3361 4845 quasi
3392 4776 3527 4833 tuba
3574 4784 3798 4847 canunt,

2218 4866 2341 4911 cum
2377 4854 2724 4930 Evangelium
2754 4860 2848 4917 Dei
2878 4863 2937 4918 in
2977 4862 3219 4924 Ecclesia
3248 4864 3453 4925 Christi
3477 4866 3797 4940 pradicant,

2215 4949 2273 4998 et
2325 4954 2725 5003 sacramentum
2769 4949 3157 5010 incarnationis
3204 4956 3503 5013 Dominicze’
3552 4956 3800 5018 ﬁdelibus

2213 5038 2525 5131 auctoribus
2559 5040 2927 5101 manifestam.
2957 5045 3107 5105 Tuba
3136 5048 3321 5121 itaque
3348 5048 3587 5112 diversis
3617 5052 3799 5131 om

2212 5142 2277 5185 ac
2316 5128 2506 5188 formis
2547 5134 2816 5193 edicitur:
2849 5138 3006 5195 aliter
3038 5140 3184 5198 enim
3210 5148 3293 5200 est
3322 5141 3466 5201 faeta
3512 5146 3645 5205 urbs
3664 5128 3795 5206 coo-

2212 5227 2539 5297 gregationis
2604 5230 2814 5302 populi,
2862 5231 3021 5291 aliter
3074 5235 3348 5305 victoriae,
3395 5239 3559 5297 aliter
3608 5252 3791 5314 perse-

2212 5319 2410 5389 quendi
2455 5320 2721 5392 inimicos,
2769 5324 2928 5382 aliter
2977 5327 3338 5388 conclusionis
3382 5332 3700 5403 civitatum,
3744 5346 3792 5393 et

2208 5410 2438 5483 reliqua.
2471 5410 2620 5471 Tuba
2666 5425 2847 5473 autem
2895 5422 3368 5480 consuetudinaria
3417 5429 3563 5498 apud
3612 5442 3789 5487 rerum

2212 5505 2569 5587 peritissimos
2614 5508 2717 5565 hoc
2753 5512 2913 5567 modo
2960 5512 3242 5571 formanda
3282 5530 3409 5574 esse
3440 5519 3787 5585 describitur,

2210 5604 2271 5650 ut
2317 5597 2491 5655 tribus
2528 5599 2724 5657 ﬁstulis
2770 5604 2925 5660 aereis
2968 5604 3023 5660 in
3068 5607 3245 5679 capite
3285 5618 3517 5680 angusto
3558 5610 3785 5684 inaure-

2208 5690 2327 5754 tur;
2371 5690 2557 5761 sicque
2592 5706 2691 5761 per
2715 5702 2950 5763 quatuor
2994 5696 3307 5754 vocidnctus
3337 5708 3529 5764 areas,
3565 5703 3661 5773 qui
3696 5716 3788 5773 per

2209 5792 2408 5839 aereum
2458 5784 2863 5843 fundamentum
2912 5799 3207 5862 quaternas
3250 5806 3412 5851 voces
3455 5797 3785 5867 producunt,

2206 5878 2473 5951 mugitum
2517 5880 2744 5941 nimium
2791 5884 3435 5961 vehementissimuqu
3490 5888 3779 5965 proferunt.
