3958 6464
154 382 259 439 549

1093 387 1443 446 COMMENT.
1486 391 1555 447 IN
1589 390 2143 450 PARALIPOMENA.
2184 425 2254 436 —
2289 395 2417 453 LIB.
2457 397 2545 460 IL.

3310 399 3415 457 350

153 498 305 568 Quod
352 498 648 571 ﬁguraliter
697 500 969 573 designat,
1003 502 1352 576 Evangelium
1395 515 1549 563 terna
1592 523 1725 564 con-
1750 508 1806 571 Α
1898 505 2138 563 Primum
2165 505 2362 563 librum
2406 512 2920 573 commentariorum
2963 511 3019 566 in
3053 511 3417 583 Paralipome-

153 592 389 649 fossione
426 591 586 648 trium
618 608 970 664 personarum
1001 605 1200 652 sanctae
1231 595 1511 654 Trinitatis
1538 598 1591 652 in
1631 613 1727 653 ca-

154 685 263 756 pite
290 691 540 757 angusto,
574 683 628 740 in
665 686 942 743 nativitate
966 686 1168 745 Christi
1211 690 1464 747 divinitus
1504 691 1729 762 inspira-

154 785 303 843 tum,
351 790 454 846 per
499 783 732 846 quatuor
786 778 1098 835 vociductus
1149 794 1335 845 aereos,
1379 780 1434 836 id
1478 790 1591 849 est,
1631 795 1730 852 per

154 874 386 941 quatuor
436 867 795 940 evangelistas
843 870 977 926 aenei
1030 868 1362 927 fundamenti
1410 871 1722 939 stabilitate,

156 961 361 1019 scilicet
403 958 531 1018 ﬁdei
558 970 613 1018 et
650 977 875 1032 operum
918 963 972 1018 in
1019 971 1130 1021 toto
1156 966 1289 1021 orbe
1332 981 1519 1022 vocem
1562 966 1729 1022 nimio

155 1053 390 1110 clamore
407 1054 565 1125 quasi
587 1054 644 1111 in
663 1055 880 1112 modum
901 1057 1042 1114 tuba:
1065 1058 1498 1130 congregationis
1518 1056 1730 1115 fortiter

157 1145 422 1203 emittere.

1832 613 1939 653 non
1968 616 1998 652 a
2025 599 2201 670 capite
2247 598 2531 654 voluminis
2577 614 2744 669 usque
2787 599 2854 654 ad
2902 598 3051 656 illum
3099 599 3275 656 locum
3320 600 3412 657 ubi

1832 698 2086 746 narratur
2114 691 2180 747 de
2214 688 2591 747 instrumentis
2620 691 2861 758 musicis,
2895 709 3014 763 qua:
3051 691 3222 749 David
3255 693 3416 749 simul

1833 800 1930 840 rex
1956 793 2010 841 et
2048 785 2310 856 propheta
2339 786 2405 839 ad
2433 783 2761 839 laudandum
2805 784 3094 841 Dominum
3124 786 3415 854 ordinavit,

1831 876 2203 948 perduximus,
2231 876 2321 931 ubi
2359 876 2518 931 linem
2554 875 2696 930 illius
2725 884 3011 945 ponentes,
3042 885 3259 945 caetera,
3296 892 3417 949 qua!

1837 979 2155 1039 sequuntur,
2185 969 2251 1025 de
2276 969 2446 1040 ipsius
2476 968 2646 1025 David
2674 968 2839 1040 gestis
2866 978 2920 1024 et
2948 970 3420 1028 distributionibus

1836 1057 1951 1130 ejus
1976 1061 2221 1133 mysticis
2250 1059 2355 1117 alio
2378 1060 2598 1116 exordio
2629 1060 2966 1118 inchoemus.

1298 1402 1600 1483 LIBER
1675 1398 2234 1483 SECUNDUS.

218 1641 398 1715 (1311).)
442 1641 618 1715 Igitur
641 1644 813 1700 David
838 1653 885 1700 et
925 1662 1101 1702 omnes
1134 1648 1363 1719 majores
1395 1659 1525 1704 natu
1561 1648 1732 1706 Israel

152 1744 196 1792 et
216 1735 425 1791 tribuni
455 1736 630 1791 ierunt
658 1737 727 1791 ad
753 1738 1134 1811 deportandum
1156 1756 1338 1795 arcam
1378 1740 1586 1810 [aderis
1622 1742 1732 1797 Do-

1838 1657 1928 1703 cat
1950 1646 2093 1718 quod
2123 1656 2179 1702 et
2206 1645 2322 1715 ipse
2356 1643 2527 1700 David
2564 1643 2841 1700 accinctus
2880 1649 3001 1699 erat
3038 1621 3216 1713 ephod
3252 1641 3415 1698 lineo.

1834 1739 1974 1795 Nam
1998 1739 2189 1803 linum,
2216 1737 2362 1808 quod
2390 1738 2457 1793 de
2482 1745 2630 1793 terra
2657 1743 3005 1807 procreatum
3027 1735 3312 1806 multiplici
3338 1735 3418 1791 ia-

152 1828 275 1883 mini
299 1826 363 1922 de
393 1826 557 1922 domo
589 1825 887 1922 Obededom
915 1827 1035 1883 cum
1056 1828 1241 1884 latitia
1264 1847 1475 1902 magna.
1498 1828 1733 1901 Cumque
1759 1856 1810 1922 Β
1836 1832 1969 1887 bare
1999 1832 2068 1886 ad
2094 1830 2383 1885 candorem
2411 1829 2580 1885 vestis
2604 1829 2854 1900 pervenit
2870 1868 2886 1895 ,
2915 1829 3199 1885 veritatem
3228 1829 3420 1883 huma-

152 1918 443 1989 adjuvisset
469 1917 730 1975 Dominus
759 1918 987 1987 Levites,
1012 1922 1101 1991 qui
1126 1920 1405 1992 portabant
1432 1939 1614 1977 arcam
1641 1925 1737 1993 fte-

152 2010 286 2064 dsris
310 2008 563 2075 Domini,
593 2010 1005 2067 immolabantur
1033 2022 1229 2083 septem
1268 2014 1442 2078 tauri,
1472 2023 1521 2068 et
1543 2024 1737 2084 septem

151 2099 355 2154 arietes.
384 2096 565 2153 Porro
584 2099 755 2154 David
772 2110 886 2156 erat
907 2103 1122 2157 indutus
1143 2102 1279 2157 stola
1294 2103 1522 2173 byssina,
1547 2114 1595 2158 et
1621 2106 1737 2160 uni-

152 2190 279 2242 versi
298 2184 504 2243 Levitae
525 2189 613 2259 qui
644 2190 921 2259 portabant
947 2208 1146 2258 arcam,
1171 2200 1511 2263 cantoresque
1531 2201 1580 2247 et
1601 2192 1737 2247 Cho-

154 2278 329 2333 nenias
348 2279 597 2349 princeps
622 2280 907 2351 prophetia:
932 2281 1069 2336 inter
1090 2292 1346 2337 cantores.
1365 2282 1536 2337 David
1560 2293 1736 2338 autem

151 2368 363 2425 indutus
390 2378 511 2423 erat
542 2372 699 2426 etiam
734 2372 902 2442 ephod
948 2372 1104 2428 lineo.
1144 2371 1528 2445 Universusque
1564 2375 1737 2432 Israel

152 2457 477 2515 deducebant
509 2478 687 2515 arcam
718 2461 927 2531 {aderis
962 2463 1174 2518 Domini
1196 2464 1252 2518 in
1270 2464 1446 2533 jubilo
1483 2475 1534 2520 et
1559 2468 1736 2521 sonitu

154 2550 417 2619 buccina,
468 2562 517 2607 et
556 2553 725 2622 tubis,
750 2564 800 2610 et
826 2555 1101 2626 cymbalis,
1132 2565 1179 2611 et
1209 2556 1379 2612 nablis
1424 2567 1474 2612 et
1518 2559 1736 2614 citharis

153 2653 541 2715 concrepantes.
556 2643 787 2719 Cumque
809 2650 1119 2718 pervenisset
1140 2665 1266 2704 arca
1288 2650 1499 2719 [aderis
1522 2651 1736 2707 Domini

155 2749 314 2804 usque
340 2736 413 2790 ad
444 2737 703 2792 civitatem
728 2738 920 2805 David,
954 2739 1150 2795 Michol
1179 2741 1295 2810 ﬁlia
1321 2739 1490 2809 Saul,
1534 2745 1737 2814 prospi-

155 2826 290 2881 ciens
336 2843 433 2899 per
470 2828 751 2897 fenestram
777 2870 792 2897 ,
840 2830 967 2884 vidit
1016 2848 1187 2902 regem
1233 2831 1406 2886 David
1459 2832 1736 2888 saltantem

154 2924 306 2987 atque
344 2916 633 2987 ludentem,
682 2928 733 2976 et
777 2919 1009 2992 despexit
1058 2938 1177 2977 eum
1220 2922 1277 2977 in
1321 2922 1476 2979 corde
1511 2939 1607 2978 suo
1647 2923 1737 2981 (11

156 3004 278 3080 Reg.
303 3004 411 3067 Vl‘.

737 3094 964 3157 CAPUT
998 3100 1138 3159 XVI.

1836 1939 1920 1978 nae
1944 1923 2126 1978 carnis
2144 1923 2289 1977 inter
2311 1921 2518 1993 ﬂagella
2539 1920 2924 1991 triumphantis
2947 1921 3199 1977 ostendit.
3219 1921 3419 1975 Verum

1836 2014 2046 2070 cunctis
2068 2013 2494 2081 exsultantibus,
2521 2019 2578 2069 et
2603 2014 2673 2069 ad
2700 2028 2842 2069 aram
2867 2012 3106 2069 cmlestis
3134 2012 3418 2067 introitum

1836 2105 2066 2176 hymnos
2098 2105 2514 2170 resonantibus,
2539 2105 2653 2160 sola
2683 2104 2881 2161 Micbol
2912 2105 3023 2160 ﬁlia
3045 2104 3188 2159 ‘Saul
3234 2116 3420 2159 arcam

1834 2195 2157 2250 ducentibus
2189 2195 2382 2250 abest:
2415 2195 2545 2263 quin
2588 2194 2755 2249 etiam
2788 2209 2819 2249 e
2847 2192 3080 2265 speculis
3111 2192 3280 2248 David
3318 2193 3422 2247 hu-

1834 2287 2097 2342 miliatmn
2141 2287 2400 2357 despicit,
2425 2287 2577 2357 quia,
2607 2287 2951 2355 credentibus
2983 2286 3039 2340 in
3080 2284 3266 2341 modi
3312 2285 3421 2339 line

1832 2376 2055 2446 iudicis,
2084 2386 2248 2434 erant
2274 2379 2517 2434 nonnulli
2547 2379 2640 2448 qui
2666 2378 2944 2434 Christum
2976 2385 3188 2433 tantum
3214 2376 3423 2447 profes-

1836 2471 2029 2536 sione,
2072 2472 2171 2526 sed
2212 2484 2378 2540 opere
2422 2477 2635 2524 tantum
2666 2482 2965 2539 sequantur
2999 2467 3417 2523 Antichristum.

1836 2561 2043 2630 Quibus
2066 2562 2262 2618 merito
2289 2562 2539 2631 congruit
2564 2562 2708 2631 quod
2727 2560 2918 2615 eadem
2937 2558 3152 2625 Michol,
3180 2572 3323 2628 quis,
3350 2558 3421 2611 ad

1836 2654 2173 2727 figurandam
2218 2654 2629 2711 instabilitatem
2671 2652 3001 2718 carnalium,
3056 2662 3196 2723 aqua
3242 2648 3414 2705 omnis

1835 2747 2244 2818 interpretatur,
2279 2762 2387 2803 non
2416 2761 2555 2802 uxor
2580 2744 2781 2810 David,
2814 2743 2908 2799 sed
2936 2742 3047 2797 ﬁlia
3070 2740 3201 2797 Sani
3232 2739 3416 2811 appel-

1834 2836 1999 2903 latur,
2022 2841 2151 2909 quia
2173 2838 2393 2894 Christo
2427 2838 2697 2893 ﬁdetenus
2734 2836 3004 2901 serviunt,
3028 2849 3138 2890 non
3166 2833 3311 2888 illius
3336 2846 3423 2888 re-

1834 2945 1942 3000 gno
1971 2931 2265 2986 ooronandi
2285 2971 2301 2995 ,
2327 2931 2422 2987 sed
2446 2936 2856 3000 persecqu
2882 2928 3035 2999 ejus,
3063 2940 3200 2997 quos
3224 2923 3421 2979 imitati

1834 3030 1964 3076 sunt
1985 3060 2001 3087 ,
2045 3024 2391 3077 anathemate
2434 3020 2748 3077 damnandi.
2774 3021 2975 3077 Verum
3008 3019 3165 3090 pravi
3197 3030 3422 3074 succen-

1837 3118 2013 3176 seant,
2041 3112 2403 3167 humilitatem
2430 3111 2688 3167 Ecclesia:
2709 3111 3106 3173 condemneris,
3146 3106 3423 3163 nihilomi-

148 3205 228 3261 De
254 3224 317 3264 eo
342 3210 489 3332 facit
532 3226 652 3265 cum
687 3209 860 3265 Dauid
889 3211 1192 3268 mmsu
1229 3228 1409 3267 ατωυη
1438 3210 1653 3267 Domini
1678 3212 1732 3266 θη
1756 3212 1806 3281 ρ
1836 3214 1940 3254 nus
1986 3215 2113 3255 arca
2154 3200 2363 3255 Domini
2408 3200 2497 3256 sui
2523 3200 2703 3256 locum
2739 3198 3062 3269 ingreditur,
3100 3197 3319 3267 ponitur
3365 3195 3420 3249 in

226 3276 338 3332 iubi
363 3296 395 3332 0
423 3280 478 3332 in
511 3276 904 3332 tabernaculum
925 3282 1063 3332 quod
1102 3281 1389 3332 tetenderat
1422 3283 1499 3332 ei.
1530 3281 1729 3332 obtule-
1831 3290 2015 3332 mmlin
2045 3290 2395 3332 lnhprnnmllir
2430 3289 2572 3332 mod
2602 3289 2912 3332 πριιιηήθιοαι
2940 3288 2987 3332 ei
3016 3287 3207 3332 David-
3235 3286 3288 3332 id
3308 3291 3417 3332 ut-

216 3276 405 3352 jubilo
423 3280 478 3352 in
511 3276 904 3335 tabernaculum
925 3282 1063 3352 quod
1102 3281 1389 3338 tetenderat
1422 3283 1499 3349 ei,
1530 3281 1729 3338 obtule-

222 3348 350 3422 runt
384 3348 693 3422 holocausta
724 3348 1017 3422 sacerdotes
1059 3361 1107 3407 et
1134 3354 1355 3422 paciﬁca
1400 3369 1578 3422 coram
1625 3351 1730 3407 Do-

218 3419 392 3499 mino,
411 3417 768 3499 benedieitque
792 3421 961 3476 David
982 3417 1177 3499 populo
1188 3417 1472 3499 in'nomine
1490 3421 1727 3499 Domini,

173 3539 181 3545 .
218 3497 270 3543 et
311 3488 493 3564 divisit
530 3488 783 3546 uniwrsis
828 3508 922 3564 per
949 3488 1201 3563 sing'ulos,
1241 3511 1275 3547 a
1316 3494 1425 3548 viro
1471 3493 1728 3564 usquead

218 3556 753 3634 ενιιειὶεξνεηεχιον-ηιηιΔ
782 3556 933 3634 panis
964 3572 1017 3634 et
1032 3556 1259 3634 partem
1279 3580 1414 3619 assa:
1439 3556 1614 3619 carnis
1641 3562 1731 3618 bu-

221 3622 358 3682 bulce
392 3637 448 3698 et
472 3627 666 3698 [rixam
702 3622 813 3685 oleo
852 3622 1101 3687 similam.
1137 3632 1213 3687 De
1242 3631 1406 3689 levitis

216 3698 391 3752 stituit
415 3696 605 3763 David,
635 3706 692 3753 ut
712 3702 1071 3757 ministrarent
1092 3719 1269 3758 coram
1292 3718 1417 3757 arca
1441 3696 1653 3757 Domini
1682 3712 1731 3757 et

217 3768 281 3821 de
314 3768 492 3843 Αραειι
523 3768 852 3843 etfratribus
885 3773 1019 3843 ejus.
1047 3772 1126 3829 De
1162 3772 1368 3828 cantico
1408 3776 1548 3843 quod
1582 3789 1726 3828 com-

216 3838 391 3908 posuit
417 3838 589 3893 David
597 3839 682 3916 .ᾳά
702 3838 1367 3916 laudandumDontinum.
1399 3838 1475 3900 De
1495 3861 1553 3899 eo
1590 3844 1730 3916 quod

220 3902 455 3965 reversus
483 3917 557 3964 est
588 3902 758 3966 David
784 3920 841 3966 ut
873 3910 1190 3969 benediceret
1219 3914 1399 3971 domui
1423 3931 1554 3970 sate.

218 4020 262 4093 (Ι
288 4021 424 4078 Ρη.
455 4021 594 4094 xvt.)
616 4023 917 4080 Attulerunt
943 4042 1068 4096 ergo
1088 4042 1272 4082 arcum
1300 4027 1396 4083 Dei
1412 4066 1426 4090 ,
1452 4034 1502 4082 et
1524 4027 1726 4101 consti—

156 4120 359 4167 tuerunt
380 4127 500 4169 eam
528 4112 587 4167 in
615 4112 785 4169 medio
815 4114 1164 4183 tabernaculi,
1194 4117 1335 4188 quod
1362 4117 1652 4173 tetenderat
1680 4118 1731 4173 si

154 4200 349 4272 David;
372 4215 423 4260 et
444 4204 739 4262 obtulerunt
765 4206 1075 4263 holocausta
1098 4217 1147 4263 et
1166 4208 1392 4280 paciﬁca
1414 4225 1595 4265 eorum
1622 4208 1730 4265 Do-

154 4293 308 4350 mino.
330 4291 566 4366 Cumque
585 4296 889 4368 complesset
905 4297 1078 4354 David
1104 4299 1326 4369 o/ferens
1349 4298 1660 4354 holocausta
1676 4307 1728 4353 st

154 4384 387 4455 pacifica,
409 4386 674 4442 benedixit
695 4387 960 4459 populoin
985 4390 1193 4445 nomine
1216 4389 1453 4456 Domini,
1480 4398 1531 4444 et
1549 4390 1727 4446 divisit

157 4475 397 4532 universis
422 4493 521 4549 per
542 4477 798 4549 singulos,
822 4497 856 4533 a
876 4481 989 4535 viro
1012 4497 1173 4551 usque
1199 4481 1269 4535 ad
1300 4480 1590 4545 mulierem,
1616 4491 1725 4536 tor-

1830 3290 2015 3345 medio
2045 3290 2399 3358 tabernaculi,
2430 3289 2575 3360 quod
2602 3289 2912 3344 tetenderat
2940 3288 2990 3343 ei
3016 3287 3207 3351 David,
3232 3286 3290 3341 id
3308 3291 3418 3351 est,

1830 3378 1969 3436 ﬁdes
1994 3381 2253 3437 Ecclesiae
2285 3380 2636 3451 praedicatur,
2675 3378 2927 3451 proﬁcit,
2959 3375 3423 3433 insoriturcordi-

1826 3468 1936 3527 bus
1955 3472 2232 3537 omnium,
2259 3487 2397 3542 quos
2427 3471 2691 3528 Dominus
2717 3471 2786 3528 ad
2820 3470 2986 3525 vitam
3019 3468 3422 3540 pratordinavo-

1830 3567 1916 3615 rat
1965 3568 2248 3616 mternam.
2298 3560 2468 3616 Otl‘ert
2520 3559 2688 3616 David
2729 3558 3044 3616 holocausta
3094 3565 3150 3614 et
3192 3556 3420 3629 paciﬁca

1480 3650 1731 3719 μοε,ε9ητ
1818 3665 2016 3707 coram
2043 3650 2293 3717 Domino,
2325 3650 2486 3711 (idem
2508 3650 2961 3719 dovotionemqne
2988 3648 3246 3707 Ecclesiae
3262 3662 3415 3703 com-

1826 3741 2050 3799 mendat
2074 3741 2226 3796 Patri
2253 3741 2525 3808 Christus,
2553 3742 2643 3813 qui
2670 3750 2748 3798 est
2782 3742 2851 3797 ad
2888 3742 3160 3797 dexteram
3184 3738 3305 3804 De'i,
3328 3738 3419 3810 qui

1831 3833 1993 3887 etiam
2020 3830 2318 3902 interpellat
2338 3848 2434 3903 pro
2457 3832 2604 3887 nobis
2635 3830 2809 3904 (Rom.
2837 3829 2996 3899 vui);
3026 3829 3119 3899 qui
3148 3829 3203 3883 in
3236 3838 3420 3884 exeru-

1830 3920 1980 3994 plum
2004 3920 2173 3976 David
2196 3920 2385 3977 ﬁdeles
2407 3920 2745 3992 hinnitusque
2778 3919 3133 3981 benedicens,
3162 3915 3420 3973 salutaris

1832 4014 2078 4086 mysterii
2120 4015 2297 4084 pascit
2326 4014 2621 4079 alimentis,
2652 4014 2897 4085 partiens
2942 4010 3169 4082 singulis
3198 4008 3418 4081 collyri-

1824 4104 1959 4161 dam
2003 4105 2160 4175 panis
2211 4121 2396 4172 unam,
2445 4105 2588 4161 illius
2614 4105 2803 4166 utique
2831 4105 2922 4176 qui
2950 4104 3014 4158 de
3044 4100 3185 4158 calo
3204 4101 3421 4157 descen-

1824 4198 1932 4263 dit,
1959 4206 2007 4253 et
2032 4198 2123 4253 dat
2141 4199 2303 4253 vitam
2325 4198 2449 4252 huic
2471 4197 2666 4253 mundo
2690 4196 2871 4269 (Joan.
2897 4194 3009 4267 Vl);
3030 4202 3087 4250 et
3112 4200 3421 4250 assaturam

1829 4288 2039 4347 bubalie
2069 4289 2253 4345 carnis
2291 4303 2492 4356 unam,
2533 4286 2676 4343 illius
2709 4285 2918 4342 scilicet
2960 4283 3115 4341 vituli
3150 4283 3464 4367 saginati,”

1826 4382 1921 4452 qui
1946 4395 2045 4451 pro
2075 4388 2380 4436 revertente
2405 4378 2475 4434 ad
2499 4386 2712 4448 patrem
2741 4376 2852 4431 ﬁlio
2879 4373 3102 4444 iuniore
3141 4383 3415 4432 mactatus

1826 4470 1980 4544 (Luc.
2010 4470 2101 4542 xv)
2130 4478 2186 4525 et
2217 4470 2340 4540 igne
2362 4468 2639 4525 Passionis
2675 4474 2892 4523 assatus
2928 4474 3035 4532 est,
3059 4466 3247 4522 dicens
3269 4484 3284 4520 :
3306 4465 3420 4521 Eo-

156 4572 255 4620 tam
271 4570 450 4639 panis,
484 4579 532 4623 et
555 4578 759 4642 partem
796 4587 932 4626 αοεω
972 4574 1150 4627 carni.
1190 4570 1395 4628 ιαὺαιω
1435 4580 1483 4627 ει
1518 4572 1723 4642 {rium
1748 4578 1803 4648 D
1827 4564 1968 4619 aruit
2009 4561 2143 4617 velut
2168 4571 2300 4616 testa
2326 4561 2492 4616 virtus
2534 4576 2649 4614 mea
2676 4558 2850 4632 (Psal.
2889 4557 3039 4630 xxx);
3084 4566 3140 4614 et
3181 4557 3421 4617 similam

156 4655 259 4712 oleo
300 4659 533 4719 similam
561 4660 648 4734 (II
669 4661 799 4734 Reg.
828 4662 925 4734 vr).
952 4663 1244 4734 Postquam
1290 4679 1424 4736 ergo
1461 4680 1590 4721 area
1619 4665 1728 4724 Do-

157 4746 278 4803 mini
307 4750 363 4806 in
386 4751 551 4809 domo
572 4751 882 4810 Obededom
908 4753 1114 4811 Gethaei
1140 4756 1344 4811 mansit
1362 4756 1541 4812 tribus
1568 4772 1728 4814 men-

156 4838 316 4910 sibus,
339 4845 682 4918 congregatis
709 4843 1007 4915 majoribus
1027 4853 1160 4902 natu
1179 4847 1371 4915 Israel,
1392 4856 1454 4904 et
1481 4848 1728 4905 tribubus

162 4936 312 5002 atque
331 4933 560 5003 Levitis,
595 4936 687 5008 qui
708 4945 993 5008 portarent
1016 4953 1199 4995 arcam
1239 4938 1462 4996 imiteris
1483 4939 1724 5005 Domini,

158 5021 371 5083 abduxit
396 5042 524 5084 eam
552 5027 725 5084 David
751 5028 808 5085 in
834 5028 1056 5087 domum
1089 5044 1264 5096 suam,
1292 5030 1420 5099 quia
1442 5038 1729 5100 postquam

158 5112 420 5181 pleniuido
458 5120 702 5191 gentium
738 5120 809 5176 ad
863 5121 1027 5177 ﬁdem
1077 5120 1283 5178 Christi
1338 5122 1730 5179 subiutraverit

154 5202 322 5274 (Rom.
344 5209 449 5285 as),
467 5212 682 5269 tandem
703 5211 876 5268 rediet
900 5228 1029 5268 arca
1048 5212 1144 5268 Dei
1164 5213 1221 5268 in
1240 5212 1514 5269 civitatem
1538 5214 1728 5282 David,

162 5288 256 5349 hoc
276 5304 376 5367 est,
405 5299 463 5357 in
483 5297 765 5357 Iudaicam
795 5294 1026 5374 plebem,
1055 5294 1478 5371 praedicantibus
1502 5302 1729 5359 Henoch

162 5391 211 5437 el
232 5383 364 5459 Elia,
384 5390 560 5462 gratia
588 5390 792 5449 Christi
817 5392 1173 5449 convertitur.
1204 5392 1394 5464 Ibique
1417 5408 1513 5449 rex
1544 5402 1731 5451 uoster

162 5471 317 5536 boves
344 5490 398 5539 et
423 5483 622 5541 arietes
652 5484 962 5551 immolans,
988 5483 1093 5541 hoc
1119 5493 1238 5553 est,
1267 5500 1365 5542 eos
1407 5486 1500 5556 qui
1546 5501 1730 5542 arcam

166 5562 367 5628 Domini
397 5576 682 5645 trituram,
724 5584 779 5633 et
824 5577 1008 5633 ovium
1057 5576 1173 5646 eius
1213 5576 1469 5635 ducatum
1498 5587 1729 5651 gerunt,

171 5664 400 5734 martyrii
426 5667 687 5740 sanguine
713 5682 1001 5733 coronans,
1027 5678 1085 5722 et
1118 5668 1233 5739 ipse
1258 5684 1473 5741 quoque
1497 5686 1609 5727 suis
1646 5672 1730 5727 in-

175 5753 486 5817 carnationis
509 5764 565 5813 et
602 5757 870 5827 passionis
896 5756 1199 5827 exemplum
1237 5767 1506 5828 quatenus
1533 5758 1733 5820 Judmis

177 5847 583 5919 concreditum,
611 5847 791 5920 palam
833 5846 1160 5905 manifestat.
1194 5848 1309 5905 Hoc
1349 5850 1493 5905 enim
1528 5850 1731 5921 signiﬁ-

1827 4654 2025 4711 frixam
2046 4654 2189 4721 oleo,
2216 4668 2438 4710 carnem
2465 4652 2714 4710 videlicet
2738 4668 2770 4709 a
2798 4653 3008 4725 peccati
3033 4652 3155 4709 labe
3177 4653 3421 4709 mundis-

1825 4745 2055 4814 simam;
2091 4745 2187 4802 sed
2212 4746 2283 4802 ob
2312 4747 2563 4802 humanae
2601 4746 2796 4803 salutis
2820 4760 3046 4803 causam
3088 4745 3418 4803 uberrimam

1824 4838 2277 4895 delectationibus
2323 4838 2502 4895 crucis
2549 4838 2844 4909 sartagine
2869 4845 3093 4894 tortam.
3119 4836 3190 4892 Et
3222 4835 3417 4891 merito

1829 4948 1937 4987 una
1962 4931 2119 5002 panis
2144 4930 2426 5002 collyrida,
2456 4946 2563 4985 una
2591 4931 2775 4986 carnis
2802 4937 3050 4986 assatura
3083 4928 3265 4993 datur,
3288 4927 3415 4996 quia

1828 5039 1965 5078 unus
1988 5021 2245 5076 Dominus
2265 5062 2281 5088 ,
2304 5039 2412 5076 una
2431 5021 2583 5091 ﬁdes,
2615 5037 2780 5077 unum
2807 5020 3063 5090 baptisnm
3077 5056 3094 5084 ,
3122 5032 3257 5073 unus
3274 5015 3419 5072 Delta

1828 5124 1877 5173 et
1896 5110 2062 5170 Pater
2081 5115 2314 5169 omnium
2334 5114 2551 5187 (Ephes.
2578 5113 2677 5186 rv).
2702 5112 2875 5169 Aliter
2894 5112 3013 5168 haec
3036 5124 3264 5166 munera
3287 5108 3419 5165 ﬁdo-

1825 5206 1908 5264 les
1941 5207 2247 5278 accipiunt,
2276 5206 2496 5277 quando
2542 5222 2681 5260 unus
2721 5203 2875 5274 panis
2920 5211 2970 5257 et
3012 5216 3182 5256 unum
3224 5214 3414 5270 corpus

1826 5297 1980 5355 multi
2008 5315 2191 5353 sumus
2216 5297 2272 5353 in
2300 5297 2518 5353 Christo
2543 5295 2595 5366 (Ι
2620 5294 2742 5350 Cor.
2768 5294 2846 5363 x),
2868 5293 2984 5350 sive
3002 5291 3187 5348 carnis
3213 5290 3412 5362 singuli

1830 5389 2110 5447 lasciviam
2128 5391 2476 5461 castigantes,
2494 5403 2560 5444 ac
2581 5386 2827 5443 servituti
2851 5381 3414 5456 subjicientes,sanoti

1824 5480 2069 5552 Spiritus
2096 5481 2224 5553 igne
2250 5480 2587 5549 decoquunt,
2618 5491 2826 5533 necnon
2854 5485 2911 5535 et
2936 5475 3149 5532 fructus
3178 5487 3409 5545 operum

1826 5574 2096 5648 bonorum
2138 5572 2260 5627 oleo
2302 5568 2689 5625 misericordias
2736 5563 3119 5639 pinguissimos
3173 5578 3419 5634 compas-

1829 5665 1984 5721 sione
2024 5661 2257 5732 proximi
2286 5659 2496 5716 fervere
2527 5658 2752 5715 faciunt.
2781 5658 2854 5715 At
2881 5666 3093 5723 contra,
3124 5655 3235 5711 ﬁlia
3282 5652 3413 5710 Saul

1833 5755 2033 5811 frustra
2061 5752 2367 5807 cubiculum
2394 5751 2537 5821 regis
2559 5752 2818 5823 ingressa,
2850 5750 3028 5806 nullos
3050 5745 3296 5817 concepti
3324 5756 3414 5799 se-

1833 5850 1994 5905 minis
2026 5846 2231 5902 fructus
2258 5844 2367 5910 dat,
2399 5857 2523 5913 quia
2562 5844 2651 5915 qui
2694 5843 2919 5900 verbum
2961 5836 3057 5897 Dei
3077 5848 3208 5895 aure
3252 5845 3409 5893 tenus
