3958 6508
498 377 598 436 551

1148 370 1208 425 Β.
1252 363 1503 426 MBAN!
1542 363 1762 424 MAURI
1800 356 2114 420 ARCHIEP.
2155 353 2464 415 MOGUNT.
2503 351 2788 412 OPERUM
2824 348 3002 406 PARS
3030 347 3075 403 1.

3669 345 3774 400 552

496 495 805 571 percipiunt
831 495 1032 560 absque
1063 487 1186 543 boni
1218 487 1397 557 operis
1423 484 1574 556 prole
1590 523 1606 550 ,
1630 483 1773 539 diem
1800 486 2073 551 perpetua:
2098 478 2152 538 Α
2176 473 2402 542 Qualem
2454 486 2542 527 me
2585 469 2831 571 exterius
2852 465 3157 538 despiciens
3183 462 3415 570 exhibeo
3431 503 3448 530 ,
3481 461 3662 571 talem

500 569 695 644 mortis
722 589 1052 653 exspectant.
1088 578 1241 646 Quod
1269 579 1436 633 David
1462 591 1586 632 cum
1625 589 1752 630 arca
1773 569 1989 627 Domini
2023 569 2080 624 in

501 676 797 734 Jerusalem
819 672 1064 730 saltando
1077 671 1380 734 reduceret,
1394 683 1424 721 a
1438 664 1632 721 Michol
1645 663 1755 719 ﬁlia
1771 660 1900 717 Saul
1913 673 2083 716 uxore

503 784 599 824 sua
629 768 770 823 risus
807 773 911 829 est,
939 761 1294 832 tropologiam
1320 757 1517 813 intueri
1549 755 1710 820 libet,
1737 760 1940 824 quanta
1971 749 2084 805 vir-

503 865 680 914 tutum
714 870 940 911 munera
965 853 1137 908 David
1177 851 1290 921 ipse
1311 855 1663 919 perceperat,
1704 853 1865 914 atque
1907 842 1961 897 in
1999 840 2085 895 his

506 947 758 1006 omnibus
797 962 961 1020 quam
991 945 1184 1020 fortem
1227 942 1585 997 humilitatem
1616 937 1883 993 servabat.
1914 934 2086 1000 Quem

503 1043 649 1098 enim
685 1056 790 1096 non
816 1038 1101 1095 extolleret
1129 1051 1225 1092 ora
1253 1036 1469 1090 leonum
1503 1032 1752 1104 frangere
1779 1072 1794 1096 ,
1837 1022 2088 1084 ursorum

505 1134 732 1189 brachia
762 1131 1027 1200 dissipare
1048 1169 1063 1195 ,
1094 1128 1364 1198 despectis
1387 1125 1676 1196 pecoribus
1705 1120 1966 1176 fratribus
1993 1115 2089 1171 eli-

506 1223 580 1295 gi,
610 1222 899 1292 reprobalo
927 1234 1051 1290 rege
1079 1218 1148 1272 ad
1175 1217 1328 1288 regni
1374 1211 1735 1285 gubernacula
1779 1209 1976 1278 ungui,
2021 1205 2089 1260 ti-

506 1315 763 1370 mendum
796 1312 1004 1368 cunctis
1030 1326 1139 1366 uno
1168 1309 1346 1380 lapide
1373 1307 1582 1382 Goliam
1606 1314 1872 1368 sternere,
1905 1317 1936 1355 a
1963 1315 2090 1369 rege

506 1406 805 1476 proposita,
834 1405 1117 1459 exstinctis
1147 1400 1464 1471 Allophylis,
1502 1412 1787 1453 numerosa
1829 1393 2091 1465 praeputia

510 1503 820 1564 reportare,
867 1493 1195 1565 promissum
1246 1491 1463 1546 tandem
1510 1503 1737 1558 regnum
1780 1486 2088 1555 percipere,

511 1593 877 1656 cunctumque
901 1584 1262 1639 lsraeliticum
1289 1581 1564 1651 populum
1591 1579 1707 1635 sine
1736 1577 1842 1632 ulla
1881 1583 2094 1632 contra-

510 1677 745 1733 dictione
772 1677 1052 1748 possidere
1080 1689 1106 1717 α
1135 1694 1148 1730 :
1181 1684 1237 1731 et
1263 1683 1445 1730 tamen
1467 1688 1591 1728 cum
1610 1685 1796 1726 arcam
1820 1669 1917 1724 Dei
1939 1666 2095 1724 Jeru-

509 1769 678 1824 salem
707 1777 945 1833 revocat,
979 1768 1135 1838 quasi
1160 1767 1360 1823 oblitus
1392 1764 1674 1835 praelatum
1719 1777 1777 1818 se
1816 1759 2090 1823 omnibus,

2179 567 2406 623 interius
2427 564 2664 619 attendo.
2695 561 2833 630 Quid
2860 573 2990 631 ergo
3025 557 3200 615 acturi
3230 563 3377 622 sunt,
3402 570 3546 628 quos
3570 555 3775 612 doctri-

2179 674 2251 714 na
2278 658 2473 724 elevat,
2506 657 2550 712 si
2576 656 2748 712 David
2775 670 2843 710 ex
2864 668 3028 709 carne
3052 667 3150 706 sua
3192 657 3491 705 venturum
3528 647 3778 704 Redem-

2180 760 2389 824 ptorem
2413 757 2668 815 noverat,
2708 746 2928 818 ejusque
2965 744 3158 815 gaudia
3203 741 3592 813 prophetando
3642 756 3777 795 nun-

2183 843 2375 907 tiabat,
2409 850 2463 896 et
2487 849 2666 895 tamen
2697 839 2750 893 in
2781 837 3069 905 semetipso
3089 834 3359 890 cervicem
3380 830 3572 886 cordis
3595 830 3776 884 valida

2185 931 2527 987 discretionis
2562 929 2709 986 calce
2744 926 3121 999 deprimebat,
3157 925 3342 982 dicens
3371 922 3641 994 :Eroque
3687 924 3776 976 Ini-

2185 1025 2326 1078 milis
2354 1026 2409 1078 in
2435 1023 2601 1077 oculis
2631 1021 2780 1077 meis.

2258 1117 2640 1188 Constituitque
2667 1116 2836 1171 David
2860 1132 3037 1170 coram
3062 1131 3185 1168 arca
3208 1113 3303 1170 Dei
3331 1114 3395 1167 de
3422 1111 3634 1166 Levitis
3653 1151 3670 1174 ,
3697 1114 3777 1180 qui

2187 1212 2544 1265 ministrarent
2571 1221 2618 1264 et
2650 1210 3050 1274 recordarentur
3079 1225 3292 1278 operum
3322 1206 3437 1276 ejus
3456 1247 3472 1270 ,
3500 1215 3550 1258 et
3582 1203 3779 1275 gloriﬁ-

2190 1314 2366 1359 carent
2395 1315 2548 1375 atque
2586 1303 2862 1358 laudarent
2907 1303 3218 1365 Dominum,
3248 1309 3353 1355 etc.
3389 1297 3676 1362 Attende,
3714 1297 3783 1352 le-

2191 1405 2328 1464 ctor,
2357 1399 2600 1452 ordinem
2645 1406 2700 1453 et
2739 1396 2973 1452 ofﬁcium
3017 1396 3361 1458 Levitarum,
3414 1393 3783 1449 eonstituente

2191 1492 2378 1556 David,
2413 1500 2470 1546 ut
2498 1492 2882 1555 ministrarent,
2914 1491 3118 1560 inquit,
3151 1500 3197 1544 et
3223 1488 3648 1542 recordarentur
3676 1503 3784 1555 ope-

2194 1601 2311 1639 rum
2335 1584 2470 1654 ejus,
2499 1592 2548 1638 et
2573 1583 2924 1654 gloriﬁcarent
2961 1593 3114 1653 atque
3154 1581 3437 1635 laudarent
3469 1579 3782 1634 Dominum.

2195 1676 2296 1732 Ubi
2343 1675 2509 1731 totius
2543 1676 2667 1730 vitae
2710 1683 2911 1730 nostra:
2954 1673 3364 1744 dispositionem
3418 1671 3476 1725 in
3524 1670 3788 1741 religione

2197 1767 2504 1824 Christiana
2532 1767 2879 1822 considerare
2900 1765 3126 1836 poteris.
3159 1763 3434 1818 Ministrat
3461 1762 3642 1832 igitur
3667 1758 3790 1823 Deo,

511 1862 776 1916 admistus
801 1860 1014 1931 populis
1042 1868 1168 1913 ante
1203 1873 1386 1912 arcam
1418 1856 1611 1921 saltat;
1645 1864 1702 1908 et
1741 1853 1869 1923 quia
1908 1865 2094 1906 coram

2207 1859 2290 1930 qui
2338 1874 2432 1914 cor
2461 1857 2719 1912 mundum
2764 1873 2885 1912 cum
2918 1865 3068 1911 casta
3099 1855 3530 1911 conversatione
3579 1852 3793 1906 exhibet

512 1967 638 2007 arca
671 1952 872 2007 saltare
915 1951 999 2022 (ut
1043 1950 1306 2014 creditur)
1330 1946 1476 2017 vulgi
1507 1961 1624 2000 mos
1653 1943 1859 2007 fuerat,
1904 1957 2002 1996 rex
2036 1957 2097 1997 se

512 2043 567 2097 in
609 2041 792 2097 divino
835 2041 1093 2110 obsequio
1132 2055 1230 2111 per
1260 2040 1516 2094 saltatum
1551 2043 1717 2093 rotat.
1747 2036 1888 2090 Ecce
1934 2047 2099 2103 quem

514 2133 774 2188 Dominus
821 2133 1033 2188 cunctis
1063 2131 1416 2203 singulariter
1460 2129 1730 2200 praetulit,
1775 2142 1834 2183 se
1885 2140 2100 2197 quoque

511 2224 610 2280 sub
655 2224 882 2279 Domino
911 2264 926 2290 ,
974 2232 1030 2278 et
1058 2223 1390 2294 exaequanda
1439 2220 1712 2286 minimis,
1742 2229 1798 2275 et
1830 2218 2100 2288 abjectum

509 2314 814 2370 exhibendo
847 2313 1176 2380 contemnit;
1203 2328 1309 2368 non
1339 2320 1584 2382 potestas
1619 2311 1769 2382 regni
1803 2311 1871 2365 ad
1897 2324 2100 2365 memo-

513 2407 652 2461 riam
697 2405 996 2472 reducitur,
1054 2420 1164 2460 non
1217 2403 1584 2474 subjectorum
1631 2401 1802 2457 oculis
1853 2396 2100 2456 saltando

514 2498 776 2553 vilescere
809 2499 1030 2563 meruit,
1082 2513 1192 2554 non
1235 2512 1294 2554 se
1337 2499 1548 2552 honore
1577 2494 1862 2566 praelatum
1890 2492 2103 2548 caeteris

515 2597 643 2644 ante
669 2588 786 2657 ejus
811 2604 1018 2655 aream,
1045 2590 1138 2658 qui
1165 2589 1427 2644 honorem
1458 2588 1701 2650 dederat,
1738 2584 2097 2656 recognoscit.

515 2679 711 2736 Coram
739 2682 848 2736 Deo
886 2682 997 2752 egit
1023 2681 1218 2737 debilia
1245 2681 1329 2736 vel
1350 2687 1613 2746 extrema,
1636 2685 1698 2734 ut
1723 2678 1814 2732 illa
1834 2691 1902 2733 ex
1927 2676 2102 2732 humi-

516 2772 670 2829 litate
692 2773 950 2829 solidaret
968 2789 1090 2844 quae
1113 2790 1300 2830 coram
1325 2772 1634 2828 hominibus
1659 2779 1902 2843 gesserat
1918 2768 2098 2825 fortia.

517 2861 657 2930 Quid
679 2864 745 2918 de
774 2861 891 2932 ejus
917 2863 1078 2920 factis
1105 2865 1172 2920 ab
1194 2864 1316 2920 aliis
1345 2864 1612 2920 sentiatur
1634 2863 1852 2933 ignoro;
1877 2875 1977 2931 ego
1999 2861 2104 2914 Da—

515 2953 606 3008 vid
625 2953 745 3024 plus
766 2955 1057 3011 saltantem
1081 2964 1271 3027 stupeo
1300 2972 1463 3026 quam
1487 2963 1840 3026 pugnantem.
1861 2952 2106 3022 Pugnan-

519 3045 588 3099 do
615 3047 812 3117 quippe
839 3047 1049 3104 hostem
1090 3049 1357 3114 subdidit,
1403 3048 1650 3103 saltando
1689 3054 1870 3102 autem
1920 3059 2104 3100 coram

519 3135 748 3191 Domino
775 3139 1127 3209 semetipsum
1156 3140 1308 3195 vicit.
1334 3139 1507 3206 Quem
1533 3138 1731 3193 Michol
1754 3178 1769 3203 ,
1801 3136 1909 3191 ﬁlia
1939 3135 2068 3191 Saul
2085 3175 2102 3202 ,

2199 1951 2448 2006 Domino.
2504 1949 2846 2004 Recordatur
2891 1963 3116 2019 operum
3162 1946 3311 2002 illius
3353 1945 3449 2015 qui
3496 1943 3793 1998 meditator

2198 2043 2334 2115 legis
2362 2043 2455 2099 Dei
2486 2043 2786 2098 secundum
2815 2040 3058 2112 regulam
3099 2039 3386 2096 catholicae
3416 2036 3553 2092 ﬁdei
3583 2034 3795 2090 sedulus

2199 2134 2404 2189 existit.
2443 2132 2726 2189 Gloriﬁcat
2769 2141 2932 2203 atque
2962 2131 3148 2187 laudat
3172 2129 3496 2194 Dominum,
3563 2126 3666 2196 qui
3701 2141 3794 2180 non

2201 2223 2374 2280 solum
2402 2239 2650 2280 sermone
2682 2222 3088 2294 praedicationis
3125 2236 3189 2276 ac
3235 2235 3370 2276 voce
3409 2218 3795 2288 jubilationis,

2201 2315 2296 2369 sed
2325 2315 2490 2369 etiam
2519 2315 2786 2370 bonorum
2832 2327 3057 2382 operum
3102 2311 3288 2366 laudat
3332 2309 3560 2365 effectu.
3613 2307 3798 2378 Sicque

2201 2407 2454 2478 impletur
2482 2407 2642 2478 digne
2673 2406 2819 2461 illius
2844 2405 3082 2461 ministri
3117 2403 3354 2460 oﬁicium
3373 2443 3388 2468 ,
3429 2403 3502 2457 de
3527 2416 3656 2472 quo
3690 2399 3797 2455 Sal-

2201 2509 2360 2556 vator
2386 2516 2441 2555 in
2481 2498 2774 2570 Evangelio
2799 2499 2915 2553 ait:
2951 2495 3056 2563 Qui
3092 2495 3218 2551 mihi
3248 2495 3562 2559 ministrat,
3601 2509 3693 2548 me
3732 2508 3801 2546 se-

2199 2602 2412 2665 quatur.
2458 2593 2528 2647 Et
2553 2593 2658 2664 jubi
2701 2609 2817 2648 sum
2844 2608 2936 2664 ego
2959 2633 2975 2659 ,
3009 2590 3119 2645 illic
3141 2599 3189 2646 et
3231 2589 3471 2643 minister
3517 2601 3682 2640 meus
3714 2583 3800 2637 erit

2203 2685 2386 2757 (Joan.
2413 2685 2510 2757 xn)
2534 2725 2549 2752 ,
2578 2686 2703 2755 quia
2726 2684 2816 2754 qui
2843 2685 2894 2738 in
2924 2683 3115 2749 corde,
3146 2697 3241 2736 ore
3281 2689 3335 2734 et
3372 2693 3543 2748 opere
3571 2675 3801 2729 Domino
3860 2683 3869 2694 '

2203 2776 2308 2832 rite
2336 2776 2524 2842 servit,
2551 2785 2770 2832 tete-rate
2799 2772 3152 2830 beatitudinis
3181 2771 3379 2843 gaudia
3404 2783 3533 2825 cum
3565 2766 3671 2822 illo
3691 2780 3803 2836 pos-

2204 2867 2420 2924 sidebit.

2276 2959 2345 3014 In
2370 2959 2462 3015 illo
2498 2961 2583 3015 die
2619 2960 2743 3031 fecit
2781 2959 2953 3014 David
2999 2959 3286 3030 principem
3324 2955 3395 3009 ad
3437 2953 3801 3023 conﬁtendam

2206 3050 2436 3106 Domino
2466 3051 2640 3122 Asaph
2683 3060 2733 3105 et
2770 3051 2960 3120 fratres
3005 3049 3152 3120 ejus,
3182 3057 3287 3103 etc.
3329 3046 3472 3114 Quid
3509 3053 3633 3109 est,
3670 3044 3804 3116 quod

2208 3143 2393 3215 Asaph
2422 3144 2591 3199 David
2633 3144 2912 3200 constituit
2956 3143 3256 3214 principem
3305 3139 3373 3195 ad
3426 3137 3802 3194 conﬁtendum

520 3227 697 3284 adhuc
723 3246 791 3285 ex
823 3240 1036 3288 tumore
1066 3233 1201 3304 regii
1225 3233 1439 3304 generis
1468 3233 1676 3300 insana,
1709 3247 1831 3287 cum
1857 3230 2108 3286 humilia-
2134 3196 2181 3260 ϐ
2209 3235 2438 3291 Domino
2458 3276 2474 3303 ,
2496 3236 2600 3291 nisi
2629 3236 2774 3307 quod
2802 3196 3343 3306 Redemptor-noster
3384 3232 3647 3288 ordinem
3692 3244 3802 3285 san-

520 3327 635 3372 tum
667 3319 990 3391 despiceret,
1038 3323 1262 3379 dicens:
1301 3323 1473 3390 Quam
1521 3324 1781 3396 gloriosus
1814 3324 1972 3393 fuerit
2022 3323 2112 3376 ho-

517 3409 603 3465 die
631 3426 722 3466 rex
741 3411 934 3480 Israel,
962 3414 1346 3486 discooperiens
1370 3433 1424 3470 se
1453 3425 1574 3470 ante
1600 3414 1823 3470 ancillas
1845 3429 2111 3470 servorum

519 3519 771 3572 suorum,
808 3517 856 3562 et
881 3508 1111 3564 nudatus
1132 3549 1147 3575 ,
1189 3509 1342 3580 quasi
1373 3510 1602 3564 nudetur
1630 3527 1770 3564 unus
1812 3509 1876 3564 de
1914 3509 2111 3566 scurris

521 3593 608 3664 (II
633 3594 763 3666 Reg.
786 3596 863 3669 vi)
883 3615 897 3664 ;
920 3599 1171 3668 protinus
1191 3599 1429 3655 audivit:
1448 3598 1653 3653 Ludam
1669 3609 1790 3654 ante
1803 3598 2110 3667 Dominum,

520 3687 612 3756 qui
636 3686 787 3758 elegit
808 3706 889 3744 me
909 3691 1082 3760 potius
1105 3708 1267 3763 quam
1292 3699 1497 3762 patrem
1519 3701 1688 3745 tuum.
1705 3691 1786 3747 Ac
1805 3691 1969 3761 paulo
1987 3698 2115 3763 post

522 3773 601 3829 ait
625 3775 878 3832 :Ludam
903 3788 952 3832 et
979 3780 1132 3834 vilior
1159 3781 1287 3849 ﬁam
1311 3779 1430 3851 plus
1457 3797 1615 3852 quam
1636 3781 1807 3850 factus
1827 3797 1966 3848 sum,
1992 3797 2112 3836 ero-

521 3881 622 3936 que
647 3867 859 3923 humilis
879 3871 936 3924 in
967 3871 1131 3926 oculis
1159 3873 1310 3926 meis.
1333 3868 1414 3927 Ac
1451 3872 1497 3928 si
1539 3880 1724 3943 aperte
1760 3872 1945 3929 dicat:
1975 3870 2116 3927 Vile-

523 3972 676 4014 scere
705 3973 906 4015 coram-
928 3961 1243 4018 hominibus
1271 3970 1501 4034 appeto,
1548 3963 1678 4034 quia
1717 3979 1939 4021 servare
1977 3964 2112 4020 mihi

524 4064 712 4105 coram
751 4051 864 4108 Deo
911 4069 1136 4124 regnum
1185 4070 1287 4126 per
1330 4055 1694 4112 humilitatem
1738 4070 1942 4128 quam.
1976 4056 2115 4112 Sunt

525 4155 655 4211 ergo
703 4145 948 4200 nonnulli
999 4148 1094 4216 qui
1136 4149 1203 4204 de
1242 4150 1546 4219 semetipsis
1574 4148 1799 4204 humilia
1841 4149 2110 4217 sentiunt;

524 4233 617 4302 qui
649 4234 700 4288 in
731 4235 1030 4292 honoribus
1066 4240 1228 4309 positi
1267 4241 1408 4295 nihil
1447 4256 1504 4296 se
1537 4255 1659 4295 esse
1688 4240 1792 4296 nisi
1835 4240 2113 4311 pulverem

527 4321 874 4397 favillamque
905 4335 1264 4401 perpendunt,
1297 4333 1390 4387 sed
1421 4341 1601 4389 tamen
1652 4349 1839 4389 coram
1880 4334 2114 4390 homini-

525 4419 627 4476 bus
653 4421 788 4478 viles
811 4439 1073 4494 apparere
1097 4427 1391 4499 refugiunt,
1423 4436 1478 4484 et
1504 4437 1694 4484 contra
1721 4431 1848 4495 hoc,
1875 4429 2020 4499 quod
2049 4428 2114 4484 de

2209 3338 2420 3386 ctorum
2442 3332 2745 3396 doctorum,
2770 3329 2862 3400 qui
2882 3327 3058 3384 ofﬁcio
3080 3327 3376 3399 apostolico
3396 3326 3801 3395 mancipantur,

2207 3419 2264 3474 in
2294 3419 2530 3475 culmine
2565 3419 2946 3476 ecclesiasticas
2979 3418 3257 3488 dignitatis
3299 3415 3630 3472 constituit?
3661 3412 3803 3481 Quod

2208 3510 2347 3565 bene
2373 3511 2700 3582 praesagium
2733 3509 2970 3566 nominis
3012 3508 3184 3578 ipsius
3220 3513 3534 3562 monstrare
3561 3505 3802 3571 videtur;

2208 3598 2392 3671 Asaph
2419 3601 2567 3655 enim
2592 3616 2910 3672 congregans
2939 3599 3346 3669 interpretatur.
3377 3596 3448 3652 Et
3487 3597 3638 3654 bene
3688 3613 3807 3651 coa-

2210 3706 2435 3762 gregans
2462 3691 2685 3758 dicitur,
2714 3691 2809 3763 qui
2836 3705 3089 3746 sermone
3114 3698 3266 3746 recto
3294 3705 3361 3745 ac
3382 3689 3534 3745 bono
3560 3689 3808 3762 exemplo

2210 3781 2411 3838 multos
2448 3781 2516 3836 ad
2560 3781 2724 3838 ﬁdem
2749 3780 2951 3837 Christi
2981 3788 3036 3836 et
3065 3780 3135 3836 ad
3175 3779 3381 3836 cultum
3411 3779 3647 3850 pietatis
3690 3795 3808 3836 eon-

2211 3880 2425 3928 vertere
2443 3879 2695 3929 conatur.
2721 3871 2909 3942 Asaph
2933 3886 3063 3944 ergo
3084 3878 3138 3927 et
3159 3870 3362 3928 fratres
3384 3871 3502 3942 ejus
3529 3871 3807 3942 principes

2212 3963 2282 4019 ad
2311 3962 2639 4020 laudandum
2667 3963 2956 4019 Dominum
2997 3963 3423 4028 constituuntur,
3467 3977 3602 4018 cum
3637 3963 3808 4018 sancti

2213 4054 2494 4126 apostolici
2517 4053 2622 4109 viri
2662 4054 2731 4110 ad
2757 4054 3163 4134 convocandum
3191 4064 3354 4124 atque
3387 4054 3808 4111 coadunandum

2213 4161 2499 4202 numerum
2518 4145 2756 4201 ﬁdelium
2780 4146 2834 4200 in
2855 4145 2962 4202 ﬁde
2984 4146 3052 4202 ab
3075 4146 3191 4216 ipso
3213 4145 3443 4200 Domino
3456 4147 3805 4202 ordinantur.

2215 4239 2292 4294 De
2329 4239 2524 4309 quibus
2565 4239 2885 4294 admirando
2926 4237 3211 4295 Psalmista
3242 4239 3311 4294 ad
3350 4239 3651 4294 Dominum
3696 4239 3803 4294 ait:

2217 4331 2392 4386 Nimis
2421 4332 2664 4386 honorati
2684 4340 2803 4385 sunt
2827 4330 2984 4384 amici
3013 4332 3118 4395 tui,
3145 4331 3320 4396 Deus;
3346 4331 3505 4385 nimis
3539 4330 3808 4399 conforta-

2215 4430 2300 4476 tus
2327 4431 2403 4477 est
2442 4422 2769 4493 principatus
2800 4437 2980 4475 eorum
3018 4419 3188 4491 (Psal.
3221 4419 3510 4492 cxxxvm).
3537 4419 3612 4474 Et
3640 4421 3803 4474 item:

525 4525 585 4566 se
612 4511 840 4568 interius
865 4516 1127 4586 cogitant,
1155 4518 1312 4587 quasi
1339 4517 1509 4588 rigida
1556 4518 1797 4573 exterius
1827 4525 2115 4574 venustate
2139 4564 2191 4588 ἢ
2218 4512 2533 4579 Constitues,
2553 4512 2750 4583 inquit,
2772 4529 2858 4566 eos
2879 4511 3137 4582 principes
3167 4529 3324 4582 super
3343 4527 3551 4565 omnem
3580 4521 3807 4576 terram;

529 4603 838 4673 palliantur.
873 4605 939 4660 Et
968 4616 1095 4662 sunt
1125 4608 1390 4672 nonnulli,
1426 4609 1518 4677 qui
1545 4609 1683 4663 viles
1709 4609 1880 4662 videri
1911 4609 1979 4662 ab
2009 4609 2108 4664 ho-

527 4693 765 4749 minibus
790 4704 1080 4765 appetunt,
1126 4705 1288 4768 atque
1328 4713 1428 4768 per
1457 4714 1618 4754 omne
1649 4699 1792 4768 quod
1835 4707 1990 4766 sunt,
2021 4699 2114 4755 de-

525 4783 703 4854 jectos
742 4800 801 4839 se
847 4787 1154 4844 exhibendo
1195 4798 1589 4858 contemnunt,
1619 4791 1718 4846 sed
1759 4799 1944 4847 tamen
1971 4791 2114 4863 apud

529 4891 589 4930 se
620 4877 889 4932 introrsus
917 4880 1072 4948 quasi
1111 4896 1177 4934 ex
1224 4881 1344 4951 ipso
1372 4883 1567 4938 merito
1614 4892 1847 4940 ostensae
1888 4884 2114 4940 vilitatis

527 4963 922 5032 intumescunt,
970 4977 1024 5024 et
1078 4977 1226 5025 tanto
1276 4971 1450 5042 magis
1497 4972 1551 5027 in
1591 4975 1753 5030 corde
1793 4975 1920 5031 elati
1965 4984 2113 5042 sunt,

529 5065 735 5125 quanto
765 5058 994 5130 amplius
1043 5061 1098 5115 in
1144 5063 1324 5131 specie
1365 5062 1648 5120 elationem
1683 5075 1956 5137 premunt.
1985 5065 2117 5134 Qua:

529 5153 759 5218 utraque
787 5151 949 5206 unius
982 5152 1231 5208 elationis
1258 5153 1399 5209 bella
1425 5171 1622 5227 magna
1663 5155 1835 5214 David
1877 5159 2117 5214 circum-

530 5239 808 5307 spectione
837 5242 1218 5312 deprehendit,
1253 5245 1393 5300 mira
1422 5247 1624 5304 virtute
1653 5251 1948 5319 superavit.
1977 5240 2116 5317 Quia

531 5331 678 5386 enim
707 5333 772 5389 de
795 5336 1088 5407 semetipso
1116 5337 1265 5393 intus
1291 5339 1516 5394 humilia
1547 5341 1809 5408 sentiens,
1855 5341 2117 5396 honorem

531 5427 774 5483 exterius
802 5443 908 5483 non
935 5431 1149 5499 quaerit,
1175 5431 1432 5500 insinuat,
1465 5433 1692 5489 dicens:
1725 5433 1932 5488 Ludam
1962 5443 2011 5488 et
2042 5434 2120 5488 vi-

531 5515 634 5570 lior
651 5517 798 5584 ﬁam.
828 5517 895 5572 Et
919 5519 1044 5589 quia
1066 5534 1164 5590 per
1189 5521 1312 5588 hoc,
1341 5525 1483 5593 quod
1508 5524 1613 5579 vile
1637 5532 1744 5590 est,
1788 5539 1848 5579 se
1878 5525 2120 5580 exterius

532 5610 767 5678 praebuit
797 5627 1138 5682 nequaquam
1166 5614 1390 5671 interius
1418 5617 1799 5680 intumescere,
1831 5615 2075 5687 adjungit
2101 5630 2117 5670 :

536 5700 747 5774 Eroque
789 5706 1002 5760 humilis
1048 5709 1102 5762 in
1141 5710 1306 5764 oculis
1344 5711 1493 5765 meis.
1529 5710 1608 5765 Ac
1637 5710 1683 5765 si
1716 5718 1903 5781 aperte
1934 5710 2116 5766 dicat:

2137 4564 2192 4625 D

2217 4621 2468 4659 memores
2494 4613 2646 4658 erunt
2674 4602 2899 4656 nominis
2928 4603 3028 4667 tui,
3056 4601 3281 4656 Domine
3301 4643 3317 4668 ,
3345 4602 3400 4654 in
3422 4601 3568 4655 omni
3597 4617 3808 4672 genera-

2217 4696 2355 4749 tione
2377 4702 2423 4748 et
2447 4693 2688 4763 progenie
2719 4689 2892 4764 (Psal.
2920 4690 3088 4762 κων).
3119 4690 3250 4748 Post
3277 4692 3412 4758 haec,
3439 4691 3670 4746 modum
3699 4690 3807 4744 lau-

2220 4784 2453 4840 dationis
2486 4799 2647 4853 quem
2681 4783 2851 4838 David
2878 4783 2994 4853 ipse
3033 4783 3338 4852 composuit
3366 4782 3612 4852 scriptor
3634 4783 3804 4838 histo-

2219 4877 2375 4934 toriat
2395 4876 2848 4942 inseruit,'dicens
2871 4894 2885 4931 :
2908 4874 3244 4946 Con/itemini
3269 4875 3492 4930 Domino
3507 4884 3558 4929 et
3576 4876 3807 4929 invocat:

2225 4987 2413 5026 nomen
2439 4970 2573 5037 eius.
2589 4967 2754 5038 Cujus
2766 4967 2957 5039 psalmi
2982 4969 3174 5024 titulus
3198 4977 3283 5024 est
3303 4987 3314 5021 :
3333 4966 3584 5021 Alleluia.
3604 4965 3676 5021 Et
3699 4979 3804 5020 me

2218 5061 2344 5128 rite,
2361 5061 2488 5131 quia
2504 5068 2650 5115 totus
2669 5059 2724 5113 in
2742 5059 2990 5115 laudibus
3010 5059 3106 5114 Dei
3125 5058 3446 5129 explicatur.
3462 5055 3582 5112 Hoc
3593 5055 3804 5126 quidem

2216 5153 2369 5210 verbi
2389 5154 2552 5209 decus
2568 5153 2624 5206 in
2645 5152 2854 5222 psalmo
2868 5168 2900 5206 a
2914 5152 3167 5222 praesenti
3182 5151 3390 5221 psalmo
3406 5149 3537 5205 fecit
3557 5149 3770 5204 initium
3787 5164 3799 5200 :

2220 5260 2323 5300 nec
2348 5253 2510 5299 antea
2537 5259 2570 5298 a
2598 5259 2872 5314 quoquam
2902 5243 3079 5314 reperi
3092 5242 3350 5314 positum,
3376 5241 3631 5312 quamvis
3660 5236 3803 5296 multi

2220 5337 2511 5408 scriptores
2540 5334 2739 5391 fuerint
2763 5336 3018 5407 primitus
3040 5334 3413 5392 Hebraeorum.
3440 5334 3598 5391 Scire
3631 5341 3800 5389 autem

2222 5429 2499 5495 debemus,
2531 5427 2760 5482 Alleluia
2795 5428 2974 5484 neutri
2997 5429 3213 5498 generis
3235 5443 3357 5484 esse
3384 5427 3638 5492 ﬁnitum,
3669 5423 3802 5496 quod

2220 5530 2276 5576 et
2302 5528 2523 5576 sanctus
2540 5519 2900 5591 Hieronymus
2914 5521 2969 5575 in
2990 5519 3328 5590 expositione
3350 5520 3600 5589 ejusdem
3615 5513 3801 5588 psalmi

2220 5618 2502 5673 evidenter
2525 5616 2792 5688 designat.
2820 5616 2974 5684 Quod
3003 5630 3128 5670 eum
3162 5616 3218 5670 in
3254 5611 3538 5669 Hebraicis
3565 5609 3801 5664 fontibus

2221 5710 2493 5765 credimus
2523 5708 2810 5776 invenisse,
2833 5716 2890 5763 et
2918 5706 3038 5764 ideo
3065 5706 3372 5775 ubicunque
3401 5718 3462 5759 se
3490 5701 3639 5758 locus
3666 5706 3800 5787 attu-

607 5828 636 5858 ι
675 5815 696 5871 1
718 5817 848 5890 Reg.
874 5836 1014 5888 xvu;
1038 5821 1058 5877 l
1081 5822 1216 5894 Reg.
1240 5822 1566 5896 xv1;lReg.
1589 5839 1734 5893 xvn;
1757 5823 1928 5898 lReg.
1951 5839 2118 5894 xvm;
2151 5822 2362 5901 ll_Reg.
2394 5838 2457 5892 ιι,
2486 5839 2570 5878 ιιι.

3913 1055 3917 1276 ἱ
