3958 6470
35 355 156 417 553

999 345 1356 406 COMMENT.
1392 347 1461 406 ΙΝ
1500 346 2055 408 PARALIPOMENA.
2093 378 2165 392 —-
2192 348 2321 407 LIB.
2355 350 2419 407 ll.

3234 353 3341 411 554

41 469 206 535 ierit,
242 480 282 523 a
308 462 634 523 doctissimo
655 462 776 520 viro
799 445 1082 534 préﬁxam
1104 462 1345 533 regulam
1370 464 1666 533 subseque—
1690 465 1747 526 Α
1838 464 2076 521 Laudate
2098 482 2283 520 nomen
2322 475 2561 520 sanctum
2588 467 2723 537 ejus.
2754 465 2846 521 llle
2882 466 3078 538 quippe
3105 469 3207 523 rite
3240 485 3342 526 no-

46 575 185 618 mur
212 576 230 616 :
263 556 541 628 quoniam
563 569 733 609 unum
761 562 923 623 atque
944 553 1211 626 integrum
1245 568 1466 609 manere
1488 555 1663 621 debet,

47 653 188 725 quia
260 648 479 706 nullius
527 647 726 719 linguae
769 647 1193 719 pmsumptione
1243 653 1511 701 mutatum
1560 653 1664 701 est.

50 743 303 804 Alleluia
328 743 487 800 enim
504 743 648 813 apud
668 743 817 812 ipsos
837 740 1068 797 dicitur:
1094 738 1340 795 Laudare
1361 738 1665 805 Dominum,

50 836 111 893 id
143 842 239 892 est
267 832 464 898 allelu,
488 832 729 896 laudare,
763 831 818 886 al
842 832 1041 911 quippe
1062 830 1384 886 invisibilem
1403 828 1672 901 signiﬁcat

51 927 373 986 Dominum
401 943 417 981 :
447 925 593 997 quod
618 940 786 979 unum
806 923 1093 981 Dominum
1120 939 1187 980 ex
1216 924 1403 979 decem
1439 921 1671 978 nomini-

53 1020 163 1076 bus
201 1031 340 1075 esse
381 1016 482 1072 Dei
530 1015 585 1071 in
631 1014 854 1087 epistola
894 1015 962 1071 ad
998 1013 1303 1071 Marcellam
1342 1013 1672 1084 Hieronymo

53 1109 309 1166 traditur
333 1115 671 1180 exponente,
700 1107 795 1178 qui
837 1106 972 1162 dixit
997 1123 1011 1161 :
1036 1106 1279 1162 Primum
1318 1104 1417 1161 Dei
1464 1119 1667 1160 nomen

56 1213 144 1263 est
170 1202 247 1271 el,
271 1202 335 1259 id
348 1210 441 1258 est
458 1200 634 1258 fortis.
659 1199 865 1256 Deinde
890 1199 1045 1255 eloim
1064 1215 1133 1256 ex
1152 1198 1285 1266 eloe,
1301 1198 1442 1268 quod
1461 1205 1673 1253 utrum-

56 1311 166 1370 que
186 1294 413 1352 dicitur
436 1286 582 1349 Delis
608 1311 621 1347 :
652 1292 796 1348 unde
824 1291 1156 1363 geminatum
1182 1289 1497 1360 frequenter
1522 1290 1675 1344 inve-

60 1389 273 1452 nimus,
300 1395 365 1441 ut
388 1393 506 1441 est:
530 1384 695 1451 Deus,
710 1382 851 1438 Deus
871 1400 1037 1449 meus,
1062 1399 1225 1454 quare
1251 1398 1332 1435 me
1351 1379 1674 1452 dereliquisti

61 1475 242 1551 (Psal.
272 1474 402 1546 xxx)
418 1476 445 1530 ‘l
467 1476 534 1530 Et
556 1493 570 1529 :
599 1474 765 1539 Deus,
787 1472 925 1527 Deus
951 1489 1120 1539 meus,
1143 1473 1212 1527 ad
1234 1481 1283 1526 te
1304 1472 1368 1526 de
1387 1471 1501 1525 luce
1516 1470 1673 1541 vigilo

65 1565 244 1642 (Psal.
280 1566 459 1642 Lxu),
484 1575 539 1622 et
558 1566 645 1621 bis
664 1565 881 1621 similia.
909 1565 1192 1633 Quartum,
1224 1562 1510 1631 Sabbaotlz,
1533 1563 1676 1634 quod

63 1670 169 1727 est,
201 1661 571 1716 exercituum.
594 1659 874 1728 Quintum,
902 1657 1020 1713 elon
1040 1699 1056 1724 ,
1090 1672 1251 1728 quem
1277 1672 1379 1712 nos
1412 1655 1676 1712 excelsum

66 1754 331 1812 dicimus.
357 1753 617 1817 Sextum,
643 1751 958 1817 Asserheice,
993 1749 1137 1820 quod
1162 1749 1217 1803 in
1239 1748 1425 1804 Exodo
1445 1747 1672 1819 legitur:

1767 572 1892 613 men
1927 558 2141 612 Domini
2180 556 2389 620 laudat.
2422 558 2512 628 qui
2545 573 2733 613 sanam
2769 558 2929 615 ﬁdem
2964 570 3112 617 recte
3149 564 3344 633 praedi-

1768 655 1877 711 cat,
1904 654 1958 703 et
1980 648 2117 702 bene
2139 647 2385 713 vivendo,
2413 648 2573 705 bonis
2595 651 2849 720 operibus
2874 666 2994 707 eam
3031 652 3151 708 aliis
3185 654 3345 724 digne

1768 741 2130 797 commendat.
2159 739 2217 794 ln
2248 741 2542 795 centesimo
2574 757 2789 812 quoque
2819 751 2874 799 et
2908 754 3103 816 quarto
3134 748 3346 817 psalmo

1768 830 1843 886 ita
1881 831 2143 902 scriptum
2181 838 2304 887 est:
2336 828 2658 887 Laudamini
2684 834 2742 888 in
2771 835 2980 891 nomine
3012 844 3196 891 sancto
3225 838 3341 912 ejus

1770 920 1945 995 (Psal.
1967 922 2103 996 CIV).

1839 1014 2073 1071 Lcetctur
2096 1033 2189 1072 cor
2211 1018 2555 1088 querentium
2590 1015 2899 1073 Dominum.
2922 1017 3002 1075 Ne
3033 1019 3157 1090 quis
3192 1020 3351 1079 forsi-

1769 1115 1863 1163 tan
1890 1106 2006 1163 suis
2035 1107 2242 1163 viribus
2269 1106 2586 1180 applicaret,
2614 1122 2739 1164 cum
2769 1108 2895 1164 boni
2923 1109 3124 1181 aliquid
3149 1126 3347 1182 opera-

1770 1208 1882 1265 tur,
1922 1206 2113 1255 cautus
2153 1200 2344 1255 doctor
2385 1198 2604 1271 fragiles
2647 1204 2863 1266 monet,
2904 1198 3117 1267 dicens,
3158 1216 3267 1257 non
3296 1202 3352 1257 in

1772 1309 1934 1351 sensu
1971 1294 2215 1364 preprio,
2256 1293 2351 1349 sed
2392 1292 2449 1348 in
2477 1291 2707 1349 Domino
2733 1307 2853 1350 esse
2882 1292 3254 1365 gloriandum,
3292 1301 3353 1350 ut

1765 1387 2080 1458 iactantiam
2118 1385 2313 1443 falsam
2357 1385 2661 1459 refugiant,
2689 1401 2813 1443 cum
2857 1387 2974 1442 haec
3011 1402 3042 1441 a
3075 1386 3355 1443 divinitate

1773 1491 2031 1533 concessa
2062 1492 2185 1533 esse
2230 1485 2595 1548 cognoscant;
2625 1476 2768 1533 sicut
2803 1484 2860 1533 et
2906 1476 2962 1532 in
3000 1476 3107 1533 alio
3144 1475 3353 1547 psalmo

1773 1567 2009 1639 legitur:
2040 1566 2108 1621 In
2151 1566 2376 1622 Domino
2434 1566 2740 1621 laudabitur
2785 1567 2965 1621 anima
2998 1583 3115 1621 mea
3170 1562 3355 1637 (Psal.

1773 1657 1991 1731 xxxm).
2033 1656 2151 1715 Non
2197 1673 2328 1729 ergo
2368 1665 2553 1725 vetat,
2591 1665 2654 1713 ut
2687 1657 2990 1725 laudemur,
3032 1656 3158 1727 quia
3198 1654 3358 1711 bonis

1780 1752 2083 1807 actionibus
2110 1766 2218 1807 non
2244 1758 2423 1821 potest
2463 1765 2552 1806 res
2581 1751 2687 1806 ista
2729 1749 3014 1821 denegari;
3047 1747 3143 1805 sed
3171 1748 3228 1804 in
3254 1746 3362 1802 Do-

65 1840 173 1911 ραέ
216 1849 329 1908 est,
378 1841 533 1896 misit
562 1856 643 1894 me
684 1839 882 1913 (Exod.
928 1836 1037 1911 ιιι).
1084 1837 1418 1908 Septimum,
1449 1837 1675 1902 Αάοηαὶ,
1705 1823 1755 1885 Β
1784 1845 1933 1900 mino
1958 1843 2260 1909 laudemur,
2291 1844 2383 1914 qui
2409 1850 2637 1914 praestat
2663 1842 2755 1897 illa
2784 1857 2904 1913 quae
2928 1842 3067 1897 bene
3100 1840 3360 1911 gerimus.

67 1948 232 2005 quem
274 1947 385 1989 nos
432 1931 720 1987 Dominum
766 1930 1091 2002 generaliter
1125 1928 1477 2000 appellamus.
1509 1927 1674 1983 Octa-

68 2039 220 2093 vum,
246 2023 343 2091 fa,
373 2023 531 2095 quod
559 2022 670 2077 Deo
690 2029 902 2076 tantum
927 2018 1247 2091 applicatur,
1277 2026 1334 2074 et
1365 2018 1423 2072 in
1446 2016 1702 2071 Alleluia'

71 2124 323 2171 extrema
348 2114 567 2186 syllaba
587 2120 764 2168 sonat.
795 2110 1006 2166 Nonum
1041 2120 1470 2182 tetragrammum
1487 2150 1503 2176 ,
1531 2110 1679 2180 quod

72 2201 355 2260 ineﬁ‘abile
383 2210 758 2272 nuncupatur.
782 2200 1061 2255 Decimum
1082 2240 1099 2266 ,
1125 2200 1311 2254 Adona
1331 2239 1348 2265 ,
1393 2198 1448 2254 id
1471 2205 1557 2253 est
1594 2214 1682 2252 ro-

73 2294 286 2350 bustum
312 2304 365 2349 et
392 2293 736 2364 sufficientem
760 2291 830 2347 ad
859 2292 1036 2347 omnia
1054 2290 1426 2363 perpetranda,
1442 2298 1550 2346 etc.
1572 2288 1681 2345 No-

74 2400 175 2443 vus
200 2386 372 2459 plane
397 2384 616 2451 titulus,
638 2391 695 2440 et
712 2384 841 2440 dicti
861 2384 1030 2455 ipsius
1049 2382 1315 2440 brevitate
1336 2383 1677 2454 conspicuus.

76 2473 192 2531 Hoc
245 2474 511 2531 ecclesiis
545 2473 786 2529 ‘votivum
806 2514 823 2541 ,
874 2474 978 2530 hoc
1032 2473 1237 2530 sanctis
1290 2473 1681 2529 festivitatibus

84 2570 346 2626 decenter
392 2570 828 2624 accommodum.
874 2567 1013 2623 Hinc
1058 2577 1285 2625 ematur
1325 2567 1508 2640 lingua
1553 2582 1683 2623 can-

84 2669 288 2716 torum.
321 2658 483 2715 Istud
513 2658 636 2714 aula
662 2657 877 2714 Domini
901 2658 1024 2714 lzeta
1056 2659 1373 2729 respondet;
1401 2666 1458 2712 et
1475 2664 1588 2712 tam
1604 2657 1685 2713 in-

84 2750 338 2808 satiabile
356 2749 567 2805 bonum
589 2748 760 2819 tropis
777 2764 992 2821 semper
1009 2748 1351 2804 variantibus
1368 2747 1679 2803 innovatur.

154 2839 545 2909 Confitemini,
586 2838 795 2909 inquit,
838 2838 1101 2906 Domino,
1141 2847 1190 2893 et
1224 2839 1463 2894 invocata
1492 2854 1685 2893 nomen

86 2930 202 3008 ejus
223 2931 245 2989 ζ’
276 2938 439 2991 notas
467 2928 627 3005 facile
650 2930 709 2991 in
744 2927 951 3011 populis
988 2927 1381 2984 adinventiones
1425 2924 1594 2982 illius.
1624 2926 1685 2982 In

87 3027 193 3084 hoc
225 3041 401 3083 versu
450 3028 621 3083 tribus
662 3033 877 3084 constat
919 3026 1166 3099 partibus
1209 3019 1345 3076 ordo
1394 3020 1681 3076 dictorum.

88 3118 277 3175 Primo
298 3119 471 3175 dicit:
495 3117 830 3189 Conﬁtemini
844 3117 1093 3184 Domino,
1118 3119 1174 3175 id
1196 3120 1282 3174 est
1294 3112 1512 3174 laudate
1535 3128 1681 3180 eum,

88 3219 144 3268 et
166 3212 335 3269 bonis
362 3211 579 3267 actibus
606 3212 837 3283 gratiam
863 3212 1021 3268 vobis
1060 3211 1358 3267 divinitatis
1384 3206 1650 3282 acquirite
1667 3220 1692 3265 ι

91 3304 237 3376 quod
269 3304 459 3375 ipsum
494 3311 581 3358 est
604 3302 826 3358 laudare
850 3303 1170 3368 Dominum,
1196 3312 1252 3358 et
1286 3318 1384 3360 ore
1418 3301 1496 3358 illi
1520 3303 1693 3359 hono-

90 3407 209 3449 rem
234 3391 495 3456 deferre,
533 3400 590 3447 et
614 3391 869 3463 operibus
898 3390 1016 3462 ejus
1037 3390 1310 3461 jussiones
1338 3390 1568 3448 efﬁcere.
1600 3390 1694 3447 Illa

91 3485 243 3540 enim
273 3481 555 3540 confessio
582 3484 672 3540 hic
696 3484 1044 3557 intelligenda
1062 3492 1165 3551 est,
1188 3500 1307 3555 qua:
1322 3484 1534 3540 Domini
1554 3499 1696 3556 prse-

96 3576 256 3632 conia
283 3575 574 3632 celebrare
598 3593 710 3643 non
739 3578 958 3644 desinit,
989 3580 1205 3648 quando
1227 3587 1282 3633 et
1305 3578 1693 3649 subsequentia

98 3666 204 3723 tale
221 3674 422 3723 votum
444 3667 819 3740 actionemque
840 3669 1141 3726 declarant.
1171 3669 1378 3726 Deinde
1402 3670 1692 3725 Dominum

104 3767 421 3815 commonet
446 3757 715 3825 invocari,
734 3767 797 3813 ut
815 3760 967 3831 prius
994 3759 1314 3830 mysterium
1338 3759 1695 3815 sanctissimae

105 3846 277 3905 laudis
299 3856 460 3921 grate
472 3848 743 3920 possimus
759 3849 967 3905 audire.
983 3848 1427 3906 Praemittendum
1444 3858 1530 3907 est
1548 3850 1696 3907 enim

108 3937 234 3995 boui
261 3940 494 4011 aliquid,
522 3950 585 3996 ut
602 3941 769 4013 iudex
790 3956 892 3998 nos
924 3941 1168 4012 placatus
1208 3940 1482 3998 exaudiat.
1510 3941 1697 3998 Tertio

112 4028 274 4086 dicit:
305 4030 486 4087 Notas
532 4033 690 4102 facite
746 4033 804 4088 in
843 4033 1049 4105 populis
1095 4033 1487 4089 adinventiones
1527 4032 1694 4091 illius.

115 4119 263 4187 Quod
299 4121 444 4179 bene
479 4130 662 4193 potest
708 4123 958 4193 gloriosis
991 4124 1340 4197 evangelistis
1375 4132 1433 4180 et
1464 4126 1695 4181 sanctis-

118 4208 263 4265 simis
293 4211 560 4283 apostolis
591 4220 647 4265 et
672 4226 817 4267 nunc
844 4212 1048 4268 sanctis
1088 4213 1462 4269 sacerdotibus
1496 4228 1699 4270 conve-

123 4300 254 4370 nire,
280 4304 375 4374 qui
402 4318 507 4375 per
530 4311 718 4376 gentes
745 4304 1002 4361 universa
1034 4306 1306 4376 magnalia
1338 4307 1457 4378 ejus
1491 4324 1703 4364 annun-

124 4394 253 4467 tiare
278 4406 601 4456 noscuntur.

191 4485 369 4544 Canite
385 4500 437 4547 et
457 4489 666 4561 psallite
685 4490 756 4559 ei,
778 4502 826 4548 et
847 4503 1060 4549 narrate
1078 4495 1256 4550 omnia
1273 4496 1543 4551 mirabilia
1562 4497 1699 4567 ejus.

128 4576 351 4650 Exponit
394 4583 544 4656 quod
582 4586 831 4655 superius
870 4587 1043 4643 dixit:
1070 4586 1405 4659 Canﬁtemini
1446 4589 1695 4646 Domino.

132 4664 339 4727 Cantate
364 4674 513 4729 enim
541 4675 611 4731 ad
647 4676 876 4748 hymnos
902 4678 1138 4749 pertinet
1177 4679 1488 4737 offerendos
1516 4699 1529 4734 :
1556 4681 1700 4753 psal-

135 4754 216 4812 lite
236 4761 302 4816 ad
325 4763 446 4833 pias
480 4779 678 4836 operas
714 4768 1097 4839 explanandas.
1129 4771 1199 4826 Et
1234 4780 1366 4827 tunc
1404 4773 1541 4829 dixit
1568 4789 1701 4829 nar-

137 4851 294 4908 randa
315 4855 609 4924 mirabilia,
644 4860 859 4929 quando
884 4860 1090 4917 fuerint
1118 4862 1223 4919 duo
1266 4863 1373 4918 ista
1398 4865 1699 4934 praemissa.

141 4938 318 5000 Omnia
349 4947 497 5003 enim
537 4950 807 5021 signiﬁcat
833 4951 975 5019 ista,
1003 4967 1125 5023 qua:
1165 4953 1409 5009 dicturus
1447 4963 1552 5010 est.
1583 4955 1705 5011 Non

142 5032 275 5090 enim
299 5036 659 5096 humanarum
692 5042 888 5098 virium
914 5044 1096 5098 omnia
1130 5058 1358 5100 narrare
1382 5059 1507 5115 qua:
1530 5046 1704 5102 virtus

146 5119 438 5189 DiVinitatis
464 5143 749 5206 operatur;
780 5135 921 5191 sicut
948 5136 1006 5191 in
1032 5138 1331 5193 centesimo
1351 5138 1541 5208 quinto
1568 5138 1709 5209 psal-

148 5230 229 5274 mo
262 5226 521 5297 seriptum
567 5237 655 5283 est
687 5247 701 5283 :
728 5227 860 5295 Quis
888 5229 1129 5301 loquetur
1157 5232 1416 5302 potentias
1454 5231 1705 5299 Domini,

153 5311 345 5369 auditas
367 5315 521 5386 faciet
540 5335 716 5374 omnes
736 5319 917 5376 laudes
938 5321 1052 5391 ejus
1079 5318 1255 5393 (Psal.
1279 5320 1403 5393 av)?
1427 5320 1536 5377 Sed
1567 5323 1711 5379 istud

154 5400 356 5461 schema
395 5409 594 5466 dicitur
621 5426 689 5466 ex
718 5419 870 5482 parte
897 5420 1107 5468 totum:
1137 5414 1282 5484 quod
1319 5414 1376 5469 in
1409 5413 1710 5485 Scripturis

159 5488 447 5565 freqnenter
470 5501 728 5559 invenies.
750 5502 863 5560 Nec
887 5503 1043 5559 aliter
1063 5513 1211 5561 recte
1233 5512 1411 5576 potest
1432 5506 1709 5577 Evangelii

161 5580 291 5641 istud
331 5591 528 5648 dictum
558 5594 818 5666 intelligi:
857 5588 1080 5651 Verbum
1123 5614 1246 5650 caro
1279 5598 1473 5664 factum
1512 5607 1618 5663 est,
1662 5606 1711 5651 et

167 5672 390 5734 habitavit
412 5685 465 5737 in
481 5684 627 5738 nobis
648 5684 913 5758 (Joan.1);
934 5689 1087 5758 quasi
1108 5704 1213 5742 non
1229 5696 1281 5743 et
1294 5690 1529 5742 animam
1551 5688 1711 5744 simul

169 5777 523 5844 assumpserit,
554 5792 708 5848 quam
741 5779 1043 5849 specialiter
1068 5780 1301 5837 liberare
1330 5779 1578 5850 dignatus
1605 5788 1707 5835 est.

1777 1938 1845 1994 Et
1871 1946 1932 1993 ut
1956 1936 2385 1993 consolationem
2411 1937 2477 1992 de
2505 1935 2601 1991 tali
2626 1941 2989 2000 resumerent,
3015 1933 3239 2000 lectetur,
3264 1932 3364 1998 ait,

1778 2046 1870 2084 cor
1908 2028 2255 2100 quierantium
2294 2025 2598 2081 Dominum.
2644 2024 2864 2081 Scilicet
2893 2022 3016 2079 inde
3055 2021 3285 2087 laetetur,
3316 2020 3363 2076 si
3430 2014 3437 2019 ’

1775 2119 2100 2192 praedicetur
2125 2119 2181 2173 in
2204 2117 2464 2182 Domino;
2494 2131 2602 2172 non
2634 2124 2841 2181 autem,
2877 2113 2923 2170 si
2959 2113 3025 2170 de
3066 2127 3166 2168 suo
3204 2124 3365 2183 posse

1778 2210 2059 2278 laudatur;
2107 2209 2440 2281 praecipuum
2485 2208 2642 2264 nobis
2682 2216 2738 2262 et
2778 2206 3072 2278 gloriosum
3100 2202 3368 2274 siquidem

1782 2318 1904 2360 esse
1931 2304 2111 2369 debet,
2143 2301 2361 2373 quando
2389 2315 2586 2356 nomen
2617 2298 2734 2369 ejus
2760 2297 3060 2363 extollitur,
3090 2295 3183 2366 qui
3211 2292 3369 2349 nobis

1779 2392 2044 2450 beneﬁcia
2074 2391 2360 2464 profutura
2384 2389 2635 2462 largitur.
2666 2388 2823 2447 Unde
2866 2386 3047 2444 nimiae
3086 2384 3369 2456 impuden-

1781 2485 1875 2541 tia:
1900 2482 2023 2550 fuit,
2049 2481 2252 2553 aliquid
2276 2482 2541 2550 quosdam
2579 2480 2837 2536 adversus
2864 2479 2970 2535 hoc
3003 2476 3184 2533 dicere
3200 2515 3217 2541 ,
3245 2487 3346 2529 con

1783 2584 1871 2632 tra
1916 2590 2053 2647 quos
2101 2583 2212 2630 tam
2244 2574 2439 2630 crebra
2483 2571 2816 2639 testimonia,
2845 2569 2943 2628 sed
2968 2582 3108 2641 pene
3133 2566 3226 2623 lex
3254 2571 3369 2620 tota

1782 2669 1996 2741 prolata
2020 2676 2127 2724 est.

1859 2781 2096 2848 Quaerite
2119 2779 2407 2836 Dominum
2428 2786 2477 2834 et
2496 2779 2742 2834 uirtutem
2764 2775 2880 2847 ejus
2897 2787 2917 2828 .°
2938 2772 3157 2847 quaerite
3183 2768 3374 2843 faciem

1788 2876 1905 2947 ejus
1932 2889 2153 2947 semper.
2182 2871 2472 2937 Hortatur,
2494 2878 2556 2925 ut
2581 2884 2640 2926 se
2667 2869 2736 2925 ad
2769 2866 2994 2939 praemia
3026 2862 3210 2919 futura
3247 2874 3377 2917 con-

1788 2966 2028 3034 ﬁrment,
2055 2964 2148 3037 qui
2176 2980 2302 3021 eum
2327 2976 2574 3034 quaerere
2600 2960 2944 3031 delegerunt;
2976 2953 3074 3011 sed
3107 2951 3251 3010 .stud
3285 2949 3368 3005 de-

1790 3058 2073 3137 siderium,
2102 3058 2206 3113 ista
2243 3054 2525 3127 inquisitio
2553 3068 2660 3109 non
2688 3060 2773 3108 est
2807 3050 2898 3107 hic
2934 3047 3211 3120 aliquanto
3246 3051 3379 3099 tem-

1712 3178 1761 3247 α
1789 3164 1921 3221 pore
1948 3134 2221 3247 Qﬁnienda,
2243 3147 2521 3247 Aquoniam
2571 3142 2812 3247 addidit:
2848 3140 3067 3244 Semper
3096 3152 3115 3190 :
3141 3134 3381 3241 maxime

1793 3255 1921 3300 eum
1948 3238 2159 3313 legatur
2189 3257 2202 3295 :
2234 3237 2340 3306 Qui
2363 3238 2513 3310 petit,
2547 3235 2770 3307 accipit;
2799 3241 2848 3288 et
2872 3232 2964 3304 qui
2987 3228 3200 3302 quaerit,
3230 3226 3374 3280 inve-

1794 3335 1872 3390 nit
1904 3350 1922 3389 :
1954 3340 2004 3387 et
2046 3329 2280 3403 pulsanti
2327 3327 2592 3400 aperietur
2634 3322 2850 3397 (Matth.
2895 3319 3018 3393 vn).
3058 3316 3194 3373 Nam
3238 3313 3384 3386 quod

1795 3422 1928 3480 dicit
1955 3440 1970 3476 :
2001 3420 2234 3488 Quaerite
2280 3416 2472 3488 faciem
2500 3415 2615 3485 ejus
2659 3428 2859 3483 semper
2880 3428 2899 3466 :
2925 3407 3270 3483 prmsentiam
3304 3404 3382 3461 si-

1796 3511 2037 3585 gniﬁcat,
2067 3524 2230 3581 quam
2268 3506 2417 3563 solus
2443 3504 2642 3576 quaerit
2671 3501 2894 3559 humilis
2924 3516 2989 3556 ac
3025 3500 3267 3555 devotus.
3291 3494 3386 3551 Ju-

1797 3606 1979 3662 dicem
2004 3602 2151 3657 enim
2178 3599 2495 3656 desiderare
2518 3611 2627 3651 non
2653 3601 2854 3667 potest,
2875 3592 2985 3650 nisi
3007 3591 3103 3663 qui
3129 3590 3195 3646 de
3215 3588 3387 3661 ipsius

1794 3695 2000 3767 pietate
2031 3689 2275 3757 conlidit,
2306 3697 2363 3745 et
2388 3704 2510 3744 cum
2535 3686 2882 3758 praesentiam
2910 3682 3027 3754 ejus
3052 3682 3232 3754 cupit,
3264 3694 3324 3736 se
3354 3694 3386 3734 a

1795 3800 1964 3856 prava
1996 3782 2210 3839 actione
2238 3779 2539 3850 suspendit.
2571 3777 2829 3846 Quaesivit
2856 3775 3001 3858 enim
3027 3773 3222 3829 faciem
3238 3769 3386 3841 judi-

1797 3876 1906 3943 cis,
1942 3873 2160 3946 quando
2196 3872 2333 3928 dixit
2367 3868 2659 3941 Apostolus
2687 3886 2702 3924 :
2730 3866 2938 3923 Bonum
2966 3874 3230 3921 certamen
3267 3877 3379 3916 cer-
3478 3920 3487 3925 _

1798 3968 1904 4023 tavi
1922 4008 1937 4034 ,
1962 3982 2174 4022 cursum
2210 3964 2605 4030 consummavi,
2632 3962 2789 4032 ﬁdem
2814 3957 3012 4015 servavi
3041 3972 3062 4013 :
3088 3956 3154 4011 de
3196 3962 3383 4010 ca'tero

1800 4057 2030 4128 reposita
2057 4064 2133 4112 est
2168 4055 2296 4110 mihi
2324 4070 2520 4109 corona
2555 4052 2812 4124 justitiw,
2851 4066 3008 4123 quam
3044 4046 3221 4103 reddet
3259 4043 3388 4099 mihi

1799 4149 2057 4204 Dominus
2078 4149 2135 4203 in
2168 4146 2264 4202 illa
2302 4146 2387 4201 die
2418 4146 2600 4216 justus
2629 4142 2800 4214 judex
2829 4139 2915 4213 (II
2950 4138 3087 4194 Tim.
3115 4136 3214 4211 tv).
3239 4134 3385 4192 Talis

1800 4252 1934 4311 ergo
1957 4237 2106 4309 juste
2142 4235 2341 4293 faciem
2378 4233 2579 4305 judicis
2611 4232 2887 4304 qumsivit;
2917 4230 3005 4300 qui
3038 4244 3097 4286 se
3122 4231 3390 4285 coronan-

1802 4328 1932 4385 dum
1959 4342 2084 4383 esse
2120 4325 2336 4381 Domini
2362 4324 2716 4379 miseratione
2742 4321 3038 4392 praesentit.

1881 4415 2250 4473 Recordamini
2278 4411 2599 4468 mirabilium
2628 4412 2764 4484 ejus,
2791 4427 2907 4481 qua:
2934 4409 3079 4479 fecit,
3111 4406 3381 4478 signorum

1724 4507 1953 4608 Dillius
1978 4514 2029 4562 et
2048 4505 2376 4579 judiciorum
2413 4503 2522 4557 oris
2560 4502 2698 4573 ejus.
2740 4499 3184 4608 Patriarebarqm
3206 4494 3374 4608 ,ιιοωί

1804 4616 1879 4658 na
1924 4606 1982 4655 et
2029 4594 2297 4655 beneﬁcia
2335 4593 2498 4666 paulo
2541 4600 2667 4666 post
2702 4592 2901 4659 refert,
2933 4597 2994 4646 ut
3018 4589 3170 4662 plebs
3198 4588 3395 4645 devota

1804 4691 1980 4766 possit
2009 4689 2296 4745 advertere
2319 4686 2531 4742 nullum
2552 4684 2783 4742 Domino
2803 4682 2950 4738 inani
2975 4680 3257 4738 devotione
3282 4694 3397 4736 ser-

1807 4785 1971 4842 visse.
1998 4780 2263 4838 Mirabilia
2292 4780 2478 4851 itaque
2496 4778 2777 4851 pertinent
2798 4776 2864 4833 ad
2889 4775 3207 4832 divisionem
3229 4773 3399 4829 maris

1812 4875 2018 4940 Rubri,
2048 4871 2297 4945 prodigia
2326 4886 2389 4926 ac
2418 4869 2604 4941 plagas
2642 4884 2779 4939 quas
2809 4866 2959 4922 misit
2990 4866 3047 4920 in
3076 4863 3392 4935 Egyptum.

1810 4965 2029 5020 Iudicia
2076 4964 2184 5017 oris
2212 4962 2328 5032 ejus
2351 4974 2370 5013 :
2393 4960 2650 5030 quoniam
2691 4967 2886 5014 cuncta
2930 4953 3249 5024 complevit,
3276 4964 3398 5020 qua:

1809 5055 1982 5128 Moysi
2011 5069 2107 5109 suo
2136 5052 2341 5109 famulo
2369 5051 2683 5123 promisisse
2712 5048 3066 5121 dignoscitur.
3093 5043 3185 5099 Sic
3206 5043 3262 5097 in
3290 5056 3398 5097 uno

1813 5143 2106 5209 versiculo,
2136 5157 2258 5214 quae
2279 5142 2469 5197 subter
2502 5141 2667 5196 latius
2687 5139 2932 5195 dicturus
2972 5142 3123 5201 erat,
3152 5131 3400 5205 proposi4

1815 5225 1981 5293 tionis
2008 5234 2128 5289 loco
2152 5232 2393 5291 breviter
2422 5239 2546 5286 ante
2566 5228 2825 5302 praefatus
2847 5235 2950 5284 est.
2976 5225 3092 5281 Hoc
3110 5233 3292 5280 tamen
3317 5231 3401 5279 to:

1820 5337 1933 5383 tum
1960 5324 2150 5381 sentiri
2172 5323 2379 5379 mavult
2396 5323 2463 5378 de
2482 5322 2713 5377 Domino
2739 5319 2979 5376 Christo.

1892 5416 2085 5474 Semen
2130 5415 2398 5471 Abraham
2421 5415 2555 5469 servi
2578 5413 2693 5483 ejus
2719 5426 2739 5465 :
2764 5410 2868 5482 filii
2892 5410 3058 5466 Iacob
3085 5409 3235 5466 electi
3259 5408 3395 5481 ejus.

1819 5507 2260 5565 Subaudiendum
2299 5512 2381 5560 est
2407 5505 2553 5574 quod
2589 5503 2837 5573 superius
2863 5493 3005 5558 dixit
3060 5520 3073 5556 :
3132 5499 3401 5556 Recordaa

1818 5600 1967 5655 mini.
2007 5595 2467 5653 Perserutandum
2519 5602 2604 5648 est
2652 5602 2851 5659 autem,
2903 5591 3048 5663 quod
3097 5590 3153 5646 in
3201 5603 3396 5659 magna

1822 5690 2144 5745 discretione
2171 5686 2435 5756 propheta
2464 5684 2693 5739 Abrahae
2721 5699 2907 5739 semen
2934 5699 3109 5737 servos
3134 5679 3388 5757 appellat,

1821 5781 1960 5837 ﬁlios
1979 5778 2144 5835 Jaeob
2166 5777 2354 5834 electos
2384 5775 2610 5837 tDomini
2637 5792 2756 5833 esse
2796 5753 3245 5832 commemorans.
3293 5753 3389 5823 Ilu-
