3958 6472
358 6196 375 6227 Κ

545 314 654 373 355

1089 249 1097 255 ’
1187 307 1246 361 B.
1287 301 1541 361 RABANI
1579 298 1798 357 MAURI
1834 295 2154 355 ARCHIEP.
2197 240 2508 353 nodum.
2544 289 2831 351 OPEBUII
2868 288 3050 347 rans
3081 289 3123 345 ι.

3734 291 3843 351 336

545 427 648 484 dzei
670 426 812 482 enim
837 429 1201 483 contumaces,
1228 432 1361 486 quos
1382 417 1471 471 hic
1492 414 1695 469 mavult
1718 412 1963 484 intelligi,
1994 425 2118 467 car-
2147 410 2203 477 Α
2227 412 2457 477 quenter
2482 412 2766 458 enumerat
2791 412 2995 473 quanta
3046 402 3378 473 patriarchis
3405 405 3593 465 virtus
3652 404 3841 467 divin

545 518 629 573 nis
659 515 888 569 Abrahae
902 525 1086 567 semen
1111 508 1345 564 fuerunt.
1375 505 1522 574 Quos
1544 504 1739 560 merito
1765 519 1939 557 servos
1967 500 2119 566 dicit,

545 609 823 681 quoniam,
855 602 1079 676 perﬁdia
1102 600 1353 665 faciente,
1386 597 1484 653 ﬁlii
1516 612 1636 652 esse
1658 595 1965 650 noluerunt.
1994 590 2125 658 Qui-

542 703 644 759 bus
668 701 777 772 ipse
805 697 1065 753 Dominus
1092 695 1220 749 dicit
1248 713 1260 748 :
1293 692 1355 748 Si
1386 709 1473 747 vos
1514 690 1614 762 ﬁlii
1658 688 1879 744 Abraha:
1922 685 2121 753 essetis,

543 809 698 863 opera
727 788 953 843 Abrahw
980 786 1247 857 fecissetis.
1288 783 1454 839 Filios
1484 797 1615 837 vero
1656 779 1823 836 Iacob
1854 777 2127 849 signiﬁcat

542 881 881 938 ﬁdeiissimos
897 878 1258 944 Christianos,
1282 875 1375 947 qui
1400 874 1638 929 naeredes
1658 871 1859 928 domini
1887 884 2124 925 noscun-

540 983 645 1031 tur.
1550 971 1554 973 “

610 1067 733 1139 Ipse
760 1067 1008 1123 Dominus
1029 1062 1173 1119 Deus
1199 1070 1404 1126 noster;
1436 1059 1490 1114 in
1519 1058 1762 1113 universa
1812 1065 1953 1111 terra
1974 1055 2125 1127 judi-

538 1158 621 1212 cia
651 1158 786 1228 ejus.
823 1156 1048 1212 Ponitur
1075 1169 1259 1212 semen
1290 1151 1521 1207 Abrahae
1550 1157 1604 1205 et
1633 1164 1817 1205 semen
1854 1147 2038 1211 Iacob,
2068 1153 2128 1201 ut

542 1247 882 1305 Salvatorem
913 1258 1157 1304 nostrum
1184 1262 1293 1301 non
1319 1245 1480 1301 unius
1500 1243 1676 1314 gentis
1697 1241 2010 1307 Dominum,
2034 1239 2128 1295 sed

547 1340 839 1399 Dominum
872 1340 1097 1395 credant
1136 1339 1299 1393 totius
1326 1336 1476 1392 orbis
1499 1343 1793 1391 terrarum.
1819 1331 1956 1387 Nam
1988 1333 2131 1387 sicut

544 1433 746 1505 ubique
794 1434 1015 1489 dilatata
1050 1442 1133 1489 est
1176 1431 1436 1499 Ecclesia,
1464 1431 1539 1485 ita
1579 1446 1677 1501 per
1714 1429 1901 1484 orbem
1932 1442 2129 1499 propa-

538 1534 664 1598 gata
717 1533 843 1583 sunt
895 1524 1011 1596 ejus
1064 1525 1181 1581 sine
1231 1524 1564 1581 dubitatione
1608 1520 1834 1591 judicia.
1890 1519 2130 1576 Dicendo

538 1617 685 1673 enim
721 1617 829 1688 ipse
863 1616 1121 1672 Dominus
1144 1624 1449 1675 commonet
1469 1616 1620 1673 illum
1646 1613 1875 1686 intelligi
1900 1614 2126 1680 debere,

538 1723 699 1779 quem
721 1709 903 1782 populi
938 1707 1245 1766 Iudaeorum
1272 1707 1699 1778 crucitigendum
1727 1721 1847 1762 esse
1875 1705 2128 1763 decreve-

2227 495 2562 570 praestiterit.
2587 494 2827 566 Denique
2858 494 2983 550 inde
3003 494 3146 566 quod
3176 494 3449 569 sequitur:

2300 590 2425 645 Non
2446 589 2647 645 dimisit
2686 605 2996 661 quemquam
3031 587 3349 647 calumniari
3386 604 3501 659 eos,
3529 588 3633 644 sed
3664 590 3838 646 incre-

2228 681 2367 755 pavit
2391 698 2484 752 pro
2510 682 2584 737 eis
2612 697 2754 751 reges
2780 694 2798 735 .'
2826 678 3004 739 Nolite
3028 689 3241 751 tangere
3287 680 3515 735 ohristos
3561 696 3746 746 meos,
3794 692 3838 741 α

2228 774 2284 828 in
2310 772 2574 846 prophetis
2604 773 2731 827 meis
2767 770 2922 825 nolite
2948 769 3249 842 malignari.
3296 770 3397 828 Hic
3448 780 3690 843 tempus
3712 772 3837 835 illud

2229 866 2522 938 signiﬁcat,
2549 879 2655 937 quo
2682 880 2773 920 rex
2809 862 3185 937 Egyptiorum
3222 862 3484 921 divinitus
3515 863 3839 927 admonitus

2229 966 2336 1023 est,
2361 972 2426 1011 ne
2466 955 2696 1011 Abrahae
2748 970 2974 1011 uxorem
3025 953 3439 1029 praesumpserit
3482 953 3658 1028 (Gen.
3721 956 3835 1029 In).

2232 1048 2386 1118 Quod
2452 1048 2613 1105 simili
2686 1047 2847 1111 modo
2928 1046 2993 1107 de
3054 1045 3205 1102 Isaac
3290 1053 3508 1109 constat
3583 1046 3838 1109 eﬁ'eetum

2233 1137 2388 1211 (Gen.
2415 1136 2586 1210 xxvr).
2616 1137 2955 1211 Quapropter
2977 1136 3258 1197 evidenter
3286 1136 3610 1195 ostenditur
3660 1137 3835 1197 divina

2231 1232 2564 1305 proiectione
2608 1246 2701 1289 eos
2745 1230 2913 1286 fuisse
2964 1229 3221 1285 munitos.
3278 1228 3437 1286 Unde
3467 1228 3837 1289 scrutandum

2231 1334 2317 1381 est
2340 1324 2612 1395 quomodo
2650 1339 2813 1395 supra
2864 1329 3191 1377 memoratos
3216 1320 3575 1390 patriarchas
3606 1319 3835 1377 christs

2233 1416 2504 1487 appellare
2532 1415 2810 1486 delegerit,
2843 1429 2966 1470 cum
2988 1414 3165 1469 adhuc
3184 1428 3293 1467 non
3319 1410 3490 1468 fuerit
3520 1413 3727 1471 unctio
3752 1426 3833 1468 αο-

2231 1508 2441 1564 lebrata
2490 1526 2503 1561 :
2564 1523 2597 1563 a
2645 1505 2775 1562 Saul
2807 1505 2954 1563 enim
3012 1506 3129 1563 haec
3180 1520 3271 1561 res
3320 1504 3568 1574 sumpsit
3632 1504 3833 1561 initium

2234 1600 2285 1677 (Ι
2340 1598 2516 1672 Beg.).
2568 1598 2674 1655 Sed
2702 1598 2959 1671 quoniam
3006 1595 3244 1652 erantin
3272 1596 3472 1668 spiritu
3500 1594 3834 1665 Christiani,

2234 1689 2456 1763 ejusque
2496 1689 2620 1745 ﬁdei
2665 1690 2966 1761 probantur
2994 1702 3115 1743 esse
3142 1687 3340 1753 devoti,
3369 1686 3523 1742 sicut
3574 1686 3651 1742 de
3679 1686 3838 1742 Abra-

537 1814 686 1860 runt.
720 1802 827 1861 Sed
855 1805 946 1875 qui
994 1806 1135 1861 hanc
1176 1819 1364 1861 vocem
1410 1818 1515 1858 non
1557 1801 1865 1865 advertunt,
1908 1799 2010 1870 ipsi
2038 1813 2125 1871 ﬁse

2241 1783 2355 1837 ham
2385 1781 2644 1837 Dominus
2682 1781 2854 1837 dicit:
2897 1778 3206 1851 Concupivit
3245 1778 3384 1835 diem
3430 1794 3629 1835 meum
3659 1779 3839 1849 ridere.

538 1897 848 1967 specialiter
874 1912 904 1955 a
930 1897 1256 1967 patriarchis
1285 1896 1491 1952 alienos
1517 1908 1637 1950 esse
1667 1893 2013 1964 proﬁtentur;

610 1986 976 2043 Recordamini
1021 1987 1077 2043 in
1121 1986 1489 2058 sempiternum
1518 1987 1657 2057 pacti
1697 1985 1835 2054 ejus,
1870 1984 2124 2039 sermonis

535 2094 689 2150 quem
715 2077 979 2133 mandavit
995 2078 1049 2133 in
1076 2077 1219 2134 mille
1247 2078 1622 2149 generationes.
1660 2077 1955 2133 Recordari
1986 2092 2124 2147 prce-

536 2170 690 2242 cipit,
711 2169 813 2227 hoc
836 2179 940 2236 est,
970 2178 1029 2227 ut
1052 2169 1200 2225 nulla
1216 2170 1485 2227 oblivione
1510 2171 1791 2236 tradatur;
1825 2178 1881 2225 ct
1903 2167 2125 2238 subjun-

532 2260 634 2332 git,
665 2261 719 2315 in
756 2261 1149 2331 sempiternum,
1178 2261 1302 2331 quia
1336 2260 1599 2331 quidquid
1631 2260 1892 2317 Dominus
1914 2261 2123 2332 promi-

533 2351 631 2418 sit,
651 2352 876 2424 perenni
906 2352 1161 2409 ﬁrmitate
1185 2367 1503 2408 mansurum
1527 2360 1627 2408 est.
1660 2350 1816 2407 Pacti
1836 2354 1943 2407 sive
1969 2361 2126 2407 testa-

532 2444 697 2498 menti
718 2443 799 2501 sui
827 2444 1212 2513 prophetarum
1235 2442 1503 2513 signiﬁcat
1524 2443 1962 2513 praedicationes,
1986 2458 2125 2512 quas

534 2534 601 2595 de
627 2532 792 2593 Verbi
823 2534 1197 2593 incarnatione
1217 2535 1603 2609 praedixerunt.
1634 2534 1892 2605 Sequitur
1924 2552 1935 2589 :
1971 2534 2125 2603 Quod

534 2626 823 2681 mandavit.
850 2625 1107 2681 Mandare
1133 2634 1216 2681 est
1232 2642 1329 2696 per
1346 2626 1512 2681 alium
1529 2626 1727 2695 aliquid
1757 2626 1964 2690 dicere,
1984 2626 2129 2696 quod

534 2715 724 2785 utique
751 2714 956 2770 factum
1002 2723 1103 2779 est,
1160 2716 1379 2786 quando
1416 2716 1698 2787 prophetis
1731 2724 1913 2770 tamen
1940 2716 2125 2771 saeculi

534 2807 720 2864 datum
749 2815 828 2862 est
856 2806 1045 2877 ,futura
1070 2808 1417 2878 prophetare.
1452 2806 1518 2862 In
1550 2804 1693 2862 mille
1739 2809 2121 2878 generationes.

533 2896 775 2953 Finitum
804 2913 902 2969 pro
925 2898 1137 2954 inﬁnito
1164 2900 1399 2970 positum
1424 2907 1531 2966 est,
1562 2897 1705 2969 quod
1734 2906 1914 2954 tamen
1941 2899 2126 2954 saeculi

535 2989 696 3046 istius
718 2990 824 3046 ﬁne
845 2992 1205 3059 concluditur,
1223 2993 1313 3048 ubi
1333 2992 1613 3065 generatio
1627 2994 1863 3048 humana
1880 2992 2124 3063 sequenti

535 3081 640 3138 sibi
669 3089 826 3138 aetate
848 3084 1109 3140 succedit.

2229 1875 2357 1930 vidit
2387 1884 2435 1930 et
2462 1875 2670 1949 gavisus
2694 1882 2789 1929 est.
2815 1871 3011 1931 Merito
3049 1887 3185 1944 ergo
3214 1869 3471 1943 appellati
3526 1879 3676 1926 sunt
3718 1873 3839 1929 secti

2228 1966 2470 2033 nomine,
2515 1966 2642 2037 quia
2677 1963 2792 2033 jam
2838 1963 3041 2021 Christi
3071 1962 3231 2018 ﬁdem
3280 1961 3609 2034 probantur
3647 1976 3838 2016 amare

2230 2054 2369 2113 Nam
2397 2064 2452 2112 et
2477 2057 2592 2127 ipsa
2623 2055 2835 2112 Domini
2855 2054 3018 2110 verba
3047 2061 3173 2109 sunt
3209 2052 3387 2125 posita
3410 2052 3676 2110 dicentis
3704 2070 3720 2107 :
3753 2051 3841 2106 Ne

2230 2150 2318 2206 lite
2344 2159 2555 2222 tangere
2599 2150 2818 2205 christos
2840 2165 3004 2214 meos,
3030 2157 3078 2203 et
3108 2147 3163 2201 in
3189 2146 3460 2218 prophetis
3505 2145 3657 2203 meis
3704 2144 3838 2199 nolite

2229 2243 2521 2315 maliguare
2551 2240 2734 2315 (Joan.
2777 2241 2922 2314 vni).

2303 2337 2523 2398 Caritate
2551 2335 2801 2402 Domino,
2842 2333 3008 2391 omnis
3039 2343 3200 2387 terra.

2302 2427 2538 2484 Dicendo
2591 2426 2736 2483 enim
2779 2426 2946 2481 omnis
2987 2433 3149 2490 terra,
3217 2422 3555 2481 catholicam
3580 2420 3840 2494 signiﬁcat

2231 2517 2553 2583 Ecclesiam,
2598 2531 2720 2586 qua:
2755 2531 2853 2587 per
2883 2524 3139 2573 cunctum
3170 2515 3356 2571 orbem
3408 2514 3687 2571 noscitur
3744 2527 3841 2570 esse

2231 2608 2445 2665 diffusa.
2477 2607 2636 2664 Brevi
2652 2607 2797 2663 enim
2814 2606 3136 2683 compendio
3161 2614 3216 2662 et
3246 2605 3490 2665 Iudaeam
3520 2605 3837 2675 confutavit,

2231 2706 2358 2779 quia
2392 2712 2582 2779 gentes
2630 2702 2867 2770 admisit,
2902 2710 2970 2757 et
2997 2700 3091 2759 Dei
3132 2710 3320 2757 natum
3372 2700 3685 2766 destruxit,
3734 2700 3839 2772 quia

2232 2796 2575 2872 generalitati
2602 2794 2959 2851 confessionis
2982 2793 3215 2865 gratiam
3257 2807 3364 2848 non
3404 2790 3665 2861 negavit.
3725 2789 3841 2843 Nam

2231 2899 2292 2947 ut
2348 2890 2596 2947 homines
2654 2887 3004 2958 intelligeres,
3062 2895 3269 2943 cantate
3296 2884 3469 2951 dixit,
3528 2883 3633 2954 qui
3666 2895 3840 2937 revera

2229 2990 2459 3054 possunt
2498 2981 2685 3037 laudes
2712 2979 2943 3043 Domino
2966 2984 3277 3055 personare.
3311 2975 3520 3039 Deinde
3570 2976 3713 3047 quia
3735 2974 3839 3047 ματ

2229 3074 2401 3137 ralem
2449 3086 2736 3129 numerum
2791 3070 2997 3141 aptavit
3033 3069 3099 3125 ad
3162 3077 3388 3133 terram,
3439 3066 3598 3139 quod
3659 3068 3837 3141 utiqne

608 3173 765 3241 Quod
798 3177 991 3248 pepigit
1025 3192 1144 3231 cum
1192 3176 1482 3245 Abraham,
1527 3185 1575 3231 et
1628 3176 1923 3247 juramenti
1982 3174 2128 3231 illius
2153 3150 2202 3227 (ἓ
2232 3182 2340 3225 non
2365 3164 2696 3231 conveniret,
2724 3162 2770 3219 si
2797 3162 3047 3223 tellurem
3079 3159 3341 3219 voluisset
3368 3159 3634 3241 intelligi.

432 3319 437 3323 .
536 3282 656 3321 cum
688 3265 872 3347 Isaac,
913 3277 962 3323 et
1015 3268 1281 3323 constituit
1319 3267 1453 3322 illud
1490 3266 1659 3322 Iacob
1694 3268 1750 3323 in
1788 3278 2126 3339 praeceptum,

534 3365 584 3413 et
607 3357 778 3414 Israel
806 3360 863 3415 in
888 3370 1103 3432 pactum
1131 3362 1525 3431 sempiternum.
1558 3359 1642 3419 Ad
1670 3359 1799 3415 illud
1852 3359 2131 3431 respondit

534 3450 680 3521 quod
713 3452 961 3522 superius
990 3452 1146 3519 dixit,
1186 3452 1482 3509 testamenti
1531 3451 1637 3506 sui.
1664 3451 1759 3506 Illa
1792 3453 1958 3519 enim,
2011 3466 2132 3522 quae

536 3540 592 3596 in
620 3541 791 3597 veteri
816 3549 1138 3599 testamento
1158 3542 1392 3598 Abrahae
1415 3550 1471 3596 et
1487 3540 1642 3601 Isaac
1664 3541 1991 3613 patriarchis
2004 3556 2132 3611 pro-

2306 3257 2628 3317 Anuuntiate
2658 3255 2720 3311 de
2755 3254 2839 3310 die
2866 3254 2922 3308 in
2961 3253 3098 3307 diem
3137 3251 3371 3309 salutare
3419 3250 3566 3321 ejus.
3596 3250 3735 3307 Dies
3780 3250 3838 3309 dt

2236 3351 2323 3409 die
2353 3352 2488 3409 duos
2520 3349 2637 3407 dies
2662 3346 2931 3420 signiﬁcat
2982 3343 3222 3401 absolute
3250 3362 3264 3398 :
3292 3343 3436 3415 quod
3471 3343 3837 3415 pertinere“

2237 3440 2548 3512 Scripturas
2575 3436 2910 3495 Testamenti
2948 3434 3085 3490 Novi
3128 3442 3183 3490 et
3211 3433 3424 3490 Veteris
3472 3433 3834 3501 aestimamus,

2236 3547 2357 3605 quae
2402 3538 2632 3601 utraque
2678 3527 2865 3585 aeterni
2910 3526 3042 3583 solis
3093 3526 3338 3587 claritate
3388 3525 3755 3595 respondent.
3783 3525 3841 3582 Et

537 3631 704 3688 missa
726 3640 853 3688 sunt
873 3633 957 3689 vel
974 3633 1174 3705 iurata,
1201 3633 1390 3688 statuit
1402 3647 1487 3699 ea,
1512 3632 1565 3687 id
1586 3641 1691 3699 est,
1716 3630 2132 3705 ﬁrmavitIacob
2236 3626 2361 3683 inde
2388 3627 2528 3683 bene
2554 3623 2838 3680 nuntiatur
2865 3620 3124 3679 salutaris
3150 3613 3432 3689 DominuS.
3482 3632 3589 3691 Per
3617 3636 3761 3692 (11³0⁵
3793 3629 3841 3676 α

536 3729 595 3780 et
635 3722 824 3793 Israel,
874 3724 928 3783 in
980 3740 1121 3781 novo
1166 3725 1419 3780 videlicet
1462 3732 1810 3793 testamento,
1860 3725 2005 3796 quod
2049 3732 2135 3780 est
2234 3729 2495 3779 venturus
2525 3728 2580 3775 et
2604 3720 2818 3775 venisse
2838 3726 3173 3781 monstratus
3199 3725 3303 3773 est.
3334 3715 3634 3788 Propheta:
3679 3717 3839 3788 siam-

537 3821 819 3871 atternum.
847 3814 1021 3873 Iacob
1053 3817 1197 3879 enim
1222 3824 1275 3871 et
1317 3815 1483 3879 lsrael
1534 3816 1843 3873 Christiana
1888 3826 2131 3887 tempora
2236 3815 2357 3879 dem
2375 3815 2744 3889 promiserunt
2770 3812 3085 3879 adventum,
3115 3809 3463 3882 evangelista
3502 3810 3737 3871 venisse
3758 3811 3838 3871 ds-

537 3905 853 3978 plerumque
875 3906 1203 3980 signiﬁcare,
1238 3923 1379 3978 saepe
1403 3909 1516 3979 jam
1546 3908 1752 3964 dictum
1779 3916 1881 3963 est.
1922 3906 2130 3963 Novum
2234 3908 2460 3969 claram.
2492 3905 2571 3962 ita
2600 3904 2805 3961 factum
2839 3911 2944 3971 est,
2976 3912 3037 3958 ut
3069 3901 3177 3963 duo
3202 3900 3455 3965 emlestes
3477 3901 3605 3965 dies
3634 3917 3840 3965 annn-

537 3994 655 4067 cjus
685 4003 1069 4054 testamentum
1094 3998 1313 4068 proprie
1329 3999 1527 4053 dicitur
1549 4006 1836 4064 aeternum,
1867 3997 1994 4069 quia
2017 3997 2131 4052 nul-

539 4088 651 4147 lum
673 4088 748 4147 illi
770 4089 915 4145 aliud
936 4090 1224 4161 aliquando
1251 4091 1527 4158 succedet,
1556 4091 1612 4146 in
1638 4105 1746 4161 quo
1776 4098 1861 4147 est
1887 4090 2131 4147 omnium

539 4180 931 4249 promissorum
959 4181 1223 4253 completa
1246 4182 1532 4254 perfectio.

609 4269 800 4327 Dicens
824 4286 843 4325 :
869 4271 986 4327 Tibi
1008 4273 1143 4327 dabo
1166 4284 1361 4328 terram
1388 4272 1664 4340 Chanaan,
1708 4272 2007 4345 funiculum
2026 4272 2141 4327 hth

542 4361 779 4419 reditatis
836 4373 1037 4420 vestrae.
1091 4363 1353 4421 Chanaan
1409 4364 1849 4434 interpretatur:
1894 4361 2124 4416 humilis.

542 4453 683 4531 Ergo
736 4456 1021 4513 humilium
1085 4465 1289 4513 terram
1345 4456 1734 4513 convenienter
1785 4454 2131 4515 Christianos

540 4556 859 4627 accepturos
888 4563 1009 4607 esse
1046 4548 1337 4621 signiﬁcat,
1368 4548 1473 4603 hoc
1525 4554 1630 4612 est,
1686 4546 1829 4619 quod
1885 4546 2133 4616 superius

543 4640 701 4707 dixit,
731 4649 1096 4697 testamentum
1127 4650 1398 4694 wternum.
1429 4638 1556 4695 Hmc
1583 4637 1729 4692 enim
1762 4646 1906 4692 terra
1955 4637 2133 4692 humi-

543 4730 712 4787 litatis
758 4738 813 4785 et
860 4729 1225 4785 inclinationis
1261 4731 1339 4785 sic
1373 4746 1405 4784 a
1456 4729 1703 4785 ﬁdelibus
1737 4729 2020 4800 accipitur,
2073 4739 2132 4785 ut

544 4831 746 4879 aeterno
770 4837 995 4878 munere
1016 4828 1251 4876 tueatur.
1300 4821 1596 4878 Funiculus
1634 4830 1814 4877 autem
1842 4823 2129 4878 haeredita-

545 4914 639 4980 tis,
675 4912 862 4968 mundi
894 4911 1163 4982 signiﬁcat
1208 4920 1479 4968 tortuosas
1509 4914 1805 4985 angustias,
1847 4929 1983 4986 quas
2029 4915 2131 4972 Do-

548 5004 728 5059 minus
750 5017 850 5072 pro
880 5001 1057 5058 salute
1079 5010 1398 5059 cunctorum
1436 5020 1533 5061 sua
1559 5006 1815 5075 passione
1842 5006 2087 5062 dissolvit
2111 5024 2124 5060 :

550 5094 692 5150 illius
721 5094 868 5150 enim
890 5092 1233 5165 susceptione
1254 5094 1440 5151 carnis
1462 5105 1648 5151 nostra
1673 5097 1933 5167 probatur
1960 5098 2131 5152 haere-

550 5186 711 5254 ditas,
744 5187 797 5243 in
822 5202 928 5257 qua
948 5195 1151 5247 aeterna
1166 5188 1489 5263 patrimonia
1511 5189 1635 5246 vitae
1662 5189 1899 5246 ccelestis
1929 5191 2129 5263 accipi-

551 5294 693 5345 mus,
724 5279 768 5334 si
793 5296 915 5336 eam
942 5279 1047 5336 ﬁxe
1089 5288 1250 5352 atque
1278 5281 1625 5353 integerrime
1667 5282 1895 5339 credere
1921 5298 2132 5339 merea-

551 5384 691 5424 mur.
719 5369 857 5433 Nam
880 5373 983 5429 ista
1014 5373 1343 5445 comparatio
1378 5374 1446 5427 ab
1495 5375 1574 5431 eis
1627 5374 1825 5429 tradita
1882 5384 1986 5443 est,
2037 5373 2130 5444 qui

553 5457 667 5529 agri
704 5474 767 5514 ac
794 5462 1161 5531 possessiones
1185 5472 1338 5519 tenso
1367 5462 1493 5518 fune
1514 5463 1909 5520 dividebantur.
2054 5448 2059 5453 ’

626 5548 755 5602 Cum
786 5562 948 5607 essent
978 5554 1132 5622 pauci
1172 5571 1407 5619 numero,
1448 5566 1492 5607 et
1525 5556 1675 5623 parvi
1701 5555 1872 5608 coloni
1918 5556 2052 5625 ejus,
2083 5564 2131 5611 et

557 5640 875 5696 transierunt
906 5644 968 5698 tle
1004 5656 1151 5715 gente
1175 5647 1226 5697 in
1261 5659 1479 5716 gentem,
1511 5657 1555 5699 et
1588 5646 1651 5700 tle
1692 5664 1846 5716 regno
1868 5648 1936 5701 ad
1967 5666 2132 5719 popu-

563 5727 672 5786 lum
692 5729 930 5790 aiterum.
960 5735 1118 5793 Venit
1145 5739 1211 5794 ad
1239 5741 1446 5794 tertiam
1480 5749 1704 5809 partem,
1734 5740 1783 5792 in
1813 5756 1914 5810 qua
1943 5757 2131 5797 consc-

2234 3998 2400 4061 tiasse
2428 3997 2546 4070 eius
2568 3995 2799 4069 gloriam
2813 3995 3270 4072 ‘comprobentur.

2307 4087 2540 4143 Narrate
2564 4086 2619 4141 in
2641 4085 2878 4156 gentibus
2905 4083 3130 4154 gloriam
3156 4084 3273 4154 ejus
3298 4092 3347 4139 et
3371 4083 3427 4138 in
3450 4084 3665 4145 cunctis
3684 4101 3839 4157 μμ.

2238 4181 2298 4241 lis
2343 4178 2605 4235 mirabilia
2644 4179 2779 4249 ejus.
2835 4178 2971 4233 Dum
3007 4176 3256 4248 superius
3282 4176 3421 4237 dixit
3464 4196 3478 4233 :
3510 4176 3834 4235 Arena-tius

2237 4269 2471 4325 salutare
2497 4269 2650 4341 ejus;
2689 4267 2779 4322 hic
2811 4267 2943 4324 dicit
2971 4285 2984 4321 :
3015 4265 3252 4323 Narrate
3290 4266 3564 4325 mirabilia
3619 4269 3830 4340 gloria

2234 4362 2369 4431 ejus.
2415 4359 2566 4428 Quod
2616 4359 2799 4429 utique
2844 4357 3123 4429 aptissime
3159 4358 3395 4428 positum
3420 4367 3525 4414 est.
3573 4358 3831 4415 Domina

2239 4454 2490 4509 Salvator
2531 4451 2935 4508 annuntiandus
2953 4457 3108 4507 erat:
3143 4450 3316 4524 gloria
3366 4464 3501 4509 vero
3544 4449 3673 4521 ejus
3717 4466 3830 4507 nar-

2156 4512 2217 4583 B
2238 4546 2409 4601 randa
2438 4559 2535 4617 per
2585 4552 2792 4615 gentes.
2858 4541 3070 4608 Quanta
3126 4512 3397 4601 mirabilia
3443 4512 3826 4612 praedicabant.

2237 4648 2514 4698 auctorem
2544 4634 2729 4693 audiat
2744 4633 2986 4701 Iudaeus,
3006 4648 3171 4709 seque
3186 4632 3455 4705 intelligat
3476 4636 3829 4695 contumacia

2236 4744 2347 4790 suae
2370 4727 2653 4799 iniquitate
2675 4735 3075 4801 contemptum:
3105 4725 3234 4798 quia
3258 4740 3369 4782 non
3389 4725 3563 4785 dicit:
3594 4725 3824 4783 Hebreis

2236 4826 2467 4883 narrate,
2518 4817 2640 4883 sed,
2688 4816 2945 4887 gentibus.
2974 4814 3041 4872 Et
3085 4830 3154 4870 ne
3183 4815 3288 4870 hoc
3318 4814 3474 4871 aliter
3514 4817 3701 4888 possis
3744 4816 3828 4870 ad-

2234 4920 2469 4978 vertere,
2508 4910 2715 4968 addidit
2738 4926 2991 4983 quoque:
3039 4909 3110 4967 In
3137 4910 3376 4967 omnibus
3421 4912 3635 4983 populis
3666 4928 3688 4969 :
3727 4926 3826 4983 quo

2241 5002 2384 5061 dicto
2424 5003 2703 5067 universas
2742 5011 2931 5075 gentes
2978 5002 3223 5065 absoluta
3278 5002 3491 5059 ratione
3519 5003 3824 5074 complexus

2238 5106 2341 5154 est.
2371 5095 2650 5169 Sequitur,
2675 5096 2939 5153 mirabilia
2965 5097 3098 5169 ejus.
3120 5095 3520 5161 Incarnationis
3545 5110 3819 5158 arcanum.

2239 5189 2341 5265 qui-
2360 5188 2487 5245 dum
2507 5188 2580 5244 sit
2608 5188 2920 5251 altissimus,
2944 5187 3215 5249 factusest
3233 5203 3335 5258 pro
3360 5187 3520 5243 nobis
3536 5185 3821 5243 libet-audis

2239 5280 2589 5339 humillime.
2621 5278 2977 5351 Intelligimus
3012 5288 3192 5336 autem
3229 5286 3493 5349 quantum
3539 5276 3820 5348 profecerit

2238 5371 2522 5427 aediﬁcatio
2548 5380 2746 5426 sanctae
2776 5372 2985 5439 domus,
3012 5386 3133 5442 quae
3156 5366 3330 5427 totum
3352 5368 3543 5426 orbem
3586 5369 3818 5426 noscitur

2237 5464 2517 5536 complexa
2554 5474 2844 5519 terrarum.

2312 5556 2450 5621 Quia
2478 5574 2699 5627 magnus
2729 5557 3004 5624 Dominus,
3032 5566 3079 5611 et
3102 5554 3381 5611 laudabilis
3409 5555 3587 5622 nimis,
3623 5565 3671 5609 et
3708 5554 3815 5605 hor-

2238 5650 2401 5704 ribilis
2460 5667 2614 5719 super
2671 5666 2845 5703 omnes
2883 5649 3024 5703 deos.
3057 5647 3153 5704 Hic
3178 5648 3308 5703 dicit
3348 5662 3520 5716 quare
3565 5640 3812 5701 miracula

2239 5742 2353 5811 ejus
2400 5742 2627 5797 debeant
2648 5750 2701 5795 et
2727 5740 2894 5812 gloria
2943 5737 3537 5813 praedicari:quoniam
3594 5744 3809 5806 magnus
