3958 6526
77 326 241 389 357

1095 323 1449 385 COMMENT.
1491 323 1556 378 lN
1597 322 2151 391 PARALIPOMENA.
2192 357 2262 367 -—
2299 326 2427 384 LIB.
2469 327 2532 385 li.

3345 336 3467 399 358‘

82 446 601 516 Dominus;qum
617 443 787 515 ﬁgma
801 441 997 499 dicitur
1010 441 1297 514 aztiologia,
1316 456 1491 497 causae
1506 441 1752 497 redditio.
1783 452 1837 513 Α
1860 445 2111 517 gaudium
2141 446 2195 499 in
2233 445 2345 500 loco
2391 447 2527 517 ejus.
2556 445 2922 507 Generalitate
2940 447 3065 520 quia
3095 446 3329 509 instituit
3360 450 3452 507 ad-

94 536 406 610 Magnus
439 538 507 593 ad
550 544 873 607 potestatem
916 535 1169 606 pertinet,
1202 551 1322 606 qua:
1355 550 1517 605 super
1566 544 1760 591 cuncta

86 633 447 701 potentior
470 639 553 688 est
579 648 593 698 ;
626 629 907 685 laudabilis
939 629 1004 685 ad
1031 630 1310 701 pietatem,
1346 630 1601 702 quoniam
1631 630 1758 686 dum

88 737 426 781 essemus
434 723 632 793 captivi
642 765 656 790 ,
670 724 908 795 pretioso
921 723 1180 795 sanguine
1200 739 1300 781 nos
1314 724 1557 780 redemit.
1586 722 1758 780 Nimis

95 825 353 872 autem
381 817 633 888 congruit
656 816 724 873 ad
750 824 1061 889 utrumque,
1088 818 1214 888 quia
1237 831 1335 873 nec
1357 828 1615 887 quantym
1646 832 1759 875 Ina-

92 926 316 981 gnus,
378 927 479 969 nec
513 920 775 982 quantum
803 910 1091 969 laudabilis
1116 912 1205 979 sit,
1236 920 1450 982 poterat
1478 911 1753 984 explicari,

97 1004 226 1059 sed
262 1003 547 1073 quoniam
574 1002 940 1059 consideranti
967 1002 1255 1063 mstimatio
1289 1001 1506 1068 defecit,
1536 1000 1759 1071 pulchre

96 1095 399 1162 addidit,
438 1096 612 1152 nimis.
641 1095 723 1151 ita
751 1110 857 1151 non
889 1096 1206 1167 exponendo
1231 1094 1375 1165 quod
1420 1095 1754 1160 intendebat,

100 1190 439 1261 signiﬁcat
453 1191 724 1247 uberrime
740 1209 753 1245 :
768 1198 823 1247 et
834 1191 1128 1247 declaravit
1141 1206 1242 1251 nec
1254 1190 1756 1264 comprehendendo

98 1281 287 1352 quod
316 1282 519 1339 voluit.
545 1281 803 1353 Sequitur
820 1300 835 1339 :
852 1282 1139 1343 Horribilis
1162 1293 1236 1340 est
1247 1303 1403 1357 super
1422 1286 1753 1347 omaesdeos.

102 1371 231 1429 llic
304 1374 579 1437 debemus
632 1375 763 1431 deos
827 1374 1127 1444 advertere,
1161 1392 1300 1448 quos
1341 1377 1443 1435 sibi
1483 1377 1763 1450 gentilitas

100 1463 313 1537 impia
358 1464 783 1536 praesumptione
803 1467 1119 1536 composuit.
1146 1465 1287 1527 Nam
1312 1482 1407 1525 eos
1432 1468 1489 1523 in
1507 1468 1759 1541 sequenti

102 1570 317 1613 versu
329 1555 674 1617 manifestat.
711 1558 972 1626 Quoniam
995 1560 1247 1632 quamvis
1275 1561 1383 1617 illis
1405 1561 1585 1621 stultis
1606 1578 1756 1621 mens-

103 1649 287 1705 tibus
360 1648 677 1707 adorabiles
706 1658 763 1709 et
787 1640 1063 1715 metuendi
1087 1668 1207 1713 esse
1244 1655 1551 1722 videantur,
1586 1655 1761 1713 multo

104 1738 459 1817 terribilior
484 1748 569 1797 est
596 1740 875 1808 Dominus,
902 1742 1057 1813 cujus
1080 1758 1183 1805 nec
1211 1744 1499 1809 multitudo
1525 1747 1755 1807 miracu-

1858 552 2097 604 monerc,
2117 536 2404 593 utilitatem
2430 539 2712 595 catholicae
2729 539 3003 613 religionis
3020 542 3276 597 ostendit.
3308 541 3451 599 Dicit

1857 630 2001 683 enim
2036 629 2492 699 quemadmodum
2541 630 2815 703 magniﬁci
2869 633 3185 700 reddantur,
3246 635 3338 706 qui
3382 633 3453 691 ad

1857 720 2242 793 indulgentiam
2322 729 2673 791 peccatorum
2745 725 3035 795 provenire
3106 736 3445 784 meruerunt.

1857 811 2261 869 Confessionem
2285 813 2551 883 siquidem
2580 814 2718 873 bene
2747 818 2995 887 sequitur
3021 819 3445 892 magniﬁcentia;

1857 904 1982 983 quia
2027 922 2186 961 nemo
2216 914 2396 977 potest
2428 921 2547 963 esse
2585 908 2928 980 magniﬁcus,
2953 910 3059 966 nisi
3104 911 3195 983 qui
3237 912 3453 970 Domini

1856 994 2021 1053 fuerit
2076 998 2425 1054 miseratione
2469 1000 2778 1055 mundatus.
2805 999 3002 1057 Coram
3047 1002 3275 1059 Domino
3323 1020 3453 1080 ergo

1858 1089 2135 1149 confessio
2164 1098 2218 1146 et
2251 1090 2653 1163 magniﬁcentia
2682 1106 2698 1146 :
2725 1093 2851 1163 quia
2879 1092 3020 1149 sicut
3051 1095 3453 1167 magnificentia

1857 1191 1942 1238 est
1971 1199 2100 1238 vera
2129 1200 2250 1255 quae
2278 1184 2507 1241 Domino
2542 1185 2815 1254 tribuitur,
2840 1186 2915 1242 ita
2941 1186 3210 1243 confessio
3234 1203 3355 1246 esse
3367 1190 3455 1246 de-

1855 1275 1947 1336 bet
1974 1294 2109 1348 pura
2125 1292 2245 1349 qum
2266 1278 2411 1334 illam
2435 1281 2714 1337 meruerit.
2740 1278 3025 1337 Fortitudo
3054 1290 3103 1339 et
3126 1280 3379 1356 gaudium
3397 1285 3455 1342 in

1856 1368 1970 1424 loco
1994 1370 2130 1440 ejus.
2162 1369 2338 1426 Locus
2365 1372 2510 1427 enim
2535 1372 2747 1428 Domini
2776 1374 3066 1447 praesentia
3089 1374 3208 1446 ejus
3226 1375 3453 1449 intelligi

1855 1471 2055 1533 potest,
2085 1478 2191 1534 qua
2239 1465 2413 1545 sancti
2437 1464 2790 1537 perfruuntur
2822 1467 2875 1523 in
2901 1485 2997 1529 sua
3038 1469 3170 1526 vita.
3195 1469 3271 1526 lbi
3320 1486 3450 1546 ergo

1856 1555 2118 1617 fortitudo
2148 1568 2238 1620 ,est
2266 1569 2324 1616 et
2357 1560 2612 1633 gaudium
2643 1580 2656 1616 :
2686 1562 2813 1639 quia
2843 1563 2919 1620 ibi
2964 1564 3350 1624 immortalitas
3386 1578 3454 1629 ac

1856 1648 2135 1709 beatitudo
2165 1658 2449 1723 perpetua.

1927 1738 2123 1808 Alferte
2152 1739 2401 1808 Domino,
2425 1740 2645 1811 fami/im
2666 1742 3001 1814 populorum,
3027 1747 3210 1819 afferte
3230 1746 3457 1805 Domino

104 1830 322 1888 lorum
421 1841 601 1903 potest
659 1833 903 1906 intelligi,
970 1851 1069 1891 nec
1108 1836 1384 1905 plenitudo
1452 1838 1757 1908 majestatis
1780 1838 1831 1903 Β
1855 1831 2827 1909 gloriantetimperium;dateDomino
2850 1837 3075 1910 gloriam
3099 1843 3297 1897 nomini
3319 1843 3457 1914 ejus;

104 1925 401 1998 agnosci.

194 2017 426 2081 Orsines
455 2019 535 2075 dii.
572 2020 709 2075 enim
760 2021 993 2092 gentium
1050 2021 1217 2087 idola,
1274 2022 1530 2081 Dominus
1579 2036 1753 2081 autem

108 2111 293 2169 cales
346 2112 501 2182 feeit.
550 2111 609 2167 In
648 2112 910 2183 psalterio
951 2123 1137 2173 autem
1171 2114 1408 2186 legitur:
1441 2116 1633 2172 Omnes
1680 2115 1759 2173 dii

109 2206 393 2277 gentium
424 2205 709 2272 daemonia,
742 2205 996 2262 Dominus
1022 2218 1193 2263 autem
1225 2207 1378 2263 caelos
1406 2208 1525 2278 fecit
1562 2206 1752 2279 (Psal.

107 2311 229 2354 xcv
244 2300 297 2368 ).
333 2296 666 2359 Mirabiuter
694 2310 792 2366 per
826 2296 1075 2368 quintam
1107 2298 1344 2367 speciem
1391 2298 1751 2368 difﬁttitionis,

111 2401 253 2457 quae
294 2386 504 2442 Graece
534 2395 653 2443 cata
684 2396 805 2445 ante
835 2387 994 2453 lexin,
1012 2387 1179 2443 latine
1201 2389 1503 2447 adverbium
1530 2391 1750 2460 dicitur,

111 2478 608 2549 comprehensum
656 2485 741 2533 est
784 2478 913 2548 quid
958 2480 1067 2535 sint
1087 2480 1161 2537 dii
1197 2480 1440 2550 gentium
1467 2483 1749 2539 diemonia.

116 2571 436 2628 Daemonia
462 2571 610 2633 enim
658 2578 782 2625 sunt
824 2586 945 2639 qua:
981 2570 1113 2626 nulli
1151 2580 1411 2642 praestant
1444 2590 1456 2625 :
1488 2574 1585 2629 sed
1615 2574 1668 2629 in
1696 2589 1757 2631 se

116 2663 446 2723 credentes
478 2676 690 2731 semper
739 2662 1031 2733 decipiunt,
1071 2678 1287 2733 semper
1326 2663 1574 2723 illudunt.
1616 2664 1757 2720 Nam

120 2756 411 2827 quantivis
457 2756 725 2817 (immanes
768 2753 963 2815 Latine
989 2756 1206 2813 scientes
1259 2765 1543 2823 vocentur,
1596 2758 1755 2828 quasi

119 2846 462 2912 daemones;
512 2846 751 2910 humano
785 2854 967 2905 tamen
1005 2860 1257 2905 somnone
1300 2848 1611 2909 convicium
1645 2857 1751 2916 est.

122 2936 267 3001 dum
330 2936 421 2997 ita
456 2936 707 3004 dicitnus,
766 2937 920 3008 quasi
968 2953 1036 2994 ex
1065 2938 1341 2999 creatione
1386 2939 1579 3010 dignos
1633 2953 1756 2994 esse

122 3027 466 3093 ’udieamus
496 3044 604 3089 non
635 3031 939 3098 immerito,
961 3031 1222 3101 mundam
1246 3030 1353 3089 illis
1383 3031 1612 3089 scicntia
1642 3044 1759 3091 nco

130 3135 238 3190 est.
278 3125 388 3196 qui
416 3125 684 3185 electuris
706 3125 791 3185 sui
822 3140 937 3183 non
971 3124 1273 3187 secundant
1300 3125 1547 3185 arbitrio.
1580 3123 1675 3187 Sic
1698 3131 1757 3181 et

1859 1923 2022 1980 levate
2053 1926 2396 2005 sacriﬁcium,
2430 1935 2477 1981 et
2501 1928 2664 1985 venite
2689 1924 2743 1983 in
2774 1940 3047 2001 conspecta
3083 1933 3218 2001 ejus,
3262 1943 3311 1989 et
3355 1935 3456 1991 ad-

1862 2026 2008 2071 orate
2038 2016 2321 2077 Dominam
2349 2018 2401 2075 in
2439 2018 2623 2076 decore
2644 2031 2845 2077 sancto.
2875 2022 3168 2095 Postquam
3193 2025 3460 2097 magnalia

1857 2110 2094 2178 Domini,
2121 2120 2176 2173 ct
2226 2114 2513 2173 beatorum
2543 2114 2683 2171 dona
2737 2117 3072 2187 praedicavit,
3107 2119 3163 2174 in
3217 2118 3457 2177 secunda

1856 2212 2012 2272 parte
2031 2204 2323 2261 studiosius
2338 2213 2643 2262 commovet
2660 2217 2935 2279 gentes,ut
2951 2209 3098 2265 omni
3113 2210 3459 2267 cunctatione

1858 2293 2125 2376 deposita,
2155 2295 2384 2353 aﬁ‘erant
2410 2297 2638 2355 Domino
2671 2298 2899 2370 gloriam
2926 2309 2980 2356 et
3008 2300 3317 2371 imperium.
3349 2299 3460 2355 Fa-

1858 2385 2019 2445 miliw
2050 2386 2363 2457 populorum
2392 2397 2518 2443 sunt
2551 2388 2888 2447 diversarum
2922 2391 3164 2461 gentium
3188 2391 3455 2458 nationes,

1858 2494 1979 2548 quae
1999 2478 2232 2539 afferunt
2247 2479 2476 2541 Domino
2502 2479 2728 2552 gloriam
2743 2488 2803 2536 et
2823 2481 3132 2552 imperium,
3157 2497 3281 2538 cum
3309 2482 3460 2538 illum

1858 2570 2109 2638 erodunt,
2134 2571 2459 2631 conﬁtentur
2485 2581 2539 2627 et
2560 2571 2857 2642 praedicant
2877 2573 3164 2631 Dominum
3190 2589 3379 2629 verum
3405 2580 3461 2629 et

1858 2662 2291 2731 cinnipotentem
2325 2670 2383 2719 et
2414 2662 2656 2719 omnium
2684 2662 3097 2735 dominatorem.
3155 2661 3285 2718 Tale
3313 2663 3459 2718 enim

1858 2752 2185 2807 sacriﬁcium
2212 2752 2388 2821 placet
2418 2753 2472 2807 in
2504 2762 2797 2822 conspectu
2837 2751 2952 2811 Dei.
2978 2751 3047 2808 Et
3088 2750 3461 2821 hujuscemodi

1859 2842 2175 2900 adoratores
2200 2843 2433 2901 adorant
2459 2826 2747 2901 Dominum
2774 2844 2826 2899 in
2851 2844 3049 2901 decore
3073 2853 3300 2910 sancto;
3332 2843 3461 2916 quia

1859 2950 1984 2995 eum
2038 2936 2204 2995 corde
2250 2936 2473 2999 creditis
2499 2935 2739 2995 fatentur
2762 2944 2982 2999 aeterna:
3023 2937 3288 2995 claritatis
3340 2952 3463 2994 esse

1860 3036 2157 3091 auctorem.
2185 3026 2251 3083 In
2275 3028 2626 3100 nonagesimo
2659 3036 2838 3087 autem
2871 3028 3061 3100 quinto
3089 3028 3299 3101 psalmo
3320 3028 3460 3084 scri-

1857 3129 2015 3191 ptum
2054 3129 2182 3181 est:
2216 3120 2415 3192 Aﬂ’erte
2468 3121 2716 3189 Domino,
2758 3122 2947 3193 patria:
2992 3121 3244 3193 gentium,
3275 3121 3461 3192 a/ferte

122 3219 431 3287 sapientes
472 3217 824 3288 philosophos
877 3216 1150 3277 dicimus:
1192 3217 1289 3273 sed
1339 3218 1440 3273 hos
1476 3214 1755 3300 sequitur-
1780 3226 1833 3293 ε
1856 3211 2082 3283 gloriam
2108 3213 2447 3281 alienarem,
2491 3212 2675 3282 alierte
2709 3211 2937 3271 Domino
2982 3211 3207 3285 gloriam
3259 3211 3460 3266 nomini

109 3311 388 3381 apostoli
414 3310 695 3371 diibuitiva
721 3311 1013 3377 sententia,
1035 3310 1253 3372 dicens:
1284 3311 1563 3381 Sapientia
1590 3310 1757 3382 huius

123 3402 345 3461 mundi.
386 3400 617 3459 stultitia
667 3409 745 3457 est
792 3401 939 3471 apud
966 3399 1136 3457 Deum
1188 3398 1401 3471 (ICor.
1436 3399 1553 3470 tu).
1600 3398 1754 3459 Unda

121 3507 387 3552 necesse
426 3500 512 3550 est
548 3502 609 3551 nt
644 3493 736 3551 hic
776 3493 1013 3551 scientes
1047 3509 1147 3564 pro
1172 3509 1282 3551 non
1330 3494 1755 3565 intelligentibus

126 3587 481 3643 habeantur.
525 3585 745 3657 Damon
780 3573 867 3643 est
889 3599 1023 3657 ergo
1047 3601 1079 3642 a
1112 3587 1224 3643 Deo
1264 3586 1501 3656 quidem
1533 3588 1675 3643 sicut
1696 3598 1753 3647 et

126 3678 417 3737 humanm
457 3678 779 3750 angelorum
824 3679 1097 3737 excellens
1135 3680 1385 3740 homines
1411 3688 1595 3738 creata
1621 3682 1752 3738 sub-

134 3772 377 3837 statuta,
409 3785 531 3841 quin
558 3772 777 3842 propria
800 3771 1037 3829 faciente
1050 3772 1327 3843 superbia,
1342 3788 1415 3831 eo
1429 3787 1609 3844 usque
1627 3787 1753 3843 per-

133 3864 321 3930 venit,
336 3871 425 3928 ut,
452 3863 689 3919 naturali
720 3862 979 3934 digitale
1011 3864 1280 3934 deposita.
1311 3864 1473 3922 malis
1494 3866 1753 3935 operibus

138 3968 369 4025 semper
381 3953 619 4013 insistat.
643 3953 773 4013 Iace
783 3964 911 4011 sunt
925 3956 1188 4017 damonis
1204 3972 1325 4027 quae
1344 3956 1480 4013 alios
1495 3957 1749 4028 pendunt,

139 4054 198 4102 et
232 4047 427 4118 θείνει
455 4047 750 4117 decipiunt.
781 4045 897 4104 Hoc
923 4056 1059 4104 sunt
1084 4049 1269 4119 stirpe
1293 4050 1367 4105 dii
1391 4050 1637 4121 gentium
1656 4050 1751 4122 qui

140 4153 243 4208 per
292 4139 666 4196 infrtmtunsas
712 4140 1128 4199 vaticinationes
1170 4150 1231 4196 et
1264 4140 1572 4197 futurorum
1612 4157 1750 4197 vana

143 4232 425 4304 prasagia
448 4232 711 4289 [deiurant
755 4238 965 4288 animas
1014 4233 1263 4303 decipere
1290 4234 1748 4290 concludentium.

149 4320 415 4393 Sequitur
443 4342 456 4379 :
482 4322 742 4379 Dominus
779 4334 957 4381 autem
1002 4324 1159 4380 calas
1204 4324 1345 4394 fecit.
1390 4324 1530 4381 Ecce
1558 4339 1749 4381 revera

147 4411 363 4470 Domini
393 4414 557 4486 digna
579 4413 837 4470 laudatio.
876 4413 1011 4470 Nam
1050 4429 1173 4469 (ann
1199 4415 1330 4470 dicit
1360 4433 1373 4469 :
1400 4412 1567 4469 Calas
1596 4414 1747 4484 fecit,

151 4520 343 4563 omnes
379 4508 517 4578 ipsis
539 4506 715 4563 factas
742 4515 1025 4564 creaturas
1039 4507 1371 4564 suﬁicienter
1391 4510 1750 4566 ostendit.Sie

1856 3306 1993 3378 qus.
2026 3305 2211 3361 Tollite
2228 3308 2452 3373 hostias,
2477 3317 2526 3362 et
2548 3306 2758 3365 introite
2780 3307 2839 3361 in
2865 3306 3011 3361 atria
3044 3305 3185 3376 ejus,
3236 3304 3456 3359 adorate

1856 3396 2147 3457 Dominam
2174 3398 2230 3453 in
2257 3406 2441 3453 sancta
2468 3398 2585 3468 ejus
2612 3395 2904 3469 (Psal.xcv
2916 3394 2960 3469 ).
2981 3394 3119 3451 Nam
3145 3410 3272 3451 cum
3300 3394 3454 3461 dicit,

1855 3489 2045 3561 patric
2064 3489 2317 3559 gentium,
2348 3488 2469 3559 plus
2488 3487 2757 3559 signiﬁcat
2772 3530 2788 3555 ,
2810 3502 2973 3558 quam
3008 3487 3058 3545 si
3085 3486 3230 3543 solas
3259 3486 3466 3543 diceret

1855 3588 2078 3651 gentes;
2114 3594 2249 3651 gens
2275 3582 2419 3641 enim
2442 3580 2654 3650 aliquos
2680 3588 2865 3651 potest
2890 3579 3094 3640 habere
3121 3578 3456 3650 peregrinos.

1854 3677 1924 3735 Et
1948 3678 2075 3735 dum
2101 3678 2246 3735 natio
2274 3677 2491 3744 dicitur,
2519 3693 2629 3735 non
2655 3677 2897 3733 advenas
2931 3673 3332 3744 complectitur,
3365 3670 3461 3728 sed

1856 3779 2073 3826 tantum
2093 3779 2309 3842 gentem
2331 3772 2491 3827 unius
2530 3769 2817 3841 sanabis
2840 3766 3063 3827 indicat.
3088 3764 3189 3822 Hic
3214 3780 3346 3820 vero
3373 3762 3458 3819 di-

1854 3870 2003 3918 ctum
2030 3871 2134 3929 est,
2178 3864 2367 3933 patria:
2388 3862 2642 3933 gentium,
2672 3868 2743 3916 ut
2770 3857 2950 3915 nullus
2980 3856 3253 3925 indigena,
3283 3851 3463 3909 nullus

1854 3953 2077 4024 hospes,
2091 3952 2273 4009 nullus
2291 3953 2615 4023 peregrinus
2630 3949 2953 4009 redderem
2972 3952 3252 4015 exceptus.
3274 3940 3461 3997 Patria

1854 4046 2007 4101 cutim
2030 4045 2174 4100 dicta
2215 4053 2301 4101 est
2344 4043 2505 4113 quasi
2527 4042 2701 4113 patrie
2739 4040 2900 4099 atria.
2930 4036 3191 4108 Sequitur
3219 4053 3233 4091 :
3260 4033 3458 4105 Alfene

1853 4137 2082 4195 Domino
2111 4137 2334 4208 gloriam
2369 4146 2417 4192 et
2442 4137 2714 4191 lienam.
2758 4132 3033 4190 Admonet
3075 4130 3264 4196 etiam,
3290 4135 3350 4183 ut
3377 4125 3455 4182 illi

1853 4232 2183 4305 generalitas
2194 4231 2424 4289 Domino
2432 4229 2667 4302 gloriam
2676 4225 2875 4286 aderat
2891 4234 2948 4281 et
2966 4225 3253 4283 honorem.
3270 4218 3457 4278 Gloria

1851 4333 1939 4379 est
1988 4324 2222 4399 Domini,
2252 4339 2377 4379 cum
2421 4338 2481 4377 se
2522 4321 2718 4390 aliquis
2747 4315 3013 4377 laudabili.
3030 4310 3455 4379 conversatione

1852 4416 2127 4471 tractavit.
2210 4414 2558 4470 Gloriﬁcatur
2617 4413 2765 4468 enim
2826 4411 3089 4469 Dominus
3123 4410 3178 4467 in
3225 4403 3455 4475 talibus,

1850 4508 2068 4578 quando
2114 4522 2183 4562 ex
2222 4505 2465 4561 ﬁdelium
2508 4502 2675 4559 fuerit
2721 4501 3141 4559 conversatione
3179 4499 3453 4565 laudatus,

150 4598 293 4654 enim
322 4600 385 4655 in
412 4599 710 4671 majoribus
735 4600 946 4657 minora
987 4600 1419 4670 complectimur,
1447 4615 1572 4659 cum
1619 4602 1748 4657 dici-
1772 4596 1828 4657 D
1852 4600 1997 4656 sicut
2023 4600 2079 4654 in
2120 4597 2413 4670 Evangelia
2443 4594 2723 4666 discipulis
2747 4594 2867 4653 suis
2892 4593 3004 4653 ait:
3036 4590 3129 4651 Sic
3168 4590 3342 4651 luceat
3362 4588 3458 4645 tua:

151 4703 270 4746 mos
293 4690 579 4746 civitatem
619 4690 963 4757 adiﬁcatam,
1001 4693 1231 4748 domum-
1263 4693 1600 4749 obstruotam
1626 4712 1639 4748 :
1667 4694 1743 4751 ibi

152 4780 295 4836 enim
318 4781 551 4851 reliqum
582 4790 768 4853 partes
809 4785 1469 4854 oomprebendnntur,ubi
1492 4787 1745 4858 generale

156 4886 351 4929 nomen
376 4873 597 4930 dicitur.
621 4874 693 4930 Et
730 4877 945 4947 respice
966 4892 1075 4947 quo
1105 4880 1293 4935 tendat
1311 4879 1745 4939 Dominum!“

325 4964 465 5020 Nam
490 4965 627 5023 falsa
654 4966 935 5027 hominum
954 4969 1338 5040 imaginatione
1363 4972 1566 5042 reperti
1594 4980 1741 5028 sunt.

144 5052 611 5149 i’Dominnsautem
639 5058 808 5118 cales
829 5057 976 5125 fecit,
1014 5061 1105 5117 ubi
1130 5060 1209 5116 illi
1230 5076 1330 5117 nec
1358 5063 1622 5117 accedere
1644 5077 1746 5119 nec

165 5145 401 5209 habitare
425 5162 825 5224 promerentur.
861 5153 990 5211 Sive
1023 5157 1195 5213 caelos
1243 5156 1517 5228 apostolos
1542 5165 1597 5212 et
1622 5172 1747 5212 san-

166 5247 275 5296 ctos
297 5243 449 5300 viros
481 5244 770 5316 signiﬁcat,
798 5260 919 5315 quin
964 5248 1299 5305 daemonibus
1348 5250 1743 5319 imperaréDo-

169 5333 293 5391 mini
338 5352 562 5393 munere
621 5348 1036 5394 consueverunt.
1105 5339 1196 5396 Sic
1258 5340 1744 5398 demonstrativum

171 5424 369 5484 dicendi
406 5445 575 5502 genus
622 5430 723 5486 sub
768 5431 1034 5486 brevitate
1077 5433 1408 5504 completum
1433 5441 1533 5489 est.
1584 5432 1742 5489 Vitu-

174 5522 368 5586 peravit
402 5524 544 5579 enim
596 5526 843 5597 superius
871 5524 1000 5580 deos
1025 5527 1286 5596 gentium,
1315 5535 1370 5582 et
1405 5527 1594 5583 laudes
1642 5527 1745 5582 Do-

177 5608 295 5666 mini
322 5617 709 5687 subscqttenter
730 5619 974 5688 adiunxit
999 5637 1011 5674 :
1036 5622 1161 5690 quia
1197 5622 1400 5690 gratior
1429 5622 1533 5677 diei
1562 5619 1743 5689 splen~

182 5702 265 5758 dor
291 5720 385 5774 est,
419 5727 538 5765 cum
562 5728 668 5767 nox
697 5714 926 5768 obscura
958 5716 1314 5784 praecesserit.

157 5821 171 5830 ο
243 5796 501 5870 Confessio
534 5816 580 5860 et
614 5806 999 5878 magniﬁcentia
1052 5823 1229 5863 coram
1250 5823 1356 5864 eo:
1400 5806 1653 5877 fortitudo
1696 5816 1744 5862 et

1848 4704 2021 4750 vestra
2049 4709 2230 4748 ceram
2248 4690 2569 4756 hominibus,
2591 4699 2657 4743 ut
2678 4688 2887 4749 videant
2908 4702 3073 4757 opera
3090 4694 3261 4743 mm
3293 4683 3452 4750 bona,

1847 4799 1897 4843 et
1934 4787 2224 4860 gloriﬁcent
2257 4783 2474 4839 Patrem
2498 4792 2743 4850 vestrum,
2765 4783 2854 4853 qui
2883 4789 2958 4835 est
2984 4780 3043 4834 in
3066 4775 3206 4835 caelis
3234 4774 3452 4849 (Matth.

1847 4880 1946 4953 ν).
1972 4878 2155 4937 Honor
2206 4885 2291 4933 est
2334 4886 2514 4931 autem
2547 4874 2785 4941 Domini,
2807 4871 3029 4943 quando
3060 4870 3118 4925 in
3139 4868 3299 4927 donis
3337 4868 3454 4924 suis

1849 4973 1898 5028 ei
1937 4971 2142 5043 gratias
2168 4968 2458 5025 referimus
2482 4986 2493 5021 :
2518 4975 2575 5023 ct
2607 4967 2653 5023 si
2680 4964 2813 5037 quid
2838 4963 2967 5023 boni
2993 4961 3354 5030 suscepimus,
3381 4958 3451 5014 ab

1851 5065 1971 5137 ipso
2016 5056 2503 5135 proﬁtemur'esse
2547 5059 2835 5125 collatum;
2868 5058 3014 5114 sicut
3055 5057 3117 5111 in
3163 5052 3455 5125 Evangelio

1850 5158 2084 5229 legitur:
2116 5154 2307 5209 Nonne
2347 5154 2522 5209 decent
2562 5153 2805 5207 mandati
2846 5150 3012 5207 sunt?
3042 5158 3093 5204 α
3128 5164 3234 5204 non
3261 5157 3338 5204 est
3367 5149 3454 5203 ist-,-

1848 5262 2030 5307 oentas
2064 5252 2154 5323 qui
2198 5251 2389 5305 rediret
2414 5259 2463 5304 et
2487 5250 2639 5303 dare!
2679 5247 2904 5320 gloriam
2929 5246 3063 5312 Deo,
3091 5245 3195 5300 nisi
3234 5244 3319 5329 hic
3346 5244 3450 5301 Sa-

1849 5345 2149 5400 maritanus
2176 5343 2341 5416 (Luc.
2380 5342 2553 5414 xm).
2582 5341 2736 5402 Sicut
2779 5353 2944 5410 supra
2975 5338 3114 5395 dixit
3139 5337 3195 5393 in
3237 5337 3451 5408 psalmo

1849 5438 1995 5493 trina
2027 5437 2370 5507 repetitione,
2400 5445 2629 5501 cantate,
2650 5434 2725 5489 ita
2748 5434 2853 5491 hoc
2896 5434 3063 5491 tertio
3084 5432 3447 5505 componitur,

1849 5530 2156 5599 a/Ierte;ut
2212 5535 2553 5583 sacramenta
2603 5535 2805 5582 sancta:
2859 5524 3142 5582 Trinitatis
3189 5526 3243 5581 in
3291 5523 3451 5580 Chri-

1850 5622 2027 5678 stiano
2092 5623 2341 5693 dogmate
2391 5622 2569 5676 inesse
2620 5635 2839 5692 semper
2876 5635 3220 5695 agnosceres.
3284 5619 3448 5672 Asse-

1849 5724 1979 5770 runt
2022 5717 2204 5784 itaque
2262 5715 2487 5786 gloriam
2551 5716 2757 5771 nomini
2810 5715 2949 5785 ejus,
3005 5717 3101 5787 qui
3137 5709 3447 5770 devotionis

1850 5808 2026 5866 studio
2056 5816 2461 5865 commutantur
2490 5810 2545 5866 in
2577 5809 2868 5886 melius,‘ct
2918 5803 3440 5867 consubstantialem
