3958 6472
548 325 657 383 359

1207 325 1268 381 B.
1301 326 1553 383 RABANI
1592 327 1810 385 MAURI
1848 329 2164 387 ARCHIEP.
2206 331 2512 390 MOGUNT.
2554 332 2836 393 OPERUM
2869 333 3050 392 PARS
3085 335 3128 392 1.

3713 342 3820 399 360

548 440 652 498 sibi
691 426 1005 494 Trinitatem
1031 436 1189 510 atque
1214 441 1634 509 omnipotentem
1656 460 1753 512 per
1781 446 1959 498 omnia
1989 460 2116 499 con-
2141 448 2195 507 Α
2218 445 2274 498 in
2304 448 2440 501 atrio
2469 457 2656 503 sancto
2681 449 2964 504 Dominum
2991 451 3218 506 adorare
3237 425 3512 525 [’mcepit,
3540 463 3606 509 ut
3632 455 3694 510 in
3723 473 3820 512 na-

549 531 792 598 ﬁtentur,
847 532 1088 601 personis
1135 540 1358 596 tantum,
1415 551 1519 588 non
1561 544 1767 588 natura:
1809 535 2119 590 diversitate

550 624 854 680 discretam.
909 625 1060 691 Quod
1087 635 1266 680 autem
1294 627 1424 681 dicit
1453 646 1465 680 :
1501 626 1686 680 Tollite
1718 628 1936 692 hostias,
1961 635 2010 681 et
2031 629 2118 680 in-

548 716 696 769 troite
720 717 772 769 in
796 717 934 769 atria
976 717 1110 787 ejus,
1160 719 1366 772 hostias
1412 734 1520 773 non
1563 720 1810 774 victimas
1853 719 2118 789 pecudum

546 809 696 874 dicit,
720 809 812 863 sed
843 809 1187 864 conscientia
1211 824 1348 878 pura
1375 810 1652 874 libamina,
1685 810 1825 864 unde
1858 825 1963 865 non
1991 825 2118 865 san-

545 904 663 975 guis
717 913 920 971 currat,
967 905 1062 960 sed
1101 906 1203 975 pia:
1247 905 1497 976 lacrymze
1528 904 1786 960 diﬁluant.
1831 903 1952 960 Istae
1993 911 2120 959 sunt

542 993 733 1048 hostiae
779 1009 914 1063 quas
953 993 1010 1048 in
1039 994 1482 1064 quinquagesimo
1526 993 1733 1076 psalmo
1778 993 1962 1047 dixit:
2015 991 2120 1046 Cor

541 1085 825 1138 contritum
860 1093 908 1138 et
927 1084 1262 1140 Immiliatum
1311 1103 1413 1140 non
1463 1084 1658 1155 spernit
1698 1081 1871 1155 (Psal.
1903 1082 1978 1152 L).
2013 1080 2120 1137 Sed

541 1172 824 1228 considera
865 1174 992 1242 quia
1025 1175 1173 1244 prius
1201 1176 1402 1244 posuit,
1430 1173 1627 1239 tollite;
1665 1181 1719 1228 et
1752 1173 1830 1228 sic
1857 1171 2116 1227 introite:

540 1264 664 1332 quia
697 1265 788 1334 qui
835 1266 968 1321 tales
995 1265 1201 1322 hostias
1227 1283 1335 1323 non
1362 1274 1603 1337 portant,
1651 1267 1706 1320 in
1733 1265 1874 1319 atria
1902 1263 2117 1319 Domini

541 1369 648 1408 non
672 1355 1230 1426 judicantunintrarc.
1262 1357 1380 1413 Non
1408 1368 1491 1413 est
1524 1365 1702 1412 autem
1739 1357 1913 1412 otiose
1938 1357 2116 1412 susci-

537 1442 812 1512 piendum,
845 1446 989 1515 quod
1028 1447 1221 1517 plurali
1251 1465 1476 1504 numero
1516 1449 1714 1519 posuit,
1760 1449 1918 1502 atria.
1963 1447 2116 1503 Atria

538 1536 684 1588 enim
731 1544 855 1590 sunt
884 1535 1098 1591 Domini
1127 1539 1355 1607 apostoli
1395 1539 1480 1594 vel
1519 1542 1825 1610 prophetae,
1857 1555 1956 1610 per
1982 1555 2119 1610 quos

539 1627 712 1682 ﬁdelis
736 1628 964 1698 populus
1000 1630 1162 1684 intrat
1190 1632 1258 1686 ad
1283 1633 1587 1687 Dominum.
1636 1631 1888 1697 Adorate,
1918 1631 2115 1701 inquit,

536 1718 821 1776 Dominum
852 1723 911 1777 in
939 1723 1065 1778 aula
1102 1737 1286 1778 sancta
1323 1725 1459 1794 ejus,
1509 1725 1622 1780 sive
1668 1723 1748 1796 (ut
1786 1725 1842 1779 in
1869 1724 1975 1779 alia
2003 1723 2116 1778 edi-

2224 538 2458 593 tionibus
2469 555 2498 593 a
2515 539 2660 609 ligno
2674 542 2849 596 crucis
2863 541 3146 597 Dominum
3163 545 3392 599 debeant
3405 546 3593 602 dicere
3625 563 3819 617 regna-

2225 637 2422 683 turum.
2457 629 2570 684 Non
2597 632 2664 686 ab
2703 632 2792 686 illo
2812 633 2958 703 ligno
2984 635 3241 703 paradisi,
3271 636 3412 691 unde
3437 638 3706 693 diabolus
3734 656 3819 711 ge-

2221 736 2324 775 nus
2347 722 2639 776 humanum
2669 725 2954 779 videbatur
2975 734 3158 781 tenere
3180 727 3475 796 captivum;
3497 731 3598 785 sed
3615 733 3694 786 ab
3711 732 3816 787 isto

2220 811 2424 867 scilicet
2445 811 2590 884 ligno
2610 816 2752 870 unde
2779 815 2998 872 libertas
3026 827 3188 889 caput
3208 819 3420 886 extulit,
3446 820 3502 874 in
3537 821 3663 876 vita
3695 838 3812 877 sur-

2220 902 2380 958 rexit.
2407 902 2467 957 In
2488 903 2580 959 illo
2605 906 2868 977 siquidem
2889 907 3034 979 ligno
3062 924 3209 964 mors
3229 911 3698 981 transgressionis
3723 929 3818 984 pe-

2218 993 2434 1062 pendit;
2461 994 2517 1048 in
2545 995 2650 1051 isto
2679 995 2812 1052 ﬁdes
2841 997 3198 1055 confessionis
3225 1000 3465 1056 emicuit.
3514 1001 3662 1056 illud
3693 1018 3813 1072 per-

2220 1086 2374 1141 duxit
2407 1087 2476 1142 ad
2497 1087 2728 1156 inferos;
2757 1089 2896 1145 istud
2926 1091 3093 1146 mittit
3115 1092 3181 1146 ad
3204 1093 3392 1149 caelos.
3423 1093 3695 1165 Regnavit
3722 1112 3814 1150 au-

2218 1184 2328 1231 tem
2356 1177 2740 1250 intelligamus,
2763 1181 3010 1248 innotuit,
3046 1185 3260 1252 quando
3306 1187 3513 1241 mundo
3540 1187 3812 1244 Dominus

2219 1266 2467 1323 salvator
2491 1271 2766 1340 apparuit;
2809 1287 2934 1327 nam
2966 1274 3181 1342 quando
3234 1274 3324 1330 ille
3368 1291 3478 1330 non
3524 1280 3807 1348 regnavit,

2217 1360 2308 1429 qui
2332 1374 2543 1430 semper
2587 1376 2708 1416 cum
2757 1361 2918 1418 Patre
2960 1371 3016 1418 et
3062 1363 3266 1434 Spiritu
3310 1375 3500 1422 sancto
3532 1378 3810 1438 potestate

2217 1465 2328 1505 suae
2355 1451 2756 1521 omnipotentis:
2803 1456 3156 1524 perseverat?
3197 1459 3240 1510 Α
3268 1456 3431 1527 ligno,
3457 1459 3556 1513 alii
3587 1461 3810 1530 quidem

2216 1555 2324 1595 non
2371 1541 2570 1596 habent
2599 1542 2978 1610 translatores;
3032 1549 3125 1600 sed
3177 1547 3334 1602 nobis
3381 1549 3614 1615 suﬁicit,
3668 1552 3812 1620 quod

2216 1629 2361 1686 LXX
2412 1632 2768 1703 interpretum
2814 1639 3139 1694 auctoritate
3176 1639 3450 1695 ﬁrmatum
3499 1651 3614 1696 est.
3666 1643 3809 1698 Crux

2217 1723 2360 1777 enim
2380 1723 2592 1780 Domini
2611 1741 2838 1797 pravum
2857 1736 3021 1800 atque
3040 1730 3327 1786 distortum
3346 1733 3601 1788 correxit
3623 1734 3809 1789 orbe

537 1809 685 1865 tione
731 1805 981 1881 habetur)
1009 1813 1065 1866 in
1107 1815 1244 1866 atrio
1274 1825 1455 1868 sancto
1490 1815 1625 1885 ejus.
1659 1813 1787 1869 Haec
1829 1813 1976 1868 enim
2011 1815 2117 1870 duo
2143 1808 2192 1868 B
2219 1822 2396 1872 terrae.

536 1901 755 1955 nomina
779 1917 879 1971 pro
905 1903 1165 1958 alterutro
1187 1905 1240 1958 in
1280 1905 1560 1976 Scriptura
1586 1914 1873 1976 ponuntur,
1904 1906 2030 1975 quia
2059 1914 2115 1961 et

534 1990 593 2045 in
615 1989 802 2048 Grmco
831 1993 1006 2059 aulen,
1053 1995 1251 2048 atrium
1276 1996 1492 2050 dicitur.
1519 1995 1671 2051 Tunc
1696 2010 1884 2052 revera
1933 1996 2116 2052 Domi-

533 2097 636 2138 nus
661 2084 938 2149 adoratur,
983 2085 1198 2154 quando
1245 2085 1441 2140 fuerint
1485 2087 1674 2140 hostiae
1702 2096 1948 2156 portate,
1976 2101 2113 2167 quas

531 2172 783 2242 superius
812 2173 1084 2228 intimavit
1108 2216 1119 2228 .
1150 2185 1209 2230 ut
1229 2176 1546 2246 supplicatio
1573 2176 1880 2232 conﬁtentis
1907 2191 2114 2231 merea-

530 2274 620 2320 tur
648 2265 717 2320 ad
752 2281 911 2322 aures
939 2269 1222 2337 pervenire
1268 2266 1559 2322 Creatoris.
1603 2265 1714 2322 Nec
1755 2274 1932 2332 vacat,
1969 2266 2110 2335 quod

530 2355 791 2410 anteriori
829 2372 991 2412 versu
1041 2357 1178 2410 atria
1227 2357 1426 2426 posuit,
1456 2357 1561 2412 hoc
1611 2371 1739 2412 vero
1769 2356 2112 2429 singulariter

532 2438 730 2498 atrium
753 2445 884 2500 dicit
908 2463 923 2512 ;
954 2447 1077 2515 quia
1114 2461 1182 2500 ex
1203 2445 1311 2500 illis
1337 2447 1490 2501 atriis
1513 2446 1862 2517 patriarchis,
1889 2455 2104 2516 aposto-

530 2533 598 2588 lis
620 2541 676 2588 et
713 2535 991 2606 prophetis
1046 2536 1102 2590 in
1124 2535 1268 2590 istud
1293 2537 1491 2590 atrium
1535 2536 1817 2592 catholicae
1847 2537 2109 2591 duntaxat

531 2624 787 2680 Ecclesiae
831 2626 1164 2697 pervenitur,
1219 2627 1312 2682 ubi
1367 2625 1483 2696 ejus
1526 2627 1765 2698 potentia
1810 2625 2109 2697 majestatis

538 2716 818 2771 adorator.
851 2716 1108 2788 Sequitur
1135 2737 1147 2772 :
1435 2739 1443 2747 ο

597 2803 992 2861 Commoveatur
1018 2824 1052 2860 a
1080 2807 1214 2877 facie
1235 2808 1349 2878 ejus
1370 2809 1614 2864 universa
1633 2817 1794 2865 terra.
1819 2809 2105 2878 Quomodo

530 2895 741 2952 dixerat
785 2897 1050 2964 ﬁdelibus,
1099 2899 1270 2955 bonas
1314 2913 1509 2970 operas
1545 2901 1714 2958 tollite
1760 2911 1816 2957 et
1859 2903 2101 2971 introite,

527 3005 628 3046 nec
663 2991 815 3056 dicit,
845 3007 877 3045 a
909 2991 1047 3048 facie
1075 2993 1241 3062 ipsius
1270 3002 1538 3050 amatores
1568 2994 1747 3050 saeculi
1778 2996 2104 3058 submoven-

527 3081 640 3136 dos.
666 3079 780 3136 Non
809 3083 953 3137 enim
977 3083 1152 3140 dixit:
1179 3083 1594 3141 Commoveatur
1614 3093 1739 3140 ante
1766 3085 1962 3143 faciem
1987 3087 2102 3156 ejus

526 3170 778 3226 universa
809 3179 972 3227 terra.
1005 3172 1156 3240 Quod
1183 3174 1448 3244 hodieque
1474 3174 1580 3230 illis
1609 3175 1859 3241 dicimus,
1889 3192 2024 3246 quos
2067 3193 2100 3234 a
2128 3153 2175 3218 (ἶ

525 3268 818 3328 conspectu
844 3269 1029 3316 nostro
1055 3261 1387 3318 reddidimus
1411 3264 1633 3320 alienos.
1663 3265 1765 3333 Qui
1797 3267 1934 3322 bene
1960 3277 2102 3321 terra

525 3349 653 3404 dicti
711 3359 858 3416 sunt,
921 3351 1047 3422 quia
1098 3360 1314 3407 terrena
1366 3355 1496 3409 vitia
1541 3370 1648 3409 non
1702 3356 2098 3428 derelinquunt.

526 3438 785 3506 Quamvis
833 3439 938 3495 hoc
982 3441 1073 3495 alii
1117 3441 1170 3495 in
1212 3451 1422 3512 partem
1455 3444 1655 3499 bonam
1684 3446 1856 3515 accipi
1908 3447 2103 3502 debere

525 3529 801 3595 dixerunt,
814 3539 875 3583 ut
889 3537 1015 3586 tunc
1025 3538 1172 3586 terra
1185 3543 1604 3601 commoveatur,
1623 3537 1836 3606 quando
1850 3545 2102 3608 peccator

526 3621 594 3676 ad
625 3623 998 3691 ptenitcntiam
1033 3624 1215 3691 fuerit,
1270 3627 1498 3682 Domino
1532 3631 1846 3700 miserante,
1898 3636 2100 3704 perdu-

524 3720 662 3768 ctus.
697 3712 789 3768 Sic
816 3713 1110 3783 Scriptura:
1137 3716 1334 3771 divina:
1383 3718 1943 3790 incomprehensibilis
1968 3740 2098 3796 pro-

523 3803 760 3860 funditas
781 3813 836 3860 et
859 3805 1090 3860 diversis
1134 3807 1308 3860 modis
1354 3807 1690 3880 intelligitur,
1729 3821 1789 3866 ut
1825 3829 1931 3867 una
1974 3829 2101 3869 con-

524 3901 668 3950 stare
713 3895 976 3950 varietate
1004 3904 1359 3951 monstratur.
1417 3896 1525 3952 Per
1572 3917 1626 3954 se
1655 3902 1890 3971 fundavit
1925 3905 2099 3961 orbem

522 3986 857 4042 immobilem.
881 3986 1082 4044 Orbem
1109 3988 1198 4043 hic
1232 3998 1475 4044 sanctam
1518 3991 1814 4050 Ecclesiam
1842 3995 2098 4052 debemus

525 4078 848 4149 intelligere,
877 4094 996 4148 quae
1040 4079 1094 4134 in
1128 4087 1240 4135 toto
1268 4081 1398 4136 orbe
1425 4080 1615 4138 diﬁ‘usa
1644 4093 1748 4139 est.
1798 4085 1934 4141 Huic
1965 4103 2095 4159 ergo

521 4169 706 4226 orbem
734 4170 838 4224 dici
863 4171 1096 4241 fpenitus
1129 4186 1233 4226 non
1261 4187 1381 4228 esse
1419 4175 1864 4229 commovendum
1905 4195 1921 4231 :
1970 4179 2099 4248 quia

521 4261 577 4316 in
612 4260 880 4317 soliditate
910 4260 1033 4316 ﬁdei
1061 4272 1392 4332 perseverat,
1423 4264 1478 4318 in
1514 4280 1621 4334 qua
1651 4265 1911 4324 Dominus
1941 4269 2094 4328 illum

519 4353 761 4409 fundavit
785 4353 1146 4423 immobilem;
1177 4371 1287 4412 non
1325 4357 1466 4412 sicut
1514 4357 1627 4425 illa,
1657 4374 1819 4429 quam
1847 4363 2096 4432 superius

519 4445 651 4502 dicit
680 4463 694 4500 :
723 4445 1122 4503 Commoveatur
1145 4467 1180 4503 a
1214 4449 1350 4519 facie
1378 4450 1492 4520 ejus
1540 4451 1780 4506 universa
1806 4463 1966 4508 terra.
2001 4455 2091 4511 Illa

517 4549 938 4607 commoveatur,
967 4548 1029 4596 ut
1055 4558 1086 4596 a
1108 4542 1266 4597 malis
1293 4551 1643 4598 convertatur
1663 4546 1916 4615 operibus
1943 4567 1955 4601 :
1986 4549 2090 4604 ista

517 4643 625 4685 non
648 4640 1075 4696 commoveatur,
1109 4645 1230 4700 quae
1274 4646 1418 4687 verae
1447 4632 1574 4688 ﬁdei
1603 4633 1874 4690 soliditate
1919 4638 2097 4694 consi-

517 4715 628 4775 stit.
1022 4736 1027 4742 ·

584 4811 854 4868 Lwtentur
873 4811 1010 4877 cteli,
1038 4820 1088 4865 et
1116 4810 1340 4866 exsultet
1371 4822 1530 4866 terra.
1557 4811 1664 4868 Per
1689 4815 1855 4873 caelos
1890 4818 2095 4889 signiﬁ-

516 4909 711 4957 cantur
741 4901 904 4973 (sicut
932 4914 1073 4969 smpe
1104 4900 1304 4955 dictum
1329 4901 1436 4973 est)
1466 4904 1692 4973 apostoli
1715 4915 1769 4961 et
1795 4909 2090 4979 prophetae,

513 4990 602 5046 vel
640 4989 834 5059 reliqui
869 4988 1074 5055 ﬁdeles,
1125 5004 1259 5058 quos
1300 4989 1482 5045 divina
1527 4994 1798 5064 majestas,
1832 5007 2089 5068 tanquam

517 5081 734 5147 coelum,
756 5083 998 5138 noscitur
1022 5084 1260 5140 insidere
1288 5103 1301 5139 :
1339 5094 1486 5142 terra
1514 5103 1644 5144 vero
1672 5091 1873 5148 indicat
1900 5109 2092 5164 peccav

517 5178 680 5234 tores,
707 5172 799 5241 qui
833 5180 1014 5228 tamen
1042 5173 1428 5232 satisfactionis
1453 5178 1722 5235 beneﬁcio
1765 5183 1833 5237 ad
1859 5186 2088 5253 gratiam

516 5259 612 5316 Dei
639 5273 952 5318 meruerunt
981 5265 1178 5322 redire.
1207 5265 1328 5335 ipsa
1351 5267 1495 5322 enim
1523 5277 1666 5323 terra
1693 5272 1966 5328 exsultare
1988 5291 2090 5344 po-

521 5356 622 5403 test
645 5348 699 5403 in
729 5350 960 5408 adventu
982 5352 1178 5424 judicis
1204 5355 1308 5421 sui,
1339 5371 1458 5426 quae
1479 5371 1537 5412 se
1561 5373 1590 5413 a
1623 5361 1860 5428 peccatis
1889 5362 2088 5418 intelli-

518 5439 595 5510 git
613 5441 936 5498 absolutam.
1808 5446 1814 5450 ’

585 5531 755 5588 Dicite
772 5535 827 5589 in
847 5537 1142 5592 nationibus
1165 5553 1183 5589 :
1203 5539 1460 5595 Dominus
1481 5544 1731 5612 regnavit.
1754 5543 1814 5598 In
1835 5545 2092 5614 psalterio

517 5635 647 5675 vero
671 5623 907 5678 additum
933 5636 1016 5680 est
1039 5643 1052 5678 :
1079 5627 1332 5682 Dominus
1357 5632 1590 5698 regnavit
1614 5649 1644 5683 α
1667 5631 1824 5701 ligno.
1858 5635 1978 5690 lllos
2001 5638 2090 5692 ad-

519 5724 737 5770 monent
759 5719 1047 5774 revcrenda
1069 5720 1322 5790 mysteria
1351 5721 1598 5790 gentibus
1622 5725 1930 5793 praedicare,
1957 5745 2090 5797 quos

2228 1904 2231 1907 ’
2290 1908 2454 1964 Tonet
2498 1927 2644 1966 mare
2682 1921 2732 1966 et
2773 1912 3041 1984 plenitudo
3075 1915 3190 1986 ejus
3232 1933 3252 1972 :
3287 1917 3554 1972 exsultent
3600 1921 3723 1990 agri
3767 1929 3810 1976 et

2214 2001 2388 2054 omnia
2409 2017 2525 2070 quae
2553 2003 2609 2056 in
2637 2004 2710 2057 eis
2729 2015 2878 2059 sunt;
2908 2006 3056 2061 Mare
3083 2006 3171 2063 hic
3199 2024 3297 2078 pro
3317 2010 3533 2080 populis
3561 2013 3807 2082 ponitur,

2212 2090 2339 2160 quia
2370 2091 2424 2145 in
2451 2092 2563 2146 salo
2592 2092 2752 2162 hujus
2781 2096 2962 2150 saeculi
2987 2099 3268 2154 constituti
3292 2100 3527 2156 diversis
3552 2104 3810 2158 tentatio-

2214 2181 2374 2237 nibus
2402 2182 2696 2253 agitantur.
2727 2184 2821 2240 Isti
2842 2198 3126 2244 moventur
3159 2192 3228 2246 ad
3252 2193 3534 2260 gaudium,
3591 2196 3808 2265 quando

2211 2276 2580 2332 conversionis
2619 2278 2758 2334 dona
2805 2282 3158 2353 susceperint.
3187 2282 3322 2339 Nam
3365 2294 3427 2340 ut
3470 2287 3807 2344 universita-

2213 2373 2319 2420 tem
2347 2366 2585 2436 gentium
2609 2369 2911 2442 intelligere
2950 2373 3249 2443 debuisses,
3277 2377 3486 2446 posuit,
3525 2377 3805 2448 plenitudo

2208 2454 2342 2524 ejus.
2372 2455 2546 2527 Agros
2573 2457 2659 2514 hic
2682 2460 2936 2517 similiter
2957 2463 3012 2517 in
3054 2465 3196 2520 bono
3225 2465 3490 2522 debemus
3518 2467 3798 2538 accipere,

2209 2546 2336 2615 quia
2359 2547 2449 2602 illa
2472 2549 2634 2620 plana
2657 2551 2911 2620 dicimus,
2943 2570 3062 2624 qua:
3081 2556 3448 2625 pulcherrima
3479 2559 3802 2629 aequalitate

2207 2638 2518 2695 tenduntur.
2543 2641 2718 2709 Agros
2741 2658 2869 2714 ergo
2887 2645 3017 2702 dicit
3046 2647 3194 2703 viros
3228 2645 3456 2717 iustitia:
3480 2649 3655 2705 laude
3682 2652 3796 2722 pol-

2205 2726 2397 2795 lentes,
2429 2746 2538 2787 non
2560 2734 2810 2803 superbia
2840 2735 3081 2803 timidos,
3105 2751 3212 2792 non
3235 2752 3455 2809 asperos
3481 2739 3797 2806 iracundia,

2206 2820 2302 2875 sed
2325 2830 2605 2878 mansueta
2627 2823 2844 2880 levitate
2861 2825 3223 2894 plenissimos.
3251 2827 3514 2899 Sequitur
3539 2849 3553 2886 :

2280 2909 2424 2966 Tunc
2453 2913 2745 2970 laudabunt
2771 2916 2916 2988 ligna
2961 2919 3126 2974 saltus
3172 2937 3348 2975 coram
3387 2912 3654 2990 Domino,
3683 2928 3804 2996 quia

2203 3001 2340 3055 venit
2358 3002 2607 3071 judicare
2633 3015 2847 3060 terram.
2877 3007 3042 3076 Tunc,
3072 3009 3210 3065 dixit
3257 3013 3557 3068 secundum
3604 3015 3804 3071 adven-

2206 3098 2337 3156 tum,
2368 3095 2583 3162 quando
2602 3093 2944 3163 judicaturus
2989 3108 3072 3155 est
3116 3102 3396 3156 mundum.
3437 3103 3620 3176 Ligna
3646 3106 3805 3162 silva-

2205 3200 2326 3239 rum
2351 3200 2447 3256 per
2477 3202 2536 3243 se
2563 3203 2780 3244 amaros
2815 3197 2870 3245 et
2893 3192 3106 3248 steriles
3142 3193 3384 3249 inferunt
3426 3194 3681 3264 fructus;
3713 3197 3799 3253 sed

2203 3293 2324 3333 cum
2343 3278 2548 3334 fuerint
2573 3281 2760 3349 insita,
2794 3284 3105 3340 dulcissima
3135 3287 3381 3342 ubertate
3413 3289 3796 3360 pinguescunt.

2206 3367 2298 3424 Sic
2323 3379 2530 3440 gentes,
2556 3388 2676 3441 quae
2706 3375 2858 3444 prius
2883 3375 3118 3439 fuerant,
3151 3377 3295 3433 velut
3338 3379 3483 3450 ligna
3514 3381 3796 3449 silvarum,

2203 3459 2272 3515 ad
2297 3461 2562 3517 culturam
2589 3462 2927 3520 fructiferam
2975 3468 3268 3536 productas,
3305 3479 3432 3526 ante
3467 3470 3676 3527 faciem
3702 3473 3798 3529 Do—

2202 3550 2335 3606 mini
2365 3567 2562 3624 magno
2604 3563 2730 3611 sunt
2773 3558 2967 3628 gaudio
3017 3558 3293 3616 laetaturae.
3322 3562 3429 3618 Sed
3463 3579 3592 3619 cum
3626 3567 3794 3621 dicit:

2205 3641 2398 3698 Omnia
2426 3644 2568 3716 ligna
2606 3647 2755 3704 illam
2779 3658 2990 3720 partem
3011 3653 3126 3708 vult
3155 3654 3401 3727 intelligi,
3432 3671 3557 3726 quae

2199 3732 2356 3790 bonis
2384 3738 2638 3806 operibus
2689 3742 2866 3810 potuit
2913 3759 2978 3798 ac
3007 3747 3225 3800 mutari.
3267 3745 3396 3814 Quae
3425 3748 3647 3805 dixerat
3676 3766 3797 3808 cre-

2202 3823 2391 3880 dentes
2415 3841 2534 3882 esse
2557 3827 2855 3899 laetaturos,
2905 3847 3017 3889 non
3065 3835 3198 3891 dicit
3240 3838 3299 3892 in
3339 3839 3575 3910 angulis,
3609 3859 3725 3899 non
3747 3843 3795 3900 in

2201 3917 2447 3984 secretis,
2480 3920 2575 3975 sed
2600 3932 2727 3978 ante
2753 3922 2947 3980 faciem
2969 3924 3190 3997 judicis,
3241 3933 3458 3999 quando
3496 3932 3796 3990 inaestima-

2199 4007 2323 4063 bilis
2353 4018 2408 4064 et
2434 4013 2651 4081 copiosa
2676 4014 2864 4071 laetitia
2892 4026 3005 4085 est;
3033 4021 3250 4090 quando
3279 4023 3501 4093 praemia
3538 4026 3793 4081 tribuun-

2201 4103 2309 4163 tur,
2341 4107 2397 4153 et
2425 4103 2690 4160 securitas
2715 4105 2834 4162 sine
2859 4107 2966 4164 ﬁne
2993 4119 3300 4179 praestatur.
3343 4113 3410 4169 Et
3449 4130 3517 4170 ne
3553 4118 3792 4186 primum

2201 4187 2353 4244 illum
2396 4191 2788 4254 incarnationis
2829 4199 3041 4256 Domini
3074 4213 3296 4272 putares
3320 4205 3641 4276 adventum,
3665 4213 3792 4267 dicit

2199 4279 2254 4335 in
2278 4282 2488 4351 psalmo
2523 4305 2535 4340 :
2571 4286 2835 4353 Quoniam
2872 4294 3005 4346 venit
3047 4294 3294 4365 judicare
3333 4307 3549 4354 terram.
3582 4301 3724 4359 Nam
3747 4304 3788 4359 si

2201 4370 2258 4426 in
2287 4373 2378 4429 illo
2425 4376 2602 4445 primo
2647 4388 2912 4437 commate
2940 4385 3264 4441 sententiam
3299 4389 3672 4459 terminasset,
3696 4409 3788 4464 po-

2201 4470 2378 4517 tuerat
2398 4464 2527 4521 illud
2549 4467 2862 4536 adventum,
2885 4471 2977 4540 qui
3018 4471 3133 4542 jam
3165 4483 3472 4534 transactus
3505 4490 3617 4548 est,
3651 4481 3787 4539 forte

2205 4553 2438 4620 sentire;
2470 4557 2566 4611 sed
2612 4572 2737 4613 cum
2783 4560 3026 4617 addidit:
3062 4564 3324 4630 Quoniam
3357 4575 3494 4623 venit
3537 4572 3787 4642 judicare

2202 4652 2420 4713 terram,
2458 4646 2608 4702 illum
2653 4665 2752 4706 nos
2778 4658 2987 4708 tantum
3029 4655 3198 4711 voluit
3249 4659 3570 4732 intelligere,
3628 4681 3784 4736 quem

2204 4735 2380 4791 adhuc
2411 4740 2684 4796 noscimus
2727 4753 3062 4814 exspectare.
3091 4747 3170 4804 De
3199 4765 3306 4819 quo
3327 4751 3491 4808 etiam
3529 4735 3781 4814 Ezechiel

2196 4830 2461 4898 propheta
2479 4841 2710 4888 testatur
2738 4853 2751 4889 :
2784 4835 2917 4892 Haec
2954 4841 3083 4895 dicit
3127 4841 3382 4899 Dominus
3411 4846 3555 4903 Deus
3581 4852 3779 4906 ossibus

2195 4916 2310 4970 istis
2339 4933 2358 4969 :
2388 4917 2524 4974 Ecce
2543 4938 2634 4992 ego
2660 4923 2850 4979 induco
2877 4926 2934 4979 in
2957 4944 3044 4982 vos
3094 4931 3354 5001 spiritum,
3404 4944 3452 4988 et
3503 4939 3706 5004 vinetis,
3734 4950 3777 4994 et

2197 5007 2333 5061 dabo
2353 5009 2410 5064 in
2429 5027 2516 5064 vos
2540 5028 2742 5080 nervos,
2774 5023 2822 5068 et
2843 5015 3092 5072 inducam
3131 5037 3286 5092 super
3308 5039 3395 5078 vos
3440 5027 3644 5083 viscera
3668 5047 3776 5084 car-

2196 5097 2297 5162 nis,
2339 5107 2389 5152 et
2418 5101 2697 5156 extendam
2726 5121 2882 5175 super
2915 5124 3002 5161 vos
3047 5118 3234 5178 cutem,
3291 5124 3340 5168 et
3371 5115 3509 5172 dabo
3537 5121 3774 5189 spiritum

2194 5203 2364 5242 meum
2389 5189 2444 5241 in
2470 5190 2630 5255 vobis,
2655 5201 2704 5246 et
2740 5193 2934 5262 vinetis,
2966 5206 3017 5250 et
3055 5200 3226 5254 scietis
3262 5205 3384 5272 quia
3411 5223 3504 5275 ego
3533 5225 3650 5263 sum
3677 5211 3775 5265 Do-

2194 5277 2367 5332 minus
2391 5276 2604 5347 (Ezech.
2632 5281 2862 5354 xxxvii).
2893 5285 3084 5340 Daniel
3114 5303 3328 5360 quoque
3351 5294 3513 5350 dicit:
3537 5297 3604 5352 Et
3631 5299 3775 5354 multi

2195 5370 2562 5423 dormientium
2603 5371 2658 5424 in
2695 5381 2837 5427 terra
2882 5392 2974 5445 per
3025 5379 3245 5446 ﬁssuras
3271 5399 3548 5456 exsurgent
3589 5407 3609 5445 :
3647 5393 3773 5446 Ini-

2195 5459 2352 5512 vitam
2377 5471 2648 5527 wternam,
2675 5472 2724 5515 et
2759 5464 2814 5516 hi
2864 5466 2916 5519 in
2963 5471 3294 5538 opprobrium
3333 5485 3378 5528 et
3416 5479 3770 5548 confusionem

2199 5547 2361 5619 (Dan.
2379 5550 2499 5622 xu).
2525 5550 2691 5606 Terra
2709 5569 2839 5607 vero
2860 5555 2949 5609 hic
2975 5558 3283 5616 universum
3304 5547 3561 5635 populum
3592 5571 3768 5625 mundi

2199 5641 2347 5705 dicit,
2373 5651 2430 5697 ut
2450 5644 2604 5700 bonis
2630 5646 2868 5716 praemia,
2908 5648 3065 5706 malis
3095 5655 3355 5724 supplicia
3404 5668 3611 5716 tuterna
3642 5679 3766 5719 con-

2199 5743 2402 5788 Sllllllli.
