3958 6560
169 486 259 543 561

1088 474 1441 536 COMMENT.
1482 475 1550 533 IN
1592 454 2142 533 PARALIPOMENA.
2180 502 2253 514 —
2286 471 2417 529 LIB.
2456 472 2521 529 ιι.
2570 448 2575 451 ’

3306 474 3414 531 562

232 598 555 669 Conﬁtemini
599 596 823 653 Dommo
846 598 1095 669 quoniam
1138 598 1326 664 bonus,
1376 597 1625 669 quoniam
1669 597 1728 652 in
1750 598 1809 664 Α
1829 596 1887 649 in
1908 601 2159 647 aeternum
2177 598 2259 645 :et
2285 591 2426 644 dicat
2454 589 2621 643 omnis
2649 587 2889 659 papulas,
2914 586 3100 654 Amen,
3124 598 3169 643 et
3193 590 3412 661 hymnos

168 705 404 753 internum
431 688 790 744 misericordia
806 690 942 760 ejus.
966 687 1119 744 Sicut
1144 689 1391 759 superius
1416 688 1658 758 psalmus
1677 688 1733 742 in

167 785 331 859 primo
344 795 511 839 Aversa
537 778 853 846 declaravit,
874 781 1003 851 quia
1032 780 1301 857 confessio
1330 780 1421 835 illa
1459 781 1528 835 ad
1551 780 1737 835 laudes
1772 786 1783 793 '

164 873 369 935 Domini
392 871 670 929 debuisset
687 872 884 944 aptari,
920 872 996 927 ita
1036 880 1095 929 et
1135 873 1227 928 hic
1250 872 1496 944 designat
1527 869 1738 928 confes-

166 970 362 1024 sionem
390 964 557 1019 istam
588 963 657 1019 ad
707 963 1033 1020 medicinam
1075 963 1431 1033 paenitudinis
1465 963 1737 1034 applican-

165 1060 298 1115 dam.
324 1055 431 1111 Sed
458 1056 562 1111 hoc
587 1069 806 1127 quoque
831 1054 900 1110 ad
917 1053 1188 1125 praeconia
1234 1054 1448 1110 Domini
1468 1055 1739 1125 pertinere

166 1164 266 1203 non
293 1145 512 1201 dubium
540 1152 645 1210 est,
677 1144 895 1213 quando
936 1141 1109 1212 major
1154 1141 1327 1212 gloria
1385 1152 1470 1198 est
1520 1142 1742 1214 pietatis

165 1235 437 1295 conﬁtenti
457 1249 681 1304 parcere
705 1249 867 1303 quam
892 1232 1137 1288 innuenti
1158 1232 1214 1287 in
1238 1232 1581 1289 confessione
1604 1246 1742 1303 prie-

165 1334 320 1383 stare.
354 1324 437 1379 Ex
459 1338 692 1393 persona
720 1322 1071 1379 Hebramrum
1109 1323 1376 1393 siquidem
1417 1332 1743 1395 compuncta

163 1418 368 1472 videtur
389 1416 694 1471 redundare
718 1415 1086 1485 congregatio,
1105 1422 1160 1470 et
1178 1414 1362 1469 divina
1392 1414 1744 1484 inspiratione

159 1504 421 1578 propheta
451 1502 692 1573 loquitur
717 1503 786 1558 ad
832 1502 1094 1573 reliquam
1130 1502 1364 1573 plebem,
1404 1511 1487 1568 ut,
1536 1502 1745 1573 antiqui

160 1594 355 1651 erroris
384 1595 653 1664 pravitate
672 1592 947 1660 damnata,
976 1594 1045 1649 ad
1078 1594 1319 1649 divinam
1346 1594 1540 1650 debeat
1567 1593 1748 1650 redire

158 1687 527 1743 clementiam.
553 1685 622 1741 Et
644 1701 714 1742 ne
740 1686 936 1756 aliquis
970 1686 1037 1742 de
1078 1686 1360 1757 culparum
1392 1701 1614 1741 suarum
1642 1702 1746 1741 nu—

160 1779 566 1835 merositatibus
610 1787 926 1847 terreretur,
965 1779 1173 1835 addidit
1202 1798 1215 1833 :
1246 1779 1511 1858 Quoniam
1559 1778 1746 1833 bonus.

158 1870 286 1938 Quis
308 1871 464 1926 enim
492 1870 700 1927 dubitet
727 1872 793 1928 ad
818 1886 944 1927 eum
994 1886 1300 1936 recurrere,
1331 1885 1492 1941 quem
1515 1870 1619 1927 scit
1647 1869 1751 1926 sibi

1841 683 2083 737 Domino.
2110 680 2237 736 Haec
2261 687 2349 736 est
2373 678 2491 734 laus
2519 693 2684 748 quam
2710 679 2975 749 superiori
3000 695 3162 735 versu
3189 695 3415 753 congre-

1840 781 1995 845 gatos
2043 772 2252 843 optavit
2300 770 2526 841 populos
2572 784 2882 839 personare.
2937 770 3051 827 Hoc
3080 773 3246 828 etiam
3271 788 3418 830 nunc

1839 865 1988 921 canit
2009 870 2196 921 sancta
2223 862 2488 928 Ecclesia,
2515 876 2634 931 quae
2660 863 2799 917 se'de
2826 872 2978 918 tanto
3007 864 3150 919 bono
3170 866 3421 936 praesenti

1839 955 2171 1012 consolatur.
2220 953 2328 1010 Sed
2367 954 2473 1010 hoc
2498 954 2631 1009 dicit
2677 953 2746 1008 ab
2787 954 2894 1009 isto
2940 956 3138 1011 saaculo
3160 971 3331 1028 usque
3354 956 3424 1011 ad

1841 1047 1972 1103 illud
1992 1055 2311 1118 perpetuum
2336 1045 2629 1102 secundum
2656 1059 2778 1101 esse
2826 1043 3136 1101 faciendum
3163 1054 3224 1102 ut
3252 1047 3427 1103 conti-

1841 1148 2009 1196 nuata
2039 1139 2156 1195 laus
2189 1152 2463 1208 nunquam
2499 1138 2693 1194 debeat
2732 1137 2934 1192 habere
2989 1135 3281 1193 fastidium.
3320 1139 3429 1195 Sed

1846 1239 2027 1287 tamen
2075 1244 2199 1285 cum
2250 1229 2537 1301 praedictos
2586 1229 2816 1300 hymnos
2862 1228 3086 1285 devotus
3117 1226 3426 1285 Iudaeorum

1845 1320 2078 1392 populus
2107 1320 2257 1375 canit
2283 1337 2296 1373 :
2328 1319 2451 1389 quis
2477 1327 2563 1374 est
2584 1317 2677 1374 ille
2701 1318 2873 1383 aliter,
2920 1319 3013 1388 qui
3034 1317 3166 1372 dicit
3198 1332 3212 1371 :
3241 1318 3427 1383 Amen,

1844 1412 2052 1466 Amen?
2079 1408 2320 1476 Scilicet,
2350 1416 2411 1465 ut
2434 1409 2571 1465 mihi
2607 1408 2838 1475 videtur,
2886 1407 3116 1479 populus
3164 1406 3256 1462 ille
3294 1421 3433 1476 prae-

1845 1503 1984 1575 putii
2008 1512 2112 1570 est,
2142 1502 2235 1574 qui
2259 1516 2327 1557 eo
2351 1511 2595 1573 tempore
2642 1502 2699 1557 in
2749 1500 2854 1557 ﬁde
2898 1514 3006 1555 non
3033 1507 3172 1566 erat,
3217 1499 3435 1569 quando

1849 1595 1994 1651 istud
2014 1593 2454 1662 cauebatur.qui
2476 1603 2655 1649 tamen
2675 1592 2972 1664 prophetiae
2996 1592 3200 1647 virtute
3219 1589 3436 1646 futurus

1848 1686 2190 1744 introductus
2214 1693 2317 1751 est,
2349 1692 2407 1740 ut
2433 1700 2616 1741 amore
2643 1683 3014 1739 universitatis
3041 1682 3221 1738 dicat:
3248 1681 3435 1747 Amen,

1851 1778 2037 1844 Amen,
2066 1778 2171 1833 hoc
2194 1783 2300 1843 est,
2326 1776 2444 1846 ﬁat,
2468 1776 2563 1845 ﬁat
2585 1774 2802 1849 (Matth.
2848 1772 3026 1846 xvtu).
3056 1772 3150 1828 Sic
3169 1770 3441 1841 hodieque

1854 1868 1909 1923 in
1967 1868 2226 1925 Ecclesiis
2293 1866 2572 1922 orantibus
2623 1866 2994 1922 sacerdotibus
3047 1864 3403 1936 respondetur
3421 1902 3439 1929 ,

158 1976 312 2033 posse
330 1961 625 2018 celerrime
650 1962 959 2018 subvenire.
986 1960 1169 2017 Bonus
1184 1977 1309 2018 cum
1322 1961 1584 2018 Dominus
1604 1969 1752 2017 recte
1779 1979 1828 2038 Β
1855 1960 2022 2016 Amen
2042 1974 2061 2013 :
2089 1967 2151 2015 ut
2170 1960 2503 2016 concordent
2525 1958 2582 2013 in
2631 1958 2883 2029 precibus
2931 1956 3167 2012 simulet
3192 1954 3444 2011 sacerdo-

156 2053 372 2121 dicitur,
408 2054 507 2124 qui
553 2053 958 2125 delinquentem
978 2054 1177 2125 pascit,
1221 2053 1316 2123 qui
1359 2060 1639 2123 exspectat
1667 2066 1754 2107 er-

156 2153 390 2210 rantem,
417 2144 511 2214 qui
540 2143 701 2198 solem
727 2161 882 2199 suum
908 2144 1035 2215 facit
1056 2145 1191 2199 oriri
1209 2160 1366 2215 super
1381 2144 1541 2198 bonos
1567 2153 1615 2198 et
1636 2160 1755 2197 ma-

153 2236 251 2304 los,
297 2247 346 2292 et
386 2236 530 2308 pluit
558 2255 716 2309 super
733 2238 909 2308 justas
946 2247 995 2293 et
1039 2238 1267 2308 injustas
1288 2236 1503 2309 (Matth.
1529 2235 1606 2307 v).
1644 2235 1759 2291 Hoc

153 2329 315 2383 etiam
348 2328 531 2398 ipsius
552 2327 813 2384 Veritatis
839 2343 973 2384 voce
999 2327 1338 2384 declaratur:
1375 2326 1549 2382 Nemo
1571 2326 1756 2393 bonus,

153 2420 255 2474 nisi
273 2419 429 2475 solus
460 2418 604 2474 Deus
627 2419 820 2491 (Marc.
849 2420 926 2491 κ).
949 2418 1171 2475 Addidit
1196 2432 1212 2472 :
1241 2418 1506 2484 Quoniam
1526 2419 1585 2471 in
1608 2426 1763 2473 teter-

152 2525 277 2562 num
320 2509 698 2563 misericordia
718 2509 854 2575 eius.
881 2509 1252 2564 Misericordia
1273 2509 1420 2564 enim
1459 2509 1676 2564 Domini
1704 2508 1761 2565 in

148 2607 424 2655 aeternum
462 2614 626 2668 super
646 2614 763 2666 eos,
794 2600 886 2671 qui
919 2602 975 2655 in
1000 2599 1117 2671 ejus
1143 2599 1757 2671 sperantclementiam,

150 2700 204 2747 et
222 2693 317 2762 qui
340 2692 472 2763 ejus
486 2691 757 2760 justitiam
781 2694 1057 2760 timentes,
1081 2711 1178 2765 per
1198 2695 1565 2759 obedientiam
1589 2695 1761 2766 ipsius

149 2798 210 2838 se
242 2782 556 2854 subjiciunt
580 2783 867 2851 voluntati,
922 2787 1219 2842 secundum
1264 2787 1393 2843 illud
1418 2787 1711 2857 psalmistae
1744 2806 1758 2843 :

147 2875 566 2946 Beneplacitum
589 2885 683 2941 est,
712 2877 910 2948 inquit,
941 2877 1168 2933 Domino
1186 2895 1345 2949 super
1366 2880 1602 2934 timentes
1621 2896 1761 2946 eum,

146 2977 197 3021 et
228 2970 285 3022 in
301 2970 382 3023 eis
409 2970 503 3041 qui
527 2980 733 3040 sperant
760 2971 815 3024 in
834 2972 1194 3026 misericordia
1221 2973 1337 3043 ejus
1362 2971 1533 3044 (Psal.
1557 2972 1761 3047 CXLVI).

146 3058 309 3116 Unde
338 3071 399 3116 et
426 3062 589 3115 beata
622 3062 777 3134 virgo
801 3062 973 3117 Maria
1001 3064 1058 3118 in
1082 3065 1298 3119 cantico
1330 3063 1607 3134 Evangelii
1638 3064 1717 3118 ait
1747 3078 1762 3118 :

146 3150 540 3207 Misericordia
569 3153 686 3224 ejus
715 3172 749 3208 a
784 3155 1028 3225 progenie
1068 3156 1126 3208 in
1151 3158 1419 3225 progenies
1465 3156 1765 3209 timentibus

141 3259 267 3297 sum
292 3242 464 3315 (Luc.
496 3244 558 3314 ι).
587 3245 656 3299 Et
680 3247 1000 3311 notandum,
1031 3248 1177 3317 quod
1199 3245 1354 3315 juxta
1384 3248 1546 3303 aliam
1567 3248 1764 3303 editio-

1858 2062 1975 2109 tum
2003 2056 2093 2124 pia
2121 2054 2370 2119 intentio,
2402 2061 2459 2108 et
2483 2051 2665 2124 pepuli
2706 2067 2837 2107 sana
2882 2051 3126 2115 devotio;
3180 2056 3446 2121 quatenus

1859 2145 2128 2218 postulata
2150 2146 2331 2199 unitas
2353 2144 2593 2199 ﬁdelium
2617 2144 2831 2200 facilius
2852 2145 3122 2214 impetret,
3138 2140 3295 2211 juxta
3319 2140 3448 2195 illud

1858 2237 2137 2309 Evangelii
2162 2237 2385 2301 dictum,
2417 2252 2526 2306 quo
2559 2236 2809 2291 Salvator
2837 2234 3113 2306 discipulis
3135 2236 3212 2288 ait
3244 2252 3255 2287 :
3283 2233 3448 2286 Amen

1859 2329 1978 2383 dico
2004 2331 2172 2397 vobis,
2197 2330 2338 2401 quod
2359 2330 2404 2384 si
2426 2330 2530 2384 duo
2557 2345 2624 2385 ea:
2652 2330 2794 2384 vobis
2833 2330 3183 2384 consenserint
3199 2329 3256 2381 in
3282 2342 3450 2381 unum

1858 2437 2016 2492 super
2042 2432 2235 2476 terram
2283 2439 2348 2476 ex
2390 2422 2532 2476 omni
2556 2438 2634 2487 re,
2678 2438 3043 2494 quamcunque
3078 2419 3339 2492 petierint,
3362 2418 3453 2487 ﬁet

1858 2513 1966 2569 illis
1988 2532 2021 2568 a
2047 2514 2211 2570 Patre
2236 2531 2373 2581 meo,
2397 2516 2575 2585 quiest
2595 2516 2651 2569 in
2676 2513 2836 2569 cadis.

1932 2607 2224 2679 Dereliquit
2252 2608 2429 2680 itaque
2480 2607 2552 2661 ibi
2579 2622 2759 2662 coram
2812 2622 2940 2660 arca
2989 2603 3198 2676 [sederis
3240 2602 3455 2657 Domini

1861 2699 2041 2771 Asaph
2087 2709 2137 2754 et
2183 2700 2375 2770 fratres
2420 2700 2552 2769 ejus,
2606 2708 2667 2753 ut
2702 2699 3063 2753 ministrarent
3094 2699 3150 2752 in
3179 2705 3455 2767 conspectu

1862 2807 2000 2845 arcte
2029 2790 2233 2863 jugiter
2275 2807 2368 2861 per
2389 2789 2624 2861 singulos
2652 2789 2765 2845 dies
2817 2800 2864 2844 et
2914 2790 3047 2844 vices
3099 2805 3243 2842 suas.
3292 2785 3456 2851 Nota,

1863 2884 2056 2947 lector,
2086 2881 2231 2952 quod
2253 2881 2493 2937 ministri
2521 2881 2734 2936 Domini
2766 2879 2973 2952 jugiter
3015 2879 3216 2935 debent
3235 2892 3457 2949 perma—

1864 2987 1995 3029 nere
2025 2972 2079 3026 in
2110 2971 2417 3027 ministerio
2442 2972 2636 3043 ipsius,
2667 2982 2723 3027 et
2765 2986 2863 3042 per
2909 2971 3147 3043 singulos
3196 2970 3312 3025 dies
3356 2968 3462 3023 mi-

1864 3065 2101 3119 nistrare
2121 3064 2199 3119 illi
2228 3048 2286 3118 in
2305 3073 2599 3134 conspectu
2622 3077 2792 3130 arcae;
2813 3069 2869 3118 et
2892 3063 3104 3119 videbis
3121 3063 3267 3133 quod
3287 3059 3461 3116 admi-

1866 3155 2252 3210 nistratoribus
2279 3154 2448 3210 divini
2478 3154 2630 3210 verbi
2656 3170 2765 3210 non
2812 3154 2938 3210 licet
2963 3156 3192 3209 terrenis
3232 3151 3465 3223 negotiis

1867 3262 2090 3312 vacare,
2118 3249 2213 3303 sed
2236 3248 2417 3318 potius
2438 3246 2680 3316 quotidie
2705 3255 2761 3301 et
2799 3247 2916 3301 sine
2945 3245 3249 3301 cessatione
3274 3242 3464 3297 in‘Ec-

158 3348 300 3398 rem,
333 3333 439 3387 ubi
463 3333 660 3405 legitur
689 3352 702 3388 :
736 3334 1001 3400 Quoniam
1037 3336 1092 3389 in
1124 3336 1377 3391 sazculum
1406 3337 1768 3392 misericordia
1796 3348 1841 3412 ο
1872 3337 2038 3393 clesia
2091 3337 2187 3391 Dei
2233 3336 2556 3407 evangelicae
2612 3335 2980 3405 praedicationi
3021 3333 3273 3388 insistere
3322 3351 3336 3385 :
3370 3331 3465 3386 sed

138 3424 289 3493 ejus,
340 3424 463 3478 hoc
488 3424 686 3490 innuit,
715 3433 775 3479 ut
798 3426 986 3479 audito
1014 3427 1158 3481 bono
1184 3426 1436 3492 Domino,
1479 3442 1549 3482 ne
1584 3442 1646 3483 se
1672 3427 1771 3482 hu-

137 3531 318 3570 mana
352 3515 695 3588 negligentia
723 3517 791 3572 ab
813 3518 1057 3573 studiosa
1082 3525 1140 3573 et
1166 3518 1353 3574 sedula
1378 3519 1772 3590 supplicatione

134 3606 554 3677 suspenderct,
589 3608 815 3663 remedii
844 3622 1069 3663 causam
1099 3608 1248 3674 dicit,
1283 3617 1344 3663 ut
1377 3612 1446 3664 ad
1475 3608 1773 3666 confessio-

137 3713 271 3752 nem
308 3696 564 3752 celerem
613 3697 827 3755 Domini
880 3701 1076 3757 debeat
1116 3717 1342 3767 munere
1389 3701 1668 3759 festinare.
1705 3702 1775 3758 In

136 3788 447 3856 swculum,
486 3789 610 3845 vitae
662 3790 823 3859 hujus
868 3792 1141 3863 signiﬁcat
1180 3809 1423 3860 cursum,
1451 3794 1543 3849 ubi
1588 3794 1775 3849 miseri

139 3887 299 3945 sunt,
322 3879 655 3949 quicunque
677 3880 1029 3950 delinquunt;
1048 3884 1142 3938 ubi
1169 3883 1254 3939 fas
1278 3892 1379 3948 est,
1404 3885 1571 3940 corda
1591 3893 1776 3940 nostra

138 3972 413 4027 converti
450 3977 512 4025 et
540 3971 975 4029 misericordiam
1018 3974 1302 4044 postulari.
1352 3975 1430 4029 lbi
1453 3976 1600 4032 enim
1625 3976 1777 4031 dam-

140 4064 301 4119 natio
328 4061 603 4119 conﬁteri
631 4074 937 4134 peccatum,
968 4066 1061 4121 ubi
1078 4064 1195 4134 jam
1223 4074 1440 4123 constat
1484 4080 1606 4123 esse
1627 4066 1777 4135 judi-

140 4163 319 4219 cium.

217 4253 293 4309 Et
316 4251 498 4306 dicite
524 4264 542 4303 :
564 4244 725 4303 Salva
752 4266 870 4316 nos,
904 4248 1073 4317 Deus,
1097 4249 1347 4306 Salvator
1369 4260 1563 4318 noster,
1587 4262 1637 4307 et
1657 4267 1782 4306 con-

141 4363 312 4419 grega
347 4360 456 4400 nos
487 4340 557 4395 de
591 4342 915 4409 nationibus,
943 4352 991 4396 et
1019 4358 1143 4396 erue
1183 4358 1278 4396 nos
1312 4342 1377 4396 de
1427 4343 1688 4413 gentibus,
1724 4351 1783 4396 ut

142 4438 527 4506 conﬁteantur
554 4434 757 4487 nomini
801 4443 984 4488 sancto
1008 4444 1122 4500 tuo,
1151 4444 1199 4489 et
1234 4434 1553 4489 exsultemus
1582 4437 1637 4489 in
1667 4452 1786 4490 car-

140 4531 390 4587 minibus
418 4529 560 4583 tuis.
588 4525 827 4596 Populus
848 4527 1023 4597 prior,
1050 4526 1205 4595 cujus
1228 4542 1477 4597 personae
1500 4529 1667 4584 verba
1697 4544 1787 4584 su-

140 4627 375 4697 periora
405 4623 834 4692 competebant,
878 4632 1165 4693 postquam
1221 4640 1280 4679 se
1309 4625 1465 4694 copia
1492 4624 1788 4682 Dominica‘.

1874 3437 2056 3483 tamen
2103 3442 2212 3482 non
2251 3426 2615 3487 uniformiter,
2675 3426 2771 3481 sed
2815 3425 3117 3480 distinctim
3166 3423 3464 3479 secundum

1872 3517 2191 3587 qualitatem
2220 3517 2546 3572 auditorum.
2580 3514 2734 3571 Unde
2780 3531 2879 3586 per
2916 3515 3158 3571 diversos
3182 3514 3465 3570 ministros

1875 3608 2107 3664 diversae
2135 3607 2384 3663 melodiae
2409 3614 2622 3672 cantus,
2665 3614 2720 3660 et
2765 3606 2981 3662 diversa
3009 3604 3184 3661 ollicia
3206 3605 3464 3661 sacerdo-

1876 3707 1993 3754 tum
2021 3700 2078 3755 in
2102 3699 2454 3756 tabernaculo
2485 3699 2697 3754 Domini
2722 3699 3084 3769 explicantur.

1949 3792 2120 3849 Porro
2152 3793 2452 3850 Obededom
2498 3803 2546 3848 et
2581 3795 2775 3864 fratres
2804 3794 2919 3864 ejus
2964 3795 3239 3865 sexaginta
3279 3804 3395 3849 octo
3416 3802 3468 3849 et

1879 3887 2200 3954 Obededom,
2230 3887 2402 3957 ﬁlium
2425 3887 2667 3954 Idithun,
2685 3897 2735 3942 et
2757 3887 2867 3943 02a
2892 3889 3159 3943 constituit
3173 3889 3467 3958 jam'tores:

1880 3981 2096 4039 Sadoch
2121 3991 2295 4037 autem
2343 3983 2691 4047 sacerdotem,
2716 3991 2763 4035 et
2809 3980 3000 4051 fratres
3051 3978 3193 4034 illius
3222 3981 3470 4035 sacerdo-

1879 4082 1977 4141 tes,
2000 4090 2178 4128 coram
2200 4072 2539 4129 tabernaculo
2555 4072 2766 4127 Domini
2786 4072 2841 4125 in
2868 4071 3092 4137 excelso,
3119 4071 3258 4142 quod
3281 4080 3394 4126 erat
3413 4072 3471 4125 in

1881 4164 2121 4231 Gabaon,
2152 4175 2205 4218 ut
2235 4165 2481 4234 offerrent
2523 4163 2832 4218 holocausta
2872 4162 3097 4217 Domino
3121 4179 3277 4234 super
3302 4161 3471 4217 altare

1881 4255 2343 4309 holocaustontatis
2364 4254 2566 4325 jugiter
2602 4270 2756 4307 mane
2798 4263 2846 4307 et
2885 4270 3104 4323 vespere,
3151 4261 3259 4309 etc.
3304 4253 3472 4323 Igitur

1882 4349 1987 4405 boc
2013 4347 2158 4416 quod
2206 4346 2361 4411 dicit,
2407 4345 2746 4400 sacerdotem
2803 4342 3017 4399 Sadocb
3044 4351 3101 4397 et
3128 4343 3325 4399 fratres
3353 4343 3472 4411 ejus

1885 4438 2196 4494 sacerdotes
2220 4435 2549 4491 constitutos
2574 4432 2920 4488 tabernaculo
2965 4432 3198 4498 Domini,
3225 4434 3370 4502 quod
3417 4435 3472 4487 in

1887 4529 2101 4586 excelso
2125 4526 2372 4594 Gabaon,
2398 4535 2459 4581 ut
2478 4524 2741 4580 offerrent
2770 4524 3081 4579 holocausta
3129 4524 3357 4579 Domino
3384 4540 3474 4578 su-

1888 4636 1987 4692 per
2008 4619 2181 4674 altare
2209 4616 2687 4673 bolocaustomatis
2709 4615 2910 4686 jugiter
2962 4630 3121 4672 mane
3147 4626 3204 4673 et
3223 4631 3470 4686 vespere,

143 4717 332 4775 laudis
391 4715 675 4788 explevit,
712 4714 932 4770 Patrem
979 4714 1269 4771 Dominum
1319 4717 1659 4787 deprecatur,
1721 4726 1783 4773 ut
1806 4715 1862 4776 D
1886 4713 2119 4771 diversis
2148 4712 2432 4782 accipitur.
2459 4710 2566 4765 Alii
2593 4710 2739 4766 enim
2764 4710 2948 4766 dicunt
2971 4711 3115 4781 quod
3151 4712 3475 4767 tabernacu-

144 4811 475 4867 Ecclesiam
513 4822 673 4868 suam
695 4808 762 4861 de
781 4806 1024 4877 gentium
1049 4808 1469 4879 congregatione
1493 4808 1778 4879 perficiat:

143 4903 281 4958 illud
316 4913 566 4974 quoque
595 4896 929 4968 subjungens
961 4915 974 4951 :
1008 4896 1077 4951 Et
1103 4897 1423 4953 exsultemus
1453 4901 1509 4953 in
1534 4900 1787 4953 carmini-

144 4995 244 5047 bus
269 4992 412 5057 tuis,
444 4990 568 5044 boc
598 4994 704 5052 est,
732 5002 838 5042 non
887 4987 943 5041 in
964 4988 1201 5042 humana
1216 4986 1505 5056 jactantia,
1530 4989 1624 5044 sed
1653 4990 1709 5044 in
1731 4997 1786 5044 te

143 5083 240 5138 ubi
269 5089 365 5138 est
387 5093 606 5136 revera
631 5076 739 5131 ﬁxa
766 5076 958 5146 gloria,
985 5084 1041 5133 et
1064 5078 1181 5132 sine
1210 5078 1319 5134 ﬁne
1364 5079 1572 5134 laetitia.
1602 5080 1671 5134 Et
1705 5080 1787 5134 in-

145 5184 332 5243 tuere,
362 5171 534 5244 quod
556 5169 650 5224 hic
682 5168 885 5224 salvare
930 5169 1128 5224 dicitur
1156 5168 1338 5224 Pater.
1367 5169 1591 5242 Legitur
1621 5172 1786 5227 etiam

146 5275 203 5322 et
228 5266 422 5321 Filius
453 5261 701 5327 salvare,
747 5268 810 5315 ut
843 5268 930 5316 est
967 5260 1100 5316 illud
1133 5280 1146 5315 :
1188 5260 1336 5316 Venit
1364 5261 1534 5318 Filius
1560 5264 1786 5319 hominis

145 5359 366 5414 salvum
413 5357 611 5427 facere
651 5351 791 5422 quod
832 5352 1055 5422 perierat
1110 5350 1260 5422 (Luc.
1290 5352 1426 5423 xu).
1457 5352 1789 5409 Praedicatur

149 5452 327 5506 etiam
362 5447 606 5505 salvare
632 5442 867 5513 Spiritus
895 5450 1135 5509 sanctus,
1151 5452 1307 5499 utest
1326 5444 1455 5500 illud
1475 5445 1544 5501 ad
1573 5444 1787 5500 Titum:

152 5543 354 5600 Salvos
382 5556 491 5595 nos
531 5536 661 5608 fecit
680 5552 774 5607 per
797 5534 1068 5590 lavacrum
1106 5537 1512 5606 regenerationis
1555 5547 1603 5592 et
1648 5554 1793 5593 revo-

152 5635 397 5690 cationis
431 5627 685 5701 Spiritus
706 5627 875 5681 sancti
904 5625 1035 5699 (Tit.
1062 5626 1165 5699 ιιι).
1193 5627 1284 5682 Sic
1305 5627 1651 5685 indivisibilis
1671 5628 1792 5684 Tri-

154 5727 358 5785 nitatis
382 5719 696 5794 aequalitas
726 5727 887 5790 atque
913 5719 1094 5774 unitas
1126 5726 1183 5774 et
1211 5720 1395 5776 verbis
1442 5720 1709 5777 similibus
1736 5730 1792 5777 et

155 5819 479 5877 virtutibus
511 5811 812 5867 indicatur.
841 5812 1033 5865 Amen.

234 5909 593 5970 Benedictus
625 5903 904 5969 Dominus,
931 5903 1072 5957 Deus
1099 5902 1291 5967 Israel,
1318 5905 1381 5958 ab
1423 5917 1616 5962 u'lerno
1637 5926 1797 5980 usque

477 6000 771 6061 ΡΑτιιοι..
816 5997 979 6060 CIX.

1887 4807 1997 4862 lum
2027 4805 2142 4871 Dei,
2166 4812 2454 4876 postquam
2482 4802 2579 4857 lilii
2609 4801 2776 4857 Israel
2825 4804 3164 4858 intraverunt
3193 4804 3247 4858 in
3274 4811 3475 4857 terram

1887 4901 2169 4968 Chanaan,
2224 4901 2458 4971 primum
2507 4899 2674 4955 fuerit
2712 4900 2765 4954 in
2817 4899 2953 4966 Silo,
2994 4900 3190 4957 deinde
3240 4901 3295 4954 in
3340 4899 3474 4965 Obe,

1888 5005 2076 5067 postea
2108 4995 2162 5049 in
2190 4993 2435 5059 Gabaon,
2466 4995 2535 5048 ad
2563 5001 2865 5048 extremum
2920 5007 3133 5062 quoque
3177 4992 3232 5046 in
3290 4991 3421 5046 Sion
3460 5010 3474 5045 :

1893 5102 2024 5142 arca
2051 5085 2363 5141 testamenti
2393 5084 2506 5139 sola
2535 5085 2603 5139 ab
2636 5083 2938 5155 Allopbylis
2985 5083 3053 5138 ad
3080 5090 3292 5152 tempus
3319 5089 3476 5152 capta

1894 5177 2007 5240 sit,
2066 5174 2408 5246 postmodum
2456 5190 2587 5230 vero
2643 5175 2885 5230 reducta.
2931 5172 3038 5228 Alii
3084 5179 3266 5227 autem
3332 5188 3480 5227 asse-

1895 5264 2214 5321 runtloeum
2236 5265 2523 5336 quemdam
2549 5280 2669 5320 esse
2700 5265 2753 5319 in
2780 5262 3134 5328 Hierusalem,
3151 5262 3478 5334 appellatum

1899 5354 2151 5423 Gabaon;
2182 5358 2364 5427 ibique
2393 5357 2563 5412 David
2592 5355 2996 5411 tabernaculum
3042 5355 3286 5420 foederis,
3312 5362 3367 5409 et
3395 5372 3481 5410 ar-

1894 5465 2016 5506 cam
2048 5450 2363 5505 testamenti
2396 5449 2606 5504 Domini
2632 5448 2946 5504 collocasse.
2970 5446 3192 5503 Gabaon
3215 5449 3483 5518 interpre-

1896 5549 2043 5596 tatur
2081 5540 2229 5595 collis
2267 5558 2285 5596 :
2319 5541 2593 5597 excelsum
2622 5547 2804 5594 autem
2843 5550 3067 5611 propter
3095 5540 3479 5597 sublimitatem

1897 5632 2063 5686 divini
2093 5632 2269 5687 cultus
2320 5632 2523 5687 dictum
2581 5631 2914 5687 existimant.
2964 5631 3230 5689 Caeterum
3259 5633 3315 5686 in
3344 5630 3485 5685 libro

1898 5724 2143 5779 locorum
2173 5732 2434 5795 scriptum
2461 5724 2784 5793 reperimus,
2815 5722 3035 5781 Gabaon
3073 5739 3195 5780 esse
3212 5732 3486 5791 metropoo

1900 5816 1997 5870 lim
2042 5824 2099 5871 et
2151 5815 2387 5887 regalem
2440 5816 2709 5872 civitatem
2752 5816 3070 5883 1Eneorum,
3101 5816 3403 5884 ceciditque
3429 5814 3483 5867 in

1906 5915 2109 5966 sortem
2134 5908 2307 5962 tribus
2336 5906 2637 5961 Beniamin.
2671 5907 2738 5962 Et
2767 5923 2910 5962 nunc
2938 5907 3241 5962 ostenditur
3270 5903 3395 5958 villa
3428 5902 3485 5957 in

2970 6000 3165 6079 te.
