3958 6496
1102 533 1457 594 ΟΟΙΙΕΝΤ.
1498 537 1567 595 ιΝ
1600 538 2163 598 ΡΑιιΑιιΡοιιΕΜ.
2198 569 2273 585 -ο
2308 542 2438 600 LIB.
2479 545 2547 601 Il.

190 646 349 741 [facta
375 651 459 699 est
485 640 703 741 quidem
730 644 989 741 nonnulla
1014 640 1193 720 imago
1236 649 1320 706 rei
1358 649 1555 741 iuturus
1593 653 1758 707 etiam
1786 656 1840 717 Α
1861 660 2089 725 propter
2111 656 2369 741 templum
2387 657 2483 713 Dei
2504 652 2573 713 de
2601 658 2911 717 hominibus
2940 661 3158 729 factum,
3190 676 3301 722 non
3320 668 3451 741 lapi-

192 736 568 804 inSalomone,
596 735 653 793 in
675 752 741 796 eo
767 738 911 811 quod
942 742 1203 813 templum
1249 740 1556 813 aediﬁcavit,
1585 752 1641 801 et
1667 760 1761 817 pa-

190 844 304 891 cem
330 826 519 887 habuit
539 833 837 889 secundum
859 846 1060 891 nomen
1088 846 1245 891 suum
1266 836 1545 910 (Salom0n
1568 840 1767 910 quippe

188 918 428 999 paciﬁcus
454 931 539 980 est
559 920 780 997 Latine)
806 932 862 983 et
887 925 944 982 in
974 926 1202 985 exordio
1222 928 1377 1001 regni
1427 930 1510 985 sui
1539 929 1765 986 mirabi-

188 1008 616 1072 ilteriaudabiiis
642 1012 776 1085 fuit;
833 1019 929 1074 sed
989 1016 1181 1074 eodem
1235 1032 1333 1075 sua
1385 1030 1636 1091 persona,
1669 1034 1766 1091 per

187 1103 425 1161 umbram
452 1104 621 1163 futuri
644 1106 1082 1179 pranutttlando,
1106 1108 1276 1165 etiam
1293 1111 1469 1181 ipsum
1488 1112 1765 1168 Christum

185 1201 461 1257 Duminum
476 1196 787 1257 exhibebat.
815 1197 967 1259 Unde
989 1202 1238 1274 quaedam
1265 1204 1332 1260 de
1354 1202 1449 1260 illo
1464 1204 1540 1260 ita
1564 1205 1765 1276 scripta

185 1298 319 1358 sunt,
348 1288 507 1363 quasi
535 1287 601 1348 de
625 1288 873 1363 ipsaista
888 1294 1145 1366 praedicta
1170 1291 1307 1363 sint;
1334 1293 1460 1351 dum
1485 1292 1766 1367 Scriptum

184 1390 381 1451 Satias,
412 1382 577 1440 etiam
607 1384 769 1442 rebus
798 1388 963 1457 gestis
988 1386 1343 1459 prophetam,
1370 1385 1767 1459 quodamm0do

184 1474 234 1530 in
257 1487 319 1530 eo
341 1472 577 1547 ﬁguram
604 1475 831 1532 deﬁniat
861 1474 1187 1534 Mororum.
1217 1472 1356 1535 Nam
1379 1489 1579 1551 printer
1598 1476 1767 1538 libros

181 1564 365 1624 divinae
395 1567 659 1637 historiae,
682 1566 776 1626 ubi
800 1580 1059 1642 regnaSse
1077 1568 1305 1628 narrat?
1325 1567 1576 1629 Psalmus
1602 1570 1766 1630 etiam

180 1660 608 1736 septuagesimus
634 1658 848 1737 primus
868 1660 1026 1721 titulo
1067 1662 1307 1723 nominis
1325 1665 1443 1735 eius
1470 1663 1767 1737 inscriptus

178 1758 255 1811 est
281 1766 297 1809 :
319 1750 371 1811 in
395 1762 508 1827 quo
532 1764 645 1812 tam
674 1752 843 1815 multa
871 1754 1149 1827 dicuntur,
1177 1772 1297 1832 quze
1320 1760 1545 1817 omnino
1565 1756 1615 1817 ei
1635 1773 1768 1817 con-

176 1841 351 1903 venire
376 1854 491 1904 non
520 1848 1048 1920 possunt:Domino
1095 1858 1277 1907 autem
1326 1846 1549 1909 Christo
1594 1853 1764 1924 aptis-

176 1938 301 1996 sima
315 1936 715 2014 perspicuitate
737 1944 1087 2012 conveniunt,
1103 1952 1164 2000 ut
1183 1940 1461 2002 evidenter
1482 1952 1763 2019 appareat,

1866 743 2045 811 dibus,
2072 739 2165 800 ubi
2188 746 2399 803 habitet
2420 750 2476 802 tu
2506 755 2799 817 aeternum;
2852 753 3082 823 populus
3113 766 3237 810 mm
3258 739 3453 816 beo'et

1867 834 1924 889 in
1940 834 2054 891 Deo
2072 849 2191 902 suo,
2219 846 2275 892 et
2296 837 2440 893 Deus
2464 839 2571 895 erit
2590 842 2768 895 omnia
2780 843 2837 897 in
2860 845 3098 900 omnibus
3116 846 3169 920 (1
3183 846 3309 905 Cos.
3323 849 3449 923 xv);

1866 923 1983 994 ipse
2012 924 2069 980 in
2087 941 2221 997 pace
2243 928 2548 997 premium,
2578 931 2673 1002 qui
2692 932 2871 989 virtus
2895 934 2951 988 in
2979 935 3141 992 bello.
3171 936 3303 995 ideo
3325 954 3453 997 cum

1866 1019 2164 1073 secundm
2192 1018 2338 1074 LXX
2358 1020 2415 1075 in
2434 1022 2619 1077 verbis
2636 1020 2853 1080 Nathan
2875 1026 3085 1081 dictum
3111 1029 3185 1084 sit
3213 1042 3226 1083 :
3254 1031 3327 1086 Et
3352 1046 3454 1087 an-

1866 1109 2129 1164 nuntiabit
2170 1111 2265 1165 tibi
2303 1110 2564 1168 Dominus
2604 1116 2859 1186 quoniam
2902 1116 3119 1171 domum
3168 1117 3457 1191 todtﬂcubis

1865 1201 2070 1271 ipsius;
2092 1211 2280 1274 postea
2309 1205 2513 1261 dictum
2537 1214 2623 1283 est
2651 1206 2709 1261 in
2735 1207 2920 1263 verbis
2941 1208 3115 1264 David
3144 1224 3161 1262 τ
3189 1210 3457 1276 Quoniam

1864 1301 1925 1349 tu
1950 1294 2214 1352 Dominus
2240 1299 2563 1369 omnipotens
2592 1298 2737 1354 Deus
2790 1299 2963 1355 Israel
2998 1301 3237 1358 resetasti
3274 1315 3460 1359 aurern

1864 1387 1998 1442 serui
2019 1388 2116 1453 tut,
2153 1387 2335 1443 dicens
2362 1402 2383 1441 :
2408 1389 2637 1444 Domum
2670 1390 2943 1460 testiﬁcabo
2983 1392 3100 1447 tibi.
3131 1391 3285 1448 lianc
3307 1393 3457 1449 enim

1866 1478 2086 1535 domum
2105 1481 2693 1539 etnosnditieabimus
2725 1484 2863 1540 bene
2910 1482 3157 1549 vivendo,
3189 1495 3245 1541 et
3290 1486 3458 1554 Deus,

1866 1579 1929 1627 ut
1976 1574 2117 1629 bene
2157 1574 2427 1641 vivamus,
2477 1574 2794 1646 opitulando
2833 1588 2849 1629 ι
2881 1576 3024 1643 Quia
3063 1579 3168 1633 nisi
3201 1577 3461 1635 Dominus

1867 1663 2209 1733 adiﬂeaaertt
2233 1666 2466 1733 domum,
2488 1668 2545 1720 in
2567 1680 2702 1721 uano
2724 1666 2967 1721 laborant
2997 1668 3317 1738 aediﬁcantes
3344 1682 3462 1726 eam

1869 1754 2043 1827 (Psat.
2076 1757 2287 1827 cxxvr).
2311 1755 2482 1828 Cujus
2500 1757 2693 1814 domus
2717 1772 2840 1814 cum
2864 1760 3074 1815 venerit
3097 1760 3287 1815 ultima
3316 1761 3464 1817 dedi-

1869 1849 2033 1915 catio,
2064 1854 2194 1906 tunc
2218 1849 2317 1905 ﬁet
2331 1848 2465 1906 illud
2492 1852 2637 1921 quod
2661 1852 2750 1907 hic
2775 1864 2873 1923 per
2904 1852 3120 1909 Nathan
3147 1854 3363 1910 locutus
3382 1863 3467 1910 est

1870 1939 2053 2005 Deus,
2107 1934 2295 1995 dicens
2350 1950 2367 1994 ε
2424 1939 2497 1995 Et
2544 1942 2811 2012 imponam
2875 1943 3047 1997 locum
3102 1942 3295 2015 populo
3348 1958 3464 2000 meo

175 2039 308 2110 quod
334 2034 387 2094 in
425 2032 519 2095 illo
546 2034 718 2111 ﬁgura
754 2038 1149 2112 qualiscunque
1198 2041 1520 2097 adumbrata
1570 2040 1660 2109 sit,
1711 2040 1765 2098 in

1871 2022 2067 2095 Israel,-
2097 2038 2144 2083 et
2190 2024 2441 2100 ptentobo
2480 2029 2652 2097 tilum,
2686 2041 2734 2086 et
2780 2032 3095 2088 inhabitath
3134 2047 3389 2101 seorsum,
3416 2046 3467 2091 et

173 2128 270 2185 isto
295 2137 482 2185 autem
513 2128 629 2201 ipsa
654 2132 857 2188 veritas
882 2137 1233 2203 prtcsentata.
1271 2126 1466 2189 Notum
1489 2138 1573 2189 est
1594 2134 1760 2200 enim,

172 2217 359 2293 quibus
385 2220 646 2277 terminis
671 2232 896 2293 regnum
924 2218 1243 2280 conclusum
1289 2224 1468 2280 fuerat
1517 2223 1765 2280 Salomo-

171 2314 279 2379 nis;
308 2322 361 2370 et
385 2320 572 2370 tamen
597 2310 651 2369 in
682 2328 747 2370 eo
776 2312 985 2386 psalmo
1018 2310 1235 2387 legitur,
1262 2318 1324 2372 ut
1349 2316 1456 2370 alia
1503 2323 1714 2372 taceam
1747 2333 1761 2369 :

169 2400 539 2460 Dominabitur
564 2416 596 2460 α
620 2418 764 2462 mare
786 2418 953 2480 usque
974 2406 1047 2462 ad
1060 2422 1225 2476 mare,
1253 2418 1302 2464 et
1322 2422 1354 2463 α
1366 2408 1587 2480 ﬂumine
1603 2420 1766 2481 usque

169 2497 236 2551 ad
255 2496 512 2551 terminos
536 2496 675 2552 orbis
699 2505 886 2553 terrm:
911 2500 1056 2570 quod
1082 2496 1136 2554 in
1158 2496 1377 2556 Christo
1398 2496 1646 2556 videmus
1670 2501 1767 2554 im-

170 2588 317 2659 pleri.
337 2588 384 2644 A
408 2582 635 2645 ﬂumine
651 2588 849 2662 quippe
862 2590 1175 2647 dominandi
1204 2588 1439 2662 sumpsit
1458 2593 1762 2657 exordium,

178 2677 257 2733 lbi
271 2680 586 2751 baptizatus
608 2688 695 2737 est
720 2696 751 2735 a
772 2677 1011 2750 Joanne;
1032 2681 1221 2738 eodem
1244 2680 1581 2738 menstrante
1600 2683 1766 2753 coepit

169 2768 384 2843 agnosci
405 2789 439 2827 a
472 2770 772 2846 discipulis,
806 2774 900 2846 qui
929 2791 1038 2830 non
1077 2774 1252 2832 solum
1296 2772 1641 2847 magistrum,
1672 2784 1768 2829 ve-

170 2870 287 2917 rum
334 2864 502 2920 etiam
537 2862 827 2923 Dominum
857 2864 1287 2938 appellaverunt.
1337 2862 1449 2922 Nec
1497 2864 1567 2921 ob
1597 2864 1764 2932 aliud,

168 2950 382 3011 vivente
415 2952 596 3013 adhuc
624 2957 798 3013 fratre
840 2974 941 3015 suo
988 2952 1177 3025 David,
1235 2970 1463 3029 regnare
1512 2950 1769 3013 Salowon

167 3045 329 3117 etrapit
365 3046 533 3120 (quod
571 3044 706 3104 nulli
758 3039 949 3120 regum
991 3047 1211 3105 illorum
1265 3047 1516 3123 contigit)
1569 3046 1675 3103 nisi
1709 3055 1770 3102 ut

166 3136 291 3196 hinc
315 3157 533 3213 quoque
558 3138 692 3198 satis
711 3136 942 3209 eluceat,
967 3159 1074 3197 non
1095 3157 1216 3198 esse
1239 3141 1417 3213 ipsum
1445 3152 1609 3211 quem
1635 3153 1765 3210 pro-

164 3226 349 3301 phetia
385 3232 490 3287 ista
514 3234 827 3304 praesignat,
859 3249 980 3304 qua:
1010 3230 1081 3290 ad
1104 3231 1221 3303 ejus
1266 3238 1479 3305 patrem
1505 3229 1765 3303 loquitur,

163 3316 352 3376 dicens
374 3335 388 3375 :
409 3315 478 3373 Et
504 3319 623 3387 erit,
650 3332 768 3376 cum
799 3319 981 3393 repleti
997 3320 1193 3393 fuerint
1215 3323 1325 3378 dies
1342 3324 1445 3389 tui,
1472 3329 1521 3378 et
1541 3320 1768 3377 dormies

1869 2138 1975 2177 non
1998 2122 2254 2178 sollicitus
2279 2125 2377 2177 erit
2399 2122 2563 2190 ultra,
2591 2134 2639 2179 et
2667 2136 2770 2180 non
2803 2138 3024 2197 apponet
3052 2125 3201 2198 ﬁlius
3222 2129 3467 2199 iniquita-

1867 2215 1936 2269 tis
1976 2213 2257 2269 humiliore
2285 2230 2426 2282 eum,
2478 2216 2615 2271 sicut
2658 2214 2724 2271 ab
2753 2218 2907 2272 initio
2946 2236 2979 2273 a
3021 2220 3234 2287 diebus,
3279 2220 3467 2292 quibus

1868 2308 2116 2361 constitui
2130 2307 2343 2377 judices
2358 2317 2514 2378 super
2536 2309 2789 2380 populum
2804 2323 2978 2365 meum
3006 2310 3195 2366 Israel.
3218 2310 3334 2368 lloc
3354 2318 3469 2366 tam

1868 2412 2129 2469 magnum
2184 2401 2389 2455 bonum
2436 2400 2682 2471 quisquis
2722 2400 2778 2455 in
2819 2401 2923 2455 hoc
2973 2402 3174 2457 saeculo
3196 2408 3251 2456 et
3281 2403 3336 2457 in
3367 2401 3467 2456 hac

1802 2493 1807 2497 ’
1867 2492 2019 2544 terra
2043 2497 2247 2560 sperat,
2281 2490 2605 2560 insipienter
2632 2492 2793 2561 sapit.
2821 2490 2978 2545 Anne
3016 2493 3287 2562 quispiam
3314 2500 3470 2563 puta-

1866 2581 1948 2637 bit
1992 2582 2048 2637 in
2077 2595 2214 2654 pace
2244 2581 2549 2639 Salomonis
2596 2582 2653 2639 id
2697 2596 2822 2639 esse
2863 2583 3225 2653 completum?
3272 2585 3467 2640 Pacem

1869 2675 2071 2746 quippe
2097 2674 2249 2729 illam
2290 2673 2573 2745 Scriptura
2620 2673 2679 2731 in
2717 2675 2912 2732 umbra
2959 2674 3131 2730 futuri
3185 2675 3469 2732 excellenti

1865 2767 2259 2838 praedicatione
2300 2766 2666 2823 commendat.
2712 2765 2813 2822 Cui
2864 2765 3162 2838 suspicioni
3187 2766 3472 2839 vigilanter

1869 2871 2161 2915 occursum
2188 2868 2293 2927 est,
2326 2872 2450 2916 cum
2478 2866 2836 2931 posteaquam
2866 2860 3102 2917 dictum:
3131 2858 3203 2915 Et
3228 2876 3331 2915 non
3375 2876 3471 2931 op-

1869 2962 2025 3025 ponet
2046 2950 2192 3024 ﬁlius
2218 2953 2515 3026 iniquitatis
2541 2954 2827 3010 humiliare
2870 2968 3011 3021 eum,
3044 2952 3301 3010 continuo
3340 2949 3471 3008 sub—

1865 3042 2113 3114 junctum
2154 3050 2240 3103 est
2285 3061 2300 3101 :
2345 3044 2493 3102 Sicut
2518 3060 2551 3101 α
2577 3042 2783 3114 diebus,
2811 3046 3001 3119 quibus
3038 3042 3293 3101 constitui
3322 3040 3474 3114 judi-

1874 3152 1959 3192 ces
1990 3152 2151 3209 super
2186 3136 2438 3211 populum
2490 3152 2666 3194 meum
2720 3137 2912 3195 Israel.
2972 3137 3191 3195 Iudices
3239 3149 3475 3210 namque

1872 3227 2199 3298 priusquam
2226 3241 2386 3303 reges
2413 3227 2487 3286 ibi
2515 3240 2638 3287 esse
2665 3227 2983 3300 coepissent,
3015 3238 3176 3300 super
3197 3227 3349 3285 illum
3374 3242 3476 3301 p0-

1873 3321 2061 3393 pulum
2090 3310 2308 3378 fuerant
2335 3320 2640 3390 constituti,
2666 3338 2735 3378 ex
2769 3337 2879 3395 quo
2908 3332 3113 3378 terram
3158 3320 3477 3394 promissio

160 3422 284 3464 eum
337 3409 579 3481 patribus
617 3412 743 3479 tuis,
795 3412 1059 3468 suscitabo
1112 3430 1288 3470 semen
1333 3423 1482 3469 tuum
1534 3423 1649 3487 post
1698 3421 1766 3483 te,
1798 3425 1844 3489 ρ
1877 3411 1965 3469 nis
1996 3413 2225 3484 accepit.
2273 3410 2343 3470 Et
2385 3415 2575 3484 utique
2610 3411 2935 3470 humiliabat
2959 3426 3083 3471 eum
3114 3412 3259 3471 illius
3280 3412 3476 3484 iniqui-

158 3499 303 3556 quod
326 3501 429 3555 erit
463 3502 527 3556 de
552 3510 728 3556 uentre
758 3509 871 3569 tuo,
900 3510 951 3557 et
987 3503 1298 3576 prteparabo
1338 3516 1555 3576 regnum
1593 3504 1759 3561 illius.

161 3590 451 3660 Quomodo
470 3604 599 3665 ergo
619 3602 839 3666 propter
867 3592 923 3650 id
954 3594 1099 3665 quod
1128 3594 1383 3666 sequitur
1409 3608 1423 3651 ς
1447 3594 1551 3651 Hic
1596 3594 1766 3666 aediﬁ-

164 3685 301 3740 cabit
328 3680 464 3739 mihi
492 3687 727 3754 domum,
753 3686 857 3744 iste
889 3686 1144 3744 Salomon
1171 3684 1452 3759 potabitur
1472 3690 1767 3760 propheta-

148 3784 269 3843 stus,
312 3782 369 3833 et
420 3793 530 3833 non
574 3776 753 3849 potius
794 3787 1016 3850 propter
1046 3776 1100 3834 id
1132 3778 1276 3850 quod
1296 3780 1596 3852 praecedit:
1631 3778 1767 3836 Cum

167 3865 347 3939 repleti
370 3865 575 3935 fuerint
597 3869 711 3924 dies
744 3870 843 3937 tui,
877 3878 927 3925 et
972 3869 1200 3926 dormies
1223 3882 1344 3925 cum
1369 3870 1607 3942 patribus
1637 3873 1765 3939 tuis,

166 3958 435 4016 suscitabo
462 3972 639 4017 semen
668 3968 819 4017 tuum
855 3970 971 4034 post
1004 3970 1084 4030 te;
1114 3960 1255 4019 alius
1278 3962 1542 4035 paciﬁcus
1568 3963 1768 4021 intelli-

167 4055 307 4126 gitur
358 4066 482 4112 esse
510 4055 833 4128 promissus,
886 4058 981 4128 qui
1020 4068 1127 4113 non
1166 4066 1311 4125 ante,
1340 4056 1482 4114 sicut
1504 4057 1630 4125 iste,
1670 4056 1768 4114 sed

166 4155 282 4218 post
333 4153 572 4206 mortem
626 4150 797 4207 David
848 4151 1242 4223 praenuntiatus
1281 4159 1367 4208 est
1399 4149 1763 4208 suscitandas.

168 4240 471 4305 Quamlibet
513 4236 657 4298 enim
704 4242 865 4314 longo
892 4241 1214 4313 interposito
1246 4248 1490 4316 tempore
1517 4240 1767 4299 Christus

164 4328 316 4389 Iesus
334 4335 572 4413 veniret,
602 4334 790 4404 proCul
812 4330 976 4390 dubio
997 4343 1119 4405 post
1146 4342 1377 4390 mortem
1404 4333 1549 4405 regis
1570 4328 1764 4400 David,

168 4419 251 4479 cui
301 4423 383 4482 sic
430 4432 519 4482 est
565 4422 889 4497 promissus,
937 4443 1063 4481 eum
1103 4427 1291 4484 venire
1330 4428 1633 4497 oportebat,
1671 4427 1766 4497 qui

166 4514 455 4573 aediﬁcaret
505 4517 726 4573 domum
756 4516 869 4573 Deo
909 4534 1017 4573 non
1064 4519 1130 4574 de
1182 4516 1345 4590 lignis
1382 4522 1438 4574 et
1470 4517 1761 4589 lapidibus,

168 4607 257 4662 scd
278 4609 343 4664 de
370 4607 705 4673 hominibus,
729 4605 944 4679 qualem
968 4606 1115 4664 illum
1148 4609 1419 4666 aediﬁcare
1444 4611 1760 4681 gaudemus.

168 4696 299 4755 Huic
324 4702 471 4755 enim
516 4698 700 4756 domui
738 4700 871 4755 dicit
895 4699 1207 4770 Apostolus,
1240 4702 1345 4757 hoc
1374 4709 1477 4769 est,
1511 4701 1764 4758 fidelibus

1871 3501 2025 3571 tatis,
2054 3504 2161 3560 hoc
2188 3512 2273 3560 est
2310 3500 2523 3560 hostilis
2548 3502 2868 3578 alienigena,
2897 3516 2997 3577 per
3022 3504 3309 3561 intervalla
3339 3513 3476 3562 tem-

1868 3611 2086 3669 porum,
2118 3592 2317 3667 quibus
2342 3594 2600 3668 leguntur
2617 3609 2778 3667 paces
2806 3596 3106 3654 alternasse
3132 3610 3255 3654 cum
3282 3594 3470 3665 bellis;

1871 3694 1930 3745 et
1975 3687 2329 3744 inveniuntur
2369 3686 2483 3744 illic
2500 3687 2655 3760 pacis
2696 3695 2943 3760 tempora
2971 3690 3287 3761 prolixiora,
3311 3702 3476 3759 quam

1875 3776 2135 3836 Salomon
2180 3780 2403 3849 habuit,
2444 3782 2536 3852 qui
2590 3781 2953 3854 quadraginta
3004 3783 3250 3854 regnavit
3295 3783 3472 3839 annis.

1873 3868 2013 3927 Nam
2046 3870 2153 3928 sub
2178 3886 2245 3928 eo
2266 3871 2472 3941 judice,
2494 3874 2590 3945 qui
2612 3882 2696 3931 est
2718 3872 3020 3947 appellatus
3037 3870 3176 3941 Aod,
3198 3872 3478 3946 octoginta

1873 3964 2003 4018 anni
2030 3965 2182 4035 pacis
2213 3963 2436 4020 fuerunt
2462 3963 2613 4038 (Iud.
2643 3965 2751 4040 ιιι).
2774 3966 2934 4023 Absit
2958 3980 3109 4038 ergo,
3134 3973 3194 4022 ut
3227 3963 3476 4023 Salomo-

1873 4052 1963 4110 nis
1989 4063 2236 4127 tempora
2267 4057 2321 4112 in
2350 4056 2454 4114 hac
2483 4058 2845 4129 promissione
2885 4059 3157 4132 promissa
3204 4070 3328 4116 esse
3352 4075 3474 4116 cre-

1873 4144 2108 4204 dantur:
2129 4148 2304 4205 multo
2334 4152 2515 4206 minus
2538 4148 2722 4222 itaque
2746 4149 3034 4224 cujuslibet
3056 4152 3200 4223 regis
3224 4146 3470 4207 alterius.

1871 4236 1995 4294 Non
2024 4242 2171 4296 enim
2197 4241 2471 4313 quispiam
2501 4256 2692 4299 eorum
2719 4243 2773 4298 in
2794 4252 2943 4300 tanta
2992 4250 3195 4315 quanta
3224 4243 3316 4300 ille
3335 4256 3473 4314 pace

1871 4335 2149 4401 regnavit;
2183 4349 2283 4389 nec
2316 4344 2559 4405 unquam
2590 4336 2813 4390 omnino
2847 4350 2981 4408 gens
3011 4336 3101 4391 illa
3141 4337 3219 4391 ita
3244 4350 3473 4407 regnum

1870 4426 2069 4492 tenuit,
2088 4424 2395 4481 utsolllcita
2423 4439 2531 4481 non
2554 4426 2719 4481 fuerit
2748 4442 2817 4482 ne
2846 4428 3091 4484 hostibus
3119 4426 3469 4483 subderetur:

1870 4515 1999 4587 quia
2027 4515 2083 4571 in
2115 4522 2269 4571 tanta
2298 4514 2665 4572 mutabilitate
2689 4532 2875 4573 rerum
2915 4520 3279 4574 humanarum
3325 4515 3475 4572 nulla

1871 4605 2168 4680 aliquando
2213 4605 2414 4679 pupuio
2465 4619 2724 4665 concessa
2771 4614 2855 4665 est
2897 4614 3045 4663 tanta
3084 4608 3374 4674 securitas,
3414 4614 3477 4665 ut

1871 4701 2001 4758 huic
2029 4704 2157 4759 vita:
2176 4702 2401 4757 hostiles
2422 4714 2491 4757 ne
2514 4700 2836 4758 formidaret
2858 4701 3129 4758 incursus.
3146 4701 3322 4757 Locus
3342 4711 3473 4773 ergo

169 4786 363 4845 Christi
393 4809 407 4845 :
446 4788 720 4862 Templum
762 4789 901 4845 enim
946 4789 1045 4845 Dei
1069 4800 1308 4846 sanctum
1346 4799 1442 4857 est,
1471 4788 1613 4863 quod
1640 4794 1767 4848 estis
1795 4786 1850 4847 D
1876 4796 1968 4866 qui
1997 4794 2333 4866 promittitur
2364 4803 2473 4849 tam
2503 4793 2730 4864 placatis
2756 4808 2820 4850 ac
2848 4808 3055 4851 securas
3096 4792 3470 4860 habitationis,

168 4896 251 4933 vos
284 4880 336 4954 (1
367 4877 493 4937 Cor.
530 4878 635 4952 ιιι).
665 4879 981 4936 Benedictio
1012 4883 1213 4954 quippe
1234 4882 1449 4938 Domini
1476 4881 1533 4938 in
1562 4886 1771 4940 semine

171 4970 336 5027 David
363 4982 472 5029 non
498 4970 573 5028 ad
599 4972 817 5043 aliquod
847 4978 1060 5046 tempus
1088 4973 1263 5045 qualis
1301 4974 1490 5031 diebus
1525 4972 1771 5031 Salomo-

170 5064 251 5120 nis
275 5066 548 5138 apparuit,
579 5066 673 5123 sed
708 5069 761 5122 in
784 5076 1051 5123 aeternum
1095 5070 1357 5140 speranda
1407 5074 1510 5135 est,
1563 5068 1617 5122 in
1663 5084 1770 5139 qua

173 5158 473 5219 certissima
516 5179 614 5235 spe
659 5160 857 5218 dicitur
896 5182 909 5195 ο
946 5158 1093 5231 Fiat,
1138 5163 1269 5234 ﬁat;
1300 5166 1441 5221 sicut
1480 5164 1534 5221 in
1560 5164 1772 5234 psalmo

174 5268 387 5308 Lxxxvu
412 5248 677 5325 scriptum
700 5254 755 5309 in
782 5253 889 5311 line
919 5262 1000 5310 cst
1037 5274 1049 5309 :
1072 5252 1407 5323 Benedictus,
1432 5254 1629 5327 inquit,
1652 5252 1761 5310 Do-

174 5348 341 5401 minus
363 5348 421 5408 in
446 5356 721 5401 (sternam.
748 5345 894 5413 Fiat,
912 5347 1027 5415 ﬁat.
1055 5340 1202 5401 Illius
1224 5348 1370 5402 cnim
1397 5349 1512 5418 spei
1537 5352 1619 5403 est
1633 5364 1763 5404 con-

178 5435 426 5507 ﬁrmatio,
482 5439 570 5496 vel
616 5435 776 5508 hujus
822 5437 1060 5495 iteratio.
1122 5435 1234 5494 Hoc
1285 5454 1416 5512 ergo
1456 5438 1765 5512 intelligens

177 5520 339 5588 David
359 5533 438 5588 ait
464 5529 522 5587 in
552 5531 787 5587 secundo
815 5528 1125 5602 Regnorum
1146 5528 1286 5588 libro
1322 5550 1335 5585 :
1366 5528 1437 5585 Et
1464 5529 1666 5585 locutus
1688 5540 1764 5585 est

177 5639 265 5694 pro
286 5625 442 5679 domo
456 5622 593 5680 serui
607 5623 683 5677 tui
706 5640 870 5695 usque
894 5624 949 5678 in
969 5632 1241 5689 aeternum,
1265 5628 1372 5677 etc.
1391 5622 1477 5693 (II
1494 5620 1623 5694 Reg.
1637 5621 1760 5696 vn),

179 5714 298 5783 quia
325 5720 453 5771 tmte
483 5713 695 5787 genitus
719 5720 839 5771 erat
864 5712 1027 5781 ﬁlius,
1050 5730 1119 5769 ex
1158 5728 1266 5784 quo
1293 5714 1581 5785 progenies
1604 5714 1770 5770 duce-

180 5808 324 5859 retur
353 5805 421 5860 ad
446 5801 743 5871 Christum,
765 5816 864 5876 per
889 5818 1052 5875 quem
1078 5804 1263 5858 futura
1290 5811 1410 5859 erat
1431 5804 1622 5860 domus
1649 5802 1769 5873 ejus

185 5901 397 5961 aeterna,
428 5895 727 5967 eademque
773 5895 966 5953 dormis
1010 5894 1129 5950 Dei.
1172 5895 1375 5952 Domus
1405 5896 1550 5953 enim
1594 5895 1767 5952 David

184 5994 397 6056 propter
420 6000 593 6056 genus
610 5987 805 6056 David,
857 5987 1051 6046 domus
1074 5994 1256 6045 autem
1288 5988 1385 6047 Dei
1407 5988 1597 6046 eadem
1646 5988 1765 6060 ipsa

1812 6050 1860 6077 δ.

1873 4897 2111 4944 aeternus
2143 4903 2252 4942 non
2275 4895 2387 4953 est;
2421 4893 2769 4958 mternusque
2800 4888 3033 4943 debetur
3062 4889 3118 4942 in
3149 4896 3325 4941 matre
3347 4885 3474 4939 Ηίθα

1872 4978 2112 5033 rusalem
2129 4977 2320 5039 libera,
2346 4977 2441 5033 ubi
2461 4977 2571 5032 erit
2596 4978 2868 5034 veraciter
2891 4976 3124 5047 pupulus
3143 4976 3328 5031 Israel.
3354 4974 3468 5031 Hoc

1871 5069 2021 5123 enim
2070 5081 2268 5122 nomen
2298 5067 2710 5138 interpretatur,
2746 5068 2924 5122 uidens
2954 5065 3262 5121 Dominum.
3304 5064 3469 5136 Cujus

1872 5158 2088 5232 praemii
2112 5158 2383 5216 desiderio
2403 5158 2492 5230 pia
2519 5170 2618 5230 per
2638 5158 2797 5214 ﬁdem
2821 5156 2945 5212 vita:
2967 5157 3021 5211 in
3043 5154 3146 5211 hac
3167 5169 3471 5211 aerumnosa

1873 5251 2315 5323 peregrinatione
2335 5251 2583 5307 ducenda
2612 5259 2715 5306 est.

1947 5341 2119 5396 Juxta
2142 5342 2321 5396 omnia
2352 5344 2505 5396 verba
2528 5342 2659 5405 hac,
2683 5350 2730 5394 et
2769 5340 2931 5408 juxta
2959 5339 3257 5393 universam
3302 5354 3468 5393 msw-

1876 5442 1996 5488 nem
2024 5432 2183 5487 istam
2209 5432 2285 5486 sic
2325 5432 2530 5486 locatus
2562 5439 2637 5485 est
2662 5427 2881 5484 Nathan
2908 5429 2977 5483 ad
3004 5427 3193 5483 David.
3230 5426 3467 5499 Cumque

1875 5522 2099 5576 uenisset
2124 5538 2216 5575 rex
2244 5518 2441 5586 David,
2493 5532 2540 5573 et
2570 5518 2785 5573 sedisset
2815 5534 2993 5572 coram
3014 5517 3263 5581 Domino,
3288 5515 3424 5571 dixit
3446 5531 3467 5570 :

1880 5608 2018 5678 Quis
2041 5628 2134 5683 ego
2157 5626 2298 5678 sum,
2345 5609 2568 5666 Domine
2596 5609 2761 5679 Deus,
2784 5618 2835 5666 et
2871 5627 2989 5683 quo:
3017 5610 3203 5665 domus
3240 5622 3377 5673 mea,
3410 5616 3469 5661 ut

1877 5714 2159 5775 prtcstares
2188 5702 2319 5757 mihi
2345 5702 2474 5758 talia
2496 5704 2522 5759 ?
2547 5704 2649 5761 Sed
2693 5714 2743 5760 et
2781 5703 2879 5760 hoc
2900 5718 3088 5776 parum
3109 5704 3277 5759 uisum
3306 5708 3383 5756 est
3411 5699 3469 5753 in

1878 5804 2159 5863 conspectu
2184 5802 2274 5849 tuo
2299 5808 2317 5849 :
2345 5792 2567 5867 ideoque
2584 5792 2790 5851 locutus
2817 5808 2871 5850 es
2892 5806 3052 5865 super
3078 5793 3297 5872 domum
3332 5789 3464 5844 servi

1835 5882 1845 5903 ’
1878 5883 1958 5939 tui
1977 5885 2134 5939 etiam
2158 5882 2214 5938 in
2246 5882 2486 5954 futurum
2508 5900 2525 5938 :
2550 5894 2598 5942 et
2620 5884 2791 5956 fecisti
2831 5899 2915 5938 me
2962 5878 3289 5951 spectabit“!
3312 5891 3469 5947 super

1877 5995 2057 6035 mimos
2091 5980 2350 6048 homines,
2395 5979 2619 6039 Domine
2660 5979 2801 6037 Deus
2854 5992 3021 6035 meus.
3053 5972 3192 6042 Quid
3214 5979 3298 6030 est
3324 5968 3470 6043 quod
