3958 6532
500 431 606 492 567

1145 432 1206 485 Β.
1249 432 1503 488 RABANI
1542 432 1763 489 MAURJ
1797 429 2117 488 ARCIIIEP.
2160 427 2469 487 MOGUN'I‘.
2509 426 2797 485 OPERUM
2836 425 3016 482 PARS
3047 423 3091 479 ι.

3660 419 3775 479 3Βό

495 541 668 598 David
722 542 873 607 dicit,
923 542 1265 612 spectabilem
1298 558 1355 599 se
1385 560 1504 600 esse
1554 544 1755 600 factum
1783 560 1815 600 a
1850 546 2077 600 Domino
2105 545 2155 607 Α
2181 555 2257 599 tes
2284 545 2332 599 ei
2360 559 2599 597 munera.
2632 540 2798 597 Filias
2842 539 2980 597 Geth
3042 536 3172 594 dicit
3198 536 3447 593 civitates
3496 535 3781 603 minores;

495 649 659 706 super
703 648 892 688 omnes
945 633 1231 689 homines?
1263 634 1413 701 Quod
1466 638 1570 692 nisi
1600 636 1944 708 hyperbolice
1998 637 2079 691 di-

494 734 641 786 ctum
671 725 989 795 accipiatur,
1018 728 1314 782 secundum
1357 729 1638 785 historiam
1681 730 1904 785 omnino
1930 738 2077 786 stare

494 834 605 876 non
627 827 825 890 potest.
853 818 1165 875 Secundum
1200 821 1518 892 allegoriam
1570 838 1702 878 vero
1726 824 1842 894 ipse
1887 824 1959 879 ibi
1985 825 2078 879 de-

491 913 757 984 signatur,
809 913 902 983 qui
930 913 997 969 de
1033 914 1239 969 semine
1288 914 1458 970 David
1512 917 1807 972 secundum
1855 933 2075 972 carnem

491 1011 653 1059 natus
691 988 793 1066 est.
825 1003 1156 1075 Redemptor
1184 1006 1433 1061 videlicet
1462 1015 1669 1073 noster,
1713 1023 1873 1077 quem
1897 1009 2078 1064 Domi-

490 1114 594 1155 nus
616 1101 783 1155 Pater
808 1116 840 1155 a
867 1100 1097 1157 mortuis
1133 1102 1402 1157 suscitans
1430 1103 1694 1157 exaltavit
1730 1114 1776 1156 et
1808 1104 2077 1158 constituit

490 1191 560 1246 ad
589 1193 860 1246 dexteram
912 1209 1064 1246 suam
1090 1194 1147 1246 in
1177 1192 1468 1248 caelestibus
1505 1211 1661 1265 super
1688 1210 1892 1249 omnem
1932 1196 2077 1264 prin-

488 1284 722 1354 cipatum
760 1294 809 1339 et
837 1292 1145 1353 potestatem
1188 1297 1236 1337 et
1283 1285 1527 1339 uirtutem
1573 1294 1623 1339 et
1661 1285 2078 1339 dominationem

489 1383 538 1427 et
570 1391 723 1428 omne
766 1390 974 1440 nomen,
1019 1375 1159 1445 quod
1198 1376 1503 1430 nominatur
1524 1393 1628 1431 non
1655 1385 1860 1431 tantum
1888 1378 1943 1430 in
1979 1378 2076 1432 hoc

490 1464 710 1531 swculo,
758 1465 849 1519 sed
892 1468 1050 1520 etiam
1088 1468 1143 1521 in
1173 1467 1374 1537 futuro.
1412 1468 1484 1522 Et
1510 1470 1689 1523 omnia
1716 1468 2074 1539 subjecitosub

488 1556 706 1625 pedibus
733 1556 870 1626 ejus,
892 1566 942 1611 et
963 1558 1133 1629 ipsum
1162 1559 1305 1613 dedit
1326 1568 1484 1629 caput
1509 1577 1668 1631 super
1692 1562 1870 1615 omnia
1893 1560 2079 1616 Eccle-

487 1646 603 1711 siaz,
642 1662 761 1712 quia
810 1656 887 1701 est
917 1664 1122 1717 corpus,
1184 1648 1454 1719 plenitudo
1491 1649 1627 1720 ejus,
1671 1651 1763 1721 qui
1819 1651 1994 1705 omnia
2021 1652 2078 1707 in

489 1733 728 1788 omnibus
781 1734 1032 1806 adimplet
1076 1734 1236 1807 (Eph.
1267 1736 1328 1807 ι).
1368 1737 1466 1791 Cui
1514 1748 1561 1792 et
1605 1738 1818 1793 donavit
1864 1756 2074 1807 nomen,

487 1824 627 1895 quod
652 1833 727 1879 est
746 1842 907 1896 super
925 1842 1077 1880 omne
1101 1843 1288 1881 nomen
1309 1843 1327 1880 :
1358 1837 1415 1881 ut
1452 1829 1509 1882 in
1544 1830 1751 1885 nomine
1774 1829 1901 1884 Jesu
1925 1847 2076 1887 omne

2182 649 2302 703 quae
2332 634 2399 688 ad
2446 631 2780 703 Metropolim
2808 629 3171 701 pertinebant.
3215 627 3493 698 Siquidem
3524 628 3779 699 quinque

2180 734 2334 782 erant
2389 724 2637 780 civitates
2692 724 2929 794 insignes
2980 720 3428 776 Philisthinorum
3461 738 3475 773 :
3511 719 3620 775 hoc
3664 727 3780 786 est,

2179 817 2403 883 Azotus,
2442 815 2610 879 Gaza,
2661 815 2915 883 Ascalon,
2946 813 3087 871 Geth
3115 821 3172 868 et
3207 813 3445 868 Acaron.
3477 812 3616 880 Quae
3644 813 3782 882 quia

2180 909 2235 965 in
2267 918 2409 964 terra
2446 907 2890 977 repromissionis
2937 913 3117 971 erant,
3143 911 3290 960 sorte
3314 904 3445 961 ﬁliis
3479 904 3663 960 Israel
3686 905 3783 960 de-

2178 1008 2381 1071 putatae
2410 998 2661 1054 fuerant:
2701 998 2796 1054 sed
2836 997 2904 1051 ab
2928 996 3007 1053 eis
3033 1010 3206 1064 usque
3237 996 3306 1050 ad
3330 993 3509 1049 David
3544 994 3785 1051 minime

2178 1108 2462 1163 possessas.
2515 1092 2630 1147 lmo
2656 1091 2787 1161 ipsat-
2834 1089 3148 1159 frequenter
3190 1088 3358 1143 Israel
3392 1088 3499 1144 sibi
3542 1088 3786 1143 tributa-

2182 1185 2323 1239 rium
2356 1182 2650 1238 faciebant.
2700 1172 2880 1237 'Porro
2924 1179 3091 1234 David
3138 1178 3449 1237 humiliavit
3484 1192 3608 1244 eas,
3648 1192 3786 1233 eon-

2181 1288 2339 1329 versa
2369 1272 2487 1327 vice
2512 1286 2621 1341 quo
2672 1280 2797 1325 ante
2834 1270 3095 1324 tributum
3119 1267 3472 1340 expetebant,
3508 1266 3653 1323 fecit
3678 1265 3782 1322 sibi

2181 1363 2515 1418 tributarias.
2586 1360 2809 1432 Mystice
2866 1368 3048 1415 autem
3096 1359 3179 1412 ha:
3227 1359 3471 1428 quinque
3519 1357 3783 1413 civitates

2180 1453 2418 1522 quinque
2446 1466 2637 1507 sensus
2667 1451 2914 1521 corporis
2951 1450 3004 1503 in
3040 1458 3188 1505 terra
3233 1449 3417 1505 carnis
3441 1456 3654 1503 nostra:
3688 1462 3784 1517 po—

2179 1544 2270 1600 siti
2295 1543 2469 1614 accipi
2491 1524 2721 1612 possunt
2751 1560 2764 1597 :
2797 1542 2889 1612 qui
2940 1541 3183 1611 quandiu
3206 1550 3361 1597 vetus
3386 1541 3559 1596 homo
3590 1550 3780 1596 noster

2179 1636 2235 1690 in
2256 1636 2415 1691 nobis
2455 1634 2736 1706 regnabat,
2776 1634 2943 1688 variis
2973 1633 3171 1689 debitis
3217 1631 3403 1702 iniusti
3458 1633 3657 1689 tributi
3686 1649 3784 1689 nos

2181 1726 2572 1797 astringebant.
2606 1723 2742 1779 Cum
2779 1732 2961 1778 autem
3011 1738 3175 1779 verus
3208 1722 3379 1778 David
3406 1723 3467 1777 in
3503 1722 3671 1779 nobis
3701 1738 3785 1777 re-

2182 1835 2349 1890 gnum
2406 1818 2636 1889 accepit,
2679 1817 2857 1872 subito
2916 1816 3107 1870 tributi
3167 1822 3457 1871 exactores
3482 1815 3625 1870 facti
3659 1822 3783 1870 sunt

472 1906 626 1983 genu
654 1915 898 1984 ﬂectatur
928 1915 1236 1982 caelestium,
1275 1919 1619 1983 terrestrium,
1642 1929 1692 1973 et
1718 1919 2072 1989 infernarum,
2105 1911 2152 1970 B
2183 1911 2456 1966 tributarii
2481 1928 2496 1976 ;
2525 1917 2581 1964 εί
2627 1908 2888 1979 quidquid
2920 1907 2977 1962 in
3022 1921 3189 1962 Came
3214 1915 3403 1962 Πυθίη
3428 1905 3631 1961 “belli
3660 1905 3780 1971 ίῐιίιν

486 2012 535 2057 et
563 2004 731 2058 omnis
782 2004 966 2075 lingua
1006 2004 1320 2074 conﬁteatur
1366 2008 1492 2078 quia
1521 2007 1779 2064 Dominus
1822 2008 1978 2064 Iesus
2017 2012 2074 2065 in

485 2096 656 2165 gloria
685 2106 761 2152 est
787 2097 888 2152 Dei
927 2095 1109 2153 Patris
1140 2098 1306 2170 (Phil.
1335 2100 1418 2172 ιι).

558 2185 801 2254 Domine,
844 2205 949 2243 non
985 2199 1060 2244 est
1087 2190 1278 2244 similis
1312 2192 1413 2257 tui,
1438 2203 1487 2248 et
1516 2210 1623 2249 non
1658 2203 1732 2249 est
1760 2194 1898 2248 alius
1932 2194 2073 2250 Deus

484 2278 679 2349 absque
728 2287 798 2343 te.
837 2296 902 2334 ea;
946 2280 1184 2335 omnibus
1209 2297 1337 2352 quos
1381 2282 1678 2339 audivimus
1718 2285 1935 2339 auribus
1975 2302 2072 2339 no-

484 2371 628 2423 stris.
673 2368 804 2437 Quis
834 2382 1011 2426 autem
1046 2385 1122 2427 est
1152 2373 1312 2439 alius,
1341 2384 1397 2428 ut
1445 2376 1669 2447 populus
1697 2387 1817 2431 tuus
1857 2377 2029 2433 Israel
2049 2380 2076 2434 ?

487 2458 625 2516 Gens
657 2479 763 2517 una
802 2464 859 2516 in
896 2474 1057 2529 terra,
1086 2464 1157 2517 ad
1187 2482 1346 2536 quam
1392 2469 1619 2537 perrexit
1655 2468 1814 2535 Deus,
1864 2480 1918 2524 ut
1941 2470 2071 2525 libe-

486 2562 627 2607 raret
654 2564 702 2608 et
730 2554 923 2623 faceret
958 2556 1210 2627 populum
1238 2558 1339 2612 sibi
1361 2572 1379 2609 :
1398 2568 1457 2614 et
1483 2562 1846 2632 magnitudine
1865 2580 1963 2617 sua
1986 2574 2071 2618 at-

483 2660 583 2715 que
619 2646 905 2701 terroribus
951 2647 1162 2717 ejiceret
1219 2650 1457 2705 nationes
1486 2668 1519 2706 a
1549 2651 1687 2721 facie
1730 2654 1867 2723 ejus,
1918 2672 2072 2725 quem

484 2734 548 2788 de
568 2733 801 2805 ngypto
831 2735 1057 2791 liberat?
1086 2737 1154 2791 Et
1177 2742 1400 2809 posuisti
1423 2740 1675 2811 populum
1709 2752 1857 2798 tuum
1894 2746 1958 2799 dc
1983 2745 2071 2800 1s-

483 2825 594 2880 rael
616 2825 712 2879 tibi
745 2828 801 2882 in
824 2829 1076 2899 populum
1104 2848 1265 2902 usque
1301 2835 1358 2886 in
1383 2843 1659 2889 azternum.
1713 2835 1827 2892 Hoc
1870 2839 1924 2893 in
1956 2838 2073 2894 loco

484 2917 612 2972 licet
656 2918 903 2975 videatur
934 2921 1133 2991 prioris
1186 2924 1368 2995 populi
1407 2939 1687 2996 egressum
1713 2929 1779 2982 de
1811 2927 2070 3001 Egypto,

483 3018 540 3067 et
561 3010 971 3069 collocationem
1005 3012 1124 3081 ejus
1154 3014 1210 3068 in
1251 3024 1397 3070 terra
1426 3018 1806 3086 promissionis
1836 3036 2074 3076 comme-

484 3117 721 3170 morare,
750 3110 932 3159 tamen
970 3104 1163 3175 majori
1194 3106 1456 3176 dignitate
1500 3110 1681 3181 populi
1718 3111 1893 3169 ﬁdelis
1941 3115 2074 3171 libe-

479 3198 620 3250 ratio
665 3195 734 3250 de
761 3195 987 3265 spiritali
1042 3195 1300 3267 Egypto,
1353 3200 1771 3270 transplantatio
1820 3204 1988 3273 ipsius
2016 3206 2071 3261 in

482 3293 658 3341 terras
671 3293 871 3341 sanctae
894 3266 1232 3353 Ecclesitead
1256 3287 1469 3344 laudem
1491 3266 1821 3349 ethonorem
1836 3266 2073 3351 nominis
2100 3266 2145 3329 (ἶ

479 3376 696 3432 Domini
751 3377 1057 3433 certissime
1108 3377 1442 3450 designatur.
1498 3382 1620 3453 Ipse
1672 3385 1815 3439 enim
1846 3386 2076 3457 populus

481 3467 576 3521 Dei
605 3475 709 3531 est,
736 3475 794 3521 et
817 3482 982 3523 verus
1028 3467 1194 3524 Israel
1244 3470 1426 3527 divino
1465 3472 1635 3528 cultui
1686 3477 2075 3545 perpetualiter

482 3556 845 3626 mancipatus.
878 3555 1149 3613 Caeterum
1186 3561 1444 3631 antiquus
1471 3560 1660 3629 Israel,
1685 3564 1798 3634 jam
1848 3553 2073 3623 honoris

479 3658 537 3703 et
566 3648 843 3720 religionis
880 3666 1097 3721 expers,
1135 3654 1373 3709 nominis
1400 3655 1684 3726 dignitate,
1729 3668 1785 3713 et
1811 3658 1917 3715 loci
1941 3677 2071 3730 pos-

479 3740 721 3795 sessione
751 3742 997 3811 privatus
1054 3752 1160 3808 est,
1192 3745 1427 3799 maxime
1456 3761 1580 3801 cum
1610 3747 1665 3801 in
1692 3756 1808 3804 toto
1836 3751 1968 3805 orbe
1990 3752 2072 3805 di-

478 3847 720 3903 spersus,
750 3833 868 3888 sine
920 3832 1060 3904 lege,
1092 3835 1399 3890 sacerdotio
1422 3844 1584 3906 atque
1611 3837 1729 3892 sine
1756 3838 1853 3894 Dei
1884 3841 2069 3910 templi

478 3924 836 3981 celeberrimo
860 3925 1008 3981 cultu
1032 3935 1260 3996 vagetur
1285 3926 1545 3983 incertus.

552 4016 633 4070 Tu
657 4017 818 4082 enim,
842 4017 1065 4072 Domine
1087 4017 1229 4072 Deus
1264 4034 1430 4083 meus,
1483 4020 1722 4074 revelasti
1771 4021 2070 4076 auriculam

475 4108 610 4165 servi
637 4109 736 4174 tui,
776 4117 833 4161 ut
872 4108 1165 4177 trdi/icares
1212 4110 1261 4163 ei
1288 4109 1525 4165 domum.
1557 4108 1629 4164 Et
1650 4111 1849 4166 idcirco
1876 4114 2071 4169 inuenit

476 4219 656 4259 seruus
699 4211 820 4257 tuus
851 4203 1126 4272 ﬁduciam,
1160 4214 1216 4257 ut
1244 4213 1353 4259 oret
1382 4221 1561 4258 coram
1593 4214 1664 4270 te,
1704 4216 1810 4261 etc.
1842 4206 2069 4262 Revela-

476 4295 569 4360 sti,
617 4294 811 4365 inquit,
873 4294 1172 4349 auriculam
1232 4294 1376 4350 servi
1398 4294 1499 4361 tui,
1555 4295 1660 4351 hoc
1687 4305 1788 4362 est,
1829 4298 1883 4352 in
1913 4306 2071 4354 aeter-

477 4399 609 4440 num
659 4385 903 4440 auditum
962 4385 1143 4441 cordis
1180 4385 1325 4440 illius
1363 4385 1692 4452 instruxisti,
1724 4388 1871 4457 quod
1903 4388 2071 4444 aediﬁ-

474 4489 631 4531 cares
657 4476 707 4530 ei
731 4476 971 4541 domum,
1008 4476 1321 4546 progeniem
1366 4475 1618 4532 videlicet
1643 4479 1813 4547 ipsius
1835 4480 2071 4550 mulipli—

476 4566 672 4633 cando,
702 4575 757 4621 et
785 4582 971 4623 semen
1008 4566 1126 4635 ejus
1150 4568 1444 4623 dilatando.
1475 4567 1604 4624 Inde
1654 4570 1842 4638 utique
1872 4570 2068 4627 dedisti

476 4658 528 4713 ei
561 4656 811 4713 ﬁduciam
834 4659 983 4729 loqui
1012 4659 1078 4714 de
1106 4667 1179 4723 te,
1206 4668 1263 4713 et
1305 4660 1535 4729 gloriam
1565 4668 1715 4715 tuam
1742 4677 1807 4717 ac
1850 4662 2067 4719 laudem

476 4769 660 4811 coram
686 4757 936 4811 omnibus
958 4754 1329 4809 annuntiando
1353 4755 1672 4824 praedicare.

1044 4864 1274 4921 CAPUT
1303 4864 1490 4921 XVIII.

477 4977 558 5031 De
581 4994 639 5030 eo
666 4976 806 5047 quod
843 4975 1010 5047 David
1040 4974 1708 5047 percusseritPhilisthiim
1731 4988 1780 5035 et
1806 4981 2061 5036 humilia-

543 5045 814 5121 uerit'eos1
834 5055 882 5098 et
908 5045 1171 5100 Moabilas
1212 5057 1260 5100 et
1293 5046 1558 5121 Adgrezer
1600 5065 1771 5121 regem
1809 5051 1975 5117 Saba,
2013 5063 2064 5108 et

547 5116 743 5186 Syrum
772 5115 1158 5185 Damascenum
1187 5132 1206 5170 :
1232 5135 1263 5171 a
1293 5117 1481 5188 quibus
1524 5115 1783 5175 translata
1812 5138 1937 5175 vasa
1960 5115 2060 5177 au-

546 5203 656 5251 rea,
682 5195 927 5251 argentea
956 5194 1002 5239 et
1038 5202 1182 5239 (enea
1217 5190 1535 5243 consecravit
1587 5207 1679 5244 rex
1728 5190 1899 5245 David
1957 5193 2063 5247 Do-

546 5203 656 5251 rea,
682 5202 745 5238 ar
779 5202 927 5239 entea
956 5202 1002 5239 et
1038 5202 1182 5239 (enea
1217 5202 1535 5243 consecravit
1587 5207 1679 5244 rex
1728 5202 1898 5245 David
1957 5202 2060 5247 Do-

546 5256 707 5309 mino.
741 5202 895 5320 Quod
943 5254 1135 5327 Abisai
1176 5259 1431 5327 percussit
1458 5259 1630 5314 Edoni
1662 5261 1718 5315 in
1745 5260 1881 5315 valle
1912 5261 2060 5317 Sali-

546 5342 737 5396 narum
761 5334 811 5377 et
834 5325 1182 5396 constiftnitgin
1203 5326 1377 5382 Edam
1402 5330 1730 5396 pra’sidium,
1752 5340 1809 5385 ut
1848 5333 2063 5388 serviret

547 5394 789 5469 [dumosa
833 5392 1027 5469 David.
1088 5394 1166 5449 De
1191 5412 1348 5469 regno
1391 5392 1564 5469 Dauid
1605 5392 1762 5469 super
1819 5400 1992 5456 Israel
2011 5412 2062 5458 et

543 5463 865 5534 principibus
889 5466 1018 5531 suis,
1044 5482 1170 5537 quos
1190 5463 1427 5538 priefecit
1438 5469 1655 5540 populo.

545 5571 587 5643 (I
616 5571 749 5626 ΡΑιι.
792 5573 970 5642 xvni.)
1008 5571 1227 5628 Factum
1252 5586 1325 5629 est
1366 5584 1543 5630 autem
1570 5584 1687 5646 post
1708 5578 1843 5644 haec,
1864 5589 1922 5634 ut
1943 5598 2061 5651 per-

471 5675 666 5721 cuteret
695 5666 864 5722 Dauid
893 5664 1239 5735 Philisthiim,
1284 5680 1329 5723 et
1359 5668 1661 5724 humiliaret
1692 5687 1802 5737 eos,
1826 5681 1877 5727 et
1906 5673 2059 5729 tolle-

472 5766 544 5810 ret
584 5754 714 5811 Geth
738 5767 788 5812 et
820 5756 960 5828 ﬁlias
988 5760 1102 5830 ejus
1139 5760 1204 5814 de
1228 5776 1389 5814 manu
1437 5757 1784 5827 Philisthiim,
1815 5775 2056 5834 percute-

2178 2002 2402 2073 spiritus
2443 2000 2672 2073 imperio
2720 2000 3065 2071 subjugatum
3115 2006 3218 2053 est.
3250 1997 3405 2066 Quod
3433 2006 3632 2053 autem
3658 1998 3784 2054 dicit

2177 2095 2243 2151 de
2277 2092 2454 2158 Moab,
2496 2092 2641 2162 quod
2668 2091 2863 2146 ﬁerent
2908 2089 3157 2145 Moabitae
3208 2089 3356 2145 servi
3406 2087 3615 2154 David,
3658 2087 3784 2144 ofe-

2177 2170 2360 2246 rentes
2384 2189 2436 2244 ei
2464 2203 2713 2253 munera,
2758 2187 2990 2259 mystice
3049 2185 3323 2258 signiﬁcat
3355 2184 3505 2256 quod
3530 2185 3785 2241 Christus

2175 2294 2366 2337 omnes
2391 2289 2580 2352 gentes
2606 2282 2708 2336 sub
2732 2296 2830 2335 sua
2869 2280 3241 2335 dominatione
3267 2285 3460 2335 tenens
3496 2277 3640 2333 facit
3662 2293 3786 2349 peu-

2175 2390 2296 2428 sum
2341 2373 2619 2429 servitutis
2674 2373 2778 2428 sibi
2829 2371 3077 2437 reddere,
3111 2372 3239 2426 dum
3272 2371 3503 2443 singula:
3554 2386 3785 2442 quaeque

2176 2462 2447 2528 nationes,
2478 2461 2533 2515 in
2569 2461 2808 2516 nominis
2834 2458 2952 2528 ejus
3008 2460 3352 2515 confessione
3384 2460 3652 2515 adunataa
3694 2461 3783 2515 de-

2177 2561 2302 2609 vote
2328 2566 2551 2609 censum
2582 2552 2849 2608 bonornm
2875 2566 3101 2622 operum
3125 2551 3200 2606 illi
3226 2550 3539 2607 exsolvunt.

2250 2642 2454 2697 Eodem
2500 2650 2731 2713 tempore
2775 2644 3032 2713 percussit
3065 2642 3237 2697 David
3282 2643 3569 2698 Adadezer
3617 2660 3783 2715 regem

2180 2733 2344 2799 Saba,
2385 2734 2611 2805 regionis
2640 2733 2860 2802 Emath,
2911 2736 3124 2805 quando
3147 2735 3402 2803 perrexit,
3425 2746 3486 2789 ut
3533 2735 3783 2791 dilataret

2177 2824 2457 2895 imperium
2504 2841 2660 2880 suum
2707 2843 2871 2897 usque
2919 2826 2989 2881 ad
3021 2827 3221 2896 ﬂumen
3282 2826 3627 2893 Euphraten,
3679 2837 3781 2883 etc.

2179 2917 2323 2972 Soba
2354 2916 2632 2972 civitatem
2682 2919 2871 2973 dicunt
2912 2934 3036 2975 esse
3090 2919 3262 2991 Syriae
3309 2920 3689 2989 pertinentem
3718 2922 3783 2976 ad

2178 3006 2396 3074 Emath,
2427 3008 2790 3079 metropolim,
2820 3026 2941 3081 quae
2963 3011 3071 3065 alio
3103 3011 3324 3067 nomine
3353 3011 3675 3083 Epiphania
3702 3014 3782 3069 die

2179 3090 2341 3152 citur.
2392 3098 2675 3166 Quomodo
2713 3109 2891 3155 autem
2944 3101 3113 3156 David
3142 3099 3357 3173 Syriam
3387 3102 3779 3170 devastaverit,

2177 3188 2444 3261 Iosephus
2474 3191 2733 3257 ostendit,
2762 3192 2950 3248 dicens
2979 3210 2992 3247 :
3030 3212 3049 3244 ί
3084 3192 3325 3249 Audiens
3368 3203 3560 3250 autem
3588 3195 3781 3250 Dama-

2179 3286 2256 3340 sci
2290 3285 2461 3357 Syrizr
2487 3302 2584 3342 rex
2610 3285 2817 3352 Addus,
2843 3288 2986 3357 quod
3008 3288 3179 3343 David
3201 3297 3574 3360 expugnasset
3596 3289 3780 3345 Ada-

2179 3391 2388 3441 zarum,
2422 3385 2683 3448 tanquam
2704 3378 2915 3433 amicus
2943 3379 3013 3433 ad
3041 3377 3158 3447 ejus
3198 3379 3394 3435 solatia
3431 3396 3562 3435 cum
3614 3381 3780 3437 maxi-

2177 3483 2268 3522 mo
2293 3469 2445 3523 venit
2463 3470 2731 3535 exercitu,
2761 3485 2908 3536 eum,
2944 3471 3085 3527 sicut
3141 3474 3424 3543 sperabat,
3456 3474 3532 3527 ab
3556 3489 3777 3546 oppres-

2176 3559 2329 3614 sione
2357 3559 2719 3629 liberaturus;
2747 3572 2801 3618 et
2829 3578 3152 3634 congressus
3172 3564 3348 3619 denuo
3369 3566 3515 3634 apud
3535 3566 3777 3638 Euphra-

2176 3660 2264 3707 ten
2312 3662 2505 3709 contra
2557 3654 2748 3721 David,
2808 3656 2950 3711 bello
3002 3657 3248 3712 devictus
3301 3665 3405 3711 est.
3451 3655 3782 3714 Ceciderunt

2176 3745 2344 3812 enim,
2369 3745 2692 3802 ferientibus
2712 3761 2807 3802 eos
2826 3745 3088 3811 Hebraeis,
3108 3747 3176 3802 de
3199 3748 3444 3803 exercitu
3466 3747 3617 3804 Addi
3631 3751 3780 3819 quasi

2174 3836 2365 3906 viginti
2405 3836 2575 3891 millia
2609 3835 2764 3903 fere;
2808 3837 3007 3908 reliqui
3036 3854 3167 3894 vero
3205 3839 3259 3893 in
3298 3838 3483 3910 fugam
3526 3843 3779 3897 conversi

2175 3933 2318 3981 sunt.
2369 3947 2388 3979 ι
2431 3927 2509 3983 De
2533 3943 2643 3999 quo
2668 3939 3068 4000 consequenter
3101 3945 3345 4000 praesens
3376 3932 3615 3989 historia
3638 3949 3781 3989 com.

2174 4028 2458 4073 memorat.
2492 4018 2719 4090 Mystice
2749 4029 2933 4075 autem
2983 4020 3284 4089 Adadezer,
3326 4023 3419 4093 qui
3450 4024 3782 4095 interpreta-

2173 4120 2263 4167 tur
2297 4112 2545 4166 decorum
2568 4111 2867 4179 auxilium;
2908 4129 3006 4169 rex
3045 4112 3209 4181 Soba,
3244 4115 3335 4185 qui
3381 4115 3778 4185 interpretatur

2172 4203 2386 4258 incensa
2415 4203 2500 4258 vel
2525 4213 2848 4271 convertens,
2898 4204 3168 4275 significat
3206 4205 3533 4275 gentilitatis
3583 4208 3642 4261 in
3679 4222 3775 4261 sa:-

2173 4297 2302 4351 vitia
2333 4296 2569 4351 naturali
2603 4296 2897 4366 fervorem,
2926 4308 3118 4354 contra
3169 4314 3334 4369 quam
3378 4298 3555 4354 David
3590 4310 3773 4354 noster

2175 4386 2497 4457 conﬂigebat
2530 4402 2594 4443 ac
2623 4386 2932 4443 dimicando
2984 4388 3239 4445 vincebat
3268 4407 3280 4442 :
3313 4388 3439 4459 quia
3461 4388 3651 4459 gladio
3674 4390 3773 4459 spi-

2174 4479 2327 4548 ritus,
2363 4481 2504 4554 quod
2555 4491 2631 4537 est
2660 4482 2872 4536 verbum
2917 4481 3018 4537 Dei
3054 4483 3273 4555 (Ep/tes.
3320 4480 3402 4554 v),
3437 4481 3561 4551 ejus
3608 4498 3772 4553 expu-

2174 4575 2361 4645 gnavit
2388 4588 2623 4639 errores,
2658 4582 2713 4629 et
2757 4589 3081 4629 conversum
3132 4575 3201 4631 ad
3229 4575 3393 4631 ﬁdem
3421 4575 3477 4629 in
3509 4575 3772 4646 pradica-

2174 4665 2321 4721 tioue
2355 4664 2633 4736 Evangelii
2656 4666 2912 4721 decorum
2937 4665 3101 4721 ellicit
3123 4666 3405 4722 auxilium.

2244 4753 2414 4826 Cujus
2441 4758 2777 4812 subnervavit
2818 4774 2996 4812 omnes
3025 4775 3183 4830 equos
3218 4776 3495 4825 curruum,
3546 4759 3766 4829 exceptis

2173 4854 2383 4899 centum
2423 4846 2719 4917 quadrigis,
2749 4864 2882 4917 quas
2938 4848 3215 4902 reservavit
3265 4847 3387 4905 sibi.
3430 4846 3574 4916 Quia
3611 4862 3766 4902 omne

2170 4937 2316 5005 quod
2343 4934 2448 4990 sibi
2478 4935 2681 4992 rebelle
2704 4952 2804 5008 per
2827 4938 3137 5008 superbiam
3186 4937 3405 5003 mentis,
3436 4945 3495 4993 et
3518 4937 3764 4993 sublimi-

2169 5035 2336 5084 tatem
2380 5029 2632 5084 humanae
2688 5030 2968 5100 sapientiae
2992 5031 3052 5086 iu
3073 5046 3138 5087 ea
3176 5031 3483 5103 conspexit,
3513 5044 3763 5087 remeau-

2168 5121 2258 5187 do,
2289 5120 2343 5176 id
2369 5120 2566 5187 solum,
2610 5122 2753 5190 quod
2809 5131 3174 5193 opportunum
3202 5132 3258 5179 et
3284 5123 3469 5179 habile
3518 5124 3590 5178 ad
3634 5136 3760 5192 opus

2168 5211 2506 5283 Evangelicae
2534 5213 2939 5282 praedicationis
2965 5215 3033 5271 de
3082 5215 3279 5271 studiis
3327 5213 3446 5284 ejus
3477 5230 3605 5271 esse
3624 5212 3760 5284 judi-

2167 5303 2333 5369 cavit,
2359 5303 2465 5357 sibi
2495 5304 2816 5360 reservavit.

2241 5396 2555 5469 Supervenit
2601 5406 2777 5454 autem
2799 5408 2849 5453 et
2886 5397 3057 5470 Syrus
3101 5400 3488 5469 Damasccnus,
3514 5412 3575 5456 ut
3603 5401 3753 5455 anxio

2168 5487 2301 5544 lium
2348 5489 2600 5559 praeberet
2649 5489 2949 5557 Adadezer,
3001 5493 3109 5564 regi
3158 5492 3322 5549 Soba.
3365 5492 3473 5549 Sed
3525 5504 3576 5547 et
3603 5494 3753 5563 hujus

2165 5584 2421 5653 percussit
2443 5583 2615 5638 David
2657 5583 2839 5654 viginti
2868 5585 2974 5640 duo
3014 5586 3182 5642 millia
3226 5590 3482 5656 virorum,
3512 5600 3565 5644 et
3589 5584 3753 5659 possit

2164 5676 2359 5730 milites
2396 5676 2451 5730 in
2490 5676 2775 5743 Damasco,
2826 5689 2881 5732 ut
2926 5676 3088 5747 Syria
3139 5696 3342 5751 quoque
3381 5681 3666 5736 deserviret
3707 5689 3751 5733 et

2164 5770 2373 5837 offerret
2395 5786 2636 5823 munera.
2673 5772 2972 5826 Damascus
3000 5773 3166 5838 enim,
3199 5774 3402 5829 nobilis
3429 5777 3565 5831 urbs
3590 5775 3749 5831 Phot—

472 5859 653 5920 retque
672 5850 849 5917 Moab,
874 5863 943 5922 et,
960 5853 1142 5922 ﬁerent
1187 5852 1435 5907 Moabitw
1462 5855 1595 5909 servi
1624 5854 1796 5911 Dauid
1826 5859 2055 5928 o/feren-
2126 5918 2130 5923 ,
2161 5859 2322 5924 uicis,
2352 5861 2540 5915 eodem
2565 5862 2849 5929 vocabulo,
2878 5878 2986 5933 quo
3006 5872 3064 5920 et
3088 5863 3322 5931 Masech,
3354 5866 3567 5923 ancilla:
3587 5865 3749 5923 Abra-

3912 1090 3915 1290 Ι
