3958 6520
198 473 294 532 569

1103 467 1456 526 COMMENT.
1496 469 1565 524 IN
1601 468 2157 528 PARALIPOMENA.
2198 502 2270 513 —
2303 473 2432 531 LIB.
2471 475 2514 530 ll

3342 480 3451 537 370

198 594 317 649 ham
342 585 503 653 ﬁlius,
537 585 836 657 appellatus
874 594 976 642 est.
1001 586 1069 641 Et
1094 587 1392 641 Damascus
1431 586 1765 656 interpreta—
1791 590 1844 649 Α
1870 586 1966 641 sed
2011 585 2296 643 duodecim
2346 589 2513 643 millia
2564 592 2853 657 cecidiése,
2908 593 3123 648 noverit
3166 593 3270 649 hoc
3318 593 3454 650 vitio

201 694 284 740 tur
328 679 560 736 sublimis
612 679 696 734 vel
750 679 1010 734 humecta.
1067 679 1135 733 Et
1160 679 1298 733 bene
1331 693 1450 748 qua
1487 678 1640 749 prius
1668 679 1767 733 hu-

200 781 363 832 mecta
386 770 609 825 libidine
659 785 822 841 super
857 769 1052 841 spiritu
1097 769 1415 840 sanguinem
1471 767 1766 823 humanum

202 861 581 936 inexplebiliter
636 860 873 928 sitiebat,
928 876 1072 917 nunc
1121 860 1380 915 mundata
1444 860 1792 930 baptismate.

199 954 385 1013 Christi
421 952 666 1008 sublimis
714 951 959 1022 profectu
1004 952 1291 1015 virtutum,
1342 950 1623 1020 sanguinis
1652 949 1771 1019 ejus

197 1044 437 1118 poculum
458 1042 730 1099 desiderat
751 1043 1050 1113 percipere.

264 1135 397 1190 Tulit
420 1151 622 1207 quoque
662 1134 833 1189 David
872 1135 1145 1204 pharetras
1175 1153 1387 1200 aureas,
1414 1151 1544 1207 quas
1570 1133 1769 1187 habue-

199 1237 306 1282 rant
334 1228 470 1281 servi
515 1225 812 1293 Adadezer,
835 1236 883 1280 et
933 1225 1108 1280 attulit
1172 1244 1261 1281 eas
1306 1227 1364 1281 in
1410 1224 1766 1280 Hierusalem.

196 1320 463 1374 Pharetra
487 1333 687 1383 aurea,
728 1318 781 1372 ni
806 1318 979 1383 fallor,
1021 1319 1332 1390 signiﬁcare
1380 1329 1606 1389 possunt
1637 1320 1770 1390 dog-

195 1419 331 1465 mata
361 1408 668 1481 gentilium,
724 1411 777 1464 in
826 1410 1022 1478 quibus
1070 1410 1384 1465 testimonia
1419 1409 1773 1480 philosophia

193 1504 457 1566 humana,
488 1512 543 1558 et
577 1502 876 1573 disciplina
897 1503 1147 1559 liberales
1172 1504 1612 1569 continebantur,
1636 1519 1773 1573 quas

195 1595 351 1650 David
376 1596 643 1667 mysticus
666 1595 875 1650 ablatas
901 1596 970 1650 ab
996 1594 1296 1660 Adadezer,
1325 1596 1430 1650 hoc
1453 1605 1559 1662 est,
1594 1597 1773 1667 genti-

192 1687 333 1742 litate
357 1687 483 1742 tulit
510 1688 568 1742 in
594 1687 973 1755 Hierusalem;
1007 1704 1131 1744 cum
1170 1688 1477 1757 hujusmodi
1531 1688 1773 1757 discipli-

193 1794 282 1834 nas
316 1794 415 1848 per
445 1779 699 1835 doctores
728 1789 948 1835 sanctos
975 1781 1031 1835 in
1083 1781 1363 1835 servitium
1394 1780 1650 1835 Ecclesiae
1676 1794 1773 1834 ca-

194 1870 392 1925 tholica
416 1871 705 1925 convertit.
740 1869 818 1925 Ibi
843 1871 986 1926 enim
1019 1887 1128 1926 non
1171 1887 1364 1942 parum
1389 1879 1620 1941 prosunt
1635 1870 1774 1926 libe-

1869 679 2195 749 scriptorum
2223 680 2279 735 in
2304 680 2507 736 eisdem
2536 684 2814 739 codicibus
2855 685 3101 741 inolitum
3122 701 3261 741 esse.
3287 687 3457 743 Vera-

1869 768 2009 823 citer
2040 776 2217 824 tamen
2247 768 2418 824 David
2444 771 2498 824 in
2525 772 2715 828 eadem
2753 775 2890 829 valle
2930 774 3240 832 Salinarum
3267 778 3455 832 decem

1868 868 1924 915 et
1945 869 2070 916 octo
2098 862 2266 917 millia
2309 864 2507 918 cecidit
2544 882 2557 918 ε
2590 863 2727 920 Joab
2780 881 2912 922 vero
2936 868 3223 924 duodecim
3259 869 3455 935 millia,

1871 953 2012 1008 sicut
2033 954 2089 1007 in
2118 954 2274 1010 titulo
2301 972 2430 1011 LVIII
2468 957 2663 1027 psalmi
2702 960 2975 1014 scribitur.
3021 960 3122 1016 Hic
3146 972 3330 1019 autem
3359 963 3456 1018 de-

1871 1060 1991 1099 cem
2016 1055 2071 1101 et
2093 1055 2218 1101 octo
2248 1047 2438 1102 Abizai
2487 1049 2827 1107 interfecisse
2877 1054 3233 1122 perhibetur;
3274 1057 3459 1111 ethoc

1871 1133 1962 1189 ille
2001 1134 2216 1203 fecisse,
2246 1138 2403 1207 quasi
2423 1139 2532 1193 dux
2558 1139 2981 1196 fortissimorum
3012 1143 3273 1211 militum,
3302 1144 3460 1200 intel-

1871 1225 2056 1296 ligitur
2083 1244 2097 1294 ;
2140 1229 2235 1284 sed
2264 1238 2484 1300 propter
2509 1231 2704 1302 regalis
2732 1233 2967 1287 nominis
2999 1234 3316 1303 dignitatem
3344 1237 3455 1290 Da-

1872 1316 1963 1371 vid
1986 1319 2211 1375 victoria
2249 1330 2331 1375 est
2362 1323 2611 1393 ascripta.
2658 1322 2856 1391 Quidni
2905 1340 3161 1395 percussa
3210 1344 3239 1381 a
3286 1327 3457 1382 David

1874 1409 2219 1467 multitudine
2244 1413 2297 1467 in
2344 1414 2483 1468 valle
2520 1414 2827 1471 Salinarum
2859 1417 3196 1488 designatur,
3225 1420 3329 1474 nisi
3359 1418 3466 1475 Re-

1873 1502 2122 1574 demptor
2142 1516 2330 1563 noster
2364 1509 2447 1564 sui
2482 1512 2749 1567 examinis
2794 1513 3147 1569 distractione
3177 1516 3231 1570 in
3266 1516 3351 1571 his
3371 1515 3466 1584 qui

1876 1595 1942 1650 de
1968 1595 2059 1650 illo
2082 1613 2247 1666 prava
2278 1600 2538 1667 sentiunt,
2573 1641 2586 1654 .
2617 1643 2630 1655 .
2666 1642 2681 1657 .
2715 1642 2728 1656 .
2761 1642 2776 1656 .
2813 1644 2827 1657 .
2859 1645 2873 1658 .
2904 1645 2918 1658 .
2950 1645 2964 1659 .
3001 1645 3015 1659 .
3046 1606 3335 1660 stultitiam
3357 1607 3463 1660 im-

1876 1689 2140 1743 moderati
2193 1692 2404 1761 saporis
2440 1696 2785 1766 exstinguite.
2822 1696 2976 1752 Unde
3022 1714 3122 1768 per
3165 1702 3456 1769 quemdam

1879 1775 2193 1847 Sapientem
2223 1781 2423 1838 dicitur
2451 1801 2466 1838 :
2502 1783 2608 1851 Qui
2658 1789 2885 1855 perversi
2922 1790 3094 1844 cordis
3122 1801 3222 1857 est,
3251 1808 3355 1845 non
3380 1793 3465 1844 in-

1877 1872 2013 1924 venit
2044 1872 2276 1941 bonum;
2316 1884 2366 1930 et
2392 1877 2482 1946 qui
2530 1877 2684 1932 vertit
2732 1878 2970 1950 linguam
2999 1898 3174 1949 suam,
3202 1883 3385 1937 incidit
3411 1883 3467 1937 in

193 1964 373 2019 ralium
395 1964 603 2019 artium
640 1965 935 2035 disciplina
962 1965 1029 2020 ad
1060 1967 1510 2036 expugnationem
1545 1964 1770 2029 erroris,
1800 1966 1850 2027 B
1878 1960 2074 2014 malum
2098 1960 2279 2033 (Prov.
2317 1965 2470 2037 xvn).

192 2063 243 2109 et
265 2054 328 2110 ad
353 2052 832 2110 conﬁrmationem
878 2052 1144 2124 veritatis,
1176 2058 1223 2113 si
1277 2058 1364 2127 pie
1408 2066 1465 2112 et
1508 2072 1640 2113 sana
1670 2055 1777 2113 ﬁde

195 2153 506 2201 tractentur.
539 2143 796 2216 Sequitur
825 2165 838 2201 :

258 2235 366 2290 Nec
396 2252 511 2292 non
555 2247 604 2291 et
653 2237 885 2292 Thebath
926 2249 977 2293 et
1024 2237 1195 2304 Chun,
1228 2240 1442 2295 urbibus
1477 2240 1775 2306 Adadezer,

192 2326 307 2381 teris
331 2325 645 2397 plurimum,
676 2328 740 2382 de
766 2346 869 2399 quo
905 2330 1029 2400 fecit
1079 2329 1331 2386 Salomon
1372 2348 1518 2386 mare
1550 2349 1776 2399 teneam,

191 2426 237 2470 et
261 2416 556 2483 columnas,
594 2428 642 2473 et
690 2435 815 2473 vasa
844 2435 1008 2474 (enea.
1044 2420 1190 2476 Bene
1241 2436 1371 2492 ergo
1409 2422 1672 2491 scriptum
1693 2432 1779 2477 est

195 2509 330 2579 quod
360 2508 625 2566 Salomon
654 2510 876 2568 fecisset
925 2528 1077 2568 mare
1103 2528 1336 2581 aneum,
1392 2522 1449 2568 et
1474 2513 1775 2579 columnas,

191 2613 242 2657 et
266 2618 393 2657 vasa
424 2618 577 2657 anea
605 2604 671 2659 de
691 2620 818 2668 are,
847 2607 992 2674 quod
1049 2605 1171 2660 tulit
1196 2605 1368 2661 David
1430 2607 1498 2659 de
1530 2604 1779 2660 Thebath

192 2704 242 2751 et
268 2695 449 2761 Chun,
481 2697 705 2752 urbibus
746 2696 1049 2762 Adadezer,
1102 2698 1230 2768 quia
1282 2698 1542 2769 paciﬁcus
1595 2710 1782 2754 noster

193 2797 536 2844 venustatem
591 2789 833 2859 pulchrae
896 2788 1186 2845 locutionis
1215 2791 1281 2845 de
1310 2790 1617 2844 humilitate
1646 2805 1780 2844 con-

194 2894 359 2937 versa
380 2882 705 2955 gentilitatis
746 2884 815 2939 ad
839 2883 1327 2939 commendandam
1367 2882 1623 2953 baptismi
1653 2896 1783 2953 gra-

195 2971 343 3038 tiam,
404 2981 463 3028 et
528 2972 928 3029 ﬁrmamentum
1001 2972 1164 3038 ﬁdei;
1216 2973 1664 3043 praedicationem
1707 2972 1783 3042 pii

196 3063 461 3134 dogmatis
491 3065 545 3119 in
581 3081 738 3119 usum
770 3065 1028 3121 Ecclesiae
1069 3080 1181 3121 sua
1213 3065 1501 3121 convertit.
1535 3063 1785 3120 Thebath

195 3157 336 3209 enim
363 3156 756 3226 interpretatur
792 3157 1041 3228 parvulus
1072 3158 1208 3213 venit
1237 3199 1252 3223 ,
1283 3167 1339 3213 et
1375 3157 1531 3215 Chun
1554 3158 1786 3229 pulchri-

194 3246 341 3300 tudo.
402 3245 574 3302 Becte
603 3263 734 3316 ergo
786 3249 880 3318 qui
907 3247 1192 3318 parvulum
1238 3264 1296 3304 se
1346 3264 1446 3320 per
1498 3249 1782 3305 humilita-

1950 2050 2205 2122 Regnavit
2233 2071 2356 2125 ergo
2386 2055 2555 2110 David
2584 2074 2742 2129 super
2767 2061 3067 2116 universum
3096 2062 3290 2129 Israel,
3313 2074 3363 2118 et
3386 2064 3470 2134 fa-

1881 2142 2050 2196 ciebat
2068 2144 2336 2213 judicium
2373 2155 2421 2200 et
2443 2146 2712 2217 justitiam
2743 2161 2927 2205 cuncto
2968 2152 3161 2223 papula
3181 2169 3297 2206 suo.
3330 2151 3471 2220 Quid

1877 2239 1960 2286 est
1988 2234 2131 2301 quod
2154 2233 2321 2288 David
2349 2234 2546 2306 legitur
2582 2236 2775 2293 fecisse
2806 2237 3071 2305 judicium
3102 2248 3158 2295 et
3199 2240 3471 2310 justitiam

1880 2335 2076 2380 cuncto
2101 2326 2301 2397 populo
2332 2342 2450 2394 suo,
2493 2330 2598 2383 nisi
2620 2331 2764 2400 quod
2805 2330 3057 2387 Salvator
3106 2341 3292 2389 noster
3321 2331 3472 2390 omni

1878 2414 2076 2482 populo
2124 2414 2381 2471 Ecclesia
2407 2417 2670 2487 judicium
2702 2427 2757 2473 et
2784 2421 3097 2489 aequitatem
3129 2437 3344 2492 semper
3366 2424 3471 2477 im-

1879 2506 2110 2575 pendit?
2141 2506 2447 2563 Historicus
2473 2510 2617 2563 enim
2655 2509 2824 2565 David
2849 2527 2957 2566 non
2984 2512 3186 2582 ubique
3202 2512 3474 2579 justitiam

1880 2599 2142 2665 servavit,
2193 2611 2355 2669 quem
2396 2603 2761 2671 transgressio
2796 2590 2929 2673 legis
2988 2604 3473 2674 reprehensibilem

1880 2691 2118 2746 ostendit
2154 2689 2238 2763 (11
2270 2690 2400 2763 Reg.
2454 2692 2556 2764 ιιι).
2599 2693 2775 2749 Verus
2825 2703 3025 2759 autem,
3077 2700 3166 2767 qui
3204 2706 3476 2767 peccatum

1883 2802 1988 2841 non
2018 2786 2159 2855 fecit,
2192 2787 2285 2841 sed
2305 2797 2518 2857 peccata
2540 2789 2726 2842 mundi
2750 2788 2931 2843 tollere
2957 2788 3011 2860 (Ι
3038 2789 3184 2845 Petr.
3212 2792 3273 2863 ιι)
3306 2790 3474 2861 venit,

1884 2877 2139 2933 universo
2151 2879 2348 2948 populo
2361 2894 2461 2934 suo
2474 2880 2548 2935 ita
2566 2879 2768 2949 judicia
2782 2882 2995 2947 tribuit,
3012 2884 3078 2937 de
3090 2900 3200 2954 quo
3211 2884 3476 2952 scriptum

1884 2974 2008 3022 est:
2046 2966 2235 3022 Iustus
2259 2968 2537 3036 Dominus,
2571 2981 2618 3024 et
2632 2972 2905 3041 justitiam
2946 2972 3139 3044 diligit,
3171 2975 3473 3045 (equitatem

1889 3060 2011 3114 uidit
2034 3060 2210 3115 vultus
2238 3062 2354 3132 ejus
2386 3060 2559 3134 (Psal.
2588 3063 2665 3134 χ).
2693 3064 2762 3118 Et
2788 3076 2895 3119 non
2921 3075 2997 3120 est
3021 3083 3366 3136 personarum
3390 3084 3478 3121 ac-

1888 3150 2053 3220 ceptio
2085 3152 2227 3221 apud
2260 3152 2450 3219 Deum,
2502 3155 2595 3209 sed
2621 3156 2676 3209 in
2699 3156 2841 3209 omni
2866 3166 3015 3227 gente
3058 3157 3151 3228 qui
3174 3158 3345 3212 timuit
3371 3158 3480 3211 Do-

1887 3239 2110 3305 minum,
2154 3251 2202 3295 et
2231 3254 2479 3313 operatur
2504 3245 2794 3315 justitiam,
2845 3256 3088 3317 acceptus
3108 3258 3184 3302 est
3209 3246 3288 3301 illi
3339 3246 3477 3320 (Act.

193 3346 305 3393 tem
340 3342 605 3410 agnoscit,
656 3340 882 3411 pulcher
920 3351 976 3397 et
1016 3343 1295 3413 speciosus
1333 3344 1390 3399 in
1424 3344 1621 3401 decore
1671 3346 1783 3401 vir-

1891 3334 1969 3405 x).
2000 3332 2423 3391 Misericordiam
2447 3346 2497 3395 et
2525 3338 2795 3392 veritatem
2822 3337 3013 3409 diligit,
3039 3340 3270 3408 gratiam
3296 3349 3343 3393 et
3361 3338 3480 3410 glo-

192 3438 371 3484 tutum
396 3427 645 3485 eﬁicitur.

265 3517 377 3575 Sed
404 3530 455 3574 et
485 3521 663 3576 omnia
683 3539 807 3577 vasa
841 3540 1005 3580 aurea
1046 3534 1097 3580 et
1118 3535 1368 3596 argentea
1395 3536 1445 3581 et
1486 3541 1635 3581 (enea
1661 3541 1786 3595 con-

189 3613 420 3668 secrauit
470 3629 562 3668 rea:
610 3613 783 3669 David
821 3614 1072 3683 Domino,
1134 3634 1254 3672 cum
1304 3628 1521 3689 argento
1563 3627 1612 3673 et
1654 3635 1787 3673 auro

193 3704 336 3777 quod
358 3706 553 3760 tulerat
589 3724 655 3761 ea:
688 3710 947 3764 universis
975 3710 1235 3781 gentibus,
1282 3721 1391 3766 tam
1438 3713 1502 3766 de
1542 3710 1788 3767 Idumam

191 3806 239 3851 et
263 3796 425 3852 Moab
451 3808 499 3852 et
524 3798 651 3867 ﬁliis
677 3799 921 3865 Ammon,
946 3817 1107 3872 quam
1127 3801 1192 3857 de
1212 3800 1538 3857 Philisthiim
1559 3813 1607 3858 et
1627 3804 1789 3858 Ama-

198 3886 327 3942 lech.
363 3888 507 3956 Quid
536 3898 717 3945 autem
744 3890 1035 3961 signiﬁcat,
1071 3893 1216 3961 quod
1238 3893 1410 3949 David
1439 3909 1570 3949 vasa
1595 3909 1786 3961 aurea,

197 3990 456 4052 argentea
481 3989 536 4035 et
562 3996 725 4048 area,
755 3997 875 4051 qua
904 3981 1105 4037 tulerat
1128 3983 1194 4038 de
1222 3983 1493 4040 universis
1513 3985 1785 4054 gentibus,

198 4070 561 4127 sanctiﬁcavit
611 4073 884 4129 Domino?
932 4074 1039 4129 nisi
1088 4076 1232 4145 quod
1274 4074 1528 4133 Christus
1573 4093 1784 4145 omnes,

198 4176 331 4231 quos
360 4165 429 4220 de
459 4164 731 4219 universis
761 4166 1013 4237 gentibus
1037 4176 1304 4223 convocat
1327 4168 1397 4223 ad
1427 4168 1585 4223 ﬁdem
1608 4185 1787 4237 suam,

200 4254 330 4312 alios
357 4256 478 4311 auri
516 4256 656 4320 loco,
688 4259 791 4313 hoc
815 4265 924 4323 est,
958 4272 1122 4313 sensu
1154 4259 1423 4328 spirituali
1453 4269 1786 4330 practaros;

201 4347 332 4404 alios
364 4349 601 4420 argenti,
642 4348 747 4403 hoc
776 4357 879 4413 est,
931 4348 1255 4419 eloquentia
1284 4350 1462 4405 nitore
1494 4350 1787 4421 splenden-

200 4448 316 4506 tes;
352 4440 489 4495 alios
516 4454 650 4494 vero
675 4439 1062 4509 praedicatione
1108 4440 1291 4495 divina
1318 4455 1543 4495 sonores
1582 4442 1807 4496 sancti-_

201 4528 327 4584 ﬁcat
354 4530 612 4596 Domino,
643 4536 703 4584 ut
729 4530 785 4584 in
815 4529 932 4599 ejus
960 4528 1310 4583 tabernaculo
1334 4528 1568 4584 ﬁdeliter
1590 4530 1791 4585 discer-

1892 3425 2029 3478 riam
2054 3425 2201 3479 dabit
2232 3423 2404 3498 (Psal.
2431 3426 2572 3499 Vill).
2612 3427 2930 3482 Benedictus
2958 3428 3217 3484 Dominus
3242 3430 3297 3483 in
3331 3438 3482 3483 aater-

1890 3529 2036 3578 num,
2065 3531 2098 3567 a
2123 3515 2317 3570 sweulo
2340 3526 2387 3571 et
2411 3534 2574 3588 usque
2623 3518 2680 3572 in
2715 3519 2988 3575 saeculum.
3027 3529 3076 3576 et
3125 3520 3265 3576 dicat
3312 3521 3480 3576 omnis

1892 3604 2117 3675 populus
2145 3621 2164 3658 :
2205 3606 2355 3689 Fiat,
2382 3609 2478 3679 ﬁat
2500 3607 2674 3681 (Psal.
2708 3611 2878 3682 an).

1962 3693 2137 3751 Porro
2163 3697 2301 3753 Joab
2341 3697 2488 3768 ﬁlius
2514 3699 2721 3757 Saroiaa
2768 3709 2881 3756 erat
2912 3718 3069 3773 super
3095 3704 3405 3768 exercitum,
3428 3713 3479 3757 et

1889 3784 2148 3859 Iosophat
2171 3789 2315 3858 ﬁlius
2340 3791 2568 3845 Ahiboth
2610 3809 2643 3846 a
2678 3793 3088 3847 commentariis.
3130 3792 3480 3848 Commenta-

1892 3880 1982 3947 rii,
2034 3882 2139 3937 hoc
2167 3893 2252 3938 est
2305 3871 2849 3952 commemoratores,
2878 3885 2935 3940 hi
2982 3885 3203 3940 fuerunt
3224 3886 3337 3955 qui,
3379 3902 3483 3941 an-

1890 3975 2092 4030 notatis
2137 3976 2299 4031 rebus
2330 3986 2386 4032 et
2414 3977 2616 4043 causis,
2660 3978 2778 4049 regi
2820 3992 2915 4032 eas
2948 3978 3016 4033 ad
3045 3978 3361 4034 memoriam
3384 3977 3481 4033 de-

1892 4063 2159 4122 ferebant.

1964 4156 2173 4212 Sadoch
2217 4168 2392 4212 autem
2438 4157 2584 4228 ﬁlius
2632 4158 2873 4225 Achitob,
2913 4169 2963 4214 et
3002 4159 3302 4215 Abimelech
3334 4159 3482 4230 ﬁlius

1892 4248 2150 4302 Abiathar
2202 4249 2518 4304 sacerdotes.
2574 4249 2889 4305 Abimelech
2936 4250 3080 4306 ﬁlius
3133 4252 3397 4307 Abiathar
3424 4251 3482 4307 in

1891 4338 2303 4410 Paralipomeno
2330 4342 2607 4407 scribitur,
2650 4342 2703 4395 in
2729 4341 2938 4412 Regum
2967 4357 3097 4398 vero
3119 4342 3437 4399 Ahimelech
3462 4360 3479 4411 ;

1893 4438 1948 4484 et
1996 4430 2387 4499 interpretatur
2413 4430 2729 4486 Abimelech
2776 4430 2939 4486 Pater
2991 4449 3137 4487 meus
3182 4450 3273 4487 rex
3296 4451 3315 4489 :
3344 4434 3482 4489 Abi-

1894 4522 2103 4579 melech
2138 4538 2289 4589 vero,
2322 4522 2491 4593 frater
2538 4540 2684 4578 meus
2712 4540 2844 4589 rex;
2902 4525 3159 4595 quoniam
3203 4528 3483 4583 nominum

202 4627 406 4684 nentes,
442 4621 615 4690 ipsius
652 4619 955 4674 ministerio
1002 4620 1058 4673 in
1107 4627 1372 4675 atemum
1406 4618 1790 4677 decentissime
1814 4682 1858 4691 “
1894 4614 2210 4669 ἀίειειηίδω
2247 4622 2475 4668 eventus
2500 4628 2684 4668 rerum
2708 4615 2920 4685 ρερενίι
2953 4613 3005 4687 (Ῑ
3031 4614 3161 4687 Reg.
3195 4616 3331 4691 XXI)-
3367 4617 3483 4673 Μο-

201 4712 614 4785 perlungantur.

269 4806 451 4860 Abisai
478 4821 600 4861 vero
626 4804 772 4875 ﬁlius
832 4805 1038 4860 Sarvite
1073 4806 1329 4876 percussit
1362 4805 1535 4860 Edam
1571 4806 1631 4860 in
1656 4804 1792 4860 valle

204 4893 509 4952 Salinarum
540 4898 714 4952 decem
738 4909 785 4951 et
821 4907 933 4952 octo
954 4897 1145 4963 millia,
1168 4906 1215 4951 et
1245 4897 1513 4952 constituit
1534 4898 1589 4952 in
1621 4896 1790 4951 Edam

204 4989 529 5056 praesidium,
570 4999 626 5044 ut
654 4990 865 5043 serviret
920 4988 1159 5042 Iduma’a
1210 4987 1402 5052 David,
1439 4998 1544 5042 etc.
1583 4986 1643 5042 ln
1680 4987 1790 5041 Re-

205 5080 328 5149 gum
355 5093 489 5136 vero
513 5080 590 5133 ita
619 5078 882 5149 Scriptum
907 5086 990 5133 est
1017 5095 1030 5131 :
1062 5076 1213 5132 Fecit
1239 5094 1441 5149 quoque
1478 5076 1577 5131 sibi
1622 5076 1791 5131 David

208 5188 412 5239 nomen,
443 5188 565 5226 cum
596 5179 954 5234 reverteretur,
987 5178 1138 5239 capta
1179 5166 1360 5238 Syria,
1390 5168 1445 5221 in
1480 5166 1611 5221 ualle
1653 5166 1793 5222 Sali-

207 5282 391 5322 uarum
417 5266 571 5322 casis
593 5264 769 5318 decem
789 5272 839 5317 et
862 5271 976 5317 octo
1012 5260 1242 5315 millibus
1281 5259 1369 5333 (ΙΙ
1403 5260 1529 5331 Reg.
1562 5260 1661 5331 ιχ).
1687 5259 1792 5314 Fe-

208 5358 345 5413 cisse
397 5358 503 5413 sibi
542 5370 741 5411 nomen
783 5354 1001 5420 dicitur,
1033 5355 1159 5424 quia
1198 5353 1252 5407 in
1286 5352 1426 5407 valle
1462 5352 1792 5419 Salinarum,

211 5450 360 5505 casis
389 5451 586 5505 decem
636 5455 694 5504 et
727 5455 851 5503 octo
898 5445 1136 5500 millibus
1182 5446 1356 5500 erexit
1398 5444 1500 5499 sibi
1532 5442 1797 5499 fornicem

214 5543 614 5615 triumphalem.
672 5541 827 5598 Fecit
870 5541 1035 5595 etiam
1074 5539 1175 5594 sibi
1232 5553 1451 5603 nomen,
1508 5538 1602 5609 qui
1649 5537 1794 5592 victa

214 5636 366 5708 Syria
390 5638 662 5701 Damasci,
692 5644 748 5691 et
788 5633 945 5705 Syria
975 5633 1139 5697 Soba,
1170 5632 1408 5687 erexisse
1446 5631 1549 5685 sibi
1576 5631 1795 5685 ducitur

214 5729 440 5785 alterum
494 5728 759 5784 fornicem
791 5724 1190 5795 triumphalem.
1243 5722 1311 5778 Et
1335 5724 1381 5778 si
1419 5736 1580 5791 quem
1615 5730 1797 5777 movet

216 5822 353 5889 quod
384 5823 436 5875 in
478 5820 749 5892 plerisque
797 5817 1116 5873 Latinorum
1164 5814 1442 5871 codicibus
1498 5813 1792 5878 invenitur,

216 5910 382 5967 David
415 5928 524 5966 non
550 5913 734 5968 decem
762 5922 817 5967 et
838 5919 961 5967 octo
988 5909 1157 5964 millia
1191 5908 1247 5963 in
1274 5906 1416 5962 valle
1460 5904 1792 5972 Salinarum,

1814 4682 1868 4741 D

1894 4709 2083 4764 raliter
2111 4725 2245 4766 vero
2264 4711 2487 4766 instruit
2515 4711 2774 4769 Ecclesia
2795 4713 3128 4780 sacerdotes,
3158 4721 3218 4769 ut
3245 4702 3338 4783 qui
3360 4727 3488 4783 pro-

1894 4810 2017 4871 pter
2051 4802 2260 4857 ordinis
2279 4801 2599 4875 dignitatem
2624 4806 2799 4876 patris
2821 4805 3000 4862 locum
3022 4814 3231 4872 tenent,
3261 4820 3360 4875 per
3384 4806 3488 4860 hu-

1897 4892 2184 4948 militatem
2227 4902 2282 4949 et
2308 4895 2786 4952 mansuetudinem
2808 4906 2971 4968 atque
3006 4897 3285 4954 societatis
3303 4910 3487 4965 aqua-

1893 4984 2125 5048 litatem,
2162 4985 2396 5040 fratrum
2422 4988 2640 5043 nomine
2665 5000 3031 5055 censeantur;
3060 5000 3120 5043 ut
3145 4989 3322 5044 sciant
3350 4988 3484 5043 illud

1896 5075 2041 5146 quod
2060 5076 2318 5146 princeps
2345 5078 2712 5147 apostolorum
2738 5088 2987 5149 pastores
3017 5078 3276 5133 Ecclesia
3304 5078 3359 5132 in
3388 5093 3481 5133 sua

1901 5166 2139 5238 Epistola
2168 5170 2511 5238 pramonuit,
2542 5171 2728 5227 dicens
2755 5190 2770 5227 :
2802 5171 2929 5226 Non
2970 5181 3027 5226 ut
3064 5171 3393 5228 dominantes
3426 5173 3484 5227 in

1901 5262 2063 5328 clero,
2092 5262 2183 5317 sed
2210 5272 2267 5316 ut
2290 5262 2461 5334 forma
2482 5265 2611 5335 facti
2648 5267 2819 5337 gregis
2850 5265 2902 5333 (I
2925 5265 3072 5321 Petr.
3104 5266 3209 5337 ιιι).

1975 5354 2041 5406 Et
2072 5352 2212 5408 Susa
2237 5355 2433 5420 scriba,
2477 5354 2711 5409 Banaias
2763 5372 2880 5409 vero
2924 5356 3068 5425 ﬁlius
3095 5355 3294 5411 Joiada
3330 5373 3488 5428 super

1901 5443 2128 5514 legiones
2160 5442 2366 5499 Cerethi
2402 5455 2449 5499 et
2471 5443 2729 5499 Phelethi.
2785 5443 2923 5501 Susa
2950 5448 3206 5503 scribitur
3233 5447 3288 5501 in
3312 5446 3485 5502 Para-

1901 5538 2230 5609 lipomenon,
2289 5538 2379 5607 qui
2438 5537 2493 5591 in
2539 5536 2749 5607 Regum
2788 5536 2993 5611 ,Saraia
3039 5539 3350 5594 nominatur
3376 5536 3484 5609 (IV

1904 5629 2034 5702 Reg.
2063 5630 2231 5699 xxv);
2274 5636 2329 5682 et
2376 5628 2769 5697 interpretatur
2797 5627 2935 5683 Susa
2980 5631 3266 5700 gaudium;
3301 5638 3358 5685 et
3385 5628 3486 5685 Sa-

1902 5724 2038 5787 raia,
2069 5722 2307 5791 princeps
2337 5718 2570 5772 Domini.
2601 5718 2818 5774 Cerethi
2869 5727 3072 5783 autem,
3106 5720 3484 5773 exterminata-

1902 5831 2004 5877 res,
2038 5821 2092 5866 et
2125 5811 2391 5875 Phelethi,
2434 5809 2769 5864 admirabiles
2815 5818 2871 5865 et
2910 5810 3275 5878 viviﬁcatores,
3310 5807 3478 5861 inter-

1902 5911 2204 5973 pretantur.
2235 5901 2345 5958 llos
2367 5900 2587 5971 quidam
2612 5900 2803 5957 dicunt
2839 5900 3009 5956 fuisse
3034 5898 3372 5969 septuaginta
3395 5895 3484 5967 ju-
