3920 6468
454 373 554 430 571

1097 368 1157 423 B.
1197 360 1453 420 RABANI
1488 358 1709 417 nsum
1747 353 2069 413 ARCHIEP.
2111 349 2426 414 uocum.
2466 348 2757 409 οι)ΕοοΜ
2792 327 2974 407 pass
3011 348 3055 404 ι.

455 488 605 544 dices
629 485 752 541 loco
776 495 963 539 eorum
1001 478 1342 543 substitutos,
1371 490 1508 546 quos
1534 472 1749 545 Moyses
1776 472 1831 525 in
1857 482 2041 525 eremo
2068 468 2120 530 Α
2144 462 2455 520 decalvatos
2480 462 2668 531 fuisse,
2708 470 2763 519 et
2794 462 2993 519 barbas
3021 476 3176 518 rasas
3229 463 3511 537 habuisse,
3541 474 3607 524 et
3646 479 3746 522 ve-

454 579 804 652 rvecinum
850 573 1102 638 Domino,
1154 570 1434 639 delegerat
1478 564 1678 638 (Exod.
1729 561 1903 634 xxiv).
1932 560 2039 617 Alii

459 686 591 729 vero
640 669 849 731 iacnt,
901 664 1199 721 Caretheos
1246 662 1424 716 adhuc
1469 658 1757 728 deputatas
1797 670 1939 720 esse,
1977 662 2042 710 ut

453 778 672 837 ponam
698 762 753 816 in
773 759 885 816 reis
896 756 1273 814 exsolverent:
1301 752 1624 808 Phelethees
1651 757 1855 815 autem,
1877 758 1937 804 ut
1961 748 2040 804 in-

454 861 640 912 sontes
668 851 742 908 ab
762 847 1183 922 oppressoribus
1208 844 1585 901 defenderent.

524 940 699 1002 Porro
731 939 833 1010 ﬁlii
862 938 1035 994 David
1088 935 1248 1006 primi
1271 934 1341 988 ad
1373 949 1593 991 manum
1638 933 1794 1002 regis.
1820 929 1962 986 Hinc
1980 930 2040 985 in

452 1036 668 1108 Regum
724 1034 988 1103 scriptum
1037 1038 1123 1085 est
1166 1028 1316 1099 quod
1353 1025 1451 1080 lilii
1504 1025 1674 1080 David
1730 1024 2039 1079 sacerdotes

450 1138 639 1188 essent
666 1127 754 1199 (11
791 1126 919 1197 Reg.
958 1123 1118 1195 vnn;
1147 1120 1243 1177 sed
1273 1122 1341 1176 ad
1366 1134 1537 1174 unum
1580 1132 1801 1174 sensum
1845 1132 2039 1172 conve-

452 1223 538 1278 nit
560 1229 873 1288 utrumque,
902 1217 1045 1287 quod
1078 1214 1170 1268 hie
1194 1212 1329 1273 dicit
1360 1210 1571 1280 primos
1605 1225 1671 1265 ex
1692 1207 1803 1263 illis
1851 1222 2038 1263 sacer-

450 1316 611 1372 dotes
662 1318 885 1384 propter
930 1306 1270 1367 nobilitatem
1314 1311 1372 1358 et
1417 1303 1738 1373 prioratum.
1792 1299 1862 1355 Hi
1914 1308 2040 1355 sunt

450 1407 621 1470 enim,
651 1403 745 1473 qui
774 1402 829 1457 in
857 1398 1075 1454 Hebron
1100 1397 1216 1452 nati
1247 1403 1393 1451 sunt.
1446 1393 1671 1465 Mystice
1710 1400 1889 1447 autem
1942 1390 2039 1446 lilii

455 1496 570 1551 veri
596 1492 768 1551 David
794 1498 923 1547 sunt
949 1489 1193 1559 quinque
1243 1486 1436 1541 ﬁdeles
1466 1499 1484 1538 :
1540 1498 1677 1554 quos
1725 1484 1774 1538 ei
1809 1497 1945 1552 aqua
1984 1489 2040 1537 et

453 1586 620 1643 verbo
666 1591 860 1643 sancta
910 1581 1053 1651 parit
1097 1578 1359 1634 Ecclesia.
1416 1577 1484 1632 Hi
1536 1592 1671 1632 vero
1727 1577 2039 1632 sacerdotes

453 1677 612 1743 ﬁunt,
638 1676 736 1746 qui
780 1673 1022 1735 meinbra
1062 1670 1264 1727 summi
1310 1677 1440 1725 sunt
1464 1669 1783 1735 sacerdotis,
1814 1668 1906 1738 qui
1946 1684 2035 1723 se-

450 1768 691 1827 cundum
715 1766 970 1825 ordinem
991 1762 1387 1819 Melchisedech
1409 1761 1648 1832 pontifex
1690 1760 1866 1816 factus
1888 1775 2036 1816 sem-

2143 561 2398 618 stimenta
2422 558 2651 630 prmcisa
2690 567 2814 614 ante
2838 565 2894 614 et
2928 563 3096 613 retro.

2212 651 2319 718 Qui
2356 666 2477 705 cum
2505 649 2754 717 abissent,
2786 656 2833 704 et
2862 648 3323 719 hocnuntiassent
3352 646 3554 714 David,
3590 648 3746 703 misit

2136 745 2195 800 in
2221 759 2497 799 occursum
2526 754 2746 797 eorum:
2767 739 3019 813 grandem
3039 740 3176 795 enim
3199 738 3581 801 contumeliam
3623 757 3747 796 sus-

2138 840 2444 904 tinuerant;
2478 845 2527 891 et
2562 836 2828 915 praecepit,
2863 843 2919 889 ut
2958 842 3225 888 manerent
3256 836 3313 889 in
3358 832 3609 898 Iericho.
3642 833 3746 893 do-

2140 949 2233 988 nec
2265 940 2513 987 cresceret
2538 929 2698 985 barba
2730 946 2930 994 eorum,
2963 938 3011 983 et
3038 937 3159 982 tunc
3187 936 3604 995 reverterentur,
3632 936 3743 982 etc.

2139 1023 2279 1094 Quid
2317 1033 2497 1079 autem
2527 1025 2644 1080 hate
2671 1022 2996 1094 signiﬁcant,
3043 1022 3149 1083 nisi
3176 1022 3486 1095 nequitiam
3530 1022 3743 1079 diaboli

2141 1118 2399 1173 adversus
2434 1116 2777 1172 Ecclesium?
2813 1116 3007 1176 Iianon
3050 1116 3213 1178 enim,
3260 1115 3352 1187 qui
3404 1115 3718 1191 interpret:

2138 1219 2232 1265 tur
2259 1211 2412 1265 dolor
2440 1227 2640 1275 eorum,
2685 1210 2807 1285 quis
2850 1209 3045 1267 melius
3080 1207 3307 1281 intelligi
3346 1217 3538 1285 potest
3569 1224 3743 1279 quam

2140 1302 2404 1371 diabolus,
2431 1302 2522 1371 qui
2551 1301 2983 1361 Ammonitarum
3010 1299 3358 1375 spiritalium,
3390 1299 3445 1357 id
3478 1308 3588 1365 est,
3624 1316 3745 1359 ma-

2140 1394 2407 1468 lignorum
2459 1394 2747 1465 spirituum
2788 1401 2969 1450 rector
3009 1393 3223 1451 videtur
3257 1408 3400 1459 esse,
3432 1390 3626 1463 populi
3664 1391 3747 1447 vir

2141 1487 2336 1544 delicet
2366 1488 2640 1553 mteroris,
2673 1495 2727 1541 et
2767 1501 2983 1562 semper
3025 1486 3080 1540 in
3134 1485 3386 1561 angustia
3428 1483 3744 1551 constituti,

2140 1594 2244 1650 qua
2273 1580 2631 1649 comprimere
2656 1578 2741 1633 vel
2767 1587 3126 1649 coangustare
3155 1578 3405 1635 homines
3426 1577 3746 1637 desiderati

2136 1672 2305 1728 Radit
2334 1688 2462 1743 ergo
2490 1670 2681 1726 Hauon
2711 1670 2937 1727 barbam
2976 1669 3253 1724 dimidiam
3293 1667 3625 1727 nuntiorum
3648 1666 3751 1724 Da-

2140 1764 2251 1833 vid,
2285 1779 2406 1819 cum
2442 1762 2695 1831 antiquus
2722 1761 2894 1816 hostis
2922 1760 3281 1832 quorumdam
3310 1758 3747 1834 pnedicatorum

452 1860 726 1930 piwt‘ntttu
748 1856 913 1913 habet
928 1851 1565 1926 suoadotiunﬁpsatxt
1590 1852 1749 1908 Hebr.
1772 1851 1893 1924 vn).
1926 1852 2037 1907 Un-
2065 1839 2113 1899 Β
2141 1858 2307 1914 Verbi
2347 1856 2443 1911 Dei
2477 1869 2786 1912 sermonem
2837 1853 2921 1910 vel
2972 1851 3443 1909 conversationem
3493 1866 3749 1909 corrum—

454 1951 520 2006 de
546 1950 740 2004 Petrus
760 1947 1033 2018 apostolus
1063 1948 1307 2002 scribens
1338 1947 1407 2001 ad
1451 1947 1738 2001 credentes
1775 1947 1852 2000 ait
1881 1965 1893 1999 :
1937 1944 2039 2001 Vas

453 2043 578 2101 estis
604 2057 765 2111 genus
789 2038 1010 2095 electum
1028 2080 1043 2104 ,
1076 2038 1250 2110 regale
1298 2038 1667 2104 sacerdotium,
1692 2055 1815 2108 gens
1836 2050 2041 2105 sancta,

450 2131 681 2203 populus
704 2132 1066 2203 acquisut'onis
1104 2131 1159 2202 (I
1195 2130 1337 2185 Petr.
1366 2130 1449 2203 ιι).
1484 2130 1549 2184 Et
1582 2131 1715 2185 item
1747 2151 1758 2185 :
1792 2131 1926 2203 Ipsi,
1957 2132 2041 2185 in-

446 2227 591 2296 quit,
619 2236 873 2296 tanquam
917 2224 1124 2295 lapides
1160 2225 1277 2289 vivi,
1333 2225 1827 2296 superantiﬁcamiui
1857 2225 2043 2280 domus

448 2318 715 2390 spiritales
740 2319 801 2372 in
830 2317 1183 2373 sacerdotium
1218 2326 1480 2382 sanctum,
1525 2317 1799 2385 offerentes
1826 2318 2041 2387 spirita-

450 2411 527 2466 les
590 2412 789 2475 hostias
847 2410 1193 2481 acceptabiles
1257 2409 1363 2463 Deo
1411 2426 1504 2480 per
1547 2407 1814 2463 Christum
1857 2407 2044 2463 Iesum

452 2502 672 2576 (Ibit).
702 2502 809 2569 Qui
834 2502 976 2556 bene
992 2502 1151 2572 primi
1201 2501 1269 2554 ad
1297 2517 1512 2554 manum
1539 2501 1673 2570 regis
1702 2516 1820 2555 esse
1852 2501 2043 2554 dicun-

453 2604 566 2660 tur,
597 2595 727 2666 quia
761 2594 922 2650 bonis
955 2594 1163 2649 meritis
1205 2592 1322 2663 regi
1348 2593 1560 2649 caelesti
1611 2594 2045 2665 appropinquare

455 2694 759 2750 merent“,
800 2685 862 2745 in
907 2684 1108 2756 quibus
1164 2684 1282 2755 ipse
1337 2682 1599 2738 virtutum
1626 2684 1692 2737 ad
1740 2683 2043 2755 exemplum

453 2777 579 2837 aliis
632 2777 937 2832 mirabilem
985 2782 1243 2847 operatur
1303 2773 1575 2831 eﬁectum.
1632 2772 1846 2843 Quanto
1897 2775 2044 2830 enim

454 2872 580 2943 quis
634 2871 773 2938 ﬁde,
823 2886 945 2941 qua:
996 2870 1339 2926 dilectionem
1398 2877 1677 2939 operatur,
1726 2868 2043 2939 profecerit,

456 2971 611 3019 tanto
664 2963 1004 3021 vicinitatem
1064 2961 1263 3018 summi
1329 2961 1473 3033 regis
1525 2976 1586 3017 se
1642 2960 1847 3015 habere
1909 2974 2042 3032 gan-

454 3053 625 3110 debit.
1042 3060 1049 3065 ’

679 3130 688 3140 “
1053 3145 1288 3203 carm
1333 3144 1477 3202 nx.

455 3259 537 3318 De
562 3259 761 3317 Hauon
776 3218 892 3333 ‘ﬁlio
922 3259 1073 3317 Naas
1120 3263 1256 3333 regis
1285 3260 1726 3324 Ammonitarum,
1794 3260 1849 3315 ui
1870 3259 2044 3321 David

528 3335 738 3384 muti“
785 3334 854 3384 ad
884 3350 938 3384 se
988 3333 1231 3384 dimissos
1284 3331 1543 3384 confudit.
1596 3341 1645 3384 et
1692 3276 1824 3384 beﬁo
1856 3331 1918 3384 ob
1948 3331 2044 3384 hoc

528 3335 738 3395 nuntios
781 3326 854 3387 ad
884 3350 938 3388 se
988 3326 1231 3388 dimissos
1284 3331 1543 3402 confudit,
1596 3341 1645 3386 et
1692 3326 1824 3385 bello
1856 3331 1918 3385 ob
1948 3331 2044 3385 hoc

526 3412 711 3465 contra
732 3421 856 3468 eum
880 3404 1045 3473 fauo.

528 3519 573 3592 (ι
602 3520 740 3575 Ρη.
790 3517 933 3589 ιιι.)
982 3517 1186 3571 Accidit
1228 3525 1424 3583 autem,
1454 3526 1512 3570 ut
1565 3525 1856 3571 moreretur
1888 3512 2046 3577 Naas

460 3628 552 3667 rex
594 3610 829 3681 ﬁliorum
874 3610 1119 3674 Ammon,
1149 3616 1197 3663 et
1249 3616 1488 3679 regnaret
1523 3606 1671 3680 ﬁlius
1703 3608 1817 3677 ejus
1844 3624 1936 3679 pro
1958 3624 2042 3665 eo.

458 3702 709 3774 Dixitque
745 3700 911 3755 David
938 3714 957 3753 :
987 3698 1211 3754 Faciam
1238 3698 1652 3754 misericordiam
1678 3714 1795 3753 cum
1828 3697 2043 3771 Hanon,

461 3793 572 3863 filio
616 3792 812 3847 Naas:
861 3791 1104 3863 prwstitit
1143 3790 1282 3845 enim
1303 3789 1433 3843 mihi
1477 3800 1627 3861 pater
1658 3790 1772 3860 ejus
1795 3790 2041 3860 gratiam.

460 3884 603 3939 Naas
630 3883 729 3939 fuit
756 3900 853 3940 rex
890 3884 1146 3950 Ammon,
1188 3883 1278 3953 qui
1304 3882 1358 3937 in
1380 3881 1592 3954 Hegum
1617 3882 1890 3945 scribitur,
1924 3896 2047 3935 cum

460 3992 567 4047 quo
591 3975 825 4044 primum
884 3973 1015 4030 Saul
1046 3975 1100 4029 in
1146 3973 1461 4029 defensione
1509 3972 1689 4029 Gabes
1715 3970 1919 4027 Galaad
1944 3985 2044 4042 pu-

460 4076 665 4138 gnavit,
692 4076 745 4121 et
769 4067 901 4122 vicit
925 4082 1049 4122 eum
1079 4065 1165 4138 (II
1202 4065 1331 4141 Reg.
1378 4066 1455 4137 χ).
1489 4064 1624 4133 Quia
1646 4080 1775 4135 ergo
1801 4072 1921 4119 erat
1946 4063 2049 4119 ini-

461 4158 637 4212 micus
687 4156 889 4224 Saulis,
935 4158 1140 4214 idcirco
1182 4159 1409 4231 gratiam
1438 4158 1734 4228 praestabat
1777 4156 1968 4226 David,
1997 4158 2048 4219 si

462 4249 679 4321 quando
706 4250 774 4304 ad
803 4265 926 4304 eum
952 4249 1205 4305 veniebat
1230 4249 1282 4321 (1
1311 4247 1439 4320 Reg.
1473 4248 1574 4320 χι).

533 4342 785 4417 Misitque
810 4343 983 4399 David
1009 4344 1218 4399 nuntios
1248 4347 1316 4399 ad
1348 4344 1726 4400 consolandum
1751 4363 1871 4400 eum
1893 4362 2050 4419 super

458 4447 627 4494 morte
649 4439 816 4509 patris
844 4437 946 4492 sui.
977 4435 1081 4503 Qui
1134 4438 1626 4508 cum‘pervenissent
1670 4439 1723 4493 in
1758 4446 1948 4492 terram
1981 4435 2047 4509 [i-

458 4529 656 4586 liorum
702 4530 947 4597 Ammon,
998 4537 1055 4583 ut
1101 4529 1497 4585 consolarentur
1542 4530 1759 4598 Hauon,
1799 4532 2044 4586 dixerunt

459 4623 720 4695 principes
768 4622 1000 4691 filiorum
1032 4622 1255 4677 Ammon
1293 4624 1361 4677 ad
1406 4623 1641 4678 Hauon:
1698 4623 1777 4677 Tu
1817 4622 2043 4695 forsitan

459 4723 615 4785 putas
662 4714 802 4784 quod
825 4714 994 4767 David
1022 4715 1234 4770 honoris
1270 4732 1430 4769 causa
1466 4717 1521 4769 in
1542 4725 1742 4787 patrem
1771 4724 1921 4769 tuum
1948 4715 2043 4769 mi-

462 4806 607 4871 serit,
633 4806 723 4876 qui
766 4803 1162 4860 consolarentur
1192 4816 1272 4872 te;
1323 4823 1415 4860 nec
1452 4805 1848 4872 animadvertis,
1881 4806 2041 4877 quod,

461 4906 520 4950 ut
549 4895 818 4967 explorent
840 4906 891 4951 et
921 4897 1227 4970 investigent
1259 4907 1305 4953 et
1340 4906 1638 4951 scrutentur
1659 4907 1851 4959 terram
1875 4908 2041 4969 luant,

461 4996 709 5043 venerunt
737 4988 805 5041 ad
832 4996 881 5043 te
902 4989 1035 5043 servi
1056 4990 1185 5060 ejus.
1224 4989 1396 5060 Igitur
1424 4987 1617 5042 Hanon
1658 5007 1843 5061 pueros
1877 4990 2045 5045 David

467 5078 753 5133 decaloavit
781 5064 829 5135 et
862 5080 1014 5146 rasit,
1064 5090 1111 5135 et
1140 5079 1377 5159 pra'cidit
1412 5079 1616 5133 tunicas
1643 5097 1817 5133 eorum
1851 5080 2046 5136 medias

462 5188 625 5242 usque
652 5173 720 5226 ad
750 5174 990 5244 inguina,
1020 5182 1067 5227 et
1090 5173 1289 5225 dimisit
1316 5190 1421 5227 eos.
1447 5173 1503 5227 in
1528 5172 1733 5245 Regum
1765 5176 2046 5245 scriptum,

463 5263 606 5334 quod
633 5264 828 5321 raserit
850 5266 1129 5321 dimidiam
1151 5273 1361 5334 partem
1384 5267 1565 5323 barba:
1594 5285 1802 5335 eorum,
1832 5279 1886 5325 ct
1911 5287 2048 5341 prte-

464 5356 660 5413 ciderit
684 5368 863 5415 vestes
890 5374 1079 5414 eorum
1102 5358 1309 5414 medias
1336 5376 1508 5431 usque
1558 5363 1625 5419 ad
1656 5375 1830 5421 nates.
1862 5363 1967 5418 Sed
1994 5365 2047 5419 in

380 5506 385 5517 ,
461 5447 912 5521 Paralipomenon
941 5450 1161 5521 legitur,
1187 5452 1331 5521 quod
1368 5452 1484 5524 ipse
1499 5452 1690 5512 Hauon
1712 5471 1908 5525 pueros
1938 5456 2045 5510 Da-

462 5539 552 5595 vid
586 5540 952 5595 decalvaverit
998 5548 1054 5595 et
1104 5544 1332 5610 raserit,
1382 5551 1437 5599 et
1479 5547 1785 5621 praeciderit
1840 5550 2050 5605 tunicas

317 5678 321 5683 .
465 5644 654 5686 eorum
680 5632 889 5686 medias
940 5644 1115 5701 usque
1142 5634 1209 5687 ad
1263 5633 1484 5706 inguina
1530 5636 1614 5709 (ΙΙ
1648 5636 1777 5710 Reg.
1809 5637 1889 5711 χ).
1940 5636 2051 5693 Nec

464 5732 551 5780 est
574 5726 868 5792 diversum,
906 5727 1049 5799 quod
1077 5728 1371 5799 invenitur,
1405 5734 1531 5805 quia
1563 5734 1705 5803 quod
1736 5734 1790 5787 in
1822 5749 1931 5789 uno
1953 5733 2052 5789 ho-

470 5829 592 5871 rum
638 5816 808 5885 deest,
861 5816 917 5873 in
942 5817 1114 5876 altero
1166 5820 1417 5881 habetur.
1476 5822 1628 5881 Unde
1663 5823 1931 5903 colligitur
1957 5840 2051 5886 eos

2073 3203 2120 3268 C

2074 4583 2125 4642 D

2142 1954 2319 2024 pendo
2348 1949 2584 2005 maculat
2624 1954 2679 2003 et
2712 1946 3051 2007 dehOnestat.
3087 1943 3506 2019 Prmeiditﬁrgo
3535 1942 3750 2001 tunicas

2142 2060 2317 2116 usque
2345 2043 2413 2099 ad
2441 2040 2683 2113 inguina,
2726 2033 2847 2094 cum
2878 2038 3057 2109 turpia
3095 2034 3260 2102 facta,
3307 2051 3433 2112 qua:
3472 2050 3595 2109 ipse
3621 2049 3750 2107 per-

2146 2144 2413 2201 suaserat,
2461 2135 2515 2190 in
2562 2133 2737 2191 oculis
2780 2132 3060 2193 hominum
3105 2128 3333 2189 revelat.
3376 2126 3489 2183 Sed
3520 2141 3751 2187 necesse

2145 2238 2229 2284 est
2262 2227 2478 2291 talibus,
2508 2240 2646 2296 quos
2674 2223 2920 2281 diabolus
2959 2222 3035 2279 ita
3080 2219 3385 2291 confundit,
3429 2228 3493 2277 ut
3524 2219 3752 2277 sedeant

2143 2322 2199 2377 in
2251 2318 2491 2382 Jericho.
2542 2319 2716 2374 donec
2766 2322 3021 2374 crescant
3066 2315 3250 2370 barba:
3284 2328 3502 2381 eorum,
3550 2311 3749 2379 idest,

2145 2413 2255 2470 sint
2284 2411 2636 2482 opprobrium
2668 2417 2723 2465 et
2758 2408 3057 2485 ignominia
3086 2406 3392 2471 meliorum,
3432 2413 3607 2481 atque
3642 2401 3752 2461 eiii-

2146 2507 2359 2561 ciantur
2401 2506 2689 2562 anathema
2719 2502 2983 2568 omnium,
3032 2488 3205 2556 donec
3231 2514 3331 2571 per
3370 2498 3623 2579 studium
3652 2497 3750 2555 bo-

2145 2613 2275 2653 num
2301 2596 2595 2655 barbarum
2627 2595 2856 2666 species,
2888 2593 2942 2647 id
2972 2600 3075 2658 est,
3109 2591 3373 2649 virtutum
3405 2590 3752 2647 incrementa

2146 2689 2202 2744 in
2224 2689 2304 2745 eis
2331 2697 2646 2755 nascantur,
2679 2696 2733 2745 et
2762 2686 2909 2765 digni
2937 2685 3245 2743 habeantur
3268 2684 3570 2760 praesentia
3608 2683 3752 2753 regis

2148 2781 2252 2837 sui.
2292 2780 2406 2836 Nec
2450 2779 2785 2839 credendum
2814 2787 2899 2835 est
2929 2778 3141 2853 utique,
3172 2776 3317 2848 quod
3344 2775 3522 2836 David
3564 2782 3753 2837 noster

2148 2871 2349 2929 milites
2393 2887 2521 2929 suos
2546 2871 2745 2931 inultos
2790 2887 2911 2932 esse
2946 2872 3207 2943 patiatur,
3234 2870 3366 2947 quin
3396 2869 3598 2927 hostes
3628 2882 3753 2926 snas

2149 2972 2205 3024 et
2232 2966 2477 3023 exercitu
2503 2973 2832 3041 congregato
2859 2971 3102 3042 superat,
3126 2972 3186 3021 et
3219 2961 3456 3017 vindicat
3492 2958 3752 3030 injurias

2149 3071 2392 3122 suorum,
2434 3071 2558 3117 cum
2600 3072 2709 3111 non
2743 3053 2919 3113 solum
2948 3053 3291 3111 adversarios
3316 3067 3450 3111 suos
3478 3068 3636 3111 nunc
3659 3068 3753 3124 per

2150 3156 2462 3209 sanctorum
2485 3164 2709 3205 suorum
2737 3148 3024 3204 victoriam
3052 3147 3355 3213 confundit,
3380 3146 3481 3204 sed
3499 3147 3677 3203 etiam
3700 3147 3753 3205 in

2151 3250 2398 3297 extremo
2452 3240 2655 3311 iudicio
2696 3255 2796 3318 per
2836 3241 3048 3317 justam
3098 3240 3426 3301 sententiam
3466 3239 3753 3317 perpetuis

2149 3336 2365 3409 ignibus
2390 3335 2725 3392 cruciandos
2751 3336 2949 3391 tradet.

2748 3445 2978 3507 CAPUT
3012 3445 3130 3509 XX.

2148 3558 2227 3623 οδ
2248 3575 2314 3642 “2
2335 3560 2486 3643 τινα.
2515 3559 2655 3643 Ιοσέν
2686 3561 2953 3643 ww”?
2982 3559 3163 3643 lia?!“
3196 3568 3247 3614 ⁸⁸
3282 3558 3566 3643 ῆεξθνξπθθ.
3592 3573 3751 3643 9⁸³33

2220 3629 2374 3713 cujus
2418 3629 2741 3714 triumphum
2768 3633 3013 3713 ascripsit
3056 3631 3147 3689 illa
3185 3631 3386 3714 nomini
3423 3631 3627 3687 David.

2221 3699 2369 3777 bellis
2402 3701 2574 3777 David
2610 3702 2853 3777 diversis,
2900 3718 3018 3777 qua:
3060 3702 3283 3777 confesti
3330 3711 3519 3777 contra
3572 3699 3751 3757 ΡΜ.-

2219 3771 2432 3839 stliwos,
2457 3773 2547 3826 tibi
2572 3781 2620 3827 et
2650 3774 2885 3846 gigantes
2911 3771 3169 3845 'quosdam
3197 3772 3479 3842 interfecit.

2223 3886 2265 3960 (ἶ
2292 3886 2427 3945 Pan.
2455 3887 2575 3965 xx.)
2615 3887 2845 3945 Factum
2868 3898 2943 3944 est
2966 3899 3143 3944 autem
3166 3897 3285 3961 post
3316 3888 3443 3942 anni
3482 3886 3749 3941 circulus

2150 3998 2212 4036 eo
2237 3991 2488 4055 tempore,
2525 4000 2627 4057 quo
2657 3982 2829 4043 solent
2862 3999 3006 4055 reges
3035 3982 3106 4041 ad
3139 3981 3274 4041 bella
3294 3980 3599 4054 procedere,
3624 3996 3753 4039 cal-

2151 4076 2383 4146 gregavit
2419 4074 2557 4132 Joab
2590 4076 2876 4133 exercitum
2911 4083 2959 4130 et
3000 4072 3159 4131 robur
3187 4072 3412 4137 militia,
3447 4080 3497 4126 et
3528 4072 3749 4129 vastari!

2154 4179 2350 4227 terram
2374 4168 2613 4241 ﬁliorum
2642 4167 2884 4221 Ammon.
2917 4165 2971 4221 In
3004 4164 3234 4223 Hebraeo
3266 4164 3343 4217 ita
3385 4162 3585 4235 legitur
3613 4181 3629 4215 :
3664 4160 3744 4219 Eo

2150 4274 2379 4335 tempore
2420 4277 2522 4332 quo
2554 4275 2696 4332 reges
2738 4256 2806 4312 ad
2845 4255 2981 4312 bella
3015 4264 3396 4329 processerant.
3442 4253 3555 4311 Hos
3586 4267 3744 4327 reges

2152 4357 2312 4425 dicit,
2348 4355 2443 4431 qui
2482 4362 2870 4428 processerunt
2913 4359 3103 4408 contra
3151 4350 3320 4409 David
3365 4349 3423 4409 in
3462 4364 3743 4423 pugnam:

2153 4451 2363 4507 scilicet
2389 4464 2571 4522 regem
2609 4446 2763 4505 Rcob
2795 4454 2851 4503 ct
2874 4444 3019 4503 lstob
3045 4452 3102 4500 et
3126 4442 3270 4499 Saba
3306 4450 3362 4497 et
3397 4440 3612 4506 Macha,
3649 4440 3743 4512 qui

2152 4542 2340 4613 utique
2391 4556 2546 4611 reges
2594 4538 2768 4611 Syria:
2810 4535 3035 4595 luerunt
3078 4543 3132 4591 et
3172 4548 3415 4607 pugnare
3457 4532 3747 4589 voluerunt

2155 4633 2407 4688 conducti
2441 4631 2690 4686 mercede
2714 4645 2745 4683 a
2775 4643 2899 4700 rege
2935 4628 3093 4683 Moab
3132 4636 3320 4683 contra
3353 4625 3549 4701 David,
3575 4643 3611 4685 a
3631 4642 3743 4696 quo

2157 4724 2473 4794 triumphati
2499 4737 2621 4779 esse
2643 4721 2920 4795 leguntur.

2226 4813 2570 4891 Porrexitque
2599 4822 2645 4869 et
2682 4812 2881 4867 obsedit
2913 4809 3117 4867 Rabba.
3158 4807 3328 4865 Porro
3362 4817 3539 4865 autem
3572 4808 3741 4865 Dea!

2152 4906 2396 4961 manebat
2418 4906 2473 4961 in
2494 4903 2818 4970 Jerusalem,
2849 4902 3061 4974 quando
3085 4902 3221 4957 Joab
3248 4904 3506 4975 percussit
3534 4900 3738 4966 liable,

2154 5005 2201 5053 et
2231 4997 2488 5052 destruxit
2525 5011 2662 5051 eam.
2699 4993 2841 5049 Tulit
2880 5004 3056 5049 autem
3094 4992 3264 5049 David
3304 5008 3557 5054 coronant
3604 4990 3739 5045 lel-

2153 5088 2304 5143 chom
2328 5087 2393 5143 de
2414 5086 2582 5163 capite
2611 5086 2747 5161 ejus,
2774 5094 2822 5138 et
2858 5086 3051 5139 invenit
3096 5085 3150 5139 in
3190 5100 3254 5139 ea
3293 5084 3416 5139 auri
3459 5083 3636 5155 pondo
3664 5091 3739 5136 te-

2152 5177 2370 5244 Ientum,
2412 5188 2459 5232 et
2494 5177 2899 5249 pretiosissimas
2926 5180 3189 5247 gemmas,
3226 5175 3453 5250 fecitque
3486 5175 3589 5233 sibi
3620 5173 3737 5231 inde

2153 5269 2420 5336 diadema,
2445 5275 2553 5323 etc.
2583 5266 2845 5323 Melchom
2872 5267 3071 5343 quippe
3097 5282 3205 5323 non
3236 5281 3434 5325 nomen
3459 5267 3735 5341 proprium

2153 5372 2237 5420 est
2286 5363 2430 5434 regis
2468 5380 2481 5416 :
2520 5362 2615 5418 sed
2666 5359 2933 5419 Mclchcm
2976 5359 3368 5433 interpretatur
3408 5376 3502 5416 rea:
3533 5375 3731 5417 eorum.

2154 5455 2270 5513 Rex
2303 5470 2490 5515 eorum
2526 5464 2775 5519 vocatur,
2817 5462 2878 5509 ut
2910 5453 3121 5513 Hebraei
3151 5453 3359 5518 volunt,
3392 5452 3596 5511 idolum
3624 5451 3737 5508 illo.

2153 5564 2298 5615 rum,
2344 5548 2487 5617 quod
2517 5548 2608 5605 hic
2633 5556 2860 5607 vocatur
2889 5546 3177 5607 Melchotn.
3208 5547 3375 5617 Cujus
3418 5544 3738 5603 diadematis

2154 5655 2344 5693 aurum
2374 5648 2428 5696 et
2448 5654 2695 5707 gemmas
2727 5636 2995 5695 conﬂasse
3030 5646 3086 5694 et
3113 5654 3375 5713 purgasse
3404 5639 3606 5696 dicitur
3642 5636 3737 5691 Da-

2152 5733 2241 5791 vid
2285 5731 2581 5791 secundum
2629 5732 2821 5807 legem,
2860 5740 2917 5791 et
2953 5731 3148 5789 fecisse
3176 5732 3301 5789 inde
3329 5732 3437 5789 sibi
3467 5731 3734 5789 diadema.

2155 5824 2400 5887 Tradth
2438 5825 2659 5908 inaupet'
2695 5825 2934 5899 Hebraei.
3115 5826 3364 5893 illicitum
3387 5836 3511 5889 erat
3527 5823 3738 5901 boum
