3920 6466
441 371 555 434 5⁸15

1086 365 1147 424 Β.
1193 365 1448 425 BABANI
1484 365 1708 423 MAUBI
1746 362 2064 421 ABCHIEP.
2106 361 2420 422 MOGUNT.
2460 364 2748 421 OPERUM
2783 362 2964 420 PARS
2999 365 3041 420 1.

3613 366 3730 424 576

438 488 643 547 bellum
683 478 908 549 Christi,
955 485 1102 554 quod
1143 483 1293 539 omni
1339 491 1581 553 tempore
1623 481 1782 537 istius
1816 481 1941 535 vitae
1968 481 2024 535 in
2050 490 2099 545 Α
2128 480 2222 536 sed
2248 495 2347 550 per
2380 483 2731 553 semetipsum
2761 485 3039 540 examinat
3061 488 3469 559 magistrorum.
3509 491 3731 560 Quam-

441 578 705 637 membris
735 577 848 633 suis
866 583 1059 631 contra
1078 573 1322 644 perﬁdos
1350 587 1594 643 quosque
1622 572 1781 628 istius
1820 571 2023 637 saeculi,

442 681 502 728 et
545 680 737 728 contra
786 667 1062 740 spiritales
1101 667 1374 736 nequitias
1424 666 1765 722 incessanter
1812 665 2027 736 agitur?

441 764 596 820 Licet
627 762 770 817 enim
821 760 992 815 fastus
1036 759 1363 822 mundanus,
1403 757 1489 811 vel
1537 756 1868 826 protervitas
1908 770 2025 810 ma-

438 856 708 928 lignorum
756 867 815 908 sc
862 852 1039 923 erigat
1084 857 1275 905 contra
1324 848 1624 903 Ecclesiam
1670 847 1767 901 Dei
1801 845 2022 910 Christi,

438 945 618 1002 omnis
641 952 826 999 tamen
847 941 1183 1012 principatus
1202 938 1657 1003 adversariorum,
1679 952 1811 992 vero
1832 936 2025 1003 David,

438 1036 545 1092 hoc
572 1045 678 1099 est,
710 1048 838 1105 rege
873 1031 1093 1088 Christo
1138 1032 1462 1101 imperante,
1505 1045 1568 1084 ac
1605 1029 1794 1098 praelia
1838 1044 2027 1084 servo-

438 1144 559 1184 rum
605 1141 826 1183 suorum
866 1125 1204 1194 disponente,
1237 1122 1403 1188 cedit,
1433 1131 1489 1177 et
1513 1136 1703 1177 omnes
1727 1120 2029 1177 adversarii

438 1218 749 1280 vincuntur,
782 1220 1205 1285 prosternuntur
1231 1221 1394 1281 atque
1418 1212 1486 1266 ad
1516 1211 1747 1266 nihilum
1776 1212 2029 1281 redigun-

437 1316 546 1362 tur.
570 1307 723 1363 Unde
747 1305 1036 1361 Psalmista
1062 1319 1130 1358 ex
1151 1318 1383 1373 persona
1412 1302 1666 1357 Ecclesiae
1691 1301 2030 1357 conﬁdenter

437 1400 611 1456 dicit:
650 1398 798 1455 Vana
824 1398 971 1454 salus
994 1398 1240 1452 hominis.
1304 1395 1373 1449 In
1420 1395 1532 1449 Deo
1579 1395 1835 1464 facimus
1863 1396 2029 1449 virtu-

437 1504 573 1559 tem,
625 1503 672 1547 et
726 1494 836 1564 ipse
886 1492 956 1547 ad
1016 1488 1238 1546 nihilum
1292 1489 1512 1544 deducet
1568 1488 1881 1543 tribulantes
1934 1504 2027 1543 nos

437 1584 613 1656 (ML
643 1585 777 1656 ’Μ’
1021 1652 1251 1711 CAPUT
1300 1652 1442 1708 xxx.

439 1745 600 1824 De_eo
623 1747 762 1824 quod
785 1745 961 1824 David
984 1743 1262 1824 Israelitas
1288 1758 1566 1824 numerare
1588 1742 1783 1812 jubens
1809 1742 2029 1824 offendit

509 1811 828 1881 Dominum,
874 1815 935 1870 ob
975 1815 1117 1885 quod
1163 1815 1333 1885 missa
1375 1822 1449 1885 est
1464 1811 1650 1885 _plaga
1697 1813 2024 1885 gravissima:

2132 572 2215 627 vis
2257 566 2421 627 etiam
2467 573 2809 632 subditorum
2833 576 2986 643 vitia,
3013 592 3134 648 quae
3164 593 3197 633 a
3233 582 3515 652 magistris
3554 586 3735 642 modo

2130 661 2217 717 vel
2236 662 2648 720 dissimulantur
2657 663 2914 734 iudicari,
2941 669 3026 724 vel
3057 681 3354 741 nequeunt,
3381 674 3507 745 ejus
3526 677 3733 747 procul

2131 753 2295 809 dubio
2314 755 2520 826 judicio
2547 768 2912 815 reservantur.
2950 760 3122 832 Igitur
3155 764 3284 820 dum
3314 766 3465 822 salva
3498 769 3611 825 ﬁde
3640 785 3735 828 res

2132 846 2329 917 agitur,
2376 848 2595 905 virtutis
2626 858 2714 904 est
2740 852 2957 918 merito,
3005 854 3050 909 si
3084 850 3353 928 quidquid
3393 861 3606 929 prioris
3644 871 3737 917 est

2131 939 2430 995 tolleretur.
2483 941 2652 998 Debet
2696 952 2876 1000 tamen
2930 946 3209 1003 humiliter
3251 954 3491 1023 suggeri,
3525 955 3574 1009 si
3615 953 3737 1009 for.

2130 1038 2277 1086 tasse
2303 1030 2499 1099 valeat,
2539 1034 2681 1104 quod
2725 1034 2973 1104 displicet
3018 1040 3329 1096 emendare.
3377 1040 3488 1098 Sed
3517 1059 3731 1100 curan-

2130 1122 2259 1177 dum
2316 1138 2661 1195 summopere
2706 1133 2825 1192 est,
2877 1142 2947 1183 ne
3003 1129 3058 1184 in
3103 1133 3415 1203 superbiam
3469 1143 3734 1192 transeat

2122 1210 2346 1281 iustitia:
2386 1215 2691 1272 inordinata
2722 1217 2985 1286 defensio,
3020 1237 3109 1287 ne,
3143 1223 3271 1278 dum
3312 1227 3595 1283 rectitude
3637 1229 3730 1283 in-

2130 1315 2289 1362 caute
2317 1308 2579 1379 diligitur,
2607 1310 2721 1381 ipsa
2743 1314 3003 1383 magistra
3027 1316 3368 1374 rectitudinis
3389 1318 3734 1394 (humilitas)

2131 1400 2414 1457 amittatur
2444 1419 2458 1455 :
2490 1419 2560 1458 ne
2594 1419 2716 1459 eum
2759 1405 2862 1462 sibi
2903 1421 3138 1477 praeesse
3173 1410 3408 1480 quisque
3434 1414 3731 1484 despiciat,

2129 1509 2292 1564 quem
2318 1494 2545 1552 fortasse
2567 1498 2814 1569 contigit,
2852 1508 2915 1555 ut
2956 1502 3011 1555 in
3050 1501 3233 1573 aliqua
3271 1505 3491 1561 actione
3528 1522 3734 1578 repre-

2129 1583 2348 1639 hendat.
2373 1583 2575 1641 Contra
2606 1588 2751 1643 hunc
2786 1598 3055 1646 tumorem
3084 1595 3353 1664 superbiai
3375 1597 3733 1653 subditorum

2128 1694 2285 1735 mens
2307 1682 2375 1736 ad
2401 1683 2707 1739 custodiam
2733 1685 3057 1742 humilitatis
3084 1688 3392 1756 edomatur,
3416 1693 3463 1747 si
3494 1692 3737 1748 inﬁrmi-

2129 1778 2214 1825 tas
2251 1773 2467 1842 propria
2490 1773 2828 1830 incessanter
2853 1778 3170 1833 attenditur.
3201 1779 3310 1836 Has
3328 1783 3478 1838 vires
3505 1794 3735 1839 nostras

509 1861 847 1940 ;;;;;,'i,-',},},-’,
875 1861 948 1939 ⁷ίῇ
976 1861 1647 1953 7,3,1,"5,10,;"Dgﬁ;
1689 1861 2022 1953 ἤιξ’ἇῇέῶ
2052 1861 2100 1920 Β
2128 1863 2398 1918 veraciter
2437 1867 2753 1922 examinare
2794 1869 3153 1940 negligimus:
3179 1880 3235 1927 et
3277 1874 3403 1944 quia
3451 1875 3522 1930 de
3569 1877 3735 1932 nobis

509 1958 744 2023 Domini,
770 1958 858 2027 qui
879 1954 1137 2077 interiecit
1156 1954 1427 2025 populum,
1453 1952 1576 2023 fecit
1595 1952 1766 2006 altare
1795 1952 2022 2007 Domino

509 2029 564 2077 in
607 2023 732 2077 area
780 2026 962 2077 Ornan
1034 2025 1246 2077 ebustei.
1279 2035 1327 2077 et
1374 2023 1560 2077 obtulit
1601 2022 1673 2076 ibi
1716 2022 2022 2077 holocausta

506 2029 564 2083 in
607 2023 732 2082 area
780 2022 962 2082 Ornan
995 2022 1246 2091 Jebustei,
1279 2035 1327 2078 et
1374 2023 1560 2078 obtulit
1601 2022 1673 2076 ibi
1716 2022 2024 2077 holocausta

508 2107 557 2152 et
592 2097 815 2169 paciﬁca
838 2137 853 2163 ,
896 2096 1254 2166 invocavitque
1295 2095 1610 2159 Dominum,
1662 2102 1711 2149 et
1756 2092 2023 2147 exaudivit

505 2186 643 2224 eum.

507 2261 547 2333 (1
579 2260 713 2314 PAR.
740 2260 820 2331 ι.)
841 2256 1186 2315 Conisurrexit
1211 2266 1388 2312 autem
1419 2255 1592 2312 Satan
1612 2264 1798 2311 contra
1827 2254 2020 2319 Israel,

436 2362 485 2407 et
541 2353 777 2407 incitavit
832 2351 1036 2417 David,
1084 2360 1139 2405 ut
1183 2358 1481 2404 numeraret
1527 2347 1719 2402 Israel.
1776 2347 2026 2417 Dixitque

436 2442 608 2497 David
644 2444 713 2496 ad
742 2442 879 2497 Joab
915 2451 963 2496 et
1004 2443 1072 2496 ad
1110 2443 1368 2513 principes
1401 2440 1623 2511 populi:
1658 2439 1741 2494 Ite
1763 2450 1811 2494 et
1844 2448 2026 2494 nume-

437 2546 552 2590 rate
588 2535 758 2589 Israel
793 2554 825 2589 a
856 2534 1112 2590 Bersabee
1165 2551 1326 2604 usque
1369 2533 1509 2599 Dan,
1570 2542 1619 2588 et
1667 2532 1851 2603 afferte
1896 2533 2027 2588 mihi

439 2641 715 2680 numerum
736 2635 792 2678 ut
817 2626 999 2679 sciam.
1028 2624 1414 2696 Responditque
1442 2624 1578 2679 Joab
1605 2640 1624 2680 :
1654 2624 1856 2695 Augeat
1882 2624 2025 2678 Deus

436 2720 689 2791 populum
726 2736 883 2774 suum
912 2717 1208 2789 centuplum
1249 2735 1406 2789 quam
1435 2718 1522 2772 sit.
1558 2716 1734 2784 Quare
1762 2718 1859 2772 hoc
1884 2733 2028 2788 qua:-

438 2812 790 2866 ritDominus
837 2829 982 2866 meus
1027 2828 1138 2877 rem,
1171 2812 1310 2882 quod
1357 2811 1415 2864 in
1452 2820 1721 2881 peccatum
1760 2818 2057 2880 reputetur-

444 2904 637 2960 Israel.
666 2903 768 2961 Sed
799 2921 969 2959 sermo
995 2905 1129 2974 regis
1158 2905 1328 2975 magis
1342 2903 1647 2975 prwvaluit:
1670 2901 2027 2973 Egressusque

437 2993 595 3060 Joab,
627 3005 673 3049 et
701 2995 995 3049 circumivit
1034 2996 1333 3049 universum
1372 2992 1564 3058 Israel,
1604 3003 1652 3047 et
1694 3009 1927 3047 reversus
1950 3000 2029 3047 est

438 3083 795 3140 Hierusalem.
832 3085 1112 3153 Quomodo
1140 3085 1284 3141 dicit
1323 3085 1742 3155 exquisitionem
1793 3083 2024 3150 numeri,

437 3193 602 3248 quem
622 3192 719 3232 rex
747 3177 927 3233 facere
951 3177 1137 3249 jussit,
1164 3177 1217 3232 in
1240 3184 1520 3248 peccatum
1543 3176 1784 3247 reputari
1816 3174 2023 3240 lsraeli,

438 3284 562 3324 cum
582 3270 955 3340 praevaricatio
978 3269 1050 3325 ibi
1073 3270 1245 3342 magis
1264 3269 1515 3325 videatur
1533 3283 1653 3324 esse
1674 3269 1837 3337 regis,
1861 3283 2027 3337 quam

436 3359 655 3429 plebis?
700 3358 807 3416 Sed
860 3370 1146 3431 peccatum
1195 3370 1429 3417 mortem
1485 3362 1651 3427 dicit,
1703 3378 1821 3432 qua?
1865 3376 2027 3415 causa

436 3454 638 3526 peccati
658 3455 885 3523 primum
914 3455 1045 3509 venit
1072 3456 1129 3509 in
1150 3456 1406 3509 mundum
1432 3454 1615 3524 (Rom.
1641 3453 1719 3527 v).
1753 3455 1880 3512 “me
1899 3469 2029 3526 ergo

439 3545 496 3599 in
524 3545 723 3615 populo
754 3554 965 3600 tantum
1013 3556 1261 3616 grassata
1300 3555 1403 3602 est.
1444 3546 1700 3602 Attamen
1747 3548 2028 3604 sciendum

442 3636 585 3704 quod
615 3650 714 3705 pro
744 3634 1097 3705 qualitatibus
1125 3636 1467 3691 subditorum
1513 3636 1870 3707 disponuntur
1908 3647 2031 3693 acta

445 3727 773 3795 regentium,
805 3734 865 3780 ut
888 3740 986 3795 pro
1010 3726 1152 3781 malo
1175 3727 1355 3798 gregis
1380 3728 1545 3782 etiam
1570 3729 1675 3783 viri
1703 3730 1831 3784 boni
1861 3728 2033 3785 delin-

443 3825 576 3887 quat
604 3819 714 3873 vita
744 3818 999 3888 pastoris.
1029 3815 1125 3874 Ille
1157 3818 1324 3885 enim,
1364 3819 1475 3875 Deo
1502 3827 1809 3887 attestante,
1838 3821 2030 3877 lauda-

445 3917 533 3964 tus
559 3907 612 3981 (I
637 3908 765 3980 Reg.
791 3911 950 3981 xm);
982 3909 1071 3967 ille
1099 3926 1459 3981 supernorum
1491 3914 1873 3984 mysteriorum
1900 3931 2031 3972 con-

446 4001 591 4056 scius
619 4001 788 4055 David
822 4001 1085 4072 propheta
1112 4011 1322 4060 tumore
1351 4006 1636 4075 repentino
1662 4006 1916 4063 elationis
1948 4008 2032 4062 in-

447 4088 625 4156 ﬂatur,
650 4092 909 4162 populum
932 4095 1285 4162 numerando,
1308 4097 1454 4165 quod
1474 4094 1750 4167 peccavit:
1775 4106 1834 4154 et
1856 4108 2035 4156 tamen

449 4182 744 4236 vindictam
790 4183 1034 4252 populus,
1082 4184 1249 4241 David
1293 4198 1571 4256 peccante,
1624 4192 1883 4263 suscepit.
1925 4191 2036 4247 Cur

453 4270 593 4324 hoc?
650 4270 788 4337 Quia
842 4274 1093 4330 videlicet
1145 4279 1442 4333 secundum
1489 4279 1747 4336 meritum
1796 4282 2034 4353 plebium

449 4360 812 4430 disponuntur
857 4367 1022 4421 corda
1062 4376 1353 4423 rectorum.
1397 4367 1586 4426 Justus
1616 4388 1749 4429 vero
1770 4372 1937 4442 judex
1966 4390 2033 4430 ex

449 4454 687 4524 ipsorum
717 4456 1187 4514 animadversione
1228 4461 1489 4530 corripuit
1516 4465 1792 4531 peccantis
1822 4465 2035 4531 vitium,

447 4560 516 4600 ex
544 4561 774 4616 quorum
810 4565 975 4605 causa
1000 4551 1265 4620 peccavit.
1302 4549 1410 4606 Sed
1440 4554 1712 4625 quiaipse
1742 4555 1864 4627 (sua
1888 4557 2037 4611 vide-

450 4634 576 4691 licet
592 4636 871 4691 voluntate
892 4639 1233 4710 superbiens)
1266 4656 1296 4693 a
1329 4640 1485 4710 culpa
1522 4642 1731 4699 alienus
1773 4659 1881 4699 non
1910 4644 2032 4712 fuit,

448 4728 744 4783 vindictam
774 4729 944 4797 culpa:
972 4745 1082 4784 sum
1110 4731 1277 4785 etiam
1325 4734 1585 4802 suscepit.
1628 4734 1763 4789 Nam
1807 4736 1887 4791 ira
1932 4753 2034 4794 saa-

398 4862 405 4865 .
452 4818 627 4883 viens,
673 4835 794 4888 qua:
816 4820 1172 4889 corporaliter
1198 4823 1456 4893 pepulum
1486 4825 1738 4894 perculit,
1769 4835 2036 4886 rectorem

452 4925 667 4979 quoque
695 4912 873 4981 populi
907 4914 1097 4971 intimo
1118 4917 1298 4972 cordis
1327 4918 1513 4974 dolore
1538 4922 1853 4989 prostravit.
1879 4923 2039 4980 Certe

453 5013 641 5053 verum
671 5010 776 5068 est,
806 5005 949 5073 quod
978 5006 1054 5060 ita
1095 5008 1198 5063 sibi
1244 5008 1475 5064 invicem
1516 5022 1571 5066 et
1610 5022 1884 5068 rectorum
1927 5030 2039 5071 me-

2128 1953 2354 2010 fortiora
2395 1955 2688 2022 credimus,
2748 1958 2949 2014 idcirco
2994 1975 3109 2026 eos,
3159 1962 3251 2031 qui
3298 1963 3459 2019 nobis
3511 1967 3733 2036 prmlati

2127 2054 2273 2112 sunt,
2328 2047 2575 2103 districte
2622 2048 2955 2119 judicamus.
3001 2050 3120 2119 Quo
3168 2052 3316 2132 enim
3358 2057 3734 2127 nosmetipsos

2127 2136 2308 2191 minus
2333 2138 2697 2209 agnoscimus,
2727 2154 2794 2195 eo
2821 2139 2964 2206 illos,
2990 2157 3129 2213 quos
3156 2144 3567 2213 reprehendere
3596 2149 3732 2201 niti-

2126 2241 2271 2292 mur,
2300 2227 2424 2297 plus
2459 2227 2727 2285 videmus.
2771 2218 2993 2301 Singul‘a
3039 2232 3157 2288 haec
3183 2233 3327 2288 mala
3361 2246 3515 2302 sunt,
3546 2254 3672 2307 qua:
3700 2255 3733 2293 ει

2127 2319 2359 2373 subditis
2387 2335 2529 2390 saepe
2553 2321 2608 2375 in
2634 2322 2688 2375 in
2717 2322 2991 2392 przelatos,
3015 2331 3072 2379 et
3093 2340 3237 2396 saepe
3262 2342 3294 2380 a
3315 2328 3569 2397 praelatis
3590 2346 3736 2386 coni-

2127 2413 2458 2467 mittuntur:
2489 2415 2615 2482 quia
2645 2422 2703 2470 et
2725 2430 2916 2471 omnes
2949 2417 3196 2474 subditos
3224 2419 3302 2486 hi,
3334 2422 3427 2491 qui
3456 2434 3733 2492 praesunt,

2127 2504 2310 2559 minus
2332 2520 2496 2574 quam
2525 2506 2627 2576 ipsi
2650 2514 2796 2573 sunt,
2821 2509 3097 2578 sapientes
3120 2512 3462 2568 arbitrantur
3486 2531 3503 2580 ;
3532 2526 3595 2572 et
3620 2534 3736 2573 rur-

2129 2611 2248 2651 sum
2285 2597 2377 2665 qui
2420 2596 2649 2666 subjecti
2693 2608 2841 2665 sunt,
2893 2610 3166 2658 rectorum
3214 2619 3440 2660 suorum
3483 2608 3737 2666 actiones

2124 2683 2393 2755 iudicant,
2437 2697 2494 2743 et
2517 2689 2566 2744 si
2596 2688 2746 2759 ipsos
2784 2692 3027 2761 regimen
3055 2701 3241 2749 tenere
3268 2696 3648 2769 contingeret,
3677 2715 3737 2756 se

2128 2778 2373 2846 potuisse
2416 2793 2580 2849 agere
2624 2780 2818 2835 melius
2858 2790 3072 2851 putant.
3118 2783 3271 2841 Unde
3291 2786 3625 2860 plerumque
3654 2791 3735 2857 ﬁt,

2130 2878 2192 2925 ut
2224 2878 2280 2924 et
2309 2879 2553 2927 rectores
2581 2873 2762 2929 minus
2788 2876 3086 2945 prudenter
3106 2892 3171 2933 ea
3193 2894 3315 2948 quae
3341 2882 3556 2951 agenda
3582 2892 3733 2949 sunt,

2128 2961 2371 3027 videant,
2416 2963 2544 3033 quia
2595 2978 2786 3020 eorum
2835 2967 3024 3023 oculos
3069 2969 3188 3040 ipsa
3226 2971 3425 3025 nebula
3477 2972 3739 3030 elationis

2129 3053 2421 3118 obscurat;
2450 3061 2507 3109 et
2530 3071 2922 3128 nonnunquam
2954 3060 3021 3126 is,
3059 3062 3151 3131 qui
3178 3062 3455 3133 subjectus
3477 3072 3589 3131 est,
3610 3068 3733 3133 hoc,

2130 3159 2257 3200 cum
2296 3146 2550 3217 praelatus
2586 3146 2771 3214 fuerit,
2817 3149 3001 3218 faciat,
3038 3153 3183 3221 quod
3213 3154 3415 3208 dudum
3449 3156 3575 3211 ﬁeri
3607 3159 3734 3213 sub-

2054 3243 2098 3307 ρ
2124 3235 2305 3305 jectus
2332 3240 2631 3309 arguebat;
2659 3249 2716 3294 et
2739 3255 2839 3309 pro
2874 3258 2962 3307 eo,
2992 3243 3138 3312 quod
3176 3244 3266 3298 illa
3301 3260 3424 3314 qua:
3444 3246 3735 3315 iudicave-

2132 3341 2239 3398 rat,
2266 3343 2571 3403 perpetrat,
2595 3335 2789 3390 saltem
2821 3338 2950 3406 quia
2970 3336 3255 3407 judicavit,
3287 3340 3604 3396 erubescat.
3641 3342 3739 3413 lgi-

2133 3434 2221 3480 tur
2242 3427 2385 3480 sicut
2421 3427 2661 3498 praelatis
2695 3431 2995 3486 curandum
3046 3439 3158 3498 est,
3210 3446 3280 3487 ne
3324 3447 3523 3488 eorum
3571 3437 3737 3491 corda

2132 3519 2490 3576 aestimatione
2529 3520 2824 3591 singularis
2852 3523 3130 3594 sapientiae
3160 3524 3314 3581 locus
3348 3528 3607 3598 superior
3641 3545 3738 3584 ex-

2135 3611 2307 3675 tollat,
2362 3613 2435 3667 ita
2471 3612 2730 3682 subjectis
2767 3615 3161 3685 providendum
3188 3627 3295 3684 est,
3332 3634 3401 3674 ne
3427 3619 3533 3674 sibi
3560 3632 3739 3673 recto-

2133 3718 2257 3758 rum
2306 3704 2448 3759 facta
2486 3706 2832 3777 displiceant.
2870 3706 2929 3763 Si
2960 3717 3145 3764 autem
3191 3712 3580 3783 magistrorum
3628 3714 3738 3766 vita

2126 3794 2252 3864 jure
2295 3796 2736 3867 reprehenditur,
2790 3808 3007 3869 oportet
3045 3809 3109 3855 ut
3150 3800 3268 3870 ejus
3295 3802 3525 3869 subditi,
3567 3804 3738 3859 etiam

2134 3904 2258 3944 cum
2308 3888 2590 3959 displicet',
2637 3892 2959 3962 magistrum
3005 3902 3319 3949 vereantur.
3369 3892 3478 3949 Sed
3525 3903 3585 3949 et
3633 3895 3739 3950 hoc

2135 3989 2220 4036 est
2250 3981 2479 4037 solerter
2524 3982 2843 4039 intuendum
2865 4025 2879 4050 ,
2924 3998 2995 4040 ne
3032 4001 3195 4057 quem
3235 3986 3441 4041 imitari
3475 3987 3736 4057 despicis,

2135 4077 2387 4131 venerari
2432 4085 2775 4132 contemnas.
2824 4076 3052 4134 Subtilis
3090 4078 3292 4134 etenim
3338 4079 3450 4133 vita
3499 4080 3737 4135 tenenda

2135 4175 2219 4221 est
2257 4168 2602 4224 rectitudinis
2627 4176 2683 4222 et
2706 4167 3050 4235 humilitatis,
3078 4179 3138 4224 ut
3165 4171 3244 4225 sic
3274 4172 3733 4241 reprehensibilia

2139 4258 2524 4329 magistrorum
2577 4257 2720 4312 facta
2765 4259 3125 4330 displiceant,
3176 4269 3443 4330 quatenus
3483 4262 3734 4317 subdito-

2138 4363 2257 4402 rum
2282 4364 2439 4404 mens
2467 4363 2499 4403 a
2534 4349 2804 4405 servanda
2831 4351 3133 4423 magisterii
3165 4354 3467 4408 reverentia
3504 4370 3615 4410 non
3641 4370 3731 4409 re-

2139 4440 2317 4494 cedat.

2210 4550 2469 4623 Deditque
2489 4551 2662 4606 David
2688 4570 3161 4622 numerum_eorum
3178 4574 3307 4628 quos
3327 4560 3732 4625 circumierunt;

2140 4650 2189 4696 et
2226 4644 2469 4698 inventus
2506 4656 2581 4699 est
2613 4647 2781 4701 omnis
2807 4646 2980 4702 Israel
3005 4665 3255 4705 numerus
3288 4649 3431 4705 mille
3452 4651 3645 4715 millia,
3686 4662 3733 4707 et

2141 4745 2348 4787 centum
2388 4733 2561 4790 millia
2605 4738 2935 4792 educentium
2970 4738 3225 4809 gladium.
3264 4741 3343 4798 De
3369 4742 3519 4798 Juda
3556 4756 3730 4799 autem

2142 4824 2526 4895 quadringenta
2577 4830 2910 4898 septuaginta
2964 4830 3134 4885 millia
3191 4832 3520 4889 bellatorum.
3590 4835 3729 4890 Nam

2143 4914 2265 4971 Levi
2290 4927 2336 4971 et
2366 4918 2647 4989 Benjamin
2680 4938 2782 4975 non
2813 4925 3128 4988 numeravit,
3163 4942 3224 4979 eo
3252 4927 3391 4999 quod
3415 4928 3611 4981 invitus
3638 4944 3729 4981 ea:-

2145 5019 2447 5078 sequeretur
2484 5011 2619 5080 regis
2657 5010 2952 5081 imperium.
2981 5013 3039 5067 ln
3062 5013 3269 5085 Regum
3300 5031 3429 5071 vero
3451 5017 3524 5071 ita
3552 5018 3724 5087 scrip-

456 5090 560 5144 rita
609 5104 1023 5163 conuectantur,
1072 5107 1130 5153 et
1169 5100 1432 5169 plebium,
1461 5112 1521 5157 ιιι
1570 5120 1711 5175 sape
1754 5121 1822 5160 ex
1883 5106 2044 5176 culpa
2144 5106 2257 5152 tum
2311 5108 2394 5153 est
2429 5118 2442 5153 :
2484 5099 2641 5155 Dedit
2694 5118 2816 5171 ergo
2862 5101 2998 5157 Joab
3044 5121 3316 5160 numerum
3365 5107 3725 5178 descriptionis

452 5191 731 5251 pastorum
761 5186 1000 5245 deterior
1027 5190 1120 5245 ﬁat
1146 5193 1256 5246 vim
1287 5193 1547 5263 plebium,
1577 5204 1632 5251 eg
1663 5212 1804 5268 sape
1834 5213 1900 5252 ex
1929 5213 2044 5253 me.
2138 5190 2319 5261 populi
2348 5193 2476 5263 regi,
2505 5202 2553 5246 et
2580 5194 2790 5247 inventa
2822 5205 2944 5248 sunt
2978 5196 3043 5250 de
3078 5196 3249 5251 Israel
3287 5199 3581 5268 octingenta
3609 5198 3727 5253 mil-

454 5270 560 5324 rito
600 5271 837 5340 plebium
880 5287 1118 5334 mutetur
1165 5282 1276 5336 vita
1313 5291 1613 5354 pastorum.
1652 5285 1759 5341 Sed
1796 5287 1922 5356 quia
1949 5303 2039 5343 re-

452 5371 634 5419 ctores
671 5365 875 5422 habent
905 5368 1142 5435 iudicem
1174 5390 1350 5442 suum,
1387 5393 1584 5448 magna
1615 5379 1826 5435 cautela
1855 5380 2040 5436 subdi-

454 5464 635 5510 torum
676 5465 762 5513 est
806 5474 912 5513 non
966 5470 1170 5521 temere
1214 5468 1378 5522 vitam
1416 5470 1665 5537 judicare
1709 5473 2034 5541 regentium.

448 5542 640 5615 Neque
687 5549 832 5603 enim
876 5549 1075 5608 frustra
1122 5571 1223 5626 per
1264 5561 1618 5631 semetipsum
1668 5560 1928 5616 Dominus
1967 5582 2038 5618 (vs

453 5634 929 5693 nummulariorum
971 5641 1130 5711 fudit,
1173 5657 1219 5700 et
1263 5649 1539 5704 cathedras
1585 5650 1917 5729 vendentium
1946 5671 2035 5709 co-

451 5721 655 5814 lumbas
697 5731 875 5782 evertit
918 5730 1132 5803 (Matth.
1176 5738 1291 5808 XXI)
1335 5757 1347 5792 :
1389 5741 1647 5796 nimirum
1698 5721 2033 5814 sigtiilicans,

453 5813 575 5881 quia
608 5830 705 5883 per
743 5821 1031 5889 magistros
1068 5826 1291 5895 quidem
1323 5829 1490 5884 vitam
1520 5828 1729 5898 iudicat
1757 5813 2032 5901 plebium,

2140 5282 2213 5336 lia
2254 5284 2488 5338 virorum
2537 5284 2782 5355 fortium,
2825 5288 2915 5358 qui
2952 5288 3229 5342 educerent
3264 5288 3537 5359 gladium;
3574 5300 3625 5345 et
3662 5290 3725 5345 de

2136 5372 2284 5428 Juda
2309 5377 2604 5447 quingenta
2642 5376 2813 5431 millia
2856 5387 3207 5449 pugnatorum
3256 5378 3345 5451 (II
3393 5378 3522 5452 Reg.
3548 5383 3719 5453 xm).

2147 5470 2415 5524 Asserunt
2457 5478 2636 5525 autem
2672 5469 2882 5527 Hebrmi
2916 5472 3059 5541 quod
3099 5472 3187 5527 hic
3224 5490 3498 5540 numerus,
3541 5477 3633 5547 qui
3667 5477 3720 5531 in

2148 5560 2595 5631 Paralipomenon
2628 5561 2844 5632 legitur,
2883 5562 2987 5617 hoc
3012 5572 3117 5629 est,
3152 5563 3218 5617 de
3240 5562 3410 5618 Israel
3434 5565 3579 5620 mille
3604 5565 3719 5620 mil-

2144 5653 2238 5717 lia,
2262 5662 2309 5706 et
2336 5662 2537 5706 centum
2563 5653 2731 5708 millia
2754 5654 2987 5707 virorum
3008 5655 3339 5710 educentium
3366 5655 3603 5727 gladium
3622 5700 3640 5723 ,
3672 5668 3720 5714 et

2141 5746 2206 5799 de
2230 5744 2377 5799 Juda
2398 5746 2780 5817 quadringenta
2803 5750 3133 5818 septuaginta
3155 5749 3321 5803 millia
3349 5762 3719 5821 pugnatorum,

2141 5836 2390 5889 inventus
2408 5835 2524 5891 sita
2546 5832 2681 5891 Joab
2700 5854 2712 5889 :
2731 5837 2824 5892 sed
2842 5850 3107 5892 summam
3130 5838 3272 5893 illius
3291 5839 3527 5894 noluisse
3539 5850 3715 5901 osten-
