3920 6462
182 380 296 436 377

1111 383 1462 440 COMMENT.
1505 384 1572 439 IN
1608 382 2159 442 PARALIPOIIENA.
2187 420 2256 429 —
2292 391 2419 447 LIB.
2459 392 2518 449 II.

3332 397 3438 454 378

178 497 321 550 dere
349 495 688 562 scriptorem,
728 494 833 548 nisi
859 495 914 548 in
939 505 1198 565 quantum
1236 498 1292 550 in
1327 495 1597 550 Samuelis
1626 496 1764 551 libro
1790 499 1844 556 A
1862 496 1952 565 jus
1979 497 2081 553 loci
2111 503 2441 558 mentionem
2475 505 2680 561 faciens
2706 507 2969 578 Iosephus
2999 511 3072 564 ita
3117 487 3304 579 refert,
3349 515 3434 569 di-

177 587 467 650 scribitur,
490 586 615 655 quia
631 586 703 640 ibi
722 588 1090 642 tantummodo
1109 589 1426 658 superstites
1439 589 1572 644 caedi
1593 604 1759 658 ange—

175 677 304 734 lica:
349 677 714 732 continentur.
755 679 908 744 Quod
944 687 1123 732 autem
1160 679 1308 741 dicit,
1351 679 1478 733 Levi
1522 689 1578 734 et
1617 680 1758 734 Ben-

168 771 356 840 jamin
387 783 494 824 non
523 783 645 823 esse
671 778 1000 836 numeratos,
1051 771 1178 825 Levi
1226 787 1334 826 non
1370 773 1761 826 numerabatur

173 869 409 931 propter
455 860 740 915 sacerdotii
772 860 1106 930 dignitatem,
1132 861 1258 931 quia
1292 862 1665 930 praecellebat;
1704 871 1760 918 et

173 948 484 1018 Benjamin,
512 951 637 1019 quia
663 951 868 1006 recenti
892 961 1129 1022 tempore
1155 951 1397 1008 fraterno
1418 952 1596 1022 gladio
1621 967 1760 1022 pene

172 1053 356 1107 usque
376 1038 445 1092 ad
469 1039 894 1094 internecionem
915 1049 1210 1095 corruerat.

244 1151 534 1222 Displicuit
560 1163 733 1206 autem
757 1152 975 1207 Domino
1003 1154 1143 1222 quod
1164 1155 1376 1225 jussum
1399 1163 1534 1222 erat,
1559 1165 1612 1210 et
1633 1173 1755 1227 per-

167 1243 339 1297 cussit
375 1242 566 1297 Israel.
606 1243 855 1314 Dixitque
890 1243 1061 1298 David
1091 1245 1160 1298 ad
1188 1245 1470 1299 Dominum
1495 1261 1514 1298 :
1542 1247 1756 1302 Peccavi

167 1333 353 1395 nimis,
399 1343 457 1386 ut
499 1334 596 1386 hoc
628 1333 870 1402 facerem.
906 1332 1149 1400 Obsecro,
1194 1335 1436 1402 Domine,
1476 1339 1756 1408 auferini-

163 1422 429 1494 quitatem
463 1424 593 1476 servi
625 1425 721 1488 tui,
749 1425 870 1494 quia
895 1425 1198 1494 insipienter
1215 1427 1314 1496 egi.
1352 1427 1418 1479 Et
1446 1427 1651 1482 locutus
1678 1438 1755 1483 est

164 1513 436 1572 Dominus
465 1516 532 1569 ad
575 1515 692 1570 Gad
730 1517 981 1571 videntem
1027 1517 1216 1582 David,
1270 1519 1446 1573 dicens
1470 1539 1487 1573 :
1526 1517 1668 1573 Vade
1704 1529 1752 1574 et

163 1609 382 1678 loquere
422 1607 490 1660 ad
533 1607 726 1672 David,
774 1617 822 1661 et
868 1608 951 1661 dic
990 1609 1038 1661 ei
1064 1622 1082 1660 .'
1111 1607 1240 1663 Haec
1291 1610 1416 1664 dicit
1473 1611 1747 1667 Dominus.

165 1697 351 1751 Trium
391 1697 488 1752 tibi
526 1698 782 1768 optionem
819 1699 927 1752 do:
955 1715 1115 1752 unum
1153 1701 1291 1770 quod
1316 1701 1560 1767 volueris,
1599 1703 1747 1774 elige,

161 1797 219 1840 ut
243 1788 451 1856 faciam
472 1787 584 1841 tibi.
611 1787 842 1858 Cumque
879 1791 1097 1845 venisset
1129 1787 1244 1844 Gad
1279 1791 1347 1844 ad
1387 1781 1575 1857 David,
1615 1795 1748 1848 dixit

157 1877 205 1931 ei
227 1851 253 1929 ί
278 1875 422 1931 ch
459 1878 585 1931 dicit
631 1851 1124 1952 Doniinus:Elige,
1174 1883 1314 1953 quod
1364 1851 1628 1938 volueris:
1657 1897 1746 1939 aut
1775 1851 1822 1910 Β

157 1969 325 2021 tribus
350 1969 512 2022 armis
539 1969 887 2038 pestilentiam
911 1989 929 2035 ;
965 1981 1057 2026 aut
1081 1973 1247 2026 tribus
1275 1975 1536 2029 mensibus
1571 1976 1748 2046 fugere

157 2068 206 2113 te
224 2060 409 2114 hostes
433 2069 570 2125 tuos,
601 2071 651 2114 et
684 2060 919 2131 gladium
947 2079 1127 2117 eorum
1168 2080 1272 2118 non
1303 2082 1452 2134 posse
1491 2067 1746 2132 evadere;

156 2161 250 2204 aut
299 2151 479 2206 tribus
530 2152 713 2207 diebus
757 2153 993 2224 gladium
1032 2153 1246 2208 Domini
1287 2164 1336 2208 et
1381 2166 1595 2211 mortem
1631 2175 1746 2212 ver-

155 2243 266 2295 sari
289 2243 346 2295 in
379 2251 549 2308 terra,
590 2252 638 2297 et
685 2242 926 2314 angelum
952 2243 1166 2298 Domini
1201 2245 1495 2314 inter/icere
1539 2249 1594 2300 in
1631 2248 1750 2300 uni-

153 2336 316 2390 versis
345 2335 540 2403 ﬁnibus
566 2335 753 2390 Israel.
780 2337 936 2391 Nunc
957 2354 1080 2407 ergo
1111 2339 1224 2392 vide
1256 2339 1383 2407 quid
1408 2340 1748 2408 respondeam

152 2428 200 2481 ci
239 2430 332 2499 qui
378 2430 524 2483 misit
561 2447 662 2485 me.
707 2431 772 2484 Et
816 2432 950 2485 dixit
989 2432 1158 2487 David
1190 2434 1258 2486 ad
1288 2431 1402 2486 Gad
1441 2451 1460 2488 :
1484 2433 1569 2487 Ea:
1605 2436 1747 2489 omni

152 2529 305 2589 parte
328 2537 421 2575 me
453 2523 709 2593 angustia!
731 2532 993 2592 premunt,
1029 2524 1118 2578 sed
1162 2524 1347 2578 melius
1390 2534 1465 2579 est
1500 2527 1648 2591 mihi,
1687 2535 1745 2579 ut

151 2609 390 2664 incidam
429 2612 484 2665 in
517 2629 704 2667 manus
733 2612 963 2690 Domini,
1003 2617 1126 2686 quia
1159 2617 1341 2670 multae
1372 2627 1492 2671 sunt
1527 2621 1746 2673 misera-

156 2703 323 2758 tiones
344 2707 488 2775 ejus,
525 2724 682 2776 quam
706 2708 763 2761 in
791 2725 979 2762 manus
1006 2710 1295 2763 hominum.
1326 2710 1473 2765 Misit
1502 2728 1622 2781 ergo
1644 2710 1748 2764 Do-

154 2797 330 2850 minus
346 2797 698 2866 pestilentiam
713 2800 769 2853 in
785 2800 976 2865 Israel,
994 2811 1041 2855 et
1055 2803 1352 2855 ceciderunt
1374 2803 1438 2856 de
1451 2801 1622 2857 Israel
1634 2820 1747 2872 sep-

155 2888 404 2957 tuaginta
426 2888 594 2942 millia
608 2890 861 2956 virorum,
885 2900 992 2945 etc.
1017 2891 1072 2945 In
1094 2891 1300 2962 Regum
1325 2892 1462 2946 libro
1483 2892 1745 2961 scriptum

154 2986 240 3032 est
280 2979 360 3032 ita
389 2997 402 3032 :
440 2975 707 3034 Percussit
732 2990 908 3035 autem
934 2982 1103 3036 David
1137 2999 1226 3036 cor
1262 2991 1536 3054 postquam
1567 2999 1746 3036 nume-

155 3075 304 3122 ratus
333 3078 413 3122 est
437 3069 681 3140 populus.
708 3070 779 3124 Et
807 3071 942 3125 dixit
971 3072 1140 3125 David
1161 3072 1230 3125 ad
1252 3071 1538 3126 Dominum
1564 3085 1582 3122 :
1615 3071 1746 3125 Pec—

154 3161 268 3214 cavi
292 3160 450 3214 valde
470 3162 525 3215 in
549 3165 644 3215 hoc
666 3162 826 3231 facto.
871 3161 977 3217 Sed
998 3179 1199 3231 precor,
1224 3164 1465 3228 Domine,
1495 3175 1550 3218 ut
1576 3174 1746 3217 trans-

152 3247 296 3317 feras
339 3250 672 3319 iniquitatem
717 3251 850 3305 servi
891 3252 985 3314 tui,
1025 3253 1150 3322 quia
1188 3252 1347 3307 stulte
1377 3255 1458 3322 egi
1482 3253 1656 3314 nimis,
1691 3261 1745 3307 et

151 3340 392 3409 reliqua.
429 3340 531 3395 Ubi
560 3343 873 3408 notandum,
905 3344 1048 3413 quod
1089 3344 1208 3399 ideo
1249 3345 1416 3399 David
1465 3347 1514 3398 in
1561 3361 1746 3400 nume-

148 3433 331 3488 rando
377 3434 632 3503 populum
674 3437 960 3490 Dominum
1009 3437 1209 3492 dicitur
1255 3437 1576 3503 oﬂ‘endisse,
1618 3439 1744 3507 quia

148 3515 290 3590 legis
330 3532 604 3594 praecepta
651 3525 708 3579 in
743 3540 810 3580 eo
850 3541 958 3580 non
1011 3528 1338 3582 observavit.
1397 3527 1532 3582 Nam
1587 3536 1643 3584 et
1688 3529 1744 3584 in

149 3611 294 3668 libro
343 3610 706 3669 Numerorum
751 3615 1012 3672 Dominus
1058 3617 1257 3686 legitur
1293 3617 1460 3688 Moysi
1505 3619 1580 3672 ita
1606 3633 1746 3689 pra-

152 3707 364 3776 cepisse
408 3726 422 3762 :
474 3706 658 3762 Tollite
721 3726 982 3763 summam
1047 3711 1306 3764 universae
1374 3711 1742 3781 congregatio-

154 3798 234 3851 nis
276 3797 513 3865 ﬁliorum
557 3797 748 3864 Israel,
787 3816 880 3869 per
915 3802 1248 3871 cognationes
1290 3810 1340 3855 et
1385 3802 1568 3856 domos
1615 3817 1742 3855 suas

155 3889 370 3943 nomina
410 3891 771 3961 singularum;
799 3893 1054 3963 quidquid
1099 3909 1254 3948 sexus
1293 3903 1367 3947 est
1398 3891 1676 3947 masculini
1707 3911 1740 3948 a

157 3979 399 4048 vigesimo
441 3998 580 4036 anno
609 3992 656 4036 et
681 3999 874 4053 supra,
917 3985 1148 4038 omnium
1174 3985 1404 4038 virorum
1431 3984 1648 4054 fortium
1674 3999 1740 4039 ea:

160 4067 360 4132 Israel,
415 4081 463 4126 et
509 4075 847 4129 numerabitis
897 4092 983 4129 eos
1029 4093 1120 4146 per
1169 4085 1370 4130 turmas
1421 4093 1545 4130 suas
1591 4086 1650 4130 tu
1689 4085 1739 4131 et

160 4161 332 4215 Aaron
364 4162 557 4233 (Num.
587 4165 648 4236 1).
702 4165 835 4231 Quia
871 4183 1001 4222 vero
1031 4167 1200 4221 David
1231 4167 1557 4238 generaliter
1575 4169 1740 4238 jussit

160 4265 344 4306 omnes
375 4253 673 4319 numerari,
716 4263 770 4308 et
819 4255 957 4308 infra
999 4257 1190 4326 viginti
1240 4273 1432 4323 annos,
1485 4268 1539 4312 et
1576 4273 1738 4327 supra

160 4343 342 4413 viginti
388 4361 602 4410 annos;
650 4345 853 4401 idcirco
893 4348 1315 4418 indignationem
1358 4349 1453 4406 Dei
1484 4358 1740 4420 expertus

160 4443 259 4489 est.
291 4435 440 4491 Idem
481 4453 696 4507 quoque
726 4438 780 4491 in
815 4438 954 4493 libro
987 4438 1157 4495 Exodi
1199 4440 1275 4494 ita
1320 4441 1583 4511 scriptum
1612 4449 1734 4495 est:

1862 600 1992 643 cens
2019 605 2033 641 :
2071 607 2091 639 ι
2125 590 2410 660 Prophetis
2456 595 2637 663 itaque
2669 597 3066 655 declarantibus
3093 601 3257 657 David
3289 606 3436 674 quod

1859 676 1910 730 ei
1941 676 2084 734 Deus
2132 679 2469 745 irasceretur,
2504 687 2807 755 supplicare
2848 691 3034 760 coepit,
3066 707 3298 764 eumque
3341 711 3434 753 ro-

1859 783 1988 840 gare
2031 779 2092 824 ut
2119 774 2385 843 propitius
2411 785 2558 830 esset
2581 784 2638 831 et
2661 780 2876 834 veniam
2925 785 3130 853 peccati
3168 789 3432 844 concede-

1859 869 1962 916 ret.
1988 861 2140 918 Tunc
2164 879 2296 935 ergo
2309 864 2424 921 Gad
2437 869 2757 936 prophetam
2776 871 2925 926 misit
2935 875 3003 927 ad
3016 889 3140 929 eum
3155 874 3295 932 Deus
3321 886 3434 936 tres

1857 951 2104 1021 supplicii
2139 954 2477 1011 conditiones
2501 967 2820 1026 portantem,
2842 969 2902 1014 ut
2914 975 3099 1017 earum
3131 981 3291 1034 quam
3309 983 3434 1038 pro-

1856 1040 2013 1097 baret
2034 1044 2254 1114 eligeret
2273 1064 2284 1099 :
2302 1055 2480 1101 utrum
2508 1049 2667 1104 vellet
2681 1049 2879 1106 famem
2905 1052 2956 1105 in
2972 1057 3249 1122 provincia
3271 1073 3432 1129 gene-

1857 1135 1968 1188 rari
1999 1137 2157 1191 annis
2177 1138 2371 1204 tribus,
2403 1148 2495 1193 aut
2516 1142 2689 1196 tribus
2715 1143 2988 1199 mensibus
3007 1149 3294 1218 pugnando
3315 1151 3433 1204 vin-

1856 1235 2070 1280 ceretur
2121 1227 2190 1282 ah
2236 1229 2512 1296 hostibus;
2559 1249 2627 1287 an
2672 1244 2820 1289 certe
2864 1236 3085 1292 morbus
3112 1246 3166 1292 et
3207 1239 3435 1308 languor

1855 1317 2125 1372 accideret
2147 1320 2201 1373 in
2228 1322 2416 1379 diebus
2443 1324 2698 1381 Hebraeis.
2728 1327 2819 1382 Ille
2858 1342 2988 1384 vero
3018 1330 3074 1384 in
3105 1332 3432 1386 anxietatem

1853 1406 2014 1477 hujus
2059 1409 2338 1467 electionis
2379 1416 2621 1470 omnium
2657 1433 2839 1472 rerum
2868 1420 3224 1488 pessimarum
3252 1421 3432 1475 incur-

1853 1514 1978 1556 rens
2031 1503 2393 1559 tribulabatur
2440 1515 2494 1560 et
2537 1509 2884 1565 vehementer
2924 1512 3106 1565 animo
3149 1511 3434 1566 videbatur

1853 1605 1972 1646 esse
2001 1593 2276 1650 confusus.
2314 1595 2557 1668 Cumque
2587 1602 2845 1670 propheta
2877 1601 3080 1657 diceret
3109 1604 3212 1658 hoc
3253 1604 3430 1658 omni-

1853 1685 2028 1740 modis
2069 1687 2373 1755 imminere,
2424 1698 2480 1744 et
2525 1707 2841 1761 responsum
2882 1693 3140 1749 velociter
3168 1695 3430 1766 exigeret,

1853 1786 1911 1830 ut
1938 1777 2162 1832 electam
2191 1781 2258 1834 ab
2286 1795 2350 1835 eo
2379 1783 2743 1838 conditionem
2792 1785 3150 1851 renuntiaret,
3184 1786 3430 1856 cogitans

1850 1885 1969 1934 rex,
1993 1871 2141 1940 quia,
2175 1873 2221 1926 si
2247 1872 2447 1928 famem
2469 1874 2714 1944 eligeret,
2743 1885 2933 1931 contra
2961 1876 3098 1932 alios
3126 1878 3231 1932 hoc
3253 1877 3433 1933 facere

1848 1961 2140 2028 videretur,
2159 1966 2377 2033 quando
2401 1965 2516 2036 ipse
2529 1967 2744 2035 quidem
2762 1969 2966 2023 habens
2981 1968 3150 2024 multa
3163 1968 3431 2024 frumenta

1850 2069 1954 2108 non
2004 2063 2280 2122 pateretur
2330 2058 2588 2128 inopiam,
2637 2059 2859 2129 reliquis
2887 2075 3035 2131 vero
3062 2070 3208 2116 esset
3259 2075 3428 2130 angu-

1849 2146 1980 2212 stia;
2015 2148 2141 2201 item
2167 2147 2211 2203 si
2239 2149 2464 2219 eligeret
2492 2151 2655 2205 trium
2693 2152 2959 2207 mensium
2999 2151 3284 2206 victoriam
3329 2152 3429 2206 h0—

1849 2240 2035 2306 stium,
2061 2242 2173 2311 ipse
2198 2243 2416 2311 quidem
2447 2243 2650 2298 habens
2675 2245 2820 2298 circa
2849 2259 2907 2299 se
2930 2245 3075 2299 viros
3102 2242 3426 2298 fortissimos

1849 2340 1901 2385 et
1929 2334 2196 2396 custodes,
2231 2334 2363 2387 nihil
2405 2335 2626 2390 omnino
2670 2343 2956 2399 metueret,
3005 2348 3106 2390 nec
3138 2349 3268 2390 vero
3310 2332 3430 2402 ejus

1849 2425 2122 2478 exercitus
2153 2425 2496 2491 subjaceret:
2537 2427 2681 2482 inter
2707 2428 2823 2482 hac
2863 2435 3043 2481 autem
3085 2441 3427 2482 communem

1847 2514 2026 2582 potius
2055 2515 2360 2584 passionem
2391 2525 2445 2571 et
2473 2532 2659 2586 regum
2686 2526 2742 2571 et
2766 2515 3132 2584 subjectorum
3161 2515 3347 2585 elegit,
3370 2515 3426 2570 in

1846 2622 1952 2676 qua
1982 2608 2144 2662 timor
2171 2608 2421 2664 omnibus
2451 2619 2532 2664 est
2562 2610 2804 2680 aequalis,
2829 2609 3054 2665 dicens:
3085 2609 3212 2680 quia
3235 2607 3428 2662 melius

1847 2700 1901 2753 in
1926 2699 2020 2754 Dei
2052 2700 2226 2770 magis
2255 2715 2418 2768 quam
2441 2701 2496 2754 in
2528 2701 2762 2757 hostium
2786 2717 2980 2756 manus
3007 2699 3266 2755 incidere.
3301 2696 3428 2754 Huic

1846 2791 2070 2845 audiens
2097 2791 2360 2860 propheta
2409 2793 2754 2847 renuntiabat
2782 2792 2911 2859 Deo,
2958 2793 3051 2863 qui
3079 2791 3326 2847 morbum
3372 2796 3428 2843 et

1849 2883 2125 2938 interitum
2151 2885 2299 2938 misit
2332 2884 2386 2937 in
2413 2885 2713 2940 exercitum
2743 2884 3116 2941 Hebraeorum.
3162 2881 3428 2936 Morieba-

1848 2982 1936 3027 tur
1961 2975 2107 3029 enim
2134 2988 2241 3030 nou
2275 2991 2384 3031 uno
2425 2977 2606 3042 modo,
2640 2986 2701 3030 ut
2726 2975 2883 3031 facile
2913 2977 3138 3046 languor
3161 2975 3429 3046 potuisset

1849 3069 2088 3140 agnosci.
2123 3067 2232 3125 Sed
2260 3085 2407 3125 mors
2434 3071 2649 3140 quidem
2676 3071 2984 3126 hominibus
3008 3069 3296 3124 multorum
3315 3067 3430 3121 lan-

1851 3174 2078 3229 guorum
2103 3161 2506 3228 occasionibus,
2539 3170 2594 3216 et
2619 3177 2739 3231 quae
2766 3176 2872 3214 non
2905 3168 3127 3230 possent
3153 3157 3424 3229 cognosci.

1851 3207 2078 3229 ῠ“”“““’“
2108 3207 2506 3228 ν*ν“··’·ν····’ν·νν
2542 3207 2594 3216 ""
2621 3207 2737 3231 ‘1"w
2768 3207 2872 3214 ""“
2907 3207 3126 3230 l'"""'
3157 3207 3424 3229 "D""""

1773 3207 1816 3269 Ο
1848 3248 2006 3302 facile
2035 3250 2303 3319 peribant.
2351 3251 2501 3305 Alius
2527 3251 2670 3304 enim
2698 3263 2861 3319 super
2882 3249 3044 3303 alium
3073 3247 3430 3309 moriebatur,

1845 3350 1899 3394 et
1929 3340 2160 3395 latenter
2195 3342 2486 3396 imminens
2521 3341 2724 3396 malum
2759 3340 3018 3395 velociter
3050 3338 3258 3394 ferebat
3287 3338 3428 3393 inte-

1847 3429 2029 3483 ritum.
2058 3428 2164 3484 Alii
2189 3428 2456 3499 siquidem
2486 3431 2699 3499 periere
2733 3445 2856 3484 cum
2893 3428 3305 3485 vehementibus
3333 3426 3430 3482 do-

1844 3521 2069 3586 loribus,
2099 3531 2154 3576 et
2175 3521 2411 3577 clamore
2433 3521 2746 3593 gemituque
2767 3522 3002 3576 animam
3026 3519 3425 3590 relinquebant.

1841 3612 1946 3667 Alii
1970 3627 2094 3667 vero
2117 3613 2248 3682 ipsis
2269 3612 3058 3684 passiombusinardescebant,
3082 3611 3156 3681 ita
3175 3619 3425 3681 utneque

1842 3720 2028 3759 curam
2074 3705 2332 3760 exhibere
2381 3705 2700 3775 corporibus
2750 3703 3130 3774 praevalerent,
3185 3702 3279 3758 sed
3321 3716 3421 3772 pro

1842 3795 2025 3850 labore
2054 3795 2365 3851 deﬁcerent.
2387 3796 2494 3850 Alii
2518 3803 2722 3860 autem,
2751 3793 3050 3865 repentinis
3079 3791 3316 3848 tenebris
3335 3805 3428 3845 eo-

1843 3904 1961 3942 rum
1991 3897 2222 3944 conatus
2259 3888 2673 3958 abripientibus,
2707 3887 2953 3942 suﬂ'ocati
2982 3887 3229 3957 protinus
3253 3885 3429 3954 exspi-

1841 3981 2052 4035 rahant.
2090 3981 2197 4034 Alii
2233 3995 2397 4051 super
2439 3988 2706 4044 mortuos,
2742 3994 2879 4050 quos
2927 3975 3281 4048 sepeliebant,
3322 3975 3425 4045 ipsi

1839 4086 2053 4141 quoque
2078 4071 2472 4137 moriebantur,
2505 4069 2855 4142 imperfectas
2883 4068 3252 4137 relinquentes
3274 4065 3425 4136 pari-

1841 4170 1924 4217 ter
1965 4161 2290 4230 sepulturas.
2319 4159 2616 4230 Incipiente
2659 4161 2842 4232 itaque
2869 4158 3130 4230 pestifero
3172 4158 3430 4228 languore

1839 4265 1934 4305 eos
1984 4252 2050 4305 ab
2101 4252 2234 4304 hora
2279 4259 2545 4305 matutina
2586 4251 2856 4321 perimere
2899 4265 3071 4319 usque
3123 4250 3192 4304 ad
3239 4251 3427 4304 horam

1838 4342 2053 4413 prandii
2076 4352 2452 4397 consummata
2479 4350 2606 4397 sunt
2627 4343 2970 4413 septuaginta
3002 4341 3190 4395 millia.
3227 4361 3245 4393 ι
3276 4339 3430 4407 Quod

1839 4440 2020 4486 autem
2069 4432 2199 4488 dicit
2241 4434 2583 4504 septuaginta
2631 4433 2796 4488 millia
2858 4435 3099 4488 virorum
3142 4429 3427 4508 interfecta

163 4519 385 4626 Locutus
428 4536 507 4581 est
548 4527 805 4582 Dominus
859 4529 928 4582 ad
986 4527 1204 4599 Moysen
1259 4531 1436 4585 dicens
1460 4546 1478 4583 :
1511 4529 1735 4596 Quando
1762 4568 1816 4626 D
1842 4522 2008 4626 misse
2038 4524 2103 4578 de
2147 4523 2332 4590 Israel,
2383 4525 2472 4626 hic
2519 4524 3112 4626 capitatantum-modo
3153 4523 3345 4626 plebis,
3375 4528 3430 4626 et

164 4613 338 4670 tuleris
377 4634 640 4671 summam
664 4617 894 4686 ﬁliorum
928 4617 1098 4673 Israel
1128 4621 1289 4688 juxta
1319 4639 1617 4686 numerum,
1646 4622 1733 4675 da-

166 4703 283 4758 bunt
324 4707 525 4777 singuli
563 4708 785 4778 pretium
819 4725 914 4778 pro
958 4710 1233 4764 animabus
1261 4712 1370 4765 suis
1402 4712 1652 4779 Domino,
1689 4722 1737 4768 et

166 4807 261 4847 non
290 4797 385 4849 erit
407 4797 568 4867 plaga
601 4797 654 4850 in
691 4799 781 4861 eis,
821 4815 938 4852 cum
968 4800 1165 4869 fuerint
1204 4804 1461 4857 recensiti.
1500 4802 1616 4857 Hoc
1645 4821 1740 4858 au-

168 4892 263 4936 tem
304 4887 448 4941 dabit
505 4889 672 4942 omnis
724 4891 812 4960 qui
854 4893 1040 4945 transit
1084 4893 1151 4945 ad
1202 4910 1409 4958 nomen,
1459 4893 1736 4947 dimidium

166 4973 272 5027 sicli
323 4976 476 5044 juxta
524 4994 822 5033 mensuram
879 4981 1074 5050 templi.
1121 4980 1294 5036 Siclus
1353 4982 1533 5050 viginti
1585 4982 1738 5037 habet

171 5065 354 5124 obolos.
422 5073 602 5127 Media
652 5090 774 5143 pars
835 5075 949 5128 sicli
1011 5076 1260 5144 offeretur
1321 5075 1570 5130 Domino.
1632 5075 1736 5142 Qui

170 5153 378 5213 habetur
401 5162 456 5216 in
480 5179 696 5216 numero
718 5181 751 5216 a
773 5165 952 5234 viginti
980 5167 1132 5219 annis
1167 5173 1216 5218 et
1245 5181 1428 5235 supra,
1456 5166 1602 5220 dabit
1621 5183 1738 5236 pre-

172 5244 310 5300 tium.
367 5251 521 5308 Dives
561 5271 666 5308 non
705 5255 859 5308 addet
891 5257 958 5309 ad
987 5256 1214 5310 medium
1258 5255 1404 5320 sicli,
1455 5267 1502 5310 et
1538 5273 1728 5328 pauper

174 5335 294 5390 nihil
339 5345 554 5398 minuet.
608 5343 1010 5416 Susceptamque
1052 5348 1348 5416 pecuniam,
1395 5364 1513 5418 quae
1542 5347 1734 5402 collata

175 5439 240 5479 est
261 5447 292 5482 a
306 5432 426 5500 ﬁliis
453 5435 642 5501 Israel,
667 5438 838 5491 trades
864 5440 917 5490 in
938 5455 1062 5491 usus
1086 5437 1408 5492 tabernaculi
1431 5439 1734 5503 testimonii,

176 5526 227 5569 ut
247 5521 308 5574 sit
327 5523 381 5578 in
401 5538 787 5580 monumentum
811 5543 989 5580 eorum
1014 5544 1190 5580 coram
1214 5527 1460 5592 Domino,
1490 5537 1536 5581 et
1562 5528 1720 5597 propi-

178 5609 321 5664 tiet-ur
345 5618 615 5671 animabus
647 5635 823 5672 eorum
857 5618 1051 5690 (Exod.
1077 5622 1228 5688 xxx).
1257 5620 1368 5674 Hoc
1389 5636 1518 5689 ergo
1537 5619 1736 5674 oblitus

180 5697 334 5756 David
361 5705 557 5774 facere,
591 5710 793 5766 idcirco
824 5709 1048 5765 ol'fendit
1082 5711 1391 5774 Dominum,
1436 5718 1491 5763 et
1529 5709 1597 5764 ob
1632 5707 1734 5762 hoc

181 5789 322 5863 Plaga
345 5800 489 5854 venit
517 5802 571 5858 in
597 5801 779 5858 Israel.
830 5802 939 5858 Nec
975 5802 1428 5872 praetereundum,
1460 5801 1602 5870 quod
1632 5799 1732 5854 hu-

1841 4616 2081 4671 seniores
2133 4617 2400 4670 numerati
2433 4625 2577 4672 sunt.
2619 4615 2887 4672 Caeterum
2935 4617 3001 4670 de
3043 4615 3192 4669 omni
3233 4611 3428 4683 populo

1841 4713 1918 4759 tot
1945 4707 2112 4761 millia
2149 4707 2435 4762 interfecta
2459 4707 2669 4762 Hebraei
2701 4705 2990 4772 alﬁrmant,
3023 4713 3156 4777 quot
3190 4704 3428 4759 millibus

1839 4797 1926 4850 ille
1955 4814 2232 4862 numerus,
2265 4799 2356 4867 qui
2399 4799 2453 4853 in
2483 4798 2933 4868 Paralipomenon
2981 4797 3260 4860 scribitur,
3305 4810 3427 4849 cum

1839 4890 1929 4958 qui
1981 4889 2035 4943 in
2086 4889 2295 4961 Regum
2347 4892 2770 4961 comprehensus
2821 4897 2924 4955 est,
2979 4887 3213 4944 excedit.
3263 4885 3429 4940 Aiunt

1838 4979 1982 5034 enim
2007 4983 2150 5050 quod
2178 4983 2232 5035 in
2263 4981 2712 5052 Paralipomenon
2739 4991 2793 5036 et
2822 4982 2877 5036 hi
2911 4983 3002 5051 qui
3025 4985 3425 5046 remanserunt,

1842 5082 1897 5130 et
1922 5074 1976 5127 111
2004 5074 2096 5144 qui
2128 5074 2399 5130 interfecti
2427 5086 2574 5140 sunt,
2599 5075 2758 5130 simul
2781 5075 2889 5129 sint
2919 5072 3208 5127 numerati.
3233 5070 3290 5124 In
3312 5070 3423 5125 Re-

1840 5178 1967 5234 gum
2008 5178 2136 5219 vero
2181 5167 2233 5219 in
2262 5167 2328 5221 VI
2359 5175 2568 5221 tantum
2598 5166 2842 5222 denotati
2879 5174 3031 5231 sunt,
3079 5165 3219 5220 sicut
3259 5178 3422 5234 supe—

1843 5255 1960 5310 rius
1987 5255 2414 5314 demonstratum
2441 5269 2543 5314 est.

1917 5344 2062 5399 Misit
2084 5364 2286 5418 quoque
2315 5349 2557 5420 angelum
2585 5351 2639 5402 in
2674 5336 3026 5413 Hierusalem,
3056 5359 3111 5402 ut
3137 5359 3424 5419 percuteret

1845 5449 1980 5488 eam.
2011 5434 2242 5507 Cumque
2271 5448 2649 5507 percuteretur,
2675 5438 2801 5492 vidit
2830 5438 3086 5494 Dominus
3107 5452 3154 5493 et
3183 5440 3423 5493 misertus

1840 5534 1916 5577 est
1940 5541 2096 5595 super
2125 5527 2485 5597 magnitudine
2511 5527 2658 5593 mali,
2685 5537 2733 5581 et
2764 5530 3035 5599 imperavit
3064 5527 3248 5598 angelo
3274 5569 3288 5591 ,
3333 5527 3424 5596 qui

1835 5609 2157 5684 "percutiebat
2183 5634 2201 5670 :
2236 5617 2457 5687 Sufﬁcit,
2474 5618 2592 5688 jam
2617 5629 2775 5674 cesset
2798 5637 2984 5676 manus
3013 5631 3124 5674 tua.
3150 5619 3301 5687 Quod
3326 5633 3422 5670 au-

1840 5714 1948 5761 tem
1970 5707 2186 5772 dicitur,
2210 5709 2497 5764 Dominum
2511 5712 2716 5768 vidisse
2738 5722 2794 5767 et
2809 5715 3088 5769 misertum
3105 5727 3244 5775 esse,
3269 5709 3422 5762 aiunt

1839 5797 2050 5854 Hebraei
2083 5800 2297 5858 Sadocb
2321 5806 2658 5864 sacerdotem
2685 5806 2970 5863 infulatum
2995 5806 3282 5863 Dominum
3325 5799 3419 5853 de-
