3920 6506
446 424 554 483 383

1104 423 1167 479 Β.
1210 422 1467 478 RABANI
1507 418 1728 477 MAURI
1759 413 2083 475 ARCHIEP.
2121 413 2431 472 MOGUNT.
2470 413 2759 474 OPERUM
2796 416 2982 473 PARS
3016 417 3059 473 Ι.

3622 421 3727 480 384

446 543 672 597 tum
713 524 834 608 fuit,
862 546 922 590 ut
969 536 1288 605 wdiﬁcarem
1326 535 1555 591 domum
1577 534 1775 588 nomini
1802 528 2015 585 Domini
2041 528 2095 588 Α
2117 526 2271 581 vulus
2295 528 2434 582 enim
2459 538 2619 583 natus
2646 539 2722 584 est
2752 531 2921 598 nobis,
2944 541 2993 585 et
3015 529 3190 587 Filius
3231 539 3387 589 datus
3432 545 3514 590 est
3542 537 3728 603 nobis;

446 631 546 687 Dei
568 631 708 685 mei:
735 629 826 684 sed
848 628 1020 698 factus
1041 637 1116 682 est
1145 642 1313 681 sermo
1338 625 1551 680 Domini
1577 624 1647 679 ad
1672 641 1777 689 me,
1802 624 1978 677 dicens
2001 638 2021 678 :

447 720 679 777 Multum
695 720 1003 790 sanguinem
1028 717 1283 787 eﬂudisti,
1302 725 1350 771 et
1374 716 1604 787 plurima
1628 715 1761 769 bella
1786 714 2023 779 bellasti;

448 830 553 870 non
571 813 764 883 poteris
785 810 1051 878 aediﬁcare
1073 810 1285 863 domum
1311 808 1509 861 nomini
1532 824 1663 872 meo,
1691 816 1837 861 tanto
1857 806 2024 875 effuso

376 940 387 955 κ
445 904 700 975 sanguine
736 919 913 958 coram
956 919 1057 957 me.
1091 900 1233 968 Quid
1260 908 1345 955 est
1371 900 1516 969 quod
1555 899 1724 954 David
1753 898 1883 953 dicit
1921 896 2022 953 sibi

446 996 793 1052 interdictam
822 1010 852 1050 a
879 994 1108 1049 Domino
1130 993 1323 1049 domus
1342 994 1440 1048 Dei
1468 993 1880 1049 aediﬁcationem
1899 1007 2027 1064 pro—

446 1096 568 1159 pter
610 1089 766 1143 multi
811 1087 1090 1159 sanguinis
1117 1085 1456 1153 effusionem,
1491 1088 1598 1143 nisi
1623 1087 1765 1157 quod
1798 1089 2027 1143 demon-

448 1185 589 1233 strat
615 1176 828 1233 Iudaeos
850 1185 1076 1248 propter
1116 1178 1392 1233 carnalem
1433 1178 1837 1234 observantiam
1860 1177 2025 1249 legis,

449 1284 515 1324 ac
543 1254 951 1338 sanguinolenta
980 1283 1162 1338 opera,
1187 1268 1532 1325 victimarum
1556 1272 1890 1341 corporalem
1914 1287 2030 1327 ma-

449 1357 763 1422 ctationem,
796 1372 903 1413 non
937 1374 1096 1429 posse
1121 1360 1382 1431 spiritalis
1402 1361 1614 1417 aediﬁcii
1646 1363 1903 1432 templum
1926 1364 2030 1419 Do-

449 1448 597 1503 mino
643 1450 931 1518 reparare?
959 1449 1099 1505 Dum
1141 1452 1287 1505 enim
1332 1453 1525 1507 attenti
1562 1454 1888 1523 appetebant
1924 1463 2031 1508 ter-

450 1556 603 1606 rena,
636 1542 815 1597 minus
856 1541 1070 1597 solliciti
1098 1541 1314 1597 fuerant
1358 1544 1424 1598 ad
1450 1545 1741 1614 quaerenda
1766 1543 2026 1600 caelestia.

452 1633 771 1689 Sive-etiam
800 1633 1071 1704 signiﬁcat
1096 1635 1241 1704 ipsos
1264 1634 1496 1700 Judaeos,
1530 1637 1621 1708 qui
1654 1637 1886 1706 pollutas
1910 1652 2024 1691 ma-

448 1741 551 1779 nus
579 1726 851 1781 habebant
883 1727 1146 1797 sanguine
1177 1728 1564 1798 prophetarum
1614 1745 1677 1785 ac
1710 1730 1878 1801 ipsius
1922 1729 2029 1785 Do—

452 1815 583 1870 mini
601 1856 616 1881 ,
644 1831 752 1871 non
775 1832 932 1887 posse
950 1826 1171 1888 propter
1190 1818 1529 1874 ferocitatem
1559 1821 1736 1876 cordis
1765 1822 1848 1876 sui
1875 1819 2032 1877 Chri-

2124 627 2173 672 et
2205 619 2376 688 Iactus
2396 628 2474 675 est
2497 623 2822 693 principatus
2841 639 2998 693 super
3022 624 3297 679 humerum
3338 628 3490 698 ejus;
3515 632 3733 683 vocabi-

2124 718 2214 763 tur
2233 728 2420 766 nomen
2442 713 2577 783 ejus,
2605 714 2962 781 Admirabilis,
2986 715 3352 787 Consiliarius,
3378 720 3526 777 Deus
3548 722 3731 792 fortis,

2128 799 2293 854 Pater
2316 800 2483 869 futuri
2511 803 2712 870 steculi,
2761 803 3008 866 Princeps
3058 809 3224 874 pacis.
3278 808 3732 881 Multiplicabitur

2125 890 2241 959 ejus
2262 892 2559 960 imperium,
2586 902 2632 946 et
2653 894 2799 964 pacis
2821 910 2925 947 non
2958 897 3055 949 erit
3075 896 3199 964 ﬁnis
3230 897 3395 970 (Isai.
3443 900 3562 971 1x).
3612 900 3734 971 Ipse

2126 988 2202 1033 est
2226 996 2333 1049 pax
2355 990 2532 1036 nostra
2567 982 2747 1053 (juxta
2795 982 2945 1040 Pauli
2991 989 3428 1061 attestationem)
3475 993 3574 1061 qui
3615 992 3733 1060 fecit

2126 1079 2349 1138 utraque
2388 1075 2552 1124 unum
2587 1071 2813 1143 (Ephes.
2845 1073 2950 1146 ιι);
2994 1082 3088 1146 qui
3122 1078 3178 1133 in
3216 1079 3518 1152 Evangelio
3568 1083 3733 1138 disci-

2127 1157 2269 1225 pulis
2289 1159 2365 1211 ait
2398 1177 2412 1212 :
2444 1159 2640 1215 Pacem
2669 1180 2839 1218 meam
2864 1165 2933 1219 do
2958 1167 3095 1222 vobis
3111 1181 3130 1218 .·
3152 1184 3333 1238 pacem
3359 1188 3536 1225 meam
3572 1172 3735 1227 relin—

2128 1268 2230 1325 quo
2255 1256 2394 1309 vobis
2417 1254 2608 1327 (Joan.
2632 1258 2779 1329 xxv).
2813 1259 2915 1327 Qui
2943 1261 3164 1318 veniens
3204 1263 3259 1319 in
3303 1266 3599 1331 mundum,
3640 1285 3736 1336 pa-

2128 1362 2238 1401 cem
2262 1347 2564 1416 praedicavit
2590 1349 2672 1404 his
2696 1353 2787 1422 qui
2815 1369 2992 1424 prope,
3014 1365 3059 1409 et
3096 1371 3279 1426 pacem
3320 1357 3401 1412 his
3439 1361 3537 1430 qui
3583 1359 3737 1430 longe

2129 1435 2365 1506 fuerunt,
2395 1439 2645 1509 quoniam
2671 1457 2764 1511 per
2790 1443 2960 1513 ipsum
2986 1446 3232 1502 habemus
3261 1464 3537 1503 accessum
3578 1450 3737 1504 ambo

2128 1529 2186 1583 in
2214 1544 2319 1582 uno
2343 1531 2535 1599 spiritu
2557 1532 2627 1585 ad
2655 1532 2869 1589 Patrem
2899 1535 3126 1608 (Ephes.
3152 1555 3191 1593 ιι
3210 1539 3250 1609 ).

2204 1616 2342 1687 Ipse,
2386 1619 2582 1688 inquit,
2613 1623 2892 1690 (ediﬁcabit
2926 1626 3141 1681 domum
3186 1633 3387 1685 nomint
3419 1648 3574 1696 meo,
3625 1651 3741 1704 qua

2132 1709 2153 1781 (
2187 1719 2422 1766 testante
2438 1713 2734 1785 Apostolo)
2767 1716 2953 1772 domus
2993 1736 3174 1775 sumus
3213 1739 3329 1788 nos,
3359 1724 3412 1777 si
3431 1724 3600 1791 ﬁdem
3651 1726 3744 1794 ﬁr-

2135 1817 2274 1855 mam
2306 1819 2467 1873 usque
2496 1806 2566 1859 ad
2608 1806 2767 1875 ﬁnem
2812 1810 3177 1867 retinuerimus
3206 1812 3405 1885 (Hebr.
3431 1816 3554 1888 ιιι).
3588 1816 3744 1872 Unde

450 1905 519 1959 sti
550 1921 842 1977 agnoscere
885 1909 1164 1979 pietatem,
1214 1911 1308 1981 qui
1351 1913 1486 1967 venit
1513 1913 1569 1966 in
1613 1919 1752 1967 hunc
1780 1913 2033 1967 mundum

2140 1902 2471 1950 memoratus
2491 1873 2729 1967 gentium
2765 1898 3054 1969 Apostolus
3079 1904 3147 1957 ad
3177 1873 3323 1974 ipsas
3362 1873 3562 1977 gentes
3603 1909 3742 1963 scri-

446 2004 739 2064 peccatores
768 1997 937 2053 salvos
979 1999 1153 2069 facere
1180 2000 1233 2073 (I
1285 2000 1421 2057 Tim.
1472 2003 1534 2074 ι),
1564 2005 1846 2060 credentes
1880 2005 1937 2060 in
1979 2020 2039 2063 se

449 2083 515 2138 ab
549 2086 695 2140 omni
725 2086 846 2143 labe
879 2090 1089 2158 peccati
1128 2091 1413 2159 mundare,
1442 2103 1490 2147 et
1524 2095 1698 2164 facere
1735 2095 1835 2149 sibi
1866 2112 2038 2166 popu-

446 2174 554 2229 lum
590 2180 981 2249 acceptabilem,
1020 2193 1327 2239 sectatorem
1358 2186 1611 2240 bonorum
1643 2204 1859 2256 operum
1903 2187 2034 2260 (Tit.

447 2266 530 2338 ιι).
564 2267 719 2324 Unde
745 2271 864 2340 ipsa
885 2270 1099 2329 Veritas
1119 2275 1175 2329 in
1202 2275 1498 2347 Evangelio
1518 2277 1697 2332 eidem
1720 2277 1918 2348 populo
1938 2279 2039 2336 sub

452 2360 671 2414 nomine
718 2359 1054 2418 Hierusalem
1084 2364 1437 2435 improperat,
1486 2367 1720 2422 dicens:
1776 2366 2036 2423 Hierusa-

453 2451 575 2517 lem,
629 2451 986 2520 Hierusalem,
1033 2472 1152 2526 qua:
1178 2457 1371 2511 occidis
1421 2459 1719 2529 prophetas,
1752 2468 1802 2513 et
1829 2459 2036 2531 lapides

448 2558 534 2594 eos
558 2544 646 2612 qui
675 2544 744 2597 ad
780 2554 827 2599 te
866 2546 1015 2600 missi
1055 2556 1198 2613 sunt,
1225 2549 1427 2618 quoties
1453 2548 1592 2603 volui
1622 2566 1939 2622 congregare
1971 2551 2039 2621 ﬁ-

448 2632 545 2687 lios
571 2644 707 2699 tuos,
738 2638 1177 2707 quemadmodum
1201 2640 1403 2711 gallina
1424 2654 1701 2714 congregat
1723 2644 1895 2714 pullos
1913 2662 2037 2702 suos

448 2724 543 2778 sub
576 2725 691 2780 alas
717 2744 861 2793 suas,
894 2740 941 2784 et
974 2730 1228 2785 noluisti?
1257 2732 1393 2787 Ecce
1418 2732 1730 2804 relinquitur
1756 2737 1900 2792 vobis
1942 2738 2038 2793 do-

453 2835 568 2872 mus
597 2831 765 2875 vestra
794 2822 1000 2877 deserta
1030 2822 1246 2893 (Matth.
1275 2825 1456 2897 χχιιι).
1488 2825 1615 2881 Haec
1640 2843 1769 2900 ergo
1804 2828 2037 2901 dignitas

449 2910 563 2964 veri
604 2909 700 2966 Dei
735 2912 919 2983 templi
947 2914 1247 2969 aediﬁcandi
1273 2916 1501 2986 pacilico
1535 2927 1723 2974 nostro
1758 2920 2037 2978 reservata

445 3009 533 3055 est
560 3019 573 3055 :
607 3003 673 3057 de
700 3019 809 3074 quo
838 3005 906 3060 ad
934 3006 1103 3061 David
1127 3008 1242 3077 ipse
1271 3007 1530 3066 Dominus
1558 3012 1635 3066 ait
1664 3031 1677 3067 :

526 3090 696 3148 Filius
724 3097 815 3165 qui
846 3106 1092 3152 nascetur
1127 3100 1242 3165 tibi,
1270 3103 1369 3155 erit
1400 3103 1479 3157 vir
1521 3105 1910 3174 quietissimus;
1947 3107 2034 3177 fa-

448 3186 584 3240 ciam
613 3188 751 3241 enim
777 3205 896 3243 eunt
924 3193 1243 3261 requiescere
1274 3196 1340 3248 ab
1384 3196 1626 3251 omnibus
1655 3199 1883 3255 inimicis
1920 3200 2031 3256 suis
2060 3231 2105 3295 ο

446 3294 538 3347 per
571 3279 878 3347 circuitum,
907 3289 956 3336 et
978 3282 1040 3337 ob
1067 3284 1203 3338 hanc
1224 3302 1439 3341 causam
1461 3290 1715 3360 paciﬁcus
1742 3292 2032 3361 vocabitur,

448 3376 498 3421 et
526 3385 709 3438 pacem
731 3379 781 3425 et
823 3372 987 3426 otium
1014 3372 1150 3428 dabo
1177 3376 1233 3430 in
1261 3374 1434 3453 Israel
1460 3383 1662 3437 cunctis
1694 3382 1875 3438 diebus
1899 3384 2036 3455 ejus.

450 3456 571 3526 Ipse
599 3458 880 3528 ludiﬁcabit
907 3460 1123 3516 domum
1145 3466 1346 3521 nomini
1374 3484 1512 3534 meo,
1543 3479 1594 3524 et
1626 3488 1736 3541 ipse
1777 3475 1876 3528 erit
1909 3476 2040 3531 mihi

449 3548 507 3601 in
533 3546 729 3616 ﬁlium,
759 3558 808 3603 et
832 3566 926 3620 ego
949 3568 1038 3606 ero
1060 3552 1140 3607 illi
1162 3555 1218 3609 in
1238 3565 1462 3625 patrem,
1485 3559 1810 3633 ﬁrmaboque
1844 3563 2036 3619 solium

450 3638 598 3707 regni
634 3639 749 3709 ejus
801 3658 957 3712 super
1000 3641 1173 3699 Israel
1213 3647 1271 3700 in
1298 3656 1573 3705 veternum.
1621 3650 1681 3705 In
1709 3653 1920 3723 psalmo
1952 3670 2039 3711 se-

450 3729 791 3798 ptuagesimo
815 3732 1012 3801 primo,
1039 3735 1125 3789 cui
1155 3737 1342 3793 titulus
1366 3748 1469 3807 est,
1500 3738 1749 3797 Psalmus
1782 3745 1838 3799 in
1875 3745 2038 3801 Salo-

451 3834 679 3887 monem,
719 3823 1021 3882 manifestis
1075 3829 1379 3901 mysteriis,
1432 3832 1643 3903 paciﬁci
1690 3836 1885 3902 nostri,
1935 3836 2039 3893 hoc

451 3916 559 3976 est,
586 3909 800 3969 Domini
821 3912 949 3971 Jesu
977 3916 1201 3985 Christi,
1228 3922 1493 3993 propheta
1520 3923 1692 3979 David
1712 3928 2039 3996 praenuntiat

455 4002 768 4072 adventum,
801 4006 890 4063 ubi
920 4008 1064 4065 inter
1088 4011 1195 4067 alia
1221 4012 1354 4069 dicit
1381 4032 1396 4068 :
1430 4013 1719 4072 Orieturin
1750 4018 1931 4074 diebus
1943 4020 2039 4090 ju-

449 4095 597 4149 stitia
624 4106 674 4151 et
707 4098 1033 4156 abundantia
1078 4104 1247 4173 pacis,
1271 4105 1435 4160 donec
1456 4107 1744 4163 extollatur
1772 4109 1922 4166 luna.
1968 4112 2038 4169 Et

452 4188 531 4243 sic
558 4204 792 4258 quoque.
825 4190 1044 4249 Orietur
1065 4196 1119 4250 in
1149 4197 1237 4252 die
1261 4197 1315 4251 in
1345 4206 1592 4267 tempore
1622 4210 1825 4258 sanctae
1851 4203 2035 4260 incar-

451 4279 713 4345 nationis,
742 4284 960 4351 quando
987 4294 1104 4339 erat
1129 4296 1288 4356 partu
1327 4287 1569 4360 Virginis
1594 4292 1890 4347 nascitura.
1933 4292 2031 4350 Ju-

451 4367 603 4423 stitia
664 4370 812 4426 enim
867 4370 1104 4430 Verbum
1162 4376 1342 4434 Patris
1395 4388 1517 4447 est,
1589 4384 1733 4451 quod
1810 4400 2029 4444 omnem

450 4469 759 4516 creaturam
812 4472 866 4518 et
904 4463 1239 4538 ’temporalia
1302 4468 1432 4526 fecit
1481 4472 1756 4542 universa,
1811 4478 1878 4533 de
1924 4495 2034 4550 quo

450 4549 694 4621 legitur:
759 4551 962 4611 Veritas
1005 4571 1073 4611 ae
1108 4567 1249 4613 terra
1311 4570 1426 4616 orta
1474 4575 1551 4619 est
1575 4604 1591 4630 ,
1640 4575 1692 4620 et
1720 4549 2028 4637 justitiaide

450 4644 574 4697 calo
595 4647 877 4716 prospexit.
919 4649 1174 4705 Addidit:
1209 4651 1275 4706 Et
1304 4653 1628 4711 abundantia
1658 4661 1823 4729 pacis,
1869 4661 2033 4717 donec

364 4724 370 4732 ’
450 4736 735 4791 extollatur
783 4738 910 4794 luna
938 4740 1111 4813 (Psul.
1136 4745 1375 4815 uxxxv).
1408 4746 1477 4801 Et
1516 4748 1604 4804 hic
1649 4724 1862 4820 quoque
1907 4755 2035 4807 sub-

456 4827 780 4884 audiendum
810 4838 913 4898 est,
938 4833 1153 4889 orietur.
1198 4837 1542 4895 Abundantia
1593 4857 1725 4913 ergo
1765 4844 1916 4912 pacis
1951 4859 2036 4901 est

450 4920 575 4975 dum
601 4921 789 4990 religio
808 4920 1240 4982 Christianon
1265 4936 1379 4986 toto
1401 4932 1534 4987 orbe
1549 4931 1844 4988 dilatatur:
1872 4935 2036 4991 donec

448 5009 730 5065 extollatur
762 5010 912 5078 luna,
944 5013 1098 5081 dixit,
1132 5014 1183 5069 id
1208 5025 1312 5084 est,
1344 5020 1580 5089 quandiu
1608 5023 1960 5091 protendatur
1982 5031 2038 5081 et

451 5111 709 5171 augeatur
736 5102 993 5170 Ecclesia,
1035 5113 1129 5161 aut
1167 5108 1492 5162 constitutus
1532 5111 2035 5180 praedestinatorum

451 5206 707 5246 numerus
719 5195 1072 5265 compleatur.
1101 5196 1168 5251 Et
1186 5196 1345 5265 paulo
1369 5207 1495 5253 ante
1517 5200 1572 5253 in
1593 5201 1781 5256 eodem
1800 5204 2031 5274 psalmo:

451 5277 774 5349 Suscipiunt,
808 5284 1003 5352 inquit,
1032 5295 1229 5339 montes
1259 5301 1441 5355 pacem
1484 5286 1677 5358 populo
1706 5299 1793 5345 tuo
1819 5290 2031 5366 (Ibid.).

451 5366 554 5421 Per
578 5379 775 5424 montes
804 5372 1175 5444 signiﬁcantur
1203 5375 1430 5443 apostoli
1450 5386 1505 5431 et
1525 5379 1821 5448 prophetae,
1849 5384 1937 5452 qui
1964 5385 2033 5439 ad

451 5477 680 5531 superna
711 5465 937 5523 ﬁrmiter
968 5468 1163 5523 elevati
1214 5469 1420 5525 coelein
1471 5472 1658 5542 gratiae
1700 5476 2027 5543 proximam.

448 5550 542 5607 Isti
564 5568 694 5625 ergo
714 5556 850 5612 tales
877 5572 1087 5626 pacem,
1119 5557 1173 5612 id
1197 5567 1300 5623 est,
1331 5558 1605 5617 Christum
1645 5565 1943 5635 suscipiunt
1971 5568 2036 5622 ﬁ-

449 5645 552 5701 deli
582 5649 778 5719 populo
808 5649 1228 5719 praedicandum.
1261 5651 1380 5722 Ipse
1401 5656 1546 5710 enim
1570 5655 1782 5712 Domini
1808 5660 2033 5729 populus

451 5743 550 5800 est,
582 5740 674 5809 qui
705 5740 755 5795 ei
782 5740 1029 5806 credidit,
1049 5749 1105 5795 et
1122 5740 1388 5811 spirituali
1410 5760 1469 5800 se
1490 5749 1900 5804 conversatione
1923 5757 2034 5804 tra-

452 5826 638 5881 ctavit.
672 5826 751 5884 De
776 5829 880 5885 hoc
905 5828 1134 5900 paciﬁco
1158 5829 1415 5889 lsaiasita
1433 5836 1643 5904 scribit,
1665 5837 1882 5895 dicens:
1904 5835 2037 5892 Par-

2055 4607 2111 4668 D

2125 1983 2273 2057 .bens
2301 1986 2374 2041 ait
2401 2002 2416 2040 :
2444 1987 2588 2059 Ergo
2604 1990 2721 2059 jam
2745 2007 2849 2046 non
2871 1995 2995 2048 estis
3019 1994 3245 2065 hospites
3284 2007 3334 2051 et
3379 1999 3628 2062 advenae,
3658 2000 3744 2053 sed

2137 2080 2263 2133 estis
2285 2080 2417 2135 cives
2440 2092 2764 2149 sanctorum,
2791 2095 2839 2139 et
2865 2085 3137 2141 domestici
3162 2088 3281 2155 Dei,
3326 2091 3746 2160 superwdiﬁcati

2137 2189 2294 2241 super
2325 2173 2729 2243 fundamentum
2751 2179 3109 2248 apostolorum
3129 2191 3176 2235 et
3196 2182 3609 2254 prophetarum,
3635 2185 3744 2253 ipso

2138 2280 2344 2318 summo
2372 2265 2619 2336 angulari
2651 2269 2825 2339 lapide
2869 2270 3077 2327 Christo
3112 2272 3265 2341 Iesu,
3314 2275 3371 2329 in
3418 2292 3529 2346 quo
3580 2278 3748 2329 omnis

2137 2353 2422 2423 aediﬁcatio
2453 2368 2754 2414 constructa
2782 2364 2967 2417 crescit
3009 2364 3067 2418 in
3107 2352 3356 2435 templum
3401 2376 3657 2419 sanctum
3696 2368 3747 2419 in

2137 2444 2480 2502 Domino:in
2518 2466 2620 2520 quo
2668 2460 2717 2505 et
2762 2469 2850 2507 vos
2899 2454 3239 2524 azdiﬁcamini
3278 2457 3335 2510 in
3376 2457 3748 2511 habitaculum

2138 2538 2237 2592 Dei
2257 2541 2312 2592 in
2335 2538 2537 2609 Spiritu
2566 2552 2747 2597 sancto
2770 2542 2994 2616 (Ephes.
3026 2545 3119 2617 ιι).

2209 2626 2279 2681 Et
2300 2630 2429 2698 ipse,
2456 2630 2653 2700 inquit,
2675 2632 2775 2703 erit
2797 2633 2928 2687 mihi
2955 2634 3009 2688 in
3034 2632 3229 2702 ﬁlium,
3257 2645 3306 2689 et
3339 2651 3435 2705 ego
3461 2652 3558 2689 ero
3595 2634 3677 2687 illi
3696 2637 3751 2687 in

2137 2731 2359 2791 patrem,
2383 2723 2709 2795 ﬁrmaboque
2738 2724 2928 2779 solium
2951 2727 3095 2796 regni
3123 2727 3238 2797 ejus
3260 2744 3420 2799 super
3471 2727 3653 2782 Israel
3700 2728 3750 2780 in

2138 2820 2410 2867 veternum.
2465 2812 2603 2870 Huic
2639 2817 2923 2872 sententiae
2967 2819 3268 2874 concordat
3304 2818 3565 2875 Psalmus
3603 2829 3753 2874 octo-

2138 2902 2374 2973 gesimus
2396 2912 2641 2973 octavus,
2683 2907 2774 2962 ubi
2799 2923 2865 2962 ex
2885 2923 3117 2977 persona
3141 2908 3353 2964 Domini
3377 2911 3454 2965 ita
3481 2911 3751 2981 scriptum

2136 3004 2221 3050 est
2247 3014 2260 3049 :
2295 2996 2417 3067 Ipse
2435 2998 2689 3052 invocavit
2719 3015 2802 3053 me
2834 3015 2854 3052 :
2881 2998 3045 3053 Pater
3068 3016 3214 3055 meus
3240 3017 3293 3055 es
3314 3011 3393 3064 tu,
3424 3001 3578 3056 Deus
3606 3017 3751 3056 meus

2137 3096 2185 3140 et
2209 3097 2477 3159 susceptor
2496 3089 2683 3144 salutis
2704 3106 2870 3158 meae;
2892 3101 2941 3145 et
2965 3108 3058 3163 ego
3104 3094 3508 3164 primogenitum
3554 3094 3753 3164 ponam

2136 3177 2307 3245 illum,
2330 3179 2591 3235 excelsum
2611 3197 2721 3252 pra:
2742 3181 2947 3253 regibus
2969 3194 3143 3238 teme.
3170 3184 3238 3237 In
3252 3194 3510 3239 aeternum
3527 3186 3751 3240 servabo

2141 3269 2223 3324 illi
2250 3272 2669 3327 misericordiam
2708 3290 2899 3341 meam,
2926 3284 2972 3329 et
3000 3285 3365 3331 testamentum
3391 3294 3573 3331 meum
3597 3276 3753 3347 ﬁdele

2140 3363 2259 3432 ipsi,
2283 3373 2332 3417 et
2356 3380 2548 3434 ponam
2572 3365 2626 3418 in
2652 3364 2903 3419 saeculum
2926 3366 3110 3420 saeculi
3130 3383 3304 3421 semen
3330 3367 3470 3437 ejus,
3504 3378 3553 3421 et
3601 3369 3748 3421 thro-

2142 3467 2272 3506 num
2297 3452 2415 3524 ejus
2441 3453 2579 3507 sicut
2605 3453 2715 3508 dies
2743 3453 2878 3509 cali.
2914 3454 2983 3509 Et
3005 3455 3109 3511 hoc
3134 3471 3166 3510 a
3191 3454 3366 3511 forma
3410 3456 3560 3510 servi
3610 3456 3749 3513 dici-
3778 3462 3789 3473 '

2141 3549 2252 3597 tur.
2281 3542 2344 3599 1n
2368 3543 2455 3599 his
2478 3553 2711 3614 quatuor
2735 3542 2985 3602 versibus
3010 3546 3255 3603 absolute
3292 3546 3606 3604 debellatur
3652 3549 3752 3604 ini-

2141 3638 2322 3707 quitas
2344 3636 2654 3693 Judaeorum
2679 3646 2736 3694 et
2751 3639 3151 3696 haereticorum.
3181 3641 3323 3710 Quid
3342 3643 3493 3699 enim
3515 3644 3747 3699 eviden-

2141 3727 2270 3792 tius,
2304 3728 2436 3798 quid
2463 3728 2698 3798 planius,
2727 3738 2789 3785 ut
2809 3745 2933 3787 esse
2964 3733 3220 3788 credatur
3262 3731 3423 3799 ﬁlius,
3464 3735 3560 3804 qui
3592 3736 3753 3790 invo-

2141 3826 2230 3872 cat
2255 3826 2487 3888 patrem,
2511 3828 2566 3873 et
2592 3835 2807 3875 rursum
2835 3823 3090 3903 credatur
3116 3837 3238 3879 esse
3261 3837 3414 3893 puer,
3438 3824 3535 3894 qui
3556 3825 3751 3896 appel-

2141 3910 2218 3965 lat
2236 3911 2444 3967 ﬁlium?
2468 3911 2604 3967 Nam
2638 3915 2887 3984 quamvis
2930 3916 3048 3971 haec
3093 3915 3201 3971 duo
3244 3917 3463 3971 nomina
3514 3918 3751 3973 relativa

2140 4000 2244 4056 sibi
2266 4001 2396 4067 sint,
2429 4017 2707 4072 unumque
2743 4002 2974 4060 suﬂiciat
3005 4006 3130 4072 dici,
3164 4016 3224 4062 ut
3258 4009 3547 4064 amborum
3565 4011 3749 4067 virtus

2138 4093 2312 4161 possit
2331 4092 2581 4165 intelligi,
2613 4102 2793 4151 tamen
2836 4109 2898 4152 ut
2942 4112 3160 4153 omnem
3207 4099 3524 4169 scrupulum
3561 4103 3746 4157 ambi-

2139 4185 2358 4256 guitatis
2373 4187 2705 4255 excluderet,
2729 4197 2959 4260 utraque
2986 4192 3185 4260 posuit,
3223 4200 3457 4263 utraque
3476 4193 3744 4261 ﬁrmavit,

2137 4285 2194 4329 et
2220 4276 2395 4331 adhuc
2422 4292 2529 4332 non
2553 4278 2750 4333 desinit
2784 4278 3092 4335 Judaeon
3135 4280 3325 4336 insana
3366 4282 3590 4338 deviare
3608 4300 3744 4353 pro-

2136 4370 2327 4436 tervia,
2357 4371 2484 4425 dum
2506 4372 2708 4427 erroris
2742 4371 2844 4427 fuit
2885 4388 3050 4429 causa
3087 4374 3317 4429 sublata.
3351 4374 3507 4443 Quod
3555 4384 3742 4432 autem

2136 4462 2381 4532 sequitur
2406 4480 2425 4519 :
2456 4463 2528 4518 Et
2562 4481 2656 4536 ego
2695 4465 3098 4537 primogenitum
3138 4484 3331 4537 ponam
3360 4467 3537 4535 illum,
3570 4466 3743 4525 excel-

2134 4569 2251 4608 sum
2285 4571 2395 4625 pra:
2417 4556 2622 4626 regibus
2656 4566 2832 4623 terrae,
2857 4560 3307 4627 perscrutandum
3346 4569 3400 4615 et
3435 4562 3596 4618 nobis
3634 4575 3741 4629 est,

2145 4660 2313 4715 quare
2342 4647 2498 4713 dixit,
2539 4650 2961 4721 primogenitum,
2992 4655 3147 4724 quasi
3186 4671 3317 4710 vero
3346 4654 3509 4712 Pater
3532 4659 3615 4713 sic
3649 4676 3743 4731 ge-

2144 4736 2264 4791 nuit
2287 4738 2717 4794 substantialiter
2736 4740 2955 4809 Filium,
2980 4752 3038 4797 ut
3057 4746 3481 4817 subsequeretur
3499 4758 3555 4804 et
3578 4751 3735 4806 alius.

2144 4826 2214 4880 Et
2233 4827 2334 4882 hoc
2359 4827 2643 4886 locutionis
2672 4847 2840 4903 genus
2854 4832 3148 4906 Scriptum
3168 4839 3362 4895 divinze
3384 4834 3601 4896 constat
3620 4858 3739 4900 esse

2142 4918 2445 4988 proprium,
2492 4921 2634 4977 sicut
2678 4932 2763 4979 est
2801 4935 2856 4980 et
2885 4926 3013 4983 illud
3036 4929 3091 4982 in
3124 4928 3418 5002 Evangelia
3442 4933 3513 4989 de
3536 4933 3737 5006 Joseph

2143 5019 2199 5069 et
2225 5011 2411 5078 Maria,
2440 5015 2532 5069 ubi
2558 5016 2635 5070 ait
2659 5037 2672 5071 :
2697 5016 2767 5071 Et
2794 5034 2897 5073 non
2922 5023 3157 5091 cognovit
3178 5038 3314 5089 eam,
3341 5025 3507 5080 donec
3535 5031 3735 5099 peperit

2140 5106 2312 5176 ﬁlium
2344 5123 2496 5161 suum
2536 5110 2934 5181 primogenitum
2966 5111 3191 5184 (Matth.
3210 5116 3281 5187 ι).
3319 5116 3574 5189 Nunquid
3603 5137 3704 5177 con

2141 5212 2375 5269 sequens
2400 5200 2504 5254 erit
2543 5210 2604 5254 ut
2629 5200 2782 5273 virgo
2821 5216 3036 5274 semper
3070 5204 3236 5260 Maria
3278 5214 3401 5277 post
3442 5208 3731 5265 Dominum

2141 5289 2415 5346 Christum
2457 5292 2685 5347 alterum
2737 5294 3227 5364 peperisse-ﬁlium
3284 5299 3578 5354 credatur?
3626 5301 3730 5356 Sed

2139 5385 2279 5438 bene
2299 5383 2495 5438 dicitur
2515 5385 2906 5454 primogenitus,
2936 5389 3184 5455 quamvis
3211 5387 3356 5444 solus
3371 5390 3634 5458 probetur
3662 5406 3727 5445 ex

2140 5472 2318 5528 Patris
2360 5471 2661 5527 substantia
2689 5488 2857 5545 genus
2886 5493 2898 5529 :
2923 5475 3040 5544 Ipse
3075 5476 3217 5531 enim
3258 5478 3389 5533 dicit
3419 5497 3433 5532 :
3464 5479 3581 5550 Ego
3611 5497 3723 5534 sum

2134 5563 2293 5633 alpha
2321 5574 2369 5617 et
2395 5580 2597 5634 omega,
2626 5566 2936 5621 novissimus
2966 5577 3014 5623 et
3037 5569 3255 5639 primus,
3274 5569 3488 5624 initium
3503 5580 3560 5626 et
3579 5569 3720 5635 ﬁnis,

2134 5657 2385 5727 princeps
2409 5664 2464 5712 et
2488 5658 2640 5730 origo
2675 5659 2864 5725 David,
2885 5669 2946 5715 ut
2964 5662 3160 5717 merito
3205 5676 3383 5718 sermo
3431 5662 3538 5718 iste
3576 5676 3723 5732 quat-

2135 5748 2366 5803 stionem
2399 5749 2601 5805 habere
2629 5764 2737 5806 non
2760 5750 2969 5817 debeat,
2997 5752 3211 5822 quando
3238 5753 3413 5823 ipsum
3441 5759 3497 5808 et
3518 5752 3721 5823 princi-

2133 5841 2284 5913 pium
2308 5854 2429 5896 esse
2456 5850 2672 5897 constat
2697 5850 2755 5899 et
2790 5841 2973 5898 ﬁnem.
3000 5840 3228 5910 Ponant,
3251 5845 3576 5901 constituam
3601 5840 3715 5913 (di-
