3920 6462
121 412 239 472 385

1066 401 1421 463 COMMENT.
1452 401 1522 459 IN
1557 397 2117 459 PARALIPOMENA.
2151 426 2223 438 —
2258 395 2389 454 LIB.
2427 394 2495 452 II.

3311 382 3428 450 586

123 528 225 591 cit,
255 523 402 580 sicut
429 521 485 577 in
513 519 749 578 secundo
780 519 988 591 psalmo
1012 522 1123 577 ait:
1149 521 1264 593 Ego
1307 528 1482 576 autem
1532 519 1731 574 consti-
1758 521 1814 583 Α
1836 515 1999 588 legem
2021 522 2116 569 aut
2138 514 2455 585 prophetas;
2478 527 2585 566 non
2606 509 2723 567 ueni
2741 511 2958 573 soluere,
2982 510 3075 565 sed
3116 481 3442 581 adimplere;

124 626 285 671 tutus
324 629 442 669 sum
476 628 569 667 rea:
588 612 653 667 ab
680 610 770 684 eo)
797 610 1055 667 excelsum
1084 629 1194 683 prie
1220 612 1426 683 regibus
1455 620 1626 675 terrae,
1659 611 1733 665 si-

1830 608 1998 661 Amen
2017 605 2202 678 quippe
2226 604 2344 658 dico
2365 602 2540 658 vobis:
2565 602 2678 656 iota
2700 617 2863 656 unum
2885 610 2976 655 aut
3005 616 3140 655 unus
3168 616 3304 672 apem
3322 617 3433 658 non

126 717 226 764 cut
273 706 331 759 in
369 703 767 774 septuagesimo
806 704 982 773 primo
1026 705 1234 775 psalmo
1276 704 1479 759 dictum
1519 710 1639 757 est:
1665 701 1734 755 Et
1829 696 2112 769 presteribit
2149 713 2182 749 a
2222 694 2331 763 lege
2366 693 2530 748 donec
2567 692 2744 747 omnia
2774 692 2907 762 ﬁant
2958 690 3185 764 (Matth.
3230 690 3318 765 v).
3363 691 3434 747 Et

134 797 447 852 adorabunt
494 811 611 848 eum
671 810 847 849 omnes
910 797 1052 865 reges
1114 804 1289 850 terrae.
1338 793 1396 847 In
1445 801 1731 857 aeternum,

130 886 338 955 inquit,
370 883 708 940 servahoilli
753 884 1181 939 misericordiam
1229 898 1428 949 meam,
1472 891 1530 939 et
1572 890 1736 938 testa-

132 987 388 1044 mentum
410 992 589 1031 meum
615 975 772 1030 ﬁdele
794 975 917 1044 ipsi.
945 974 1013 1029 Et
1037 976 1139 1031 hoc
1164 992 1196 1029 a
1219 974 1391 1030 forma
1404 975 1602 1030 dicitur
1621 989 1736 1029 ser-

129 1072 210 1135 vi,
233 1070 370 1140 quia
402 1068 833 1125 misericordiam
879 1068 1056 1123 Patris
1094 1077 1297 1123 aeterno
1340 1067 1592 1122 videlicet
1640 1067 1736 1121 ho-

131 1177 271 1217 nore
301 1161 566 1230 suscepit,
592 1160 678 1215 cui
702 1167 962 1230 perpetua
987 1160 1113 1215 data
1139 1167 1224 1214 est
1262 1166 1503 1229 potestas
1523 1158 1577 1212 in
1598 1157 1738 1212 coelo

133 1263 189 1310 et
218 1254 274 1307 in
307 1262 455 1306 terra
481 1250 711 1327 (Magn.
734 1250 963 1323 XXVIII).
993 1251 1401 1307 Testamentum
1430 1267 1561 1307 vero
1581 1251 1739 1306 ﬁdele

133 1354 219 1401 est
250 1344 350 1409 illi,
394 1344 610 1413 quando
632 1358 965 1413 quaecunque
1000 1344 1278 1414 propheta:
1328 1344 1394 1399 de
1440 1343 1557 1413 ipso
1602 1356 1742 1411 prae-

135 1438 423 1501 dixerunt,
450 1436 798 1506 integerrima
824 1435 1054 1490 veritate
1078 1435 1345 1505 completa
1369 1441 1517 1489 sunt.
1546 1433 1615 1486 Et
1641 1450 1739 1503 po-

139 1548 288 1597 nam,
319 1530 523 1600 inquit,
552 1531 607 1585 in
637 1530 891 1584 sreculum
926 1526 1108 1582 seaculi
1136 1544 1310 1582 semen
1354 1526 1494 1597 ejus,
1520 1534 1570 1579 et
1597 1525 1742 1579 thro-

137 1640 265 1676 num
295 1622 422 1691 ejus
444 1624 580 1676 sicut
616 1621 728 1677 dies
752 1618 887 1675 calli.
931 1618 1199 1675 Saeculum
1238 1618 1422 1674 saeculi
1471 1617 1742 1689 signiﬁcat

135 1713 527 1769 aeternitatem.
569 1711 765 1768 Semen
796 1727 925 1768 vero
955 1711 1123 1767 David
1156 1710 1405 1766 Christus
1430 1718 1516 1765 est
1558 1708 1742 1765 Domi-

138 1822 263 1870 nus,
315 1806 419 1875 qui
463 1805 519 1859 in
555 1813 757 1860 aeterna
800 1803 972 1875 gloria
1010 1801 1327 1869 collocatur,
1378 1808 1572 1874 regnat
1615 1815 1741 1857 cum

1834 789 1962 844 alibi
1988 805 2003 843 :
2032 786 2254 853 Ctelum,
2284 786 2477 857 inquit,
2508 795 2557 840 et
2578 794 2720 839 terra
2745 786 3003 839 transient
3034 801 3053 839 :
3073 785 3230 841 verba
3255 793 3433 841 autem

1782 890 1950 947 [mea
1997 896 2102 934 non
2158 880 2415 934 transient
2461 876 2668 950 (Marc.
2709 875 2864 949 χιιι).
2914 876 3086 947 Ligna
3130 885 3187 933 et
3228 876 3436 947 lapides
3470 904 3490 931 ι

1833 980 2095 1043 pratterea
2147 972 2318 1027 David
2366 971 2693 1042 praeparavit
2735 970 2804 1026 ad
2845 969 3100 1025 universa
3161 970 3433 1040 impendia

1835 1064 2213 1130 aediﬁciorum,
2248 1063 2378 1134 quia
2407 1062 2649 1118 diversas
2682 1061 2960 1117 hominum
2993 1076 3277 1132 personas,
3302 1076 3439 1132 quas

1838 1154 2108 1226 lignorum
2138 1162 2193 1208 et
2219 1153 2458 1223 lapidum
2481 1153 2703 1208 nomina
2745 1159 2939 1207 notant
2980 1152 3284 1225 (lignorum
3333 1152 3441 1208 sci-

1837 1244 1964 1300 licet
1991 1252 2213 1314 propter
2259 1244 2549 1300 elationem
2589 1242 2808 1308 mentis,
2853 1251 2909 1299 et
2934 1241 3173 1313 lapidum
3215 1249 3441 1313 propter

1842 1336 2102 1392 duritiam
2123 1335 2336 1407 cordis)
2360 1334 2448 1391 lex
2476 1341 2532 1389 et
2558 1334 2855 1406 prophetae,
2882 1333 3063 1389 securi
3094 1331 3246 1388 verbi
3291 1332 3441 1389 deci-

1839 1426 2017 1482 dendo
2049 1433 2104 1482 et
2149 1424 2420 1496 poliendo,
2472 1425 2539 1479 ad
2589 1424 3052 1480 constructionem
3103 1423 3297 1480 domus
3343 1423 3443 1479 Dei

1841 1516 2219 1572 decentissime
2243 1516 2646 1587 praeparabant.
3444 1580 3449 1593 ‘

1914 1606 2092 1662 Habes
2113 1625 2316 1679 quoque
2334 1608 2589 1679 plurimas
2617 1607 2865 1677 artiﬁces,
2893 1607 3116 1662 latomos
3144 1618 3193 1662 et
3217 1624 3444 1665 coemen-

1843 1701 2029 1766 tarios,
2052 1700 2281 1771 artiﬁces
2299 1717 2505 1773 quoque
2524 1700 2786 1771 lignorum
2820 1702 3055 1755 omnium
3099 1702 3317 1767 artium,
3370 1702 3442 1757 ad

1845 1788 2147 1860 faciendum
2175 1808 2305 1862 opus
2330 1792 2761 1863 prudentissimos
2800 1792 2856 1845 in
2908 1808 3068 1846 aureo
3117 1803 3167 1847 et
3203 1801 3444 1864 argento,

139 1895 302 1951 Patre
355 1903 417 1951 et
467 1894 672 1965 Spiritu
706 1904 895 1950 sancto
930 1908 1027 1963 per
1056 1893 1239 1949 omnia
1279 1892 1475 1948 saecula
1520 1891 1744 1947 saeculo—
1771 1913 1820 1973 Β
1846 1900 1950 1938 ωνε
1977 1893 2027 1938 ει
2054 1884 2217 1954 ferro.
2250 1883 2507 1940 Artiﬁces
2539 1885 2734 1940 domus
2760 1883 2859 1939 Dei
2888 1884 3274 1954 praedicatores
3319 1892 3450 1940 sunt

138 2004 281 2043 rum.
317 1988 580 2043 Thronus
609 1995 791 2043 autem
817 1987 933 2057 ejus
956 1995 1196 2057 potestas
1221 1993 1306 2040 cst
1327 1984 1495 2040 futuri
1517 1983 1740 2053 iudicii:

136 2095 258 2148 qum
290 2086 449 2134 tanta
478 2080 705 2135 veritate
729 2080 1036 2148 peragenda
1069 2084 1172 2143 est,
1212 2083 1275 2131 ut
1323 2075 1528 2131 sanctis
1572 2074 1747 2129 omni-

137 2170 238 2225 bus
262 2169 479 2226 cuelesti
494 2170 747 2225 claritate
770 2168 1105 2240 praefulgeat.
1139 2167 1434 2223 Sciendum
1454 2181 1585 2221 sane
1612 2165 1747 2221 alios

135 2277 256 2318 esse
278 2263 406 2319 dies
430 2263 584 2328 istos,
627 2262 721 2331 qui
766 2261 868 2316 sibi
913 2261 1117 2317 vicaria
1169 2259 1504 2314 revolutione
1553 2272 1745 2313 succe-

138 2352 304 2419 dunt;
333 2361 394 2409 et
423 2353 571 2407 illum
602 2352 862 2418 futurum,
901 2353 994 2422 qui
1035 2351 1292 2407 continua
1317 2351 1435 2406 luce
1455 2359 1748 2421 perpetuus

138 2454 242 2509 est,
274 2445 343 2499 de
370 2460 484 2515 quo
511 2443 565 2498 in
600 2443 931 2514 octogesimo
965 2444 1126 2498 tertio
1164 2441 1374 2512 psalmo
1399 2441 1604 2496 dictum
1630 2449 1742 2495 est:

142 2536 283 2602 Quia
311 2536 506 2591 melior
530 2545 607 2590 est
631 2536 741 2589 dies
790 2553 895 2589 una
938 2537 994 2589 in
1042 2536 1193 2589 atriis
1236 2534 1338 2588 tuis
1367 2549 1526 2604 super
1554 2530 1742 2588 millia.

140 2635 247 2689 Aut
270 2635 476 2690 merito
501 2632 617 2689 dies
644 2633 767 2689 coeli
795 2633 867 2688 sit
887 2633 1084 2698 dictus,
1133 2631 1224 2705 qui
1275 2629 1487 2701 objecta
1539 2628 1748 2685 telluris

143 2728 403 2782 tenebras
429 2742 535 2781 non
559 2733 737 2795 potest
757 2725 958 2780 habere
982 2732 1278 2778 nocturnas

218 2816 357 2871 Ecce
380 2834 474 2887 ego
496 2817 551 2870 in
571 2826 878 2886 paupertate
908 2831 1021 2868 mea
1048 2815 1343 2884 prwparavi
1364 2814 1623 2884 impensas
1647 2811 1745 2866 do-

143 2922 260 2960 mus
288 2907 525 2972 Domini,
578 2908 710 2975 auri.
742 2906 943 2961 talenta
983 2914 1190 2959 centum
1233 2903 1425 2964 millia,
1451 2913 1500 2957 et
1545 2900 1748 2972 argenti

144 2996 290 3049 mille
333 2996 526 3063 millia,
578 2996 895 3051 talentorum
946 2996 1067 3050 aeris
1112 3012 1232 3049 vero
1271 3004 1319 3049 et
1350 2994 1479 3063 ferri
1524 3010 1630 3046 non
1673 2999 1749 3045 est

143 3087 381 3158 pondus,
424 3088 653 3141 vincitur
697 3089 835 3141 enim
884 3104 1131 3141 numerus
1173 3084 1530 3140 multitudine.
1582 3081 1752 3153 Ligna

145 3187 193 3231 et
243 3177 450 3242 lapides
502 3178 798 3249 prwparavi
846 3179 917 3231 ad
960 3180 1202 3233 universa
1245 3177 1532 3249 impendia.
1594 3174 1749 3243 Quod

1846 1974 2046 2041 sancti,
2069 1975 2162 2044 qui
2196 1975 2486 2044 aliquando
2505 1974 2856 2040 latomorum,
2877 1974 3168 2045 aliquando
3194 1990 3326 2032 vero
3345 1991 3449 2033 ca-

1846 2066 2259 2132 mentariorum,
2288 2064 2579 2135 aliquando
2614 2066 2779 2120 etiam
2820 2066 3308 2134 carpentariorum,
3371 2076 3449 2122 at-

1846 2170 1952 2226 que
1992 2156 2271 2213 fabrorum
2302 2158 2424 2212 auri
2451 2164 2509 2212 et
2534 2158 2767 2229 argenti,
2804 2165 2861 2212 et
2886 2166 3208 2213 cancrorum
3258 2158 3451 2215 metalu

1844 2248 2023 2305 lorum
2052 2251 2272 2305 nomine
2301 2258 2523 2320 propter
2547 2249 2794 2306 diversas
2843 2251 3089 2306 actiones
3134 2268 3424 2324 nuncupan

1846 2349 1956 2407 tur,
1991 2343 2118 2413 quia
2145 2343 2299 2414 juxta
2329 2342 2647 2412 qualitatem
2673 2341 2980 2396 auditorum
3014 2341 3237 2399 formari
3249 2344 3450 2400 debent

1847 2449 2128 2490 sermones
2154 2433 2589 2504 praedicantium.
2621 2432 2793 2487 Aliter
2838 2420 2987 2488 enim
3046 2435 3274 2490 docendi
3319 2443 3451 2490 sunt

1847 2525 2143 2596 sapientes,
2197 2532 2362 2594 atque
2390 2523 2549 2579 aliter
2584 2523 2935 2593 insipientes;
2994 2524 3154 2578 aliter
3202 2526 3444 2596 superbi,

1848 2616 2007 2671 aliter
2030 2615 2288 2681 humiles,
2308 2623 2365 2670 et
2388 2615 2548 2671 aliter
2579 2615 2769 2682 fortes,
2819 2625 2983 2689 atque
3036 2618 3197 2675 aliter
3244 2620 3446 2676 inﬁrmi

1844 2717 1972 2764 sunt
2004 2709 2299 2766 imbuendi.

1919 2797 2181 2870 Prwcepit
2204 2817 2415 2872 quoque
2448 2800 2618 2856 David
2663 2804 2865 2857 cunctis
2906 2804 3229 2876 principibus
3279 2803 3453 2860 Israel

1848 2897 1905 2941 ut
1927 2888 2241 2959 adjuvarent
2264 2889 2603 2947 Salomonem
2643 2892 2816 2963 ﬁlium
2847 2910 3002 2948 suum
3033 2908 3052 2946 :
3084 2896 3317 2963 cernitis,
3368 2897 3453 2953 in-

1848 2978 2050 3048 quiens,
2083 2980 2223 3051 quod
2244 2979 2503 3035 Dominus
2534 2981 2677 3037 Deus
2702 2993 2868 3038 vester
2887 2985 3151 3039 uobiscum
3173 2987 3265 3047 sit,
3284 2996 3333 3040 et
3358 2985 3453 3042 de-

1853 3070 1990 3125 derit
2027 3070 2170 3126 vobis
2191 3073 2419 3143 requiem
2444 3089 2539 3143 per
2572 3074 2876 3142 circuitum,
2904 3086 2952 3129 et
2974 3077 3252 3132 tradiderit
3274 3095 3450 3133 omnes

1852 3163 2089 3217 inimicos
2114 3165 2170 3218 in
2194 3180 2411 3218 manum
2468 3175 2713 3231 vestram,
2746 3177 2795 3221 et
2822 3168 3058 3238 subjecta
3079 3170 3147 3222 sit
3177 3180 3317 3224 terra
3363 3187 3453 3224 co-

147 3268 325 3323 David
348 3269 405 3322 in
426 3277 742 3339 paupertate
769 3284 828 3324 se
853 3270 983 3325 dicit
1003 3262 1494 3340 impensas'domus
1535 3265 1748 3322 Domini
1775 3269 1821 3333 ρ
1853 3273 1969 3310 ram
1996 3257 2223 3311 Domino
2249 3266 2297 3310 et
2322 3272 2501 3309 coram
2521 3256 2713 3327 populo
2740 3258 2873 3327 ejus.
2897 3257 3136 3313 Prwbete
3149 3277 3272 3330 ergo
3291 3262 3453 3316 corda

142 3372 515 3428 praeparasse,
548 3358 675 3413 licet
719 3361 835 3414 haec
880 3360 1045 3415 verba
1088 3360 1449 3414 humilitatem
1502 3356 1619 3427 ejus
1674 3359 1755 3412 in-

145 3449 398 3513 sinuent,
452 3457 632 3503 tamen
681 3448 981 3519 ﬁguraliter
1036 3448 1348 3519 signiﬁcant
1395 3448 1750 3519 indigentiam

144 3540 357 3597 litterae
381 3540 590 3611 legalis,
616 3556 737 3610 quae
776 3541 1015 3596 scientiae
1047 3539 1332 3609 multiplici
1359 3538 1597 3595 deservit
1618 3538 1753 3594 Novi

150 3632 513 3688 Testamenti.
548 3631 681 3687 Nam
720 3633 836 3702 ipsa
862 3640 1083 3702 propter
1110 3632 1483 3686 inﬁrmitatem
1508 3638 1562 3685 et
1591 3630 1753 3685 inuti-

150 3726 367 3782 litatem
385 3725 505 3796 ejus
529 3726 660 3779 nihil
694 3726 763 3780 ad
795 3724 1082 3796 perfectum
1128 3723 1371 3787 adduxit,
1423 3724 1565 3779 sicut
1602 3721 1751 3792 Apo-

155 3816 329 3873 stolus
354 3824 608 3881 testatur,
636 3817 820 3872 dicens
848 3833 863 3869 :
893 3814 997 3870 Lex
1015 3816 1154 3870 enim
1195 3825 1269 3869 est
1300 3812 1567 3885 exemplar
1610 3828 1755 3867 vero-

155 3924 274 3962 rum
309 3915 468 3977 atque
496 3904 800 3971 caelestium,
824 3905 1067 3959 umbram
1089 3904 1286 3959 habens
1330 3903 1632 3973 futurorum
1657 3903 1752 3956 bo-

155 4014 367 4066 norum,
416 4014 522 4053 non
562 3998 676 4069 ipsa
713 3998 1007 4068 exprimam
1056 3996 1337 4067 imaginem
1375 4011 1550 4049 rerum
1582 3993 1751 4066 (Heb.

157 4102 267 4154 vn;
298 4086 439 4143 Heb.
464 4104 533 4155 x;
557 4086 679 4142 Gal.
719 4086 815 4159 iv)
849 4103 871 4152 ;
915 4102 1078 4156 quam
1133 4095 1188 4140 et
1237 4084 1549 4140 elementum
1591 4085 1755 4155 hujus

158 4177 339 4230 mundi
368 4176 498 4231 alibi
521 4177 852 4247 nuncupavit
898 4174 1045 4247 (Col.
1072 4176 1170 4247 ιι).
1226 4174 1417 4231 Omnis
1464 4175 1612 4231 enim
1666 4190 1756 4230 res

158 4274 375 4323 terrena
418 4267 465 4321 si
507 4275 851 4338 comparetur
894 4266 1224 4331 coelestibus,
1257 4274 1313 4321 et
1352 4266 1671 4335 temporalia
1707 4267 1753 4322 si

160 4358 514 4429 adsequentur
560 4358 802 4423 aeternis,
835 4357 992 4428 quasi
1018 4372 1189 4427 parva
1215 4370 1336 4413 esse
1364 4359 1638 4413 videntur.
1686 4356 1756 4413 Et

115 4432 338 4508 ltamen
384 4458 685 4516 structura,
734 4464 856 4521 quae
882 4451 937 4505 in
963 4449 1133 4505 altum
1173 4463 1395 4521 surgere
1438 4450 1650 4515 nititur,
1698 4456 1754 4505 et

125 4562 133 4635 ὲ
163 4540 213 4596 in
239 4542 347 4598 imo
365 4541 724 4598 fundamenta
752 4540 980 4597 collocet
1001 4555 1225 4597 necesse
1245 4548 1350 4608 est,
1382 4549 1438 4596 et
1458 4542 1537 4597 sic
1567 4542 1634 4597 ad
1658 4556 1754 4597 ex-

1856 3358 2025 3402 vestra
2045 3358 2093 3401 et
2125 3349 2334 3403 animas
2360 3356 2577 3414 vestras,
2613 3359 2666 3402 ut
2688 3351 2939 3421 qureratis
2970 3350 3251 3406 Dominum
3287 3352 3452 3407 Deum

1856 3450 2102 3506 vestrum,
2130 3450 2178 3494 et
2215 3440 2512 3511 consurgite
2538 3424 2602 3493 et.
2625 3441 2883 3510 a'diﬁcate
2923 3444 3289 3497 sanctuarium
3340 3444 3452 3499 Do-

1856 3532 1998 3585 mino
2036 3529 2168 3584 Deo.
2201 3529 2356 3597 Quod
2390 3531 2561 3585 David
2591 3532 2849 3602 prtecepit
2870 3534 3083 3589 cunctis
3114 3534 3453 3605 principibus

1854 3619 2021 3676 Israel
2041 3628 2102 3676 ut
2125 3620 2445 3689 adjuvarent
2463 3619 2810 3676 Salomonem
2835 3621 3004 3677 ﬁlium
3026 3639 3182 3679 suum
3208 3624 3263 3680 in
3286 3639 3452 3696 opere

1856 3713 2068 3783 templi,
2104 3713 2343 3769 ostendit
2370 3714 2515 3783 quod
2543 3713 2626 3769 lex
2655 3722 2711 3769 et
2743 3715 3022 3785 prophetae
3061 3715 3222 3772 ﬁrma
3267 3728 3458 3775 aucto-

1857 3806 2022 3861 ritate
2050 3806 2319 3862 doeebant
2339 3814 2400 3861 ut
2424 3822 2616 3863 omnes
2647 3808 2742 3877 qui
2767 3808 3135 3879 principatum
3156 3809 3325 3865 Israel
3351 3812 3457 3867 rite

1858 3906 2128 3968 gererent,
2152 3898 2257 3953 hoc
2280 3905 2385 3964 est,
2422 3899 2517 3968 qui
2540 3898 2770 3954 scientia
2797 3910 2852 3953 et
2878 3900 3172 3962 virtutibus
3197 3903 3254 3956 in
3275 3901 3457 3960 Eccle-

1858 3987 1939 4041 sia
1968 3987 2292 4053 eminerent,
2331 3972 2527 4043 vcrum
2557 3987 2907 4045 Salomonem
2923 3989 2979 4044 in
3000 3989 3234 4046 aediﬁcio
3261 4001 3457 4049 domus

1859 4079 2157 4150 spiritualis
2182 4079 2527 4151 adjuvarent,
2557 4087 2709 4136 recte
2734 4080 2941 4137 scilicet
2976 4082 3222 4138 docendo
3234 4097 3301 4140 ac
3313 4082 3453 4140 bene

1860 4170 2111 4225 vivendo.
2146 4170 2299 4226 Unde
2326 4170 2538 4243 Moyses
2564 4172 2633 4227 ad
2658 4172 2807 4241 ipsos
2831 4172 2973 4229 ﬁlios
2992 4172 3162 4231 Israel
3187 4175 3294 4230 ait:
3319 4173 3459 4229 Pra-

1857 4258 2067 4329 phetam
2096 4259 2237 4314 vobis
2260 4260 2536 4315 suscitabit
2556 4260 2815 4316 Dominus
2839 4263 3095 4333 fratribus
3116 4267 3321 4333 vestris,
3338 4278 3458 4322 tan-

1859 4366 2017 4420 quam
2039 4352 2296 4420 meipsum
2322 4352 2568 4406 audietis.
2598 4352 2669 4405 Et
2698 4355 2818 4419 erit,
2842 4355 3136 4424 quicunque
3147 4374 3255 4413 non
3276 4358 3463 4415 audie-

1862 4438 1926 4490 rit
1967 4438 2274 4509 prophetam
2314 4438 2487 4503 illum,
2519 4442 2955 4496 exterminabitur
2993 4446 3173 4501 anima
3220 4448 3337 4519 ejus
3393 4451 3457 4505 de

1858 4529 2049 4600 populo
2076 4546 2174 4584 suo
2204 4530 2395 4611 (Deu't.
2427 4531 2618 4606 xvm).
2650 4532 2742 4588 Sic
2762 4542 2819 4589 et
2840 4535 2957 4604 ipse
2980 4535 3151 4592 David
3200 4541 3458 4610 mysticos

163 4635 387 4693 celsiora
408 4637 764 4707 provehatur.
795 4634 1132 4707 Praaparavit
1156 4636 1327 4691 David
1349 4636 1623 4706 impensas
1652 4635 1751 4690 do-
1778 4639 1835 4700 D
1860 4630 2177 4722 operati”?
2199 4629 2255 4677 ει
2280 4622 2563 4679 ωίηίείτοε
2588 4624 2772 4694 ιθιηριί
2803 4626 3016 4718 ῧοῐξιίηί
3042 4627 3334 4685 instituens
3376 4630 3458 4684 di-

126 4729 137 4751 ἱ

120 4729 137 4845 ξ
164 4740 278 4782 mus
300 4728 537 4794 Domini,
571 4728 691 4782 auri
717 4726 918 4783 talenta
944 4737 1164 4783 centum
1193 4727 1381 4793 millia,
1435 4734 1491 4782 et
1539 4726 1752 4797 argenti

166 4817 303 4845 ιηιιιῖΙΙΛ
345 4818 514 4845 MHR-
567 4817 888 4845 ιΑΙΑ-..Α-...η
967 4833 1085 4845 ,νη-..νε
1128 4827 1308 4845 ...ιο-,ιη
1344 4819 1543 4845 ςοΛοΑηξιι
1590 4824 1725 4845 ηιηοη

166 4817 305 4872 mille
345 4818 520 4874 millia
567 4817 912 4885 talentorum,
964 4833 1089 4874 cum
1128 4827 1311 4889 patres
1344 4819 1546 4873 veteris
1590 4824 1755 4873 testa-

166 4910 327 4965 menti
368 4912 429 4966 in
464 4910 684 4980 scriptis
728 4911 843 4966 suis
892 4919 949 4965 et
990 4925 1183 4966 sensus
1226 4909 1649 4981 profunditatem
1700 4916 1756 4963 et

169 5000 359 5073 eloquii
379 5012 724 5060 venustatem
750 5004 969 5074 copiose
983 5004 1316 5067 inserebant,
1335 5018 1568 5073 quorum
1587 5002 1754 5057 etiam

170 5090 548 5158 perfectionem
597 5092 823 5163 perfecti
866 5094 1078 5149 numeri
1117 5095 1511 5149 demonstrant.
1564 5091 1756 5148 Cente-

173 5184 376 5238 narium
397 5197 530 5257 ergo
542 5199 828 5240 numerum
843 5192 900 5239 et
910 5184 1272 5240 millenarium
1293 5182 1566 5255 perfectos
1592 5197 1754 5239 nemo

176 5283 289 5327 esse
315 5275 556 5347 ambigit.
583 5274 846 5332 Similiter
891 5284 947 5331 et
985 5276 1041 5331 in
1084 5276 1271 5332 talenti
1323 5276 1555 5342 nomine,
1609 5274 1754 5347 quod

180 5364 378 5419 caeteris
397 5366 725 5435 ponderibus
752 5366 1138 5437 magnitudinis
1161 5367 1463 5437 praeminet,
1491 5365 1754 5437 perfectio

181 5446 407 5517 ejusdem
438 5457 517 5510 rei
543 5456 863 5512 ostenditur.
890 5457 1045 5524 Quod
1070 5472 1199 5513 vero
1227 5459 1351 5513 teris
1378 5465 1434 5513 et
1460 5457 1594 5513 ferri
1620 5458 1755 5515 dicit

184 5555 284 5597 non
308 5561 425 5603 esse
444 5550 673 5619 pondus,
695 5549 962 5621 signiﬁcat
981 5550 1286 5606 divinorum
1312 5551 1750 5607 testimoniorum

187 5629 482 5695 ﬁrmitatem
512 5656 618 5697 non
642 5655 761 5697 esse
790 5641 1183 5708 aestimabilem,
1210 5642 1338 5711 quia
1367 5651 1582 5699 constat
1630 5658 1751 5698 eam

189 5734 302 5777 esse
325 5725 832 5787 incommutabilem.
866 5732 1016 5788 Unde
1061 5731 1313 5789 Salvator
1360 5733 1417 5788 in
1461 5733 1753 5805 Evangelio

194 5812 257 5866 δά
273 5814 555 5887 discipulos
582 5823 657 5877 ait
680 5839 696 5878 :
727 5821 905 5877 Nolite
926 5831 1112 5894 putare
1134 5825 1385 5895 quoniam
1405 5825 1522 5879 veni
1556 5824 1755 5879 soluere

1858 4715 1933 4770 cit
1956 4714 2013 4769 in
2038 4712 2272 4770 Psalmis
2301 4731 2315 4767 :
2352 4714 2550 4785 Alfene
2570 4714 2823 4785 Domino,
2845 4700 2946 4788 ﬁlii
2969 4718 3093 4787 Dei,
3137 4721 3322 4791 aﬂ‘erte
3348 4723 3460 4778 Do-

1856 4808 2001 4862 mino
2027 4807 2168 4877 ﬁlios
2194 4808 2451 4863 arietum.
2469 4808 2669 4879 Aﬁ'erte
2695 4809 2919 4865 Domino
2954 4813 3145 4883 patrita
3191 4817 3452 4885 gentium,

1857 4898 2041 4969 afferte
2086 4897 2311 4952 Domino
2352 4898 2575 4969 gloriam
2619 4910 2669 4954 et
2707 4899 2978 4968 honorem,
3013 4904 3196 4971 a/ferte
3229 4904 3456 4961 Domino

1857 4988 2082 5059 gloriam
2102 4989 2302 5043 nomini
2329 4989 2465 5059 ejus.
2501 4988 2689 5044 Tollite
2706 4991 2904 5045 hostias
2931 5002 2981 5046 et
3007 4992 3220 5048 introite
3240 4996 3293 5048 in
3316 4996 3457 5050 atria

1859 5080 2007 5149 ejus;
2031 5079 2250 5134 adorate
2299 5079 2585 5136 Dominum
2607 5082 2664 5135 in
2692 5081 2818 5136 aula
2864 5092 3050 5138 sancta
3099 5084 3215 5155 ejus
3262 5084 3450 5158 (Psal.

1857 5170 2087 5243 xxvm).
2120 5171 2258 5227 Huic
2279 5179 2334 5228 et
2355 5186 2454 5242 per
2481 5172 2678 5228 Isaiam
2728 5172 2859 5228 dicit
2888 5187 2904 5227 :
2936 5173 3109 5245 Prope
3149 5176 3250 5247 feci
3288 5178 3454 5249 justi-

1857 5266 1989 5320 tiam
2012 5281 2205 5331 meam,
2251 5281 2355 5318 non
2377 5263 2729 5335 elongabitur,
2751 5273 2800 5318 et
2822 5264 2969 5320 salus
2994 5281 3112 5321 mea
3142 5283 3247 5323 non
3272 5286 3452 5324 mora—

1857 5358 2017 5411 bitur.
2047 5355 2200 5411 Dabo
2219 5356 2276 5410 in
2302 5355 2435 5411 Sion
2459 5355 2704 5422 salutem,
2733 5364 2783 5410 et
2802 5355 2975 5411 Israel
3000 5357 3225 5429 gloriam
3259 5378 3451 5417 meam.

1858 5449 1995 5505 Ecce
2018 5464 2112 5519 ego
2134 5447 2339 5502 locutus
2359 5463 2496 5513 sum,
2521 5456 2570 5501 et
2603 5449 2784 5502 vocavi
2827 5464 2968 5519 eum,
3006 5451 3208 5507 adduxi
3235 5470 3374 5519 eum,
3402 5462 3451 5508 et

1858 5541 2053 5596 directa
2082 5549 2158 5595 est
2185 5555 2272 5593 uta
2301 5538 2435 5607 ejus.
2470 5537 2712 5593 Accedite
2753 5538 2826 5594 ad
2870 5557 3011 5608 eum,
3060 5551 3110 5597 et
3149 5544 3348 5611 audite,
3395 5545 3453 5600 in

1858 5649 1977 5688 uoce
2003 5630 2368 5687 exsultationis
2399 5630 2727 5696 annuntiate,
2768 5631 3007 5687 auditum
3046 5633 3205 5704 facite
3248 5635 3367 5700 hoc,
3398 5642 3451 5691 et

1860 5724 1990 5794 ferte
2017 5721 2150 5776 illud
2177 5736 2339 5790 usque
2358 5719 2429 5773 ad
2453 5728 2744 5775 extremum
2771 5730 2947 5777 terrae.
2987 5720 3174 5791 Dicite,
3220 5722 3450 5779 Redimet

1861 5815 2118 5871 Dominus
2155 5830 2362 5870 seruum
2398 5830 2554 5869 suum
2584 5813 2761 5869 ‘Jacab
2824 5812 2989 5884 (lsai.
3012 5831 3168 5881 XLVI;
3215 5829 3381 5870 xtvnt
3397 5820 3444 5884 ).
