3920 6518
417 466 533 540 Μ

1090 472 1153 535 B.
1194 460 1450 534 ΒΑΒΑΝι
1482 455 1706 531 muni
1742 460 2064 529 ARCHIEP.
2098 454 2414 526 MOGUNT.
2443 455 2732 523 OPERUM
2768 454 2951 519 psus
2986 456 3032 516 ι.

3599 441 3727 508 388

415 588 555 654 Hinc
573 592 628 650 et
647 608 745 667 per
763 580 1092 647 Hieremiam
1114 581 1314 645 dicitur
1342 608 1355 643 :
1388 581 1521 644 Ecce
1543 584 1653 643 dies
1676 579 1897 653 venient,
1922 576 1995 640 alt
2021 586 2078 654 Α
2172 574 2553 653 Numeratique
2597 585 2719 634 sunt
2758 569 2950 632 Levita:
2977 593 3011 630 a
3055 565 3126 667 ὃς)
3152 564 3305 667 annis
3332 568 3393 667 et
3434 583 3634 667 supra,
3667 574 3728 622 α

416 660 697 754 Dominus,
724 695 772 741 et
795 678 1056 740 suscitabo
1081 676 1251 738 David
1274 699 1481 754 germen
1494 682 1721 751 justum,
1745 690 1792 735 et
1818 689 2006 750 regna-
2104 674 2299 734 inventi
2336 685 2457 732 sunt
2503 668 2703 738 38,000
2749 672 3002 726 virorum.
3052 660 3140 722 Ea:
3181 662 3262 754 his
3291 660 3448 754 electi
3487 668 3729 754 suntet

418 774 488 834 bit
523 790 632 843 rex,
657 786 705 832 et
731 777 938 848 sapiens
970 776 1092 842 erit,
1119 784 1165 828 et
1208 774 1363 845 faciet
1385 766 1652 843 judicium
1681 780 1729 825 et
1739 762 2007 841 justitiam

414 864 471 923 in
505 878 664 922 terra.
701 860 769 923 In
799 864 983 921 diebus
1006 860 1112 920 illis
1134 863 1424 920 salvabitur
1449 856 1618 931 Iuda,
1643 871 1690 917 et
1714 853 1883 916 Israel
1914 854 2010 915 lia-

2107 762 2375 824 distributi
2432 760 2488 821 in
2550 760 2895 819 ministerium
2942 754 3131 814 domus
3202 750 3422 811 Domini
3477 748 3724 817 24,000.

2114 852 2526 932 Prcepositorum
2570 864 2804 911 autemet
2830 848 3081 909 Judicum
3107 842 3290 915 6,000.
3336 842 3516 902 Porro
3545 838 3728 911 4,000

375 946 389 961 χ
416 948 598 1010 bitabit
633 948 972 1025 conﬁdenter.
1018 947 1086 1007 Et
1117 946 1213 1007 hoc
1248 961 1325 1006 est
1367 968 1553 1006 nomen
1602 967 1704 1023 quo
1755 949 2009 1004 vocabunt
2101 955 2386 1027 janitores,
2411 962 2458 1007 ει
2491 951 2707 1007 totidem
2735 948 2920 1021 ρδαιιω
2972 954 3222 1000 canente;
3250 941 3488 997 Domino
3520 932 3585 993 {,1
3633 952 3731 990 ογ.

415 1058 533 1100 eum
555 1056 574 1100 .‘
600 1040 857 1100 Dominus
872 1040 1056 1117 justus
1077 1052 1271 1098 noster.
1304 1037 1497 1096 Audite
1518 1033 1729 1095 verbum
1773 1032 2008 1106 Domini,

416 1130 604 1190 domus
650 1130 842 1191 Ierael.
899 1128 1029 1192 Hth
1084 1130 1210 1189 dicit
1256 1122 1823 1188 Dominus:.ludicate
1858 1146 2012 1184 mane

409 1223 699 1299 judicium,
726 1230 775 1283 el
794 1228 960 1283 eruite
990 1221 1040 1282 vi
1072 1241 1374 1299 oppressum
1406 1218 1470 1279 de
1490 1234 1650 1278 manu
1679 1214 2013 1278 calumnian-

418 1318 508 1384 tis,
533 1330 596 1374 ne
625 1316 759 1391 forte
802 1314 1123 1394 egrediatur,
1162 1328 1218 1375 ut
1248 1316 1406 1391 ignis,
1458 1308 1746 1387 indignatio
1795 1325 1934 1381 mea,
1965 1324 2013 1369 et

419 1408 789 1479 succendatur,
818 1420 866 1466 et
897 1430 999 1467 non
1029 1410 1093 1469 sit
1113 1407 1207 1483 qui
1227 1406 1546 1482 exstinguat.
1581 1402 1717 1464 Ecce
1759 1425 1852 1479 ego
1893 1424 2015 1462 con-

420 1507 618 1555 verlam
643 1496 1024 1557 conversionem
1059 1496 1516 1557 tabernaculorum
1562 1493 1747 1565 Iacob,
1797 1508 1847 1554 et
1898 1490 2019 1554 tecti

420 1590 538 1660 ejus
568 1592 867 1659 miserebor,
900 1602 947 1647 et
968 1592 1321 1662 azdiﬁcabitur
1344 1588 1523 1646 civitas
1552 1591 1608 1644 in
1644 1581 1846 1644 excelso
1894 1605 2014 1655 suo,

420 1686 473 1736 et
498 1674 742 1753 templum
769 1678 932 1753 juxta
955 1680 1192 1738 ordinem
1222 1700 1376 1737 suum
1426 1675 1737 1751 fundabitur
1775 1690 1824 1737 et
1871 1698 2019 1752 egre-

421 1770 599 1826 dietur
620 1772 684 1827 de
710 1772 782 1829 eis
811 1772 928 1830 laus
965 1793 1168 1848 voxque
1194 1772 1552 1841 laudantium,
1577 1784 1625 1829 et
1662 1773 2018 1846 multiplicabo

421 1875 508 1918 eos
537 1870 585 1918 et
615 1882 717 1919 non
740 1866 1070 1934 minuentur;
1105 1879 1153 1922 et
1184 1864 1490 1940 gloriﬁcabo
1529 1880 1637 1935 eos,
1687 1876 1737 1922 et
1784 1883 1889 1922 non
1938 1877 2021 1921 at-

2110 1045 2284 1118 ganis,
2301 1060 2418 1115 qua:
2429 1043 2621 1114 fecerat
2649 1034 2821 1095 David
2840 1037 2909 1093 ad
2927 1035 3240 1092 canendum.
3259 1032 3399 1101 Quid
3430 1039 3544 1118 est,
3571 1027 3728 1118 quod

2110 1115 2329 1191 Levitas
2361 1126 2430 1188 30
2461 1127 2616 1188 annis
2644 1139 2701 1187 et
2746 1144 2929 1200 supra,
2979 1120 3084 1182 nisi
3114 1118 3241 1197 quia
3269 1115 3516 1179 ostendit
3572 1117 3731 1190 quod

2112 1242 2299 1283 omnes
2352 1218 2445 1297 qui
2499 1216 2805 1280 ministerio
2863 1214 3073 1277 Domini
3121 1213 3443 1289 funguntur,
3508 1222 3729 1269 sancta:

2115 1314 2399 1379 Trinitatis
2422 1321 2582 1377 ﬁdem
2609 1334 2733 1375 cum
2756 1315 3141 1387 adimpletione
3176 1311 3569 1368 mandatorum
3603 1321 3729 1362 ser-

2114 1430 2246 1471 vare
2273 1415 2489 1470 debent.
2524 1410 2677 1468 Unde
2698 1419 2753 1466 et
2786 1410 3008 1465 inventa
3044 1415 3170 1463 sunt
3195 1406 3260 1462 de
3286 1404 3375 1461 bis
3401 1403 3501 1473 qui
3541 1415 3728 1455 annu-

2116 1505 2315 1563 merati
2366 1511 2494 1560 sunt
2538 1496 2740 1563 58.000
2768 1502 3032 1566 virorum,
3064 1497 3189 1570 quia
3233 1496 3489 1566 quisquis
3529 1498 3730 1548 sancta

2119 1597 2226 1654 ﬁde
2248 1612 2314 1653 ac
2338 1596 2494 1652 bonis
2519 1594 2777 1665 operibus
2796 1606 2968 1663 usque
2996 1591 3052 1646 in
3091 1589 3250 1647 linem
3295 1589 3409 1643 Deo
3448 1580 3727 1648 deservit,

2121 1690 2185 1745 ad
2213 1687 2629 1745 resurrectionis
2654 1685 2911 1758 gratiam,
2934 1692 2990 1739 et
3015 1683 3084 1739 ad
3113 1689 3374 1737 aeternam
3417 1675 3732 1734 beatitudi-

2119 1794 2266 1846 nem,
2317 1794 2437 1851 qute
2461 1770 2743 1833 octonario
2765 1790 2994 1852 numero
3040 1774 3341 1845 signantur,
3398 1767 3729 1839 pertinebit.

2123 1870 2277 1939 Quod
2308 1878 2491 1925 autem
2516 1884 2582 1924 ex
2612 1868 2698 1924 bis
2729 1869 2822 1938 qui
2866 1866 3024 1923 electi
3064 1873 3213 1930 sunt,
3242 1871 3298 1918 et
3350 1856 3647 1916 distributi
3676 1857 3735 1911 in

422 1957 796 2015 tenuabuntur.
826 1952 894 2014 Et
920 1970 1074 2016 erunt
1096 1956 1201 2031 ﬁlii
1247 1954 1381 2032 ejus,
1425 1961 1559 2015 sicut
1599 1978 1631 2015 a
1660 1956 1937 2030 principio,
1969 1967 2018 2012 et
2046 1958 2097 2027 Β
2122 1962 2485 2020 ministerium
2539 1961 2731 2016 domus
2787 1952 3003 2015 Domini
3050 1956 3250 2023 24,000
3295 1951 3731 2014 ordinabantur,

425 2058 585 2103 ctetus
614 2050 729 2121 ejus
750 2063 925 2106 coram
965 2070 1045 2107 me
1091 2051 1431 2124 permanebit.
1486 2044 1556 2106 Et
1577 2045 1797 2106 visitabo
1843 2051 2028 2105 adver-

423 2158 540 2203 sum
573 2160 748 2200 omnes
782 2138 873 2217 qui
904 2142 1161 2199 tribulant
1184 2160 1324 2199 eum.
1356 2135 1426 2197 Et
1451 2138 1550 2198 erit
1582 2143 1692 2197 dum
1713 2143 1829 2214 ejus
1855 2159 1919 2197 ea:
1944 2158 2025 2207 eo,

425 2244 475 2295 et
510 2236 769 2311 principes
790 2229 854 2291 de
893 2230 1066 2290 medio
1112 2228 1227 2306 ejus
1275 2235 1617 2307 producetur,
1661 2246 1709 2289 et
1756 2233 2027 2307 applieabo

427 2346 546 2384 eum
569 2337 615 2384 et
655 2328 864 2383 accedet
887 2326 959 2381 ad
987 2345 1087 2381 me.
1122 2320 1254 2393 Quis
1280 2329 1418 2381 enim
1439 2326 1535 2381 iste
1564 2337 1640 2382 est
1682 2329 1771 2398 qui
1805 2327 2027 2399 applicet

429 2432 519 2473 cor
540 2435 716 2485 suum,
751 2428 797 2472 et
826 2414 1198 2489 apprOpinquet
1229 2414 1359 2470 mihi
1377 2410 1401 2470 ?
1438 2412 1509 2471 ait
1553 2416 1831 2472 Dominus.
1861 2410 2029 2472 Eritis

432 2508 561 2564 milii
583 2512 635 2563 in
658 2509 931 2581 populum,
952 2519 1001 2565 et
1028 2528 1118 2580 ego
1153 2527 1240 2564 ero
1266 2502 1407 2564 vobis
1429 2502 1483 2565 in
1502 2501 1785 2564 Dominum
1812 2509 2025 2582 (Jerem.

432 2599 926 2673 unusunus).
995 2596 1169 2656 Simili
1224 2602 1384 2657 modo
1429 2610 1483 2656 et
1517 2602 1701 2657 ueteri
1755 2603 2033 2672 prophetat

432 2692 536 2749 hoc
562 2690 815 2747 dieebanl
838 2688 1015 2758 dictis,
1061 2690 1271 2763 hocque
1318 2688 1716 2762 persuadebant
1744 2692 2030 2762 exemplis,

435 2797 497 2840 ut
535 2785 805 2840 Salvatori
857 2786 1095 2841 venienti
1142 2787 1373 2856 quisque
1434 2785 1615 2841 cordis
1666 2777 2033 2841 habitaculum

436 2882 787 2947 praepararet,
810 2878 865 2931 et
896 2868 951 2930 in
979 2878 1159 2931 mente
1186 2892 1282 2931 sua
1304 2874 1671 2931 sanctuarlum
1712 2876 1924 2931 Domini
1956 2891 2035 2931 re-

437 2977 525 3025 cta
557 2969 661 3024 ﬁde
683 2977 741 3024 et
766 2966 909 3024 bona
938 2964 1215 3023 voluntate
1244 2977 1607 3036 construeret,
1635 2978 1903 3039 quatenus
1930 2968 2035 3025 illis

439 3059 875 3117 introduceretur
911 3076 1037 3115 arca
1072 3052 1293 3115 imderis
1335 3052 1571 3125 Domini,
1611 3060 1716 3116 hoc
1761 3068 1863 3125 est,
1902 3058 2037 3116 ﬁdes

441 3146 833 3206 incarnationis
871 3144 1098 3217 Christi,
1140 3167 1377 3222 vasaque
1426 3143 1655 3207 Domino
1697 3158 2035 3217 consecrata,

442 3250 752 3297 sanctorum
799 3240 1044 3298 virorum
1094 3244 1281 3314 utique
1328 3242 1654 3316 exemplum,
1702 3252 1759 3298 et
1805 3242 2039 3297 miriﬁca

443 3331 606 3388 facta.
635 3326 777 3389 Vasa
803 3335 951 3389 enim
980 3332 1078 3390 Dei
1105 3342 1232 3389 Sunt
1262 3335 1457 3390 animae
1482 3343 1820 3400 sanctorum,
1840 3334 1895 3388 in
1918 3333 2037 3404 qui-
2064 3330 2111 3394 C

441 3418 544 3479 bus
573 3424 835 3493 sapientia
874 3420 1057 3480 divina
1104 3422 1371 3491 consistit,
1426 3441 1490 3481 ac
1540 3424 1752 3480 diversa
1802 3420 2037 3495 Spiritus

446 3515 621 3571 sancti
650 3514 980 3571 charismata
1010 3516 1378 3572 continentur.
1418 3510 1572 3573 Unde
1614 3532 1714 3587 per
1748 3517 2038 3588 quemdam

447 3604 759 3678 Sapientem
791 3606 991 3664 dicitur
1024 3604 1249 3664 :Anima
1267 3602 1404 3681 justi
1430 3610 1576 3665 sedes
1622 3620 1698 3665 est
1746 3610 2036 3683 sapientite.

447 3694 516 3755 Ει
550 3699 680 3755 item
721 3719 734 3753 :
774 3696 1230 3772 Spiritus,inquit,
1256 3702 1467 3757 Domini
1483 3703 1695 3774 replevit
1719 3706 1893 3760 orbem
1938 3713 2041 3759 ter-

450 3798 654 3859 rarum,
681 3792 730 3846 e’l
769 3788 886 3859 hoc,
925 3790 1064 3865 quod
1095 3790 1321 3848 continet
1362 3795 1556 3863 omnia,
1579 3796 1851 3852 scientiam
1887 3794 2041 3850 habet

450 3881 588 3936 vocis
626 3876 791 3954 (Sap.
828 3881 907 3957 t

1025 3948 1255 4011 CAPUT
1282 3945 1469 4010 XXIII.

404 4123 409 4127 ο
458 4041 535 4098 De
564 4059 625 4099 eo
648 4040 789 4115 quod
816 4038 987 4127 David
1003 4041 1271 4127 constituit
1307 4038 1643 4127 Salomone":
1686 4042 1861 4127 ﬁliuni
1887 4068 2042 4127 suum

530 4132 703 4191 regem
737 4130 894 4185 super
919 4114 1109 4191 Israel,
1144 4128 1190 4171 et
1216 4120 1545 4191 congregavit
1580 4114 1757 4174 omnes
1779 4119 2041 4191 principes

531 4186 724 4264 Israel,
766 4196 821 4264 et.
837 4188 1141 4264 sacerdotes
1167 4186 1327 4264 atque
1350 4186 1581 4264 laevitas,
1628 4186 1857 4246 auorum
1874 4186 2044 4264 oﬁciu

530 4272 623 4325 per
648 4254 853 4326 singqu
890 4252 1177 4312 ministeria
1204 4252 1311 4329 ipse
1333 4252 1612 4329 disposuit.
1646 4324 1649 4327 ν

532 4360 572 4435 (l
610 4362 744 4418 Pan.
771 4364 954 4437 χχιιι.)
972 4364 1145 4436 Igitur
1173 4366 1348 4421 David
1371 4382 1529 4422 senem
1548 4376 1597 4422 et
1624 4368 1811 4439 plenus
1835 4371 2045 4427 dierum

462 4471 629 4526 regem
659 4456 923 4511 constituit
953 4456 1288 4512 Salomonem
1310 4458 1482 4527 ﬁlium
1502 4474 1660 4515 suam
1675 4474 1834 4532 super
1848 4460 2043 4530 Israel,

461 4555 510 4599 et
535 4551 862 4619 congregavit
898 4565 1075 4603 omnes
1113 4550 1370 4620 principes
1394 4549 1567 4606 Israel
1595 4558 1644 4605 et
1674 4554 1975 4609 sacerdotes
1996 4564 2046 4609 et

2127 2058 2396 2130 signiﬁcat
2420 2070 2581 2111 veros
2610 2055 2890 2111 ministros
2916 2048 3119 2108 Christi
3166 2049 3304 2105 lucis
3330 2046 3597 2118 operibus
3634 2042 3731 2097 de—

2124 2151 2256 2206 bere
2285 2150 2513 2215 instare,
2551 2156 2608 2202 et
2656 2163 2689 2202 ιι
2717 2146 2807 2202 via
2838 2145 3063 2216 iustitiae
3109 2160 3218 2199 non
3244 2141 3548 2197 declinare.
3587 2135 3731 2191 Nam

2100 2288 2103 2293 .
2127 2241 2195 2296 54
2227 2242 2376 2297 horis
2406 2230 2555 2297 totus“
2572 2255 2672 2311 per
2700 2238 2988 2294 circuitum
3018 2236 3326 2291 illustratur
3349 2232 3527 2297 orbis,
3556 2236 3614 2284 et
3646 2238 3734 2282 te-

2128 2332 2420 2391 nebrarum
2473 2332 2695 2404 pellitur
2722 2330 2932 2385 umbra.
2991 2327 3147 2385 Unde
3177 2326 3431 2383 Salvator
3460 2323 3518 2378 in
3542 2321 3736 2377 Evan-

2129 2429 2269 2501 gelio
2295 2421 2364 2482 72
2395 2420 2687 2499 discipulos
2712 2426 2782 2480 ad
2814 2420 3217 2494 praedicandum
3252 2419 3403 2476 misit
3453 2416 3618 2491 (Luc.
3649 2413 3738 2487 ι),

2130 2522 2256 2593 quia
2287 2528 2489 2577 sancta:
2520 2517 2804 2573 Trinitatis
2826 2515 2988 2570 ﬁdem
3011 2530 3134 2569 cum
3161 2511 3300 2567 lucis
3327 2506 3596 2581 cperibus
3622 2503 3740 2561 cui-

2130 2630 2237 2684 que
2264 2614 2333 2668 ad
2372 2608 2641 2682 justitiam
2673 2607 2918 2665 sufﬁcere
2952 2606 3331 2662 demonstrare
3376 2600 3589 2665 voluit;
3650 2606 3740 2653 ter

2130 2702 2299 2758 vicies
2321 2702 2467 2756 enim
2496 2702 2552 2757 et
2572 2696 2765 2771 quate’r
2791 2699 2930 2754 terni
2957 2696 3027 2752 72
3074 2695 3302 2751 faciunt.
3351 2691 3473 2760 Quo
3499 2701 3741 2745 numero

2132 2804 2189 2850 et
2212 2794 2517 2866 linguarum
2546 2792 2834 2848 diversitas
2865 2805 2929 2846 ac
2950 2788 3215 2844 librorum
3240 2784 3457 2841 Veteris
3482 2781 3741 2851 Novique

2136 2887 2471 2944 TeStamenti
2499 2887 2670 2943 series
2696 2882 3198 2954 comprehenditur.
3216 2878 3287 2933 At
3307 2875 3742 2949 praepositorum

2136 2986 2192 3037 et
2219 2978 2464 3048 iudicum
2506 2976 2670 3043 6,000
2711 2991 2831 3031 esse
2884 2972 3285 3030 describuntur.
3336 2964 3404 3023 Et
3456 2964 3594 3036 quid
3641 2976 3743 3032 per

2136 3072 2243 3128 hoc
2289 3070 2573 3135 minuitur,
2604 3068 2710 3123 nisi
2736 3066 2881 3137 quod
2916 3081 3077 3121 nemo
3113 3062 3275 3133 hujus
3304 3058 3531 3119 ordinis.
3552 3052 3743 3126 digni-

2140 3173 2306 3219 tatem
2337 3170 2593 3232 appetere
2618 3160 2801 3225 debet,
2842 3158 2935 3228 qui
2957 3155 3349 3228 perfectionem
3376 3147 3651 3206 doctrinae
3678 3158 3743 3198 ac

2139 3256 2404 3313 virtutum
2430 3252 2632 3308 habere
2645 3266 2754 3306 non
2781 3248 3044 3306 student?
3079 3244 3309 3302 Senario
3330 3241 3479 3299 enim
3504 3251 3745 3295 numero

2139 3346 2378 3404 mundus
2408 3352 2625 3399 creatus
2652 3348 2756 3408 est,
2789 3348 2847 3396 et
2882 3349 3035 3396 sexta
3072 3339 3160 3394 die
3190 3338 3355 3393 homo
3374 3333 3554 3389 factus
3581 3326 3741 3403 (Gen.

2140 3436 2206 3511 ι),
2258 3452 2367 3507 qua
2390 3444 2445 3492 et
2470 3435 2799 3505 Redemptor
2824 3439 3009 3487 noster
3034 3437 3197 3485 natus
3227 3443 3348 3484 esse
3374 3423 3742 3497 dignoscitur.

2141 3529 2295 3588 Unde
2331 3527 2553 3601 dignum
2582 3534 2668 3583 est
2694 3535 2755 3581 ut
2783 3526 2877 3596 qui
2909 3539 2970 3580 se
3004 3521 3196 3579 recolit
3224 3538 3256 3577 a
3289 3518 3534 3593 perfecto
3577 3530 3742 3571 crea-

2140 3630 2261 3679 tore
2290 3630 2536 3678 creatum
2559 3612 2863 3691 perfectum
2879 3625 3041 3687 atque
3064 3616 3426 3685 redemptum,
3444 3607 3747 3682 perfectio-

2141 3716 2228 3770 nis
2253 3714 2445 3786 ipsius,
2476 3713 2773 3769 secundum
2800 3708 3179 3781 possibilitatis
3205 3722 3317 3762 suae
3353 3702 3601 3767 modum,
3648 3700 3749 3754 ba-

2142 3809 2274 3866 bere
2306 3816 2482 3864 curet.
2503 3808 2673 3863 Porro
2698 3812 2932 3876 quatuor
2954 3802 3123 3857 millia
3133 3799 3402 3871 ianitores
3427 3804 3485 3852 et
3510 3793 3749 3849 totidem

2142 3902 2335 3973 psaltaa
2374 3908 2635 3957 canentes
2660 3897 2890 3953 Domino
2911 3894 2969 3949 in
2999 3891 3221 3964 organis
3250 3888 3615 3946 constituente
3634 3884 3746 3940 Da-

2144 3992 2255 4058 vid,
2281 3991 2451 4055 l‘uere,
2500 3998 2560 4044 ut
2584 3986 2961 4044 ostenderetur
2988 3983 3132 4054 quod
3176 3982 3224 4038 is
3248 3981 3341 4051 qui
3356 3978 3616 4049 ianitoris
3664 3974 3748 4032 vel

2144 4084 2333 4156 psaltaz
2354 4080 2589 4138 oﬁicium
2600 4081 2763 4151 digne
2792 4078 2905 4134 vult
2930 4092 3118 4146 agere,
3139 4073 3510 4144 evangelicam
3536 4069 3747 4126 doctri-

2145 4192 2272 4234 nam
2312 4183 2476 4245 atque
2516 4174 2771 4228 mandata
2792 4172 2951 4227 debet
2974 4170 3273 4237 custodire,
3318 4166 3447 4237 quia
3488 4164 3584 4234 qui
3629 4179 3745 4228 non

2146 4268 2292 4327 illius
2326 4267 2572 4338 sequitur
2610 4265 2923 4336 vestigium,
2960 4276 3241 4334 nunquam
3272 4258 3343 4315 ad
3380 4257 3555 4329 ipsius
3576 4254 3746 4312 om

2145 4363 2414 4434 pertinget
2434 4360 2733 4433 fastigium.

2220 4455 2290 4509 Et
2330 4454 2598 4509 distribuit
2647 4469 2736 4507 eos
2773 4449 2947 4504 David
2980 4464 3073 4520 per
3126 4448 3260 4502 vices
3304 4444 3541 4515 ﬁliorum
3594 4440 3740 4505 Levi,

2151 4541 2349 4601 Cerson
2384 4545 2618 4600 videlicet
2644 4554 2696 4598 et
2720 4542 2889 4597 Catuli
2911 4551 2959 4594 et
2988 4538 3213 4604 Μέττινὶ,
3237 4546 3345 4592 etc.
3378 4534 3537 4603 Quod
3570 4531 3742 4588 David

461 4637 685 4695 Leritas.
718 4642 855 4707 Quid
879 4651 983 4707 est,
1006 4642 1149 4711 quod
1177 4643 1347 4698 David
1369 4659 1531 4697 senex
1557 4644 1817 4713 etplenue
1836 4646 2046 4701 diarum
2073 4688 2122 4713 ,-
2151 4638 2371 4695 Levitas
2393 4639 2690 4697 secundum
2717 4650 3005 4691 numerum
3034 4632 3197 4686 trium
3223 4631 3458 4685 ﬁliorum
3471 4625 3603 4682 Levi
3626 4624 3740 4679 dis-

464 4744 647 4799 regem
674 4688 1342 4797 cobstitttitysblomOIIem,
1367 4734 1471 4787 nisi
1496 4688 1786 4805 quodrpnst
1810 4737 2047 4806 comple-
2071 4688 2124 4758 Β
2151 4731 2365 4796 tribuit,
2398 4728 2668 4799 signiﬁcat
2717 4727 2863 4796 quod
2895 4733 3073 4780 textus
3104 4723 3239 4793 legis
3268 4720 3464 4777 divinae
3483 4754 3500 4783 ,
3527 4731 3597 4771 ac
3617 4730 3742 4785 pro-

465 4821 662 4877 tionem
706 4826 904 4878 veteris
944 4823 1275 4877 Testamenti
1324 4824 1628 4880 incarnatio
1686 4829 2044 4895 praenuntiata

463 4916 724 4970 successit
763 4914 1082 4977 Salvatoris,
1136 4930 1259 4982 quae
1293 4915 1531 4971 humano
1569 4919 1756 4988 generi
1806 4920 2045 4991 regimen

464 5015 627 5061 rectae
650 5007 798 5072 ﬁdei,
830 5017 939 5061 tam
967 5006 1272 5062 intellectus
1300 5022 1367 5062 ac
1391 5018 1593 5065 sanctae
1617 5012 2047 5068 conversationis

466 5096 534 5149 ad
563 5096 978 5165 promerendam
1011 5105 1271 5151 aeternam
1318 5098 1707 5157 beatitudinem
1752 5102 2045 5169 conterret,

461 5186 615 5257 juxta
666 5185 795 5241 illud
853 5185 1005 5242 Pauli
1033 5188 1296 5258 Apostoli,
1327 5191 1419 5260 qui
1450 5194 1694 5249 scribens
1731 5195 1796 5249 ad
1831 5193 2053 5250 Galatas

466 5278 545 5332 ait
575 5295 588 5330 :
621 5275 909 5350 Postquam
950 5286 1088 5336 venit
1116 5281 1385 5354 plenitudo
1417 5288 1687 5357 temporis,
1720 5289 1864 5342 misit
1909 5287 2052 5342 Deus

468 5367 670 5423 Filium
693 5387 849 5426 suum
869 5372 1069 5441 factum
1098 5390 1165 5429 ex
1199 5376 1435 5444 muliere,
1488 5377 1693 5447 factum
1711 5378 1807 5432 sub
1841 5377 1972 5449 lege,
1993 5386 2052 5434 ut

467 5476 579 5525 eos,
627 5462 717 5530 qui
764 5463 860 5517 sub
923 5463 1033 5535 lege
1070 5476 1244 5533 erant,
1284 5468 1581 5533 redimeret,
1618 5479 1674 5522 at
1717 5468 2052 5539 adoptionem

467 5550 703 5623 ﬁliorum
750 5555 1092 5625 reciperentur
1128 5556 1267 5630 (Col.
1296 5559 1395 5631 tv).
1422 5559 1554 5614 llluc
1577 5575 1711 5629 ergo
1735 5559 2049 5630 congregati

467 5650 596 5700 sunt
638 5659 828 5701 omnes
851 5648 1123 5720 principes
1169 5651 1359 5717 Israel,
1406 5650 1718 5706 sacerdotes
1745 5658 1909 5720 atque
1947 5648 2053 5704 Le»

468 5735 614 5802 vitae,
649 5752 775 5792 cum
806 5738 1001 5812 singuli
1046 5743 1268 5799 ordines
1287 5740 1953 5798 diversonunoﬁiclorum
1978 5740 2051 5798 ad

469 5830 749 5885 servitium
769 5831 971 5889 Christi
995 5836 1461 5908 congregabantur
1504 5844 1570 5892 ut
1584 5836 1704 5908 eius
1745 5835 2053 5893 ministerio

472 5919 631 5991 digne
653 5920 1028 5996 fungerentur.

2150 4825 2440 4896 phetarum
2461 4820 2622 4876 lectio
2641 4818 2922 4874 ministros
2945 4815 3180 4879 Domini,
3203 4813 3297 4882 qui
3328 4808 3581 4880 acquisiti
3617 4811 3742 4861 sunt

2147 4932 2247 4988 per
2283 4916 2515 4986 gratiam
2556 4913 2652 4967 Dei
2708 4920 2765 4967 et
2804 4910 2974 4965 additi
3035 4909 3103 4964 ad
3132 4905 3367 4962 ﬁdelium
3429 4913 3739 4963 numerum,

2150 5016 2354 5065 sancue
2399 5005 2684 5062 Trinitatis
2737 5002 2898 5058 ﬁdem
2942 5014 3164 5057 servare
3188 4999 3344 5054 docet
3364 5010 3491 5049 cum
3517 5004 3740 5047 exseca-

2151 5103 2299 5158 tione
2323 5101 2605 5156 virtutum.
2660 5097 2775 5153 Hoc
2798 5096 2943 5151 enim
2986 5094 3225 5164 ipsorum
3252 5098 3469 5161 patrum
3521 5085 3737 5164 nomina

2157 5195 2551 5251 demonstrant.
2592 5190 2729 5245 Nam
2761 5188 2893 5244 Levi
2940 5188 3333 5256 interpretatur
3353 5181 3597 5243 additus,
3626 5178 3737 5234 sive

2154 5294 2488 5356 assumptus;
2532 5283 2767 5349 Gereon,
2809 5280 3010 5336 advena
3033 5278 3131 5344 ibi,
3183 5275 3271 5332 Vel
3303 5273 3492 5345 ejectia
3524 5282 3734 5332 eorum;

2155 5379 2346 5445 Gaath,
2364 5378 2588 5433 molares
2613 5377 2817 5441 dentes,
2843 5374 2959 5429 sive
2982 5371 3263 5443 patienter;
3276 5365 3499 5431 ueratri,
3527 5375 3738 5418 ansam

2154 5473 2239 5528 vel
2284 5471 2679 5528 amaritudinis.
2733 5468 2926 5524 Omnis
2957 5467 3128 5531 enim,
3174 5462 3269 5533 qui
3314 5462 3737 5530 assumptusest

2155 5565 2315 5621 domo
2340 5562 2564 5618 Domini
2593 5570 2649 5617 et
2678 5560 2895 5616 additus
2927 5557 3093 5613 cauti
3117 5563 3430 5612 sanctorum
3475 5552 3736 5605 imbutus-

2155 5668 2263 5726 que
2283 5652 2643 5708 sacramentis
2666 5647 3072 5713 ecclesiasticis,
3101 5646 3335 5717 primum
3357 5643 3517 5698 debet
3540 5640 3737 5710 ᾤου*

2158 5760 2191 5801 a
2213 5756 2397 5801 mente
2418 5756 2515 5800 sua
2551 5756 2768 5800 omnem
2797 5738 3194 5796 immunditiam
3234 5743 3395 5807 atque
3417 5728 3730 5803 spurcitia-

2158 5836 2435 5903 vitiorum,
2480 5843 2538 5893 et
2566 5833 2883 5892 renuntiare
2914 5829 3283 5901 voluptatibus
3302 5824 3502 5897 ,ιιιυῶ
3542 5830 3608 5877 ιιι
3636 5819 3726 5875 ιιι

2159 5928 2217 5982 in
2240 5936 2379 5983 terra
2423 5943 2548 5983 cum
2570 5925 2839 5998 Propheta
2889 5921 3166 6003 advenaet
3206 5918 3511 6000 peregrinus
3558 5907 3720 5986 (Ρεαέσ
