3920 6472
461 384 561 442 591

1112 383 1177 439 Β.
1214 378 1730 439 MBAN-MAN“
1762 375 2083 436 ARCHIEP.
2122 372 2433 433 MOGUNT.
2474 372 2758 430 OPERUM
2795 374 2976 432 PARS
3012 376 3055 430 Ι.

461 499 651 554 similae
666 499 1005 568 sacriﬁcium,
1027 498 1097 553 ad
1123 497 1318 570 lagana
1338 507 1386 553 et
1405 514 1612 569 azyma,
1633 505 1682 551 et
1700 497 2040 568 sartaginem,
2067 496 2123 558 Α
2144 504 2241 542 sar
2265 497 2315 542 et
2347 486 2610 542 Ithamar.
2635 487 2705 541 Et
2745 488 2922 543 divisit
2952 502 3039 541 eos
3078 484 3271 551 David,
3310 485 3367 538 id
3393 493 3497 551 est,
3521 485 3750 557 sum

460 601 510 645 et
536 591 605 645 ad
634 591 958 653 torrentium.
992 600 1041 646 et
1063 607 1219 661 super
1247 607 1399 645 omne
1426 591 1631 662 pondus
1657 599 1812 660 atque
1838 605 2041 642 mensu-

462 696 597 735 ram.
627 681 779 748 Quod
830 682 887 736 in
926 681 1246 754 quibusdam
1283 681 1559 736 codicibus
1582 681 1783 736 habet:
1814 681 1883 734 ad
1929 679 2039 749 fer—

461 781 657 825 ventem
713 771 942 826 similam
967 784 988 824 :
1020 779 1076 826 et
1118 773 1173 827 in
1211 772 1569 841 quibusdam:
1620 771 1689 825 ad
1736 768 2040 825 torrendum

460 864 820 918 tantummodo
852 881 871 919 :
919 879 1074 920 error
1112 872 1215 919 est.
1249 864 1309 918 In
1352 862 1576 917 Hebraeo
1617 877 1726 916 non
1775 860 1941 916 habet
1984 861 2041 915 in

460 954 563 1009 hoc
585 954 724 1020 loco,
754 955 982 1010 similam
1011 996 1027 1022 ,
1081 971 1202 1026 quae
1255 954 1431 1010 simila
1485 953 1757 1025 paululum
1796 952 2042 1021 superius

457 1045 768 1111 nominata;
798 1047 914 1112 sed,
946 1047 1015 1100 ad
1047 1046 1351 1100 torrendum
1389 1044 1768 1109 tantummodo,
1799 1042 2037 1113 ponitur,

455 1142 517 1189 ut
543 1135 854 1202 subaudias,
877 1137 1066 1204 spicas.
1114 1136 1374 1191 Primitiae
1402 1136 1547 1191 enim
1572 1135 1788 1205 quando
1830 1133 2039 1189 defere-

452 1222 653 1279 bantur
681 1225 955 1295 spicarum
986 1227 1353 1291 torrebantur,
1404 1234 1459 1280 et
1492 1239 1656 1297 grava
1684 1224 2042 1280 comedeban-

457 1318 579 1368 tur:
613 1316 756 1385 quod
784 1331 954 1387 genus
977 1317 1084 1373 cibi
1113 1317 1272 1389 vulgo
1297 1334 1515 1388 graveas
1535 1324 1749 1371 vocant.
1772 1315 1882 1369 Nec
1895 1315 2040 1370 enim

456 1416 510 1458 et
538 1406 685 1471 illud,
716 1408 860 1477 quod
888 1407 942 1462 in
972 1409 1293 1478 quibusdam
1321 1409 1598 1464 codicibus
1621 1408 1818 1479 legitur
1842 1427 1854 1461 :
1886 1422 2042 1477 super

455 1510 605 1548 omne
631 1496 835 1565 pondus
869 1504 918 1550 et
955 1513 1261 1552 mensuram
1283 1538 1300 1565 ,
1337 1498 1392 1552 in
1424 1497 1650 1553 Hebrazo
1686 1498 1883 1551 dicitur
1932 1512 2039 1551 non

455 1583 644 1640 haberi
672 1586 902 1656 pondus,
936 1588 1031 1643 sed
1053 1597 1265 1643 tantum
1292 1604 1620 1644 mensuram.
1650 1588 1766 1643 Hoc
1792 1588 1936 1643 enim
1960 1587 2036 1642 si-

453 1674 698 1745 gniﬁcari
739 1684 934 1747 putant
960 1686 1017 1733 et
1037 1693 1099 1734 ea
1120 1695 1242 1749 qua:
1266 1680 1367 1734 sub
1390 1679 1629 1735 brachiis
1655 1680 1767 1734 suis
1789 1679 2038 1734 manibus

453 1774 546 1820 aut
579 1765 800 1824 funibus
826 1769 1142 1835 metiuntur,
1165 1779 1218 1827 et
1245 1786 1309 1827 ea
1337 1787 1459 1842 quae
1487 1772 1653 1827 vasis.
1683 1771 2039 1827 Sacerdotum

2142 578 2206 630 de
2234 575 2363 645 ﬁliis
2393 576 2644 641 Eleazar,
2679 587 2729 631 et
2766 575 3063 631 Ahimelech
3102 575 3167 630 de
3202 573 3332 646 'ﬁliis
3367 574 3643 639 Ithamar,
3668 593 3753 630 se-

2142 670 2370 724 cundum
2418 671 2550 724 vices
2584 686 2707 724 suas
2750 679 2798 723 et
2840 670 3224 723 ministerium:
3273 668 3576 739 inventique
3626 680 3751 722 sunt

2141 760 2313 838 multo.
2334 762 2506 832 plures
2537 761 2637 831 ﬁlii
2684 760 2914 815 Eleazar
2945 761 3002 816 in
3024 760 3345 831 principibus
3380 761 3513 813 viris
3541 800 3559 825 ,
3588 777 3749 831 quam

2141 851 2240 922 ﬁlii
2263 852 2523 906 Ithamar.
2545 851 2736 905 Divisit
2769 861 2944 905 autem
2968 852 3067 917 eis,
3093 852 3190 904 hoc
3225 860 3301 904 est
3329 849 3458 918 ﬁliis
3486 850 3750 915 Eleazar,

2140 945 2397 1015 principes
2445 960 2537 1014 per
2574 942 2806 1013 familias
2848 944 3092 1009 sedecim,
3122 953 3169 997 et
3208 942 3337 1010 ﬁliis
3376 942 3638 996 Ithamar
3663 960 3755 1011 per

2142 1032 2375 1103 familias
2404 1043 2454 1088 et
2487 1034 2674 1087 domus
2703 1051 2827 1088 suas
2874 1044 3007 1088 octo.
3040 1032 3210 1087 Porro
3264 1031 3440 1088 divisit
3492 1044 3753 1104 utrasque

2140 1124 2277 1177 inter
2299 1141 2354 1178 se
2379 1124 2612 1194 familias
2643 1125 2887 1193 fortibus.
2918 1123 3088 1178 Erant
3134 1125 3271 1177 enim
3303 1126 3571 1195 principes
3622 1142 3751 1178 san-

2141 1214 2353 1280 ctuarii,
2382 1223 2432 1269 et
2455 1212 2716 1286 principes
2740 1215 2862 1281 Dei,
2884 1222 2992 1270 tam
3037 1216 3101 1269 de
3145 1215 3268 1283 ﬁliis
3314 1215 3553 1269 Eleazar
3588 1233 3753 1285 quam

2140 1303 2205 1357 de
2225 1303 2353 1373 ﬁliis
2388 1304 2651 1358 Ithamar.
2695 1304 2834 1372 Quid
2867 1314 2951 1361 est
3004 1306 3144 1374 quod
3194 1304 3365 1359 David
3409 1304 3756 1359 distribuens

2141 1394 2533 1451 sacerdotalem
2555 1396 2843 1467 originem,
2861 1405 3147 1466 utramque
3168 1397 3409 1462 domum,
3436 1405 3499 1452 et
3517 1396 3755 1452 Eleazar

2139 1485 2391 1541 videlicet
2410 1494 2467 1540 et
2480 1487 2739 1552 lthamar,
2763 1497 2819 1543 et
2839 1488 3130 1544 sacerdotii
3151 1487 3520 1543 ministenum
3536 1498 3597 1542 et
3618 1503 3756 1558 pon-

2141 1576 2379 1632 tificatus
2400 1578 2719 1649 dignitatem
2754 1580 3046 1646 ordinavit,
3071 1580 3175 1635 nisi
3219 1581 3362 1651 quod
3408 1581 3755 1650 Redemptor

2138 1680 2327 1727 noster
2348 1687 2456 1728 non
2483 1673 2655 1728 solum
2679 1689 2747 1728 ex
2777 1674 2998 1742 Judzeis,
3030 1693 3220 1732 verum
3261 1693 3328 1733 ex
3354 1678 3620 1749 gentibus
3650 1679 3757 1733 ele-

2138 1762 2240 1834 git,
2266 1763 2359 1833 qui
2386 1765 2694 1820 sacerdotio
2734 1767 3108 1823 ecclesiastico
3154 1769 3317 1839 digne
3347 1768 3755 1840 fungerener

451 1855 597 1909 enim
632 1872 765 1912 cura
790 1866 911 1913 erat
929 1867 989 1914 ut
1013 1860 1196 1915 omnia
1226 1876 1348 1931 qua:
1378 1861 1701 1918 ministeriis
1729 1861 1915 1933 templi
1945 1861 2039 1917 dea
2067 1847 2116 1906 Β
2143 1855 2328 1912 Ροῐθει
2358 1857 2557 1928 quippe
2607 1859 2661 1913 ίη
2689 1858 2917 1915 Eleazar
2938 1901 2953 1925 ›
3005 1862 3219 1917 seniore
3256 1861 3366 1917 ﬁlio
3416 1862 3607 1916 Αίὶτοη
3639 1861 3754 1930 (Td

449 1954 638 2015 putata
665 1956 845 2014 erant,
873 1959 998 2019 apte
1030 1960 1086 2006 et
1120 1952 1517 2008 rationabiliter
1540 1961 1595 2009 et
1623 1953 1917 2009 secundum
1947 1969 2037 2010 or—

448 2036 627 2094 dinem
648 2054 714 2096 ac
737 2056 1047 2098 mensuram
1075 2044 1290 2100 ﬁerent.

516 2129 708 2186 Levita:
737 2150 859 2204 ergo
892 2143 951 2188 ut
984 2144 1119 2190 stent
1160 2154 1315 2192 mane
1343 2138 1414 2193 ad
1460 2139 1813 2209 conﬁtendum
1861 2149 1911 2195 et
1966 2141 2036 2195 ad

445 2222 739 2276 canendum
780 2223 1025 2291 Domino,
1056 2227 1395 2300 similiterque
1426 2231 1496 2284 ad
1531 2248 1796 2303 vesperam
1832 2241 1940 2287 tam
1979 2234 2036 2288 in

443 2310 707 2367 oblatione
734 2314 1159 2372 holocaustorum
1188 2318 1427 2387 Domini,
1456 2338 1615 2393 quam
1649 2323 1706 2377 in
1734 2324 1965 2378 sabbatis
1987 2333 2034 2379 et

444 2401 679 2459 kalendis
713 2416 763 2460 et
795 2407 1213 2465 solemnitatibus
1235 2411 1449 2483 reliquis
1469 2413 1630 2483 juxta
1668 2431 1942 2471 numerum
1986 2426 2036 2471 et

441 2497 781 2552 cteremonias
806 2500 1220 2572 uniuscujusque
1249 2503 1326 2556 rei
1361 2503 1564 2574 jugiter
1583 2521 1761 2559 coram
1786 2506 2031 2562 Domino.

439 2579 574 2637 Cum
600 2587 908 2643 sacerdotes
935 2604 999 2643 ea
1031 2604 1151 2658 quae
1193 2593 1564 2662 suprascripta
1590 2602 1734 2658 sunt,
1763 2594 2032 2663 fecerunt,

402 2678 409 2683 '
438 2680 567 2728 tunc
594 2674 797 2733 Levita:
828 2679 895 2732 ad
941 2681 1261 2747 canendum,
1286 2692 1340 2737 et
1367 2683 1433 2739 ad
1481 2692 1679 2739 caetera
1706 2725 1721 2750 ,
1777 2701 1898 2758 qua:
1930 2687 2033 2743 sibi

438 2767 645 2822 credita
679 2777 825 2834 sunt,
855 2768 1030 2827 oﬁicia
1087 2776 1452 2841 commoveri,
1512 2793 1544 2831 a
1592 2778 1761 2833 David
1797 2780 2032 2835 ordinati

437 2864 584 2909 sunt.
612 2857 766 2914 Unde
787 2860 863 2914 ita
893 2861 947 2915 in
998 2865 1349 2932 sequentibus
1404 2868 1664 2938 scriptum
1694 2877 1780 2924 est
1809 2887 1822 2924 :
1860 2868 2033 2940 Igitur

436 2943 611 2999 David
641 2958 689 3002 et
718 2951 1055 3021 magistratus
1083 2956 1337 3010 exercitus
1368 2969 1768 3028 segregaverunt
1798 2962 1853 3015 in
1875 2963 2032 3016 mini-

438 3039 656 3092 sterium
679 3040 819 3110 ﬁlios
847 3044 1107 3116 Asaph,et
1134 3047 1333 3114 Eman,
1356 3059 1404 3103 et
1424 3048 1666 3115 Idithun,
1683 3053 1773 3122 qui
1812 3054 2031 3124 prophe-

439 3139 610 3186 tarent
646 3133 701 3188 in
728 3135 947 3191 citharis
973 3147 1024 3192 et
1061 3140 1324 3209 psalteriis
1350 3151 1399 3196 et
1444 3142 1718 3213 cymbalis,
1743 3145 2030 3199 secundum

439 3236 712 3277 numerum
734 3240 889 3279 suum
920 3198 1162 3282 dedicato
1207 3231 1307 3284 sibi
1334 3198 1501 3301 oﬁicib
1524 3234 1823 3289 servientes.
1875 3235 2030 3302 Quod
2057 3198 2102 3261 Ο

442 3321 623 3369 autem
664 3331 759 3372 eos
800 3318 931 3374 dicit
978 3336 1139 3376 mane
1167 3331 1223 3378 et
1248 3339 1477 3395 vespere
1502 3335 1647 3382 stare
1674 3329 1742 3383 ad
1770 3330 2033 3385 conﬁten-

437 3401 565 3456 dum
590 3404 838 3474 Domino,
872 3410 977 3467 hoc
1000 3423 1105 3479 est,
1131 3413 1235 3470 illis
1257 3416 1430 3481 horis,
1457 3419 1675 3487 quando
1697 3418 2032 3477 offerebatur

434 3496 566 3568 juge
594 3501 923 3557 sacriﬁcium
965 3509 1263 3562 secundum
1291 3509 1425 3581 legis
1466 3521 1756 3582 praecepta,
1786 3522 1842 3568 et
1869 3514 1922 3568 in
1954 3514 2033 3570 fe-

438 3588 717 3656 stivitatis,
744 3592 849 3647 hoc
873 3602 975 3659 est,
1008 3596 1251 3652 sabbatis
1272 3606 1328 3653 et
1360 3598 1607 3654 kalendis
1635 3609 1691 3655 et
1721 3602 2035 3659 solemnita-

439 3675 583 3731 tibus
611 3679 855 3750 reliquis,
882 3682 938 3737 in
968 3685 1165 3754 quibus
1214 3687 1445 3757 singulis
1470 3691 1782 3759 specialiter
1809 3694 2034 3763 deputa-

439 3777 527 3822 tur
553 3780 679 3826 sunt
697 3774 997 3831 oblationes
1026 3778 1256 3834 Domino
1280 3780 1568 3839 offerendas
1592 3825 1606 3849 ,
1656 3784 1812 3853 juxta
1868 3787 2032 3842 ritum
2100 3792 2112 3802 '

438 3858 572 3949 legis
597 3876 715 3930 qua:
740 3866 940 3921 tradita
966 3877 1052 3923 est
1091 3868 1216 3925 ﬁliis
1244 3872 1407 3929 Israel
1458 3890 1556 3945 per
1583 3891 1804 3931 manum
1836 3877 2027 3949 Moysi.

442 3947 667 4020 Mystice
682 3960 865 4009 autem
887 3956 946 4011 in
964 3956 1165 4013 Levitis
1186 3975 1250 4015 ac
1271 3965 1589 4021 cantoribus
1609 3967 1803 4022 domus
1816 3947 2032 4023 Domini

442 4224 495 4277 in
518 4227 667 4280 onmi
690 4235 953 4300 tempore,
976 4249 1191 4305 semper
1210 4247 1265 4293 et
1287 4240 1488 4311 ubique
1513 4240 1697 4297 laudat
1717 4240 2027 4299 Dominum.

441 4314 595 4369 Unde
617 4324 671 4370 et
695 4317 751 4371 in
776 4321 1034 4389 psalterio
1061 4327 1408 4397 tripudiando
1428 4346 1549 4386 cum
1563 4331 1831 4401 Propheta
1857 4336 2027 4391 dicit:

441 4406 753 4463 Benedicam
767 4411 993 4469 Domino
1020 4418 1074 4472 in
1102 4422 1523 4493 omnitempore;
1551 4442 1751 4496 semper
1776 4426 1893 4482 laus
1912 4430 2029 4498 ejus

437 4498 492 4586 in
528 4516 617 4554 ore
638 4518 752 4556 meo
778 4503 953 4577 (Psal.
981 4513 1199 4582 xxxm).
1222 4513 1305 4568 Ad
1342 4530 1509 4585 quam
1551 4525 1608 4571 et
1634 4518 1925 4586 Apostolus
1950 4519 2029 4574 lo-

437 4584 638 4659 quitur,
672 4595 858 4654 dicens
886 4618 900 4654 :
935 4601 1116 4657 Nolite
1135 4584 1388 4660 inebriari
1426 4610 1565 4674 vino,
1592 4612 1649 4664 in
1677 4629 1780 4681 quo
1821 4622 1896 4667 est
1936 4613 2024 4669 lu-

437 4682 614 4746 xuria,
644 4685 734 4738 sed
764 4687 1051 4758 implemini
1097 4691 1298 4762 Spiritu
1325 4707 1530 4761 sancto,
1566 4699 1831 4770 loquentes
1855 4704 2027 4760 vobis-

438 4772 670 4842 metipsis
698 4774 754 4830 in
777 4778 979 4847 psalmo
1006 4791 1052 4834 et
1088 4782 1294 4852 hymnis
1314 4797 1363 4841 et
1388 4790 1606 4843 canticis
1634 4793 2023 4863 spiritualibus,

439 4869 706 4917 cantantes
761 4872 811 4917 et
853 4866 1135 4935 psallentes
1188 4873 1244 4926 in
1280 4875 1524 4931 cordibus
1572 4881 1775 4948 vestris,
1798 4882 2025 4941 Domino

437 4952 637 5017 gratias
665 4962 877 5023 agentes
928 4974 1129 5029 semper
1150 4979 1245 5033 pro
1289 4962 1531 5024 omnibus
1576 4970 1633 5026 in
1680 4974 1889 5031 nomine
1915 4976 2028 5033 Do-

439 5038 568 5091 mini
596 5042 761 5095 nostri
795 5041 927 5101 Jesu
953 5044 1151 5105 Christi
1178 5051 1394 5125 (Ephes.
1420 5055 1498 5129 v).

1003 5180 1230 5242 CAPUT
1254 5187 1443 5247 XXIV.

437 5252 523 5312 De.
544 5261 724 5332 viginti
791 5279 985 5352 uatuor
1010 5274 1253 5345 fortibus,
1287 5282 1475 5352 quibus
1504 5284 1675 5341 David
1697 5287 1837 5358 ﬁlios
1864 5288 2021 5347 Elea-

509 5285 1520 5459 s:2;::./.i'3:.£:ezceaez.ad
1546 5358 1874 5415 εενυεεηααπι
1908 5361 2021 5417 De"

509 5347 622 5417 sar,
647 5345 693 5389 et
730 5339 871 5417 ﬁlios
910 5339 1153 5417 Ithamar
1172 5339 1409 5407 distinxit
1451 5356 1520 5409 ad
1546 5339 2022 5417 serviendum—Deo

510 5402 563 5454 in
586 5402 773 5477 templo
802 5409 1015 5486 Domini
1041 5433 1133 5486 per
1157 5402 1462 5477 achillis

514 5488 561 5561 (1
607 5492 739 5591 Pin.
784 5484 970 5574 mi.)
1022 5484 1193 5562 Porro
1229 5510 1355 5580 ﬁliis
1401 5514 1581 5571 Aaron
1631 5536 1715 5573 na:
1760 5531 2023 5591 portiones

437 5594 607 5639 erunt.
635 5585 765 5643 Filii
787 5591 964 5648 Aaron
989 5611 1008 5649 :
1052 5596 1268 5667 Nadab,
1298 5605 1434 5659 Abiu
1456 5618 1505 5661 et
1528 5585 1778 5677 Eleazar,
1794 5624 1844 5667 et
1866 5614 2024 5670 Itha-

438 5689 575 5731 mar.
599 5678 798 5737 Hortui
820 5697 942 5741 sunt
964 5699 1139 5746 autem
1177 5693 1370 5751 Nadab
1395 5707 1445 5752 et
1486 5700 1623 5756 Abiu
1655 5714 1776 5760 ante
1819 5717 2022 5777 patrem

436 5781 591 5824 suum
617 5775 811 5847 absque
840 5779 1017 5837 liberis
1039 5803 1057 5838 :
1086 5787 1480 5860 sacerdotioque
1509 5792 1718 5862 functus
1742 5775 1826 5852 est
1862 5798 2024 5855 Elea-

2051 4564 2107 4625 D

2137 1948 2531 2018 interpretatur
2581 1949 2725 2005 Deus
2755 1968 2901 2005 meus
2946 1952 3183 2022 adjutor,
3217 1953 3333 2008 sive
3370 1953 3475 2008 Dei
3526 1954 3749 2023 adjuto~

2138 2041 2297 2105 rium,
2330 2049 2387 2096 et
2426 2041 2577 2117 prior
2626 2058 2726 2113 per
2773 2043 3175 2100 successionem
3232 2043 3469 2099 ﬁliorum
3521 2061 3753 2101 suorum

2137 2151 2408 2192 summum
2461 2139 2827 2193 sacerdotium
2881 2140 3113 2194 tenendo
3165 2138 3467 2194 Leviticam
3516 2141 3752 2210 stirpem

2138 2227 2379 2300 regebat)
2405 2228 2763 2286 ecclesiastici
2791 2231 3085 2286 sacerdotii
3117 2247 3183 2286 ac
3210 2231 3464 2287 sacriﬁcii
3491 2232 3754 2302 spiritus.

2135 2322 2205 2376 lis
2231 2322 2406 2392 accipi
2450 2322 2668 2393 ﬁgura:
2711 2324 2854 2394 quod
2898 2325 3051 2395 prius
3100 2325 3299 2395 legitur
3331 2340 3434 2397 per
3460 2325 3756 2382 Melchise-

2136 2412 2271 2469 dech
2296 2415 2453 2486 panis
2502 2425 2558 2470 et
2590 2417 2700 2471 vini
2741 2417 2979 2473 oblatum
3017 2433 3139 2475 esse
3184 2418 3524 2474 sacriﬁcium
3570 2419 3753 2490 (quod

2136 2502 2394 2558 nimirum
2415 2506 2659 2575 corporis
2684 2514 2738 2560 et
2767 2507 3045 2577 sanguinis
3071 2508 3274 2564 Christi
3303 2507 3639 2579 praeferebat
3671 2525 3755 2564 sa-

2134 2597 2508 2670 cramentum)
2540 2614 2705 2669 quam
2736 2615 2833 2670 per
2876 2601 3059 2656 Aaron
3093 2616 3156 2657 ac
3204 2600 3504 2657 Leviticam
3543 2603 3753 2659 tribum

2133 2686 2403 2753 pecudum
2430 2688 2831 2745 victimationes
2882 2690 3161 2749 institutas
3191 2700 3255 2747 et
3293 2692 3505 2748 hostias
3534 2693 3753 2748 anima-

2134 2778 2266 2833 lium
2294 2777 2448 2851 (Gen.
2481 2780 2616 2853 xnv).
2647 2782 2821 2849 Unde,
2846 2783 3003 2853 juxta
3036 2784 3187 2839 Pauli
3244 2786 3607 2852 sententiam,
3652 2788 3747 2855 qui

2133 2872 2363 2927 decimas
2385 2877 2606 2946 accepit,
2647 2877 2939 2931 decimatas
2984 2888 3101 2931 est:
3154 2877 3328 2931 adhuc
3357 2878 3501 2933 enim
3528 2874 3661 2933 Levi
3699 2879 3750 2929 in

2133 2961 2323 3017 lumbis
2361 2965 2529 3035 patris
2578 2965 2804 3021 Abrahae
2842 2977 2976 3036 erat,
3015 2968 3226 3040 quando
3264 2969 3491 3023 obviavit
3519 2969 3576 3023 ei
3608 2968 3752 3023 Hel-

2134 3050 2405 3106 chisedech
2438 3052 2628 3125 (Hebr.
2654 3055 2777 3127 vn).
2817 3056 3080 3112 Similiter
3105 3064 3158 3111 et
3181 3057 3441 3124 Ithamar,
3458 3059 3557 3128 qui
3581 3059 3753 3113 inter-

2133 3152 2385 3212 pretatur
2426 3161 2665 3213 amarus,
2702 3158 2759 3201 et
2784 3163 2883 3217 per
2914 3148 3088 3204 David
3140 3150 3208 3204 ad
3248 3149 3468 3205 culmen
3518 3150 3749 3205 honoris

2132 3236 2361 3292 Levitici
2389 3241 2634 3296 ascendit
2654 3282 2671 3309 ,
2703 3257 2890 3299 eorum
2929 3251 3088 3315 typus
3115 3253 3223 3311 est,
3244 3246 3339 3316 qui
3380 3260 3482 3316 per
3507 3247 3748 3303 Redem-

2132 3338 2341 3398 ptorem
2371 3342 2617 3390 nostrum
2649 3335 2718 3390 de
2756 3346 2916 3406 gente
2955 3335 3141 3394 Iudaea
3168 3347 3224 3394 et
3266 3340 3480 3409 ﬁgurali
3514 3340 3663 3411 legis
3688 3356 3748 3395 ac

2132 3429 2580 3485 caeremoniarum
2625 3431 2975 3489 observantia
3017 3436 3086 3490 ad
3122 3436 3410 3492 veritatem
3458 3438 3747 3510 Evangelii

2132 3522 2189 3570 et
2209 3516 2342 3572 Novi
2375 3519 2707 3577 Testamenti
2735 3525 2983 3579 translati
3011 3534 3138 3581 sunt
3160 3527 3384 3583 cultum.
3419 3528 3599 3585 Recte
3619 3546 3751 3602 ergo

2132 3605 2230 3669 ibi,
2272 3624 2508 3676 amarus,
2535 3626 2669 3682 gens
2687 3611 2869 3669 Iudaea
2893 3624 3239 3686 nuncupatur
3265 3633 3281 3672 :
3306 3618 3431 3689 quia
3458 3617 3597 3676 licet
3638 3623 3750 3692 pri-

2133 3700 2393 3769 mogeniti
2418 3701 2541 3758 loco
2571 3719 2603 3759 a
2651 3704 2880 3763 Domino
2925 3709 3218 3780 eligeretur
3244 3752 3259 3779 ,
3309 3728 3375 3769 ac
3418 3715 3749 3787 angelorum

2132 3790 2409 3861 obsequiis
2436 3808 2500 3849 ac
2524 3794 2648 3851 cibo
2670 3789 2879 3854 cuélesti
2902 3799 3040 3856 bene
3064 3800 3258 3859 fuisset
3278 3805 3531 3870 educata,
3558 3814 3748 3861 tamen

2134 3884 2555 3941 amaritudinem
2578 3889 2867 3958 proterviae
2889 3906 3001 3946 suae
3029 3907 3308 3963 nunquam
3336 3894 3583 3965 perfecte
3607 3898 3748 3951 ami-

2132 3972 2222 4027 sit.
2254 3974 2407 4030 Unde
2439 3977 2491 4031 ei
2511 3992 2612 4048 per
2636 3979 2958 4048 prophetam
2989 3982 3102 4051 ipse
3124 3983 3386 4040 Dominus
3412 3986 3548 4041 dicit
3575 4006 3591 4041 :
3624 3988 3744 4060 Ego

2130 4063 2340 4131 quidem
2368 4073 2418 4117 te
2466 4064 2704 4135 plantavi
2733 4069 2939 4124 vineam
2969 4088 3140 4126 meam
3191 4073 3433 4141 electam,
3464 4093 3626 4131 cinae
3667 4095 3747 4132 se-

2131 4171 2248 4209 men
2272 4173 2469 4210 verum.
2505 4157 2782 4224 Quomodo
2826 4179 3076 4219 conversa
3119 4182 3175 4221 es
3224 4167 3283 4221 in
3325 4170 3742 4224 amaritudinem

2131 4246 2249 4301 vitis
2276 4246 2465 4303 aliena:
2495 4248 2629 4321 (Ier.
2658 4250 2723 4324 ιι)
2744 4252 2768 4305 ?
2792 4252 2862 4307 Et
2884 4254 3014 4309 item
3042 4273 3054 4309 :
3094 4254 3431 4327 Exspectavi,
3456 4259 3659 4330 inquit,
3688 4271 3743 4315 ut

2131 4338 2326 4408 faceret
2354 4358 2501 4408 uvas,
2534 4352 2586 4397 et
2612 4343 2734 4413 fecit
2761 4344 3034 4402 labruscas
3058 4347 3194 4419 (Isa.
3217 4348 3296 4419 v).
3346 4349 3429 4407 Ob
3473 4352 3583 4408 hoc
3629 4354 3741 4407 uti-

2133 4445 2239 4499 que
2264 4432 2447 4500 plures
2475 4447 2542 4488 ex
2573 4434 2700 4490 ﬁliis
2726 4435 2973 4503 Eleazar,
3002 4454 3166 4509 quam
3215 4456 3286 4497 ex
3320 4440 3448 4498 ﬁliis
3494 4443 3741 4499 lthamar

2131 4520 2289 4575 electi
2318 4530 2444 4577 sunt
2463 4523 2532 4578 ad
2556 4525 2921 4582 sacerdotium
2952 4546 2966 4580 :
2996 4530 3129 4599 quia
3154 4529 3333 4600 plures
3357 4531 3485 4601 ﬁliis
3515 4534 3739 4588 deserta

2132 4614 2300 4684 magis
2325 4630 2481 4684 quam
2511 4616 2629 4686 ejus
2653 4633 2771 4687 (μιαν
2799 4618 2951 4674 habet
2980 4621 3150 4674 virum
3183 4608 3356 4694 (Psal.
3388 4623 3527 4689 ων).
3556 4625 3737 4695 Atque

2133 4702 2249 4772 ipsa
2274 4706 2513 4774 quandiu
2526 4715 2645 4761 erat
2663 4708 2877 4775 sterilis,
2900 4713 3094 4780 peperit
3114 4723 3331 4784 septem,
3350 4724 3401 4768 et
3423 4731 3543 4785 qua:
3570 4716 3735 4769 multa

2131 4795 2191 4848 in
2244 4794 2369 4863 ﬁliis
2412 4797 2686 4866 inﬁrmata
2726 4808 2804 4855 est
2842 4801 2905 4873 (I
2936 4801 3062 4874 Reg.
3093 4805 3195 4876 ιι).
3249 4806 3571 4877 Septenario
3603 4825 3734 4880 ergo

2133 4902 2363 4944 numero
2378 4898 2619 4961 propter
2653 4892 3025 4963 septiformem
3056 4896 3317 4967 Spiritum
3338 4901 3611 4957 universa:
3630 4902 3733 4957 Ec-

2133 4978 2314 5037 clesiae
2337 4990 2423 5038 est
2466 4984 2677 5055 signata
2706 4985 2969 5055 perfectio
3002 5006 3015 5042 :
3048 5000 3269 5060 propter
3312 4994 3460 5061 quod
3485 5002 3540 5048 et
3567 4994 3732 5049 Joan-

2136 5087 2234 5128 nes
2259 5072 2549 5145 Apostolus
2576 5077 2645 5131 ad
2681 5086 2889 5147 septem
2924 5081 3114 5136 scribit
3157 5082 3437 5149 ecclesias,
3470 5091 3526 5138 et
3571 5085 3729 5139 modo

2135 5178 2196 5219 se
2230 5165 2523 5222 ostendens
2549 5168 2618 5222 ad
2664 5158 2825 5226 unius
2852 5170 3240 5241 plenitudinem
3271 5174 3513 5230 scribere
3541 5175 3725 5246 (Apoc.

2135 5254 2199 5326 ι).
2221 5254 2290 5313 Et
2306 5256 2363 5312 in
2378 5256 2689 5314 Proverbiis
2702 5259 3133 5319 Salomonishoc
3154 5272 3315 5320 antea
3334 5266 3722 5337 praeﬁgurans:

2137 5346 2412 5420 Sapientia
2437 5349 2537 5404 sibi
2560 5352 2838 5421 azdiﬁcavit
2864 5354 3100 5421 domum,
3128 5366 3178 5410 et
3205 5357 3438 5427 suffulsit
3475 5375 3593 5411 eam
3640 5374 3722 5411 co-

2133 5435 2328 5491 lumnis
2380 5449 2574 5507 septem
2610 5439 2795 5511 (Prov.
2850 5446 2950 5516 1x).
3000 5445 3171 5501 Porro
3204 5447 3257 5501 id
3299 5447 3444 5517 quod
3494 5448 3548 5503 in
3602 5448 3723 5504 ﬁliis

2133 5525 2360 5582 Eleazar
2387 5531 2683 5601 principes,
2709 5549 2807 5604 per
2833 5534 3087 5604 familias,
3118 5539 3356 5596 sedecim
3405 5541 3614 5597 fuerint
3635 5559 3722 5599 or-

2131 5618 2322 5684 dinati,
2340 5629 2396 5676 et
2421 5622 2475 5677 in
2502 5623 2628 5681 ﬁliis
2647 5626 2888 5685 lthamar
2920 5634 3294 5689 tantummodo
3321 5642 3467 5701 octo,
3493 5636 3561 5691 ad
3576 5651 3719 5692 eam-

2130 5711 2255 5767 dem
2285 5714 2732 5783 signiﬁcationem
2762 5724 3003 5794 respicit,
3029 5726 3175 5794 quod
3200 5727 3455 5782 nimirum
3477 5727 3711 5783 Ecclesia

2128 5802 2198 5858 ad
2223 5808 2596 5875 operationem
2633 5827 2917 5884 synagogas
2968 5816 3235 5884 duplicem
3266 5818 3429 5874 habet
3460 5820 3708 5889 gratiam.
