3920 6462
137 330 254 388 393

1074 331 1428 390 COMMENT.
1469 330 1538 388 IN
1574 329 2125 405 ΡλιιιΑιιΡοΜΕΝΑ.
2160 358 2229 370 --
2266 329 2394 385 LIB.
2435 330 2500 385 ll.

3305 329 3409 386 594
3491 344 3501 351 ‘

131 446 197 501 In
228 445 472 502 sedecim
501 460 631 519 ergo
656 445 848 519 duplex
872 453 1086 503 constat
1110 445 1440 513 octonarius,
1461 454 1517 503 et
1535 446 1589 501 in
1613 445 1731 516 lege
1757 445 1811 506 Α
1835 442 2008 513 psisse
2064 433 2208 510 ipsas
2264 449 2439 497 sortes
2467 481 2483 507 ,
2558 439 2827 511 signiﬁcat
2888 440 3161 497 doctorem
3222 441 3414 497 ordine

133 544 343 593 octava
374 536 461 591 die
494 536 727 592 carnalis
776 536 1122 592 circumcisio
1147 535 1232 604 agi
1259 535 1435 591 fuerat
1464 535 1729 592 instituta.

131 629 194 684 In
226 628 525 701 Evangelio
553 638 607 684 et
629 629 877 701 specialis
906 629 1249 687 circumcisio
1276 629 1542 695 eordium,
1570 638 1624 685 et
1644 628 1731 683 fu-

131 727 262 775 tura
290 736 585 791 corporum
613 722 801 777 eodem
831 735 1057 777 numero
1089 736 1350 792 expressa
1378 728 1463 777 est
1488 737 1735 778 resurre-

129 818 265 883 ctio,
293 819 513 889 quando
542 818 595 874 bi
619 820 711 890 qui
733 820 1164 893 evangelicarum
1186 827 1311 875 octo
1334 818 1733 874 beatitudinum

130 909 357 979 species
376 910 482 966 rite
515 911 570 966 in
604 912 708 967 hac
746 912 859 966 vita
890 923 1267 978 servaverunt,
1307 912 1377 967 ad
1400 919 1616 967 aeterna!
1640 924 1731 966 re-

130 1000 534 1057 munerationis
591 1001 647 1056 in
689 1002 899 1058 caelesti
949 1018 1118 1074 regno
1180 1003 1546 1059 conseendent
1595 1019 1735 1074 prae-

128 1091 330 1146 mium.
362 1092 519 1160 Quod
552 1094 696 1148 enim
726 1093 1111 1164 subiungitur:
1145 1094 1315 1149 Erant
1351 1096 1490 1150 enim
1541 1095 1734 1166 princi-

126 1197 219 1250 pes
243 1182 546 1235 sanctuarii
582 1190 632 1236 et
666 1182 926 1253 principes
946 1182 1066 1249 Dei,
1094 1192 1203 1238 tam
1231 1184 1296 1238 de
1325 1183 1450 1253 ﬁliis
1479 1183 1733 1251 Eleazar,

124 1286 291 1340 quam
322 1270 391 1324 de
428 1270 556 1340 ﬁliis
584 1269 869 1326 Ithamar:
911 1273 1180 1339 ostendit,
1235 1273 1379 1343 quod
1423 1288 1583 1329 nemo
1630 1274 1734 1329 rite

125 1363 386 1435 pervenit
417 1364 487 1419 ad
512 1364 878 1420 ministerium
919 1366 1238 1432 sanctuarii,
1272 1374 1327 1420 et
1356 1366 1423 1421 ad
1462 1366 1735 1436 principa-

126 1461 243 1508 tum
276 1453 592 1518 sacerdotii,
622 1455 726 1509 nisi
755 1470 854 1525 per
879 1455 1200 1512 electionem
1229 1455 1591 1511 ordinationis
1612 1455 1727 1510 Dei.

128 1544 286 1601 Unde
310 1544 406 1601 hic
433 1545 739 1601 excluditur
765 1547 943 1602 omnis
969 1547 1233 1617 superbia:
1253 1546 1449 1612 fastus,
1474 1553 1530 1601 et
1555 1547 1732 1602 omnis

124 1641 364 1689 terrenae
397 1635 710 1704 cupiditatis
736 1635 989 1701 affectus,
1022 1652 1122 1692 nec
1156 1652 1265 1693 non
1315 1645 1370 1692 et
1420 1637 1733 1693 simoniacte

123 1726 299 1796 pestis
324 1727 603 1793 avaritiae;
634 1742 810 1798 neque
838 1728 934 1782 ulli
987 1727 1112 1784 licet
1159 1728 1264 1785 hoc
1310 1727 1537 1799 pecunia
1569 1743 1732 1799 appe-

125 1826 263 1883 tere,
295 1819 448 1887 quod
470 1818 650 1873 divina
672 1819 895 1889 largitas
916 1819 1209 1877 humilibus
1237 1822 1475 1892 gratuito
1502 1836 1730 1876 munere

124 1907 265 1965 solet
299 1909 578 1966 conferre.
608 1909 719 1966 Nec
746 1913 866 1967 sine
898 1913 1158 1983 mysterio
1187 1913 1320 1970 illud
1356 1922 1444 1970 est
1484 1915 1626 1986 quod
1652 1914 1732 1970 di-

123 1999 268 2055 citur
304 1999 486 2055 David
515 2008 772 2073 utrasque
822 2001 1056 2059 familias
1082 2004 1227 2059 inter
1254 2020 1313 2062 se
1340 2005 1592 2062 divisisse
1619 2022 1732 2063 sor-

123 2090 310 2158 tibus;
345 2107 546 2149 verum
566 2094 672 2149 ista
693 2109 814 2150 sors
834 2084 1200 2165 inScripturis
1228 2097 1425 2154 divinis
1450 2105 1562 2154 tam
1591 2112 1733 2171 saepe

123 2194 616 2252 commemoratur,
641 2196 704 2243 ut
731 2202 988 2260 magnum
1013 2189 1201 2246 nescio
1225 2190 1371 2261 quod
1397 2191 1566 2248 divini
1588 2190 1733 2262 judi-

121 2276 190 2332 cii
216 2285 448 2348 gestare
472 2280 724 2336 videatur
752 2295 1034 2336 arcanum.
1071 2280 1345 2353 Scriptum
1373 2291 1460 2339 est
1502 2284 1647 2340 enim
1675 2285 1731 2340 in

122 2366 400 2437 Levitico,
434 2384 599 2425 unam
642 2379 846 2427 sortem
893 2370 1123 2428 Domino
1170 2372 1318 2439 dari,
1378 2381 1434 2429 et
1481 2390 1649 2430 unam
1699 2390 1732 2431 a

120 2463 407 2534 pompeio,
443 2462 499 2518 id
530 2470 636 2531 est,
668 2464 1058 2521 transmissori.
1097 2465 1233 2524 Item
1262 2465 1475 2539 Moyses
1502 2467 1731 2540 quibus-

123 2552 248 2608 dam
277 2556 536 2613 tribubus
573 2563 729 2614 trans
754 2557 1048 2615 Iordanem
1085 2570 1289 2617 terram
1331 2568 1480 2617 sorte
1525 2560 1728 2616 divisit.

122 2641 250 2697 Jesu
281 2661 509 2717 quoque
538 2646 683 2705 ﬁlius
713 2647 989 2705 Jesunave
1032 2658 1237 2707 terram
1294 2652 1733 2724 repromissionis

124 2732 252 2790 ﬁliis
293 2734 467 2791 Israel
511 2746 659 2795 sorte
693 2740 858 2796 missa
891 2742 1186 2798 distribuit.
1219 2741 1353 2799 Sors
1393 2758 1609 2815 quoque
1647 2742 1733 2800 Jo-

124 2840 253 2880 nam
288 2827 533 2898 prodidit
569 2828 825 2887 latentem
881 2831 1063 2903 (Joan.
1118 2833 1181 2905 1).
1223 2833 1292 2889 Et
1338 2834 1394 2889 in
1442 2832 1734 2891 Salomone

124 2914 326 2986 legitur
350 2932 366 2971 :
401 2915 852 2977 Contradictiones
879 2923 1079 2978 cohibet
1110 2940 1249 2990 sors,
1273 2933 1322 2979 et
1344 2925 1481 2980 inter
1499 2935 1733 2995 potentes

124 3005 343 3074 deﬁniet
382 3005 566 3079 (Prov.
608 3011 785 3083 xvm).
816 3012 876 3067 In
904 3011 1053 3068 Novo
1087 3028 1305 3084 quoque
1343 3013 1731 3082 Testamento,

125 3093 180 3149 id
201 3105 311 3163 est,
348 3096 408 3153 in
434 3098 659 3156 Actibus
685 3102 1075 3172 apostolorum,
1101 3118 1221 3159 sors
1255 3103 1541 3159 Matthiam
1592 3104 1735 3159 desi-

125 3155 316 3254 gnavit
339 3187 660 3258 Apostolum
690 3155 950 3265 (Eafa:—
968 3155 1555 3249 rurigenae};
1599 3155 1736 3264 2.3;.
1761 3155 1807 3219 C

126 3273 302 3327 stolus
327 3277 577 3332 scribens
622 3279 689 3334 ad
735 3280 997 3349 Ephesios
1032 3290 1172 3337 sorte
1204 3298 1267 3340 se
1300 3284 1433 3339 dicit
1480 3293 1737 3340 vocatum

124 3361 428 3416 secundum
458 3368 781 3434 prepositum
808 3370 922 3440 ejus
952 3373 1040 3443 qui
1077 3375 1259 3428 omnia
1284 3382 1531 3444 operatur
1555 3391 1739 3429 secun-

124 3455 262 3507 dum
291 3454 576 3510 consilium
616 3455 901 3513 voluntatis
944 3476 1055 3514 suae
1104 3463 1319 3534 (Ephes.
1349 3465 1412 3536 1).
1465 3465 1558 3521 Sic
1593 3466 1739 3523 enim

127 3545 197 3601 ad
233 3544 590 3604 Colossenses
615 3549 858 3607 scribens
880 3551 1011 3608 dicit
1035 3571 1050 3608 :
1088 3551 1326 3624 Gratias,
1353 3558 1551 3630 inquit,
1580 3577 1738 3631 agen-

132 3648 206 3694 tes
229 3639 348 3695 Deo
383 3638 565 3709 Patri,
584 3644 676 3714 qui
698 3644 913 3700 idoneas
937 3663 1032 3702 nos
1052 3648 1177 3719 fecit
1198 3649 1253 3705 in
1269 3660 1419 3721 parte
1435 3653 1592 3708 sortis
1611 3671 1738 3710 san-

134 3734 340 3781 ctorum
368 3730 426 3785 in
453 3730 649 3788 lumine
679 3733 819 3806 (Col.
849 3736 914 3809 1).
969 3736 1076 3794 Sed
1112 3754 1237 3796 cum
1272 3743 1443 3799 multa
1492 3744 1739 3816 legantur

135 3823 247 3871 tam
296 3817 356 3873 in
375 3818 562 3875 Veteri
591 3838 756 3892 quam
813 3825 868 3881 in
911 3825 1079 3885 Novo
1104 3830 1458 3891 Testamento
1499 3837 1739 3894 sortibus

138 3906 306 3963 fuisse
335 3908 535 3978 divisa,
566 3927 729 3969 nemo
757 3929 924 3971 ausus
950 3926 1036 3973 est
1062 3935 1265 3992 negare
1302 3940 1403 3994 per
1438 3940 1563 3982 eam
1602 3929 1738 3985 divi-

138 3996 281 4055 nitus
312 4014 438 4056 esse
459 4011 844 4074 monstratum,
877 4011 1020 4079 quod
1047 4026 1201 4068 mens
1244 4005 1440 4071 devota
1477 4020 1739 4087 petitione

141 4095 366 4165 supplici
394 4098 707 4168 postulavit.
735 4102 941 4160 Tamen
983 4122 1095 4163 non
1135 4117 1340 4168 temere
1382 4129 1485 4170 nec
1530 4117 1738 4176 indiﬂ'e—

140 4197 321 4280 renter
606 4200 691 4248 est
718 4194 1067 4263 credendum,
1098 4214 1220 4255 eum
1242 4202 1528 4278 privilegia
1552 4207 1738 4280 singu-

141 4272 333 4343 lorum,
357 4283 422 4332 ut
444 4275 805 4352 Hieronymus
831 4287 926 4353 ait,
959 4304 1302 4348 communem
1353 4272 1529 4368 legem
1557 4272 1739 4357 facere

142 4380 243 4421 non
270 4369 501 4451 possint.
532 4370 644 4427 Nec
681 4373 937 4432 divinitas
987 4377 1331 4450 aliquomodo
1377 4388 1447 4439 ab
1499 4390 1738 4448 humana

1834 535 2037 600 omnia,
2061 548 2181 603 quae
2230 533 2284 588 in
2337 533 2452 604 lege
2500 535 2890 604 comprehensa
2943 545 3108 601 sunt,
3156 536 3414 606 mysteria

1832 640 1967 697 pure
1992 632 2049 681 et
2068 625 2281 681 sincere
2319 639 2505 679 coram
2536 625 2648 680 Deo
2676 634 2733 680 et
2781 625 3090 681 hominibus
3114 627 3280 681 verbo
3330 641 3418 682 re-
3515 636 3522 648 '

1832 724 1935 771 ctae
1985 716 2109 771 lidei
2156 722 2392 771 tractare
2423 756 2439 781 ,
2485 723 2657 784 atque
2708 717 2775 771 ad
2834 716 3083 772 notitiam
3112 716 3419 772 auditorum

1832 810 2147 881 perducere.
2177 808 2332 876 Quod
2363 810 2503 863 bene
2545 808 2660 879 ipsa
2701 808 2919 863 nomina
2969 824 3068 879 per
3102 809 3421 879 interpreta-

1834 903 2007 958 tiones
2038 902 2333 957 ostendunt
2363 919 2376 956 :
2407 916 2537 956 nam
2563 899 2828 965 Semeias,
2853 900 3073 955 audiens
3100 900 3384 956 Dominum
3399 919 3418 966 ,-

1830 992 2150 1059 Natbanael,
2180 993 2378 1047 donum
2406 990 2505 1046 Dei
2532 1000 2699 1057 recte;
2753 990 3004 1056 Sadocb,
3047 991 3422 1061 justus;Abi-

1831 1082 2062 1149 melech,
2110 1082 2279 1152 frater
2298 1098 2442 1137 meus
2464 1097 2588 1146 rem;
2625 1088 2681 1136 et
2732 1079 3018 1146 Abiathar,
3045 1091 3195 1151 pater
3240 1099 3423 1154 super-

1832 1173 1990 1242 ﬂuus,
2028 1171 2438 1241 interpretatur.
2471 1169 2575 1239 Qui
2622 1185 2752 1242 ergo
2798 1171 2902 1226 rite
2951 1170 3103 1227 audit
3135 1172 3423 1228 Dominum

1834 1271 1979 1319 recte
2018 1262 2277 1318 discendo
2318 1261 2492 1333 legem
2522 1263 2669 1334 ejus,
2714 1272 2771 1320 et
2812 1265 3115 1320 obediendo
3155 1266 3425 1321 mandatis

1833 1353 1996 1418 illius,
2030 1354 2143 1424 ipse
2172 1353 2317 1409 ﬁlius
2339 1361 2422 1409 est
2444 1353 2572 1410 doni
2599 1354 2716 1420 Dei,
2744 1355 2870 1425 quia
2897 1355 3037 1411 hanc
3062 1357 3292 1428 gratiam
3313 1370 3425 1410 non

1831 1447 1934 1503 nisi
1965 1460 2031 1502 ex
2063 1447 2205 1502 dono
2232 1446 2397 1503 habet
2436 1447 2639 1504 divino.
2682 1447 2883 1520 Sicque
2914 1450 3094 1504 scriba
3147 1450 3338 1506 doctus
3369 1449 3425 1503 in

1831 1556 1998 1611 regno
2052 1541 2334 1607 caelorum,
2376 1549 2432 1596 et
2484 1542 2736 1598 minister
2778 1542 2895 1598 veri
2946 1542 3133 1614 templi
3166 1541 3429 1599 describit

1831 1634 1998 1689 ritum
2028 1634 2317 1690 sacerdotii
2351 1649 2534 1689 coram
2569 1650 2717 1705 rege,
2763 1634 3020 1690 videlicet
3073 1633 3290 1690 Christo
3329 1648 3425 1688 seu

1830 1723 2031 1796 populo
2054 1724 2363 1780 Christiano
2391 1723 2605 1797 (Matth.
2639 1724 2781 1795 χιιι).
2811 1724 2914 1792 Qui
2941 1724 3080 1781 bene
3131 1741 3223 1779 rea:
3248 1730 3429 1795 potest

1758 1800 1806 1859 Β
1835 1814 1961 1881 dici,
1994 1815 2121 1886 quia
2151 1828 2346 1886 corpus
2401 1823 2485 1870 est
2512 1814 2751 1882 Christi,
2804 1823 2860 1871 et
2907 1816 3071 1871 vitam
3123 1832 3277 1871 suam
3325 1815 3430 1870 rite

1837 1906 1996 1978 regit,
2039 1906 2513 1977 suiquemetipsius
2542 1906 2681 1962 bene
2725 1906 3038 1963 dominatur
3064 1905 3247 1979 (Apoc.
3280 1923 3322 1973 1,
3347 1905 3425 1978 5).

1835 1996 1939 2064 Qui
1973 1997 2139 2053 etiam
2173 1996 2301 2053 licet
2333 2012 2401 2053 ex
2448 1996 2717 2069 superﬂuo
2757 2006 2932 2067 patre,
2983 1997 3087 2053 hoc
3115 2004 3202 2053 est
3240 1997 3429 2067 gentili

1833 2088 2054 2160 populo,
2084 2089 2156 2145 sit
2189 2090 2388 2155 editus,
2422 2098 2603 2145 tamen
2634 2089 3028 2146 sacerdotalem
3075 2089 3217 2146 sicut
3247 2098 3303 2144 et
3338 2103 3427 2144 re-

1835 2183 1980 2256 giam
2015 2182 2181 2239 habet
2223 2183 2541 2255 dignitatem
2568 2192 2625 2240 et
2666 2182 2807 2240 Justi
2834 2184 3052 2240 nomine
3079 2183 3275 2240 merito
3301 2197 3430 2238 cen-

1834 2282 2003 2331 setur.

1903 2365 2085 2421 Exibit
2112 2375 2288 2421 autem
2327 2383 2443 2422 sors
2491 2367 2664 2438 prima
2702 2368 2942 2434 Joiarib,
2988 2368 3218 2423 secunda
3243 2367 3430 2433 Jedci,

1835 2460 1991 2513 tertia
2017 2456 2230 2524 Harim,
2261 2468 2454 2531 quarta
2492 2456 2719 2526 Seorim,
2753 2460 2937 2530 quinta
2964 2458 3193 2514 Melo/tia
3217 2500 3232 2527 ,
3282 2468 3432 2514 sexta

1835 2548 2096 2619 Maiman,
2123 2552 2345 2623 septima
2389 2551 2579 2617 Accos,
2619 2560 2804 2606 octava
2840 2550 3022 2618 Abias,
3063 2567 3203 2606 nona
3243 2550 3432 2618 Jesua,

1833 2638 2037 2695 decima
2059 2639 2338 2707 Sechenia,
2352 2642 2631 2697 undecima
2655 2641 2881 2710 Eliasib,
2899 2643 3212 2699 duodecima
3231 2642 3269 2699 Ι
3272 2643 3433 2711 acim,

1834 2732 2210 2787 terdiadecima
2245 2732 2497 2805 Hoppha,
2527 2733 2731 2788 decima
2751 2743 2943 2807 quarta
2982 2734 3200 2801 Isbaab,
3224 2735 3432 2790 decima

1833 2825 2016 2896 quinta
2043 2823 2229 2896 Belga,
2259 2825 2464 2881 decima
2501 2835 2652 2881 sexta
2675 2825 2911 2893 Emmer,
2955 2826 3159 2882 decima
3207 2827 3432 2898 septima

1836 2913 2030 2981 Hesir,
2068 2916 2272 2971 decima
2301 2928 2483 2971 octava
2528 2918 2747 2989 Aphses,
2774 2917 2977 2972 decima
3007 2934 3149 2972 nona
3186 2915 3432 2982 Pheteia,

1834 3006 2083 3077 vigesima
2110 3006 2389 3062 Hezecltiel
2411 3049 2426 3075 ,
2459 3009 2707 3079 vigesima
2747 3010 2920 3080 prima
2938 3007 3153 3076 Jachin,
3186 3009 3437 3081 vigesima

1836 3097 2067 3151 secunda
2116 3095 2341 3165 Gamul,
2389 3100 2639 3169 vigesima
2684 3100 2840 3154 tertia
2868 3099 3142 3168 Dalaian,
3190 3101 3438 3172 vigesima

1839 3198 2029 3258 quarta
2056 3187 2366 3244 Mahazian.
2406 3190 2509 3245 lla:
2549 3192 2684 3245 vices
2723 3208 2906 3246 eorum
2953 3191 3242 3246 secundum
3286 3192 3439 3245 mini-

1839 3281 1999 3337 steria
2027 3298 2145 3347 sua,
2168 3291 2227 3336 ut
2273 3283 2638 3354 ingrediantur
2676 3284 2889 3339 domum
2919 3284 3156 3351 Domini,
3202 3293 3250 3339 et
3274 3285 3469 3355 juxta‘

1840 3375 2002 3429 ritum
2022 3392 2174 3430 suum
2200 3376 2296 3430 sub
2322 3393 2485 3431 manu
2508 3376 2689 3431 Aaron
2721 3371 2893 3448 patris
2917 3394 3119 3444 eorum,
3146 3378 3281 3433 sicut
3302 3393 3436 3449 prce-

1840 3477 2046 3537 ceperat
2094 3467 2354 3523 Dominus
2404 3468 2545 3523 Deus
2598 3468 2793 3524 Israel.
2860 3468 3002 3537 Quid
3052 3476 3138 3525 est
3178 3469 3324 3540 quod
3381 3468 3440 3523 in

1837 3559 2025 3630 viginti
2055 3567 2291 3630 quatuor
2321 3570 2497 3617 sortes
2526 3561 2767 3617 Levitica
2811 3562 3011 3629 tribus,
3042 3570 3097 3618 et
3125 3562 3438 3618 sacerdota-

1838 3647 1908 3705 lis
1933 3651 2068 3705 ordo
2096 3651 2442 3708 distribuitur
2465 3694 2480 3718 ,
2532 3653 2638 3709 nisi
2676 3654 2822 3724 quod
2851 3655 3088 3711 ostendit
3136 3654 3439 3711 Ecclesium

1837 3740 2162 3797 catholicam
2185 3744 2578 3801 sacerdotalem
2603 3754 2658 3802 et
2681 3747 2891 3818 regiam
2916 3747 3234 3819 dignitatem
3258 3747 3435 3818 pleni—

1838 3840 1924 3888 ter
1951 3833 2173 3901 habere,
2210 3844 2265 3892 et
2310 3836 2445 3910 legis
2476 3847 2639 3910 atque
2670 3838 2947 3911 Evangelii
2982 3840 3287 3895 doctrinam
3321 3854 3441 3911 per-

1838 3922 1980 3980 fecte
2004 3940 2228 3983 servare
2261 3926 2315 4000 (Ι
2341 3926 2489 3985 Petr.
2548 3930 2634 4004 ιι).
2696 3929 2847 3986 Hanc
2904 3930 3155 3986 videlicet
3202 3929 3441 3987 Joannes

1838 4020 2115 4087 apostolus
2138 4031 2194 4078 et
2216 4023 2546 4094 evangelista
2576 4024 2631 4078 in
2643 4022 2967 4095 Apocalypsi
2993 4039 3090 4079 sua
3121 4023 3221 4079 sub
3246 4022 3435 4079 eodem

1838 4128 2088 4179 numero,
2120 4115 2226 4169 hoc
2250 4123 2355 4181 est,
2378 4115 2656 4171 vieenario
2688 4124 2742 4170 et
2780 4116 3129 4185 quaternario
3159 4116 3214 4170 in
3241 4115 3441 4172 circui-

1837 4211 1899 4259 tu
1951 4206 2095 4261 sedis
2130 4205 2225 4261 Dci
2265 4207 2366 4262 sub
2414 4206 2589 4278 ﬁgura
2645 4207 2919 4261 seniorum
2972 4206 3252 4262 sedentem
3304 4207 3438 4262 vidit

1838 4309 2003 4366 super
2030 4297 2255 4352 thronos
2278 4298 2469 4368 viginti
2490 4306 2725 4367 quatuor
2754 4298 2938 4369 (Apoc.
2964 4297 3026 4370 1),
3045 4306 3106 4353 ut
3128 4299 3441 4354 ostenderet

1839 4387 2149 4443 universam
2164 4388 2258 4443 Dei
2275 4387 2596 4452 Eeclesiam,
2615 4402 2735 4456 quae
2749 4402 2847 4455 per
2858 4388 3131 4453 geminum
3147 4396 3438 4440 testamen-

146 4459 683 4562 euriositate-t-entari
709 4464 891 4562 debet,
916 4465 1089 4562 iuxta
1115 4472 1259 4542 quod
1306 4474 1566 4546 scriptum
1600 4487 1685 4535 est
1718 4497 1733 4536 :
1759 4501 1816 4562 Β
1841 4483 1956 4532 ιιιιιι
1985 4478 2053 4532 de
2078 4476 2405 4547 patriarchis
2431 4487 2487 4533 et
2527 4477 2787 4549 apostolis
2831 4486 3085 4550 generata
3113 4487 3217 4546 est,
3241 4490 3438 4550 perpe-

154 4545 272 4602 Non
308 4552 536 4609 tentabis
575 4554 862 4611 Dominum
900 4557 1071 4614 Deum
1108 4570 1258 4616 tuum
1302 4545 1482 4636 (Deut.
1513 4567 1609 4641 γι).
1640 4570 1744 4630 Ve-

148 4653 472 4735 rumtamen,
518 4652 662 4723 quod
688 4653 734 4708 si
759 4653 853 4724 qui
882 4655 1209 4712 necessitate
1262 4657 1443 4730 aliqua
1480 4666 1744 4735 compulsi

150 4730 435 4792 Dominum
482 4746 674 4810 putent
726 4741 998 4811 sortibus,
1044 4745 1292 4817 exemplo
1339 4730 1706 4819 apostolorum
1725 4797 1740 4825 ,

151 4835 264 4880 esse
294 4828 710 4898 consulendum,
739 4831 978 4901 videant,
1007 4834 1113 4891 hoc
1139 4835 1285 4908 ipsos
1322 4843 1598 4913 apostolos
1634 4861 1742 4903 non

154 4915 251 4971 nisi
277 4920 508 4980 collecto
541 4921 772 4980 fratrum
816 4934 963 4982 coetu
989 4968 1006 4995 ,
1054 4936 1111 4985 et
1153 4930 1407 5000 precibus
1446 4936 1513 4991 ad
1565 4936 1739 4996 Deum

156 5002 282 5065 fusis
308 5010 505 5081 egisse.
726 5036 729 5041 -
1396 5072 1399 5075 _

223 5097 606 5175 Descripsitque
637 5120 724 5160 eos
749 5103 984 5162 Semeias
1001 5146 1017 5174 ,
1041 5110 1183 5176 ﬁlius
1210 5112 1539 5186 Nathanael,
1566 5122 1739 5178 scriba

160 5184 367 5257 Levites,
397 5209 576 5248 coram
607 5210 723 5264 rege
766 5204 814 5249 et
866 5196 1220 5267 principibus,
1271 5208 1321 5255 et
1353 5184 1532 5259 Sadoc'
1566 5225 1740 5264 sacer-

165 5276 291 5371 dote,
322 5291 369 5336 et
392 5283 708 5352 Abimelech,
731 5284 843 5355 [ilio
868 5285 1158 5357 Abiathar,
1212 5292 1632 5370 principibusque
1656 5301 1742 5371 fa-

165 5369 424 5430 miliarum
449 5376 855 5433 sacerdotalium
904 5386 955 5433 et
1007 5378 1358 5439 Leviticarum
1381 5401 1400 5439 :
1440 5369 1601 5446 unam
1649 5369 1747 5449 do-

172 5476 325 5533 mum,
353 5488 469 5539 qua:
495 5490 614 5528 cum
645 5476 848 5532 ueteris
896 5489 1119 5549 praeerat
1143 5520 1160 5547 ,
1210 5480 1481 5551 Eleazar;
1512 5494 1561 5539 et
1615 5484 1744 5542 alte-

174 5566 280 5645 tam
304 5560 534 5631 domum,
565 5583 681 5636 quae
719 5570 814 5623 sub
838 5588 894 5625 se
939 5572 1160 5629 habebat
1202 5585 1437 5645 ueteres,
1478 5578 1742 5637 Ithamar.

178 5641 319 5711 Quod
366 5652 642 5723 Semeias,
694 5658 837 5715 ﬁlius
898 5660 1196 5720 Nathanael
1223 5706 1239 5732 ,
1303 5641 1480 5724 scriba
1529 5669 1744 5728 Levites

181 5749 352 5799 coram
380 5762 505 5819 rege
524 5758 580 5805 et
600 5751 931 5821 principibus
956 5757 1297 5813 sacerdotum
1324 5759 1519 5815 dicitur
1543 5760 1746 5819 descri-

529 5844 801 5906 Ρλτιιοι..
848 5845 1014 5908 CIX.

1847 4569 2067 4626 tualiter
2127 4586 2251 4626 cum
2322 4571 2539 4627 Christo
2602 4585 2847 4642 regnare.
2912 4573 3203 4629 Sedentem
3257 4581 3436 4630 autem

1812 4653 1819 4661 ’
1845 4662 2023 4719 cernit
2039 4670 2261 4734 propter
2282 4663 2626 4734 iudiciariam
2649 4663 2765 4733 eius
2786 4664 2839 4720 in
2854 4663 3071 4722 Christo
3096 4665 3434 4738 dignitatem.

1848 4754 2123 4811 Sedebunt
2185 4756 2331 4810 enim
2385 4765 2440 4811 et
2495 4756 2815 4828 iudicabunt
2880 4760 3132 4817 universa
3195 4760 3441 4819 membra

1845 4846 2054 4904 scilicet
2093 4847 2149 4901 in
2179 4862 2287 4901 uno
2314 4855 2369 4902 et
2415 4863 2512 4918 per
2559 4864 2727 4904 unum
2776 4859 2958 4920 caput.
3006 4848 3274 4904 Caeterum
3303 4864 3440 4919 quo-

1851 4936 2014 4992 modo
2057 4945 2315 5009 poterunt
2361 4940 2533 4995 sancti
2564 4939 2619 4994 in
2643 4939 2849 5011 iudicio
2877 4940 3067 4995 sedere
3105 4945 3313 4995 stantes
3366 4941 3434 4996 al

1858 5029 2098 5086 dextram
2118 5029 2353 5099 iudicis?
2391 5029 2625 5086 Possunt
2652 5030 2818 5086 etiam
2858 5029 3050 5100 viginti
3094 5036 3328 5101 quatuor
3354 5047 3441 5088 sc-

1852 5121 2036 5178 niores
2061 5122 2117 5177 in
2144 5122 2252 5179 illis
2274 5122 2523 5195 intelligi,
2551 5123 2644 5194 qui
2672 5121 3060 5195 perfectionem
3087 5126 3293 5195 operis,
3317 5141 3439 5197 quae

1852 5215 2069 5269 senario
2099 5231 2326 5272 numero
2350 5215 2781 5281 commendatur,
2810 5216 2957 5270 clara
3000 5215 3275 5285 Evangelii
3304 5232 3438 5287 pra:—

1853 5305 2122 5362 dicatione
2185 5314 2583 5362 consummant.
2650 5304 2787 5360 Nam
2828 5314 3020 5377 quater
3079 5308 3195 5363 seni
3248 5309 3435 5381 viginti

1853 5406 2085 5468 quatuor
2103 5398 2326 5455 faciunt.
2345 5398 2453 5453 Nec
2479 5413 2589 5454 non
2611 5405 2667 5454 et
2690 5397 2907 5454 eosdem
2938 5398 3179 5455 seniores
3205 5399 3434 5456 amictos

1852 5489 2192 5545 vestimentis
2218 5488 2392 5554 albis,
2444 5497 2501 5545 et
2547 5489 2603 5544 in
2653 5489 2921 5560 capitibus
2961 5504 3149 5546 eorum
3203 5505 3435 5547 coronas

1852 5598 2045 5638 aureas
2070 5585 2274 5640 habere
2292 5584 2582 5655 praedictus
2626 5586 2899 5657 apostolus
2928 5595 3338 5648 commemorat.
3373 5595 3435 5641 ut

1852 5677 2216 5741 demonstret,
2266 5676 2383 5731 illos
2438 5676 2594 5732 bonis
2641 5680 2896 5747 operibus
2948 5681 3162 5734 indutos
3211 5678 3432 5748 perenni

1852 5759 2051 5816 mentis
2076 5761 2337 5815 memoria
2364 5762 2553 5830 gaudia
2604 5778 2834 5834 superna
2886 5764 3227 5834 qtncsituros.
3279 5762 3432 5834 Saepe

2770 5858 2843 5917 13
