3920 6466
468 386 573 447 595

1108 377 1168 435 Β.
1209 373 1463 433 RABANI
1500 372 1721 432 MAURI
1755 369 2075 430 ARCHIEP.
2117 367 2427 428 MOGUNT.
2471 364 2760 427 OPEBUM
2797 366 2979 424 PARS
3014 368 3053 425 l.

3646 365 3762 424 396

470 503 619 560 enim
643 497 834 571 capitis
860 494 1077 579 nomine
1101 509 1255 551 mens
1274 491 1408 550 solet
1428 490 1672 564 intelligi.
1689 489 1842 559 Quod
1870 495 2051 545 autem
2079 488 2132 550 Α
2155 494 2358 553 menta,
2397 484 2501 541 hoc
2524 492 2629 550 est,
2658 485 2868 540 cithara
2890 495 2945 541 et
2972 484 3290 558 psalterium
3311 491 3367 541 et
3390 481 3655 557 cymbala
3682 483 3762 538 si-

472 594 605 651 dicit
630 592 728 649 bas
773 578 919 644 vices
964 584 1261 643 secundum
1305 583 1607 639 ministeria
1655 596 1754 638 sua
1801 589 1857 636 et
1898 578 2051 650 juxta

474 686 637 747 ritum
663 694 820 743 suum
845 678 947 736 sub
974 693 1139 735 manu
1168 691 1289 734 esse
1313 674 1496 731 Aaron
1523 673 1695 744 patris
1720 686 1932 738 eorum,
1956 684 2055 741 per

471 790 667 841 nomen
720 772 901 829 Aaron
947 768 1212 843 signiﬁcat
1264 765 1576 839 pontiﬁcem
1602 806 1618 832 ,
1672 764 1765 835 qui
1811 771 2055 819 extrema

468 879 685 938 quoque
706 871 853 921 sorte
872 861 1079 919 electus
1108 859 1298 915 ordine
1335 858 1469 914 vicis
1506 873 1617 913 suae
1645 854 1857 912 caeteris
1881 853 2055 909 mino-

471 959 621 1014 ribus
642 955 900 1028 gradibus
920 960 1153 1025 prazerat
1169 994 1183 1017 ,
1230 960 1283 1007 et
1312 949 1652 1021 disponebat,
1671 964 1792 1020 quae
1813 945 2059 1002 facienda

470 1057 625 1106 erant
650 1047 705 1103 in
726 1048 888 1107 domo
915 1044 1030 1101 Dei.
1059 1044 1229 1099 Erant
1257 1042 1427 1108 enim,
1465 1050 1527 1096 ut
1567 1039 1816 1111 superius
1855 1037 2059 1093 dictum

470 1150 575 1209 est,
607 1141 880 1214 principes
919 1137 1216 1195 sanctuarii
1243 1144 1298 1192 ct
1322 1134 1595 1207 principes
1624 1133 1742 1201 Dei,
1768 1139 1876 1187 tam
1908 1131 1973 1185 de
1998 1129 2058 1186 ﬁ-

470 1235 561 1293 liis
588 1234 815 1290 Eleazar
852 1246 1015 1302 quam
1064 1230 1130 1285 de
1176 1226 1299 1283 ﬁliis
1339 1226 1595 1283 Ithamar.
1624 1226 1700 1280 De
1732 1223 1819 1279 bis
1848 1237 2061 1294 quoque

471 1326 715 1389 sortibus
750 1322 1016 1394 Josephus
1046 1318 1228 1376 taliter
1266 1326 1453 1374 narrat
1483 1356 1501 1383 ,
1554 1316 1779 1372 dicens:
1817 1332 1836 1366 ‹
1869 1312 2065 1370 Divisit

474 1423 654 1471 autem
685 1428 780 1470 eos
821 1428 919 1486 per
962 1409 1361 1482 generationes,
1392 1416 1449 1464 et
1474 1420 1767 1480 segregans
1813 1420 1882 1460 ex
1916 1402 2063 1458 tribu

472 1505 785 1565 sacerdotes
809 1544 826 1571 ,
876 1502 1153 1559 inveniens
1203 1516 1389 1557 eorum
1440 1498 1831 1571 generationes
1874 1492 2065 1566 viginti

475 1607 728 1672 quatuor.
760 1598 843 1654 Ex
889 1599 1049 1653 domo
1072 1596 1292 1668 quidem
1320 1594 1544 1651 Eleazar
1585 1592 1846 1649 tredecim
1889 1599 1945 1648 et
1999 1591 2066 1647 de

471 1692 711 1751 Ithamar
732 1697 880 1756 octo,
903 1695 959 1744 et
997 1686 1318 1759 praecipiens
1367 1694 1428 1741 ut
1468 1698 1806 1756 unaquaque
1832 1696 2061 1756 genera-

473 1784 551 1840 tio
576 1780 912 1837 ministraret
946 1778 1057 1835 Deo
1082 1793 1181 1849 per
1204 1777 1320 1834 dies
1340 1784 1464 1833 octo
1489 1790 1521 1830 a
1548 1776 1777 1833 sabbato
1798 1788 1968 1846 usque
1992 1773 2062 1829 ad

483 1874 770 1933 sabbatum
809 1889 822 1923 :
874 1879 930 1926 et
989 1869 1065 1925 ita
1124 1869 1366 1925 omnium
1412 1868 1793 1941 generationes
1860 1874 2060 1931 sortem
2090 1853 2140 1915 Β

475 1982 757 2039 accepere,
787 1973 1052 2039 praesente
1075 1964 1243 2021 David
1268 1972 1323 2021 et
1365 1962 1577 2022 Sadoch
1611 1974 1668 2022 et
1687 1964 1954 2020 Abiathar
1976 1978 2065 2020 sa-

472 2058 786 2117 cerdotibus
830 2065 886 2113 et
932 2056 1265 2127 principibus
1307 2056 1594 2113 universis.
1642 2056 1712 2111 Et
1744 2056 1917 2127 prima
1944 2053 2067 2124 qui-

475 2151 597 2208 dem
627 2149 906 2222 generatio
955 2148 1324 2205 conscendens
1382 2148 1584 2220 scripta
1629 2157 1715 2205 est
1753 2148 1961 2220 prima,
2010 2152 2066 2204 et

476 2242 713 2298 secunda
741 2241 948 2313 pariter
997 2248 1052 2295 et
1077 2240 1236 2296 tertia
1263 2248 1318 2294 et
1346 2246 1742 2309 consequenter
1777 2252 1951 2309 usque
1997 2235 2067 2292 ad

473 2335 784 2391 vicesimam
807 2340 1080 2404 quartam.
1115 2332 1184 2387 Et
1208 2331 1324 2387 haec
1350 2330 1543 2387 divisio
1569 2330 1872 2402 permansit
1894 2342 2067 2400 usque

475 2428 544 2482 ad
573 2432 897 2496 praesentem
923 2424 1085 2480 diem.
1116 2423 1269 2479 Fecit
1306 2431 1487 2479 autem
1529 2439 1597 2479 ex
1655 2422 1800 2479 tribu
1840 2420 2060 2477 Levita-

476 2533 596 2575 rum
622 2525 807 2587 partes
835 2514 1029 2587 viginti
1072 2523 1305 2586 quatuor
1351 2522 1406 2572 et
1458 2513 1637 2571 sortiti
1666 2515 1857 2571 eodem
1906 2512 2068 2569 modo

479 2607 893 2665 conscendere:
957 2612 1121 2676 utque
1172 2604 1469 2661 secundum
1510 2603 1876 2661 sacerdotium
1942 2608 2067 2659 octo

475 2696 668 2753 diebus
692 2695 793 2766 ipsi
825 2708 1042 2767 quoque
1089 2695 1499 2763 ministrarent,
1551 2693 1801 2749 instituit.
1832 2692 1940 2748 Eos
1970 2706 2065 2746 au-

479 2794 589 2843 tem
612 2786 705 2858 qui
730 2794 977 2843 erantex
1002 2786 1241 2858 germine
1267 2786 1460 2859 Moysi,
1482 2786 1581 2843 hos
1611 2784 1938 2841 eminentius
1962 2784 2063 2839 ho-

473 2879 689 2934 noravit
719 2896 732 2932 :
774 2878 903 2935 fecit
924 2886 1106 2939 autem
1139 2894 1234 2935 eos
1260 2879 1510 2936 custodes
1565 2878 1940 2935 thesaurorum
1970 2874 2067 2930 Dei

476 2976 637 3039 atque
665 2982 945 3034 vasorum,
977 2984 1097 3039 quae
1153 2984 1309 3039 reges
1347 2968 1459 3024 Deo
1514 2967 1697 3024 dicare
1743 2965 2060 3035 continget:

470 3054 739 3127 iussitque
759 3054 1010 3110 omnibus
1033 3054 1099 3109 de
1125 3054 1269 3110 tribu
1294 3054 1424 3111 Levi
1472 3054 1635 3110 simul
1672 3063 1729 3110 et
1769 3051 2065 3110 sacerdoti-

474 3147 596 3215 bus,
648 3156 709 3203 ut
740 3147 827 3203 die
852 3155 1122 3218 noctuque
1148 3147 1260 3203 Deo
1290 3146 1600 3216 servirent,
1653 3146 1794 3204 sicut
1833 3147 1883 3203 ei
1920 3162 2062 3219 prte-

440 3302 443 3309 ,
473 3248 693 3316 ceperat
716 3240 946 3315 Moyses.
978 3261 997 3296 ι

1042 3353 1271 3412 CAPUT
1320 3353 1488 3413 XXV.

474 3470 554 3526 De
580 3487 641 3525 ου
666 3470 806 3541 quod
839 3468 1007 3541 David
1031 3476 1080 3541 βε
1115 3468 1741 3541 ηιρρειιναραεεπετοίιαρ
1768 3484 2069 3541 segregave-

544 3550 666 3610 runt
679 3537 756 3610 'in
783 3537 1132 3610 ministerium
1160 3537 1377 3610 Domini
1400 3538 1541 3610 filios
1572 3538 1750 3610 Asaph
1777 3537 2070 3610 etilléma»

547 3619 596 3666 et
626 3608 845 3681 lditltun
864 3648 879 3673 ,
914 3608 1002 3679 qui
1025 3617 1297 3681 cantargznt
1325 3609 1628 3681 incitharis
1653 3608 1698 3664 et
1726 3609 1990 3681 psalteriis
2016 3618 2065 3664 et

549 3678 800 3752 cymbalis
826 3677 1003 3733 coram
1032 3693 1157 3732 arca
1186 3677 1418 3734 Domini.

549 3788 593 3864 (Ι
608 3790 743 3845 PAR.
766 3788 918 3860 xxv.)
932 3787 1107 3860 Igitur
1121 3788 1293 3844 David
1307 3799 1356 3843 et
1372 3798 1710 3861 magistratus
1725 3790 1983 3847 exercitus
1994 3807 2070 3846 se-

426 3944 435 3955 ,
473 3894 813 3958 gregaverunt
840 3884 895 3938 in
928 3882 1275 3937 ministerium
1303 3882 1442 3953 ﬁlios
1468 3884 1668 3955 Asaph,
1695 3894 1742 3939 et
1766 3883 1998 3949 Hcman,
2020 3892 2068 3939 et

476 3975 719 4041 ldithun,
767 3977 855 4046 qui
890 3974 1255 4045 prophetarent
1305 3975 1359 4029 in
1398 3976 1620 4030 cithario
1648 3986 1696 4031 et
1732 3975 1993 4046 psalteriis
2019 3985 2068 4031 et

476 4067 749 4139 cymbalis,
764 4066 1047 4121 secundum
1065 4081 1338 4119 numerum
1351 4082 1505 4121 suum
1525 4067 1765 4121 dedicato
1786 4066 1885 4120 sibi
1902 4068 2067 4138 oﬁcio

475 4156 778 4221 servientes,
801 4163 856 4210 et
878 4154 1107 4224 reliqua.
1136 4154 1309 4226 Elegit
1329 4155 1499 4211 David
1525 4171 1590 4212 ac
1618 4157 1921 4228 segregavit
1945 4173 2069 4215 cum

475 4244 781 4300 senioribus
814 4244 998 4316 populi
1045 4254 1156 4300 tres
1206 4239 1481 4316 principes
1529 4254 1847 4315 cantorum,
1887 4248 2068 4320 Asapli

477 4337 687 4393 scilicet
723 4348 777 4393 et
810 4336 1016 4394 Heman
1058 4346 1113 4394 et
1136 4337 1383 4405 ldithun,
1411 4348 1471 4394 ut
1504 4339 1607 4411 ipsi
1636 4357 1760 4398 cum
1797 4341 1921 4400 ﬁliis
1957 4343 2069 4399 suis

474 4426 862 4499 prophetarent
888 4427 944 4481 in
974 4428 1199 4483 citharis
1228 4436 1284 4483 et
1309 4429 1585 4498 psalteriis
1611 4440 1666 4483 et
1696 4432 1962 4501 cymbalis
1990 4450 2069 4487 so-

475 4518 711 4574 cundum
757 4517 1070 4587 deputatum
1120 4518 1223 4573 sibi
1270 4517 1536 4587 oiiicium,
1586 4527 1647 4574 ut
1690 4522 2065 4593 praesignaret,

475 4607 603 4678 quia
642 4622 803 4664 verus
839 4607 1007 4663 David
1029 4648 1045 4675 ,
1082 4624 1179 4665 rex
1216 4617 1272 4664 et
1306 4610 1567 4667 Dominus
1605 4622 1808 4679 noster,
1845 4616 2099 4670 omnemi

474 4697 721 4755 ordinem
771 4699 1129 4755 ecclesiastici
1170 4699 1458 4755 ministerii
1506 4702 1562 4755 in
1606 4711 1796 4758 sancta
1832 4703 2067 4760 Trinita-

474 4788 547 4843 tis
581 4788 687 4845 ﬁde
722 4789 1080 4846 ministranda
1119 4804 1275 4843 suum
1311 4788 1545 4845 olﬁcium
1581 4806 1743 4864 agere
1779 4793 1924 4861 vult;
1965 4811 2067 4851 nec

475 4880 617 4938 alius
666 4880 718 4937 ei
770 4880 961 4935 laudes
1012 4880 1170 4949 digne
1217 4895 1413 4938 canere
1457 4891 1663 4953 potest,
1720 4885 1826 4942 nisi
1883 4888 1974 4958 qui
2012 4887 2067 4942 in

477 4971 818 5029 confessione
836 4966 1017 5025 Patris
1038 4977 1094 5024 et
1106 4968 1229 5025 Filii
1244 4978 1299 5025 et
1319 4970 1555 5044 Spiritus
1578 4976 1750 5032 sancti
1770 4993 1866 5049 per
1882 4977 2064 5047 ﬁdem,

476 5073 535 5122 et
550 5072 715 5136 'spem
743 5069 801 5118 et
827 5061 1152 5119 charitatem
1192 5062 1345 5120 illum
1390 5066 1590 5124 laudat.
1625 5068 1777 5137 Quod
1815 5080 1871 5129 et
1901 5074 2064 5129 trium

426 5210 431 5225 ,
477 5155 860 5227 praedictorum
897 5152 1205 5225 principum
1232 5157 1449 5211 nomina
1484 5159 1929 5229 interpretatione
1967 5179 2065 5219 sua

479 5248 605 5313 apte
629 5240 1021 5296 demonstrant.
1060 5240 1197 5296 Nam
1232 5241 1416 5316 Asaph
1439 5286 1452 5310 ,
1491 5247 1769 5317 colligens,
1796 5250 2064 5320 interpre-

481 5342 659 5401 tatur;
708 5331 952 5402 Heman,
990 5350 1082 5389 cor
1119 5351 1300 5391 eorum
1313 5353 1335 5403 ;
1380 5345 1434 5391 et
1467 5337 1704 5408 ldithun,
1743 5342 2063 5400 transiliens.

482 5425 585 5495 Qui
617 5425 761 5482 enim
796 5434 977 5481 mente
1011 5427 1191 5499 sagaci
1216 5426 1520 5485 divinorum
1549 5430 1810 5487 librorum
1844 5442 2063 5489 senten-

484 5517 588 5572 tias
607 5515 827 5588 colligit,
854 5526 1017 5587 atque
1043 5518 1351 5576 transiliens
1369 5535 1584 5577 omnem
1615 5529 1952 5579 terrenarum
1976 5540 2063 5581 re-

485 5623 606 5663 rum
632 5609 1011 5679 cupiditatem,
1052 5625 1147 5668 eas
1182 5614 1476 5669 secundum
1515 5616 1798 5671 charitatis
1823 5619 2064 5689 regulam

487 5696 734 5766 rimando
775 5701 1091 5755 tractaverit
1122 5720 1136 5755 :
1169 5703 1260 5757 hic
1293 5704 1533 5772 profecto
1567 5706 1764 5762 divinae
1796 5709 2067 5779 majestati

488 5788 683 5859 dignus
718 5790 903 5847 laudes
945 5790 1272 5849 decantabit.
1314 5792 1453 5862 Quid
1482 5805 1667 5867 autem
1703 5797 1819 5866 ipsa
1857 5797 2065 5855 instru-

2093 3217 2140 3281 C

2154 578 2432 653 gniﬁcent,
2461 579 2710 651 superius
2745 579 2949 635 dictum
2974 589 3079 636 est.

2226 676 2355 734 Fuit
2385 687 2560 733 autem
2590 694 2837 735 numerus
2865 693 3046 732 eorum
3072 694 3190 731 cum
3221 674 3480 747 fratribus
3508 674 3654 739 suis,
3673 675 3767 745 qui

2153 769 2461 827 erudiebant
2501 769 2762 823 canticum
2800 768 3015 825 Domini
3050 769 3219 823 cuncti
3252 768 3515 833 doctores,
3544 765 3769 819 ducenti

2158 864 2420 935 octoginta
2448 871 2583 918 octo.
2616 860 2755 934 Apte
2784 862 3036 919 doctores
3061 860 3259 918 cantici
3288 859 3509 917 Domini
3537 859 3769 915 ducenti

2157 955 2430 1029 octoginta
2478 962 2603 1010 octo
2645 968 2767 1009 esse
2815 952 3090 1019 dicuntur,
3129 961 3189 1007 ut
3236 952 3570 1008 ostendatur
3622 951 3771 1021 ipsos

2158 1047 2355 1104 merito
2384 1046 2633 1103 doctores
2665 1044 2861 1101 divina)
2890 1043 3069 1100 laudis
3100 1042 3205 1099 dici
3232 1058 3427 1114 posse,
3462 1041 3557 1113 qui
3595 1056 3767 1096 cano—

2158 1153 2285 1195 nem
2329 1136 2638 1193 divinorum
2687 1135 2949 1191 librorum
2994 1149 3157 1191 sensu
3210 1132 3545 1204 Evangelico
3594 1146 3769 1201 expo-

2160 1238 2315 1288 nunt.
2359 1229 2562 1299 Quater
2600 1229 2747 1284 enim
2783 1226 3125 1301 septuaginta
3168 1226 3274 1282 duo
3319 1226 3562 1282 ducenta
3612 1233 3771 1280 octo-

2162 1322 2313 1396 ginta
2348 1330 2471 1378 octo
2508 1320 2715 1377 faciunt
2760 1338 2773 1375 :
2826 1319 2997 1376 libros
3046 1327 3230 1374 autem
3272 1315 3491 1374 Veteris
3537 1325 3600 1371 et
3635 1315 3770 1370 Novi

2164 1412 2497 1470 Testamenti
2537 1411 2877 1484 septuaginta
2917 1409 3053 1467 duos
3096 1425 3217 1468 esse
3261 1409 3520 1467 omnibus
3574 1417 3773 1464 notum

2163 1514 2264 1563 est.
2295 1505 2363 1560 Et
2400 1504 2522 1560 ideo
2547 1518 2771 1560 necesse
2807 1512 2892 1559 est
2926 1511 2984 1559 ut
3011 1502 3321 1575 quicunque
3361 1501 3553 1558 divino
3588 1499 3773 1555 cilicio

2164 1598 2314 1671 fungi
2345 1598 2447 1653 rite
2474 1597 2737 1666 voluerit,
2774 1605 3009 1668 quatuor
3039 1594 3427 1671 principalibus
3465 1592 3775 1649 virtutibus

2163 1707 2387 1763 operam
2412 1689 2548 1747 dans
2565 1731 2580 1757 ,
2608 1689 2947 1746 meditationi
2988 1686 3316 1760 evangelica:
3344 1685 3621 1743 doctrinae
3656 1701 3772 1740 ma-

2164 1784 2311 1840 xime
2349 1782 2661 1849 incumbat,
2700 1789 2755 1836 et
2794 1780 3090 1837 secundum
3129 1777 3246 1850 ejus
3278 1794 3568 1843 normam,
3610 1778 3770 1849 quid-

2166 1875 2298 1948 quid
2322 1873 2593 1939 didicerit,
2620 1872 2705 1928 vel
2734 1858 2997 1944 quidquid
3024 1871 3289 1938 docuerit,
3321 1868 3569 1926 formare
3594 1878 3771 1924 curet.

2240 1966 2597 2036 Miserumque
2647 1972 2815 2018 sortes
2855 1979 2947 2034 per
2992 1962 3127 2017 vices
3176 1979 3301 2017 suas
3339 1977 3407 2016 ea:
3442 1977 3623 2030 requa,
3671 1970 3773 2013 tam

2166 2058 2340 2129 major
2367 2074 2527 2131 quam
2549 2057 2745 2124 minor,
2776 2055 2960 2111 doctus
2991 2057 3191 2127 pariter
3215 2065 3263 2110 et
3292 2054 3570 2120 indoctus,
3600 2061 3663 2109 et.
3690 2070 3771 2109 rs-

2167 2146 2333 2220 liqua.
2386 2147 2445 2205 In
2490 2146 2745 2205 omnibus
2790 2145 3072 2205 ordinibus
3118 2145 3428 2203 necessaria
3470 2154 3562 2203 est
3613 2155 3771 2203 canta

2168 2239 2399 2309 electio,
2429 2257 2500 2298 ne
2537 2240 2678 2297 forte
2715 2240 2839 2312 quis
2874 2254 2971 2312 per
3009 2238 3362 2312 petulantiam
3400 2254 3562 2297 suam
3596 2239 3772 2301 eccle-

2170 2333 2379 2393 siastici
2404 2332 2613 2397 ordinis
2638 2334 2869 2409 gradum
2893 2333 3025 2390 dare
3050 2341 3145 2391 aut
3170 2332 3421 2403 accipere
3448 2340 3773 2403 prarsumat.

2169 2425 2325 2484 Unde
2352 2426 2473 2495 hic,
2490 2424 2665 2497 major
2686 2434 2742 2482 et
2767 2425 2967 2492 minor,
2994 2425 3186 2481 doctus
3206 2425 3414 2505 pariter
3434 2432 3492 2480 et
3522 2424 3779 2479 indoctus

2169 2526 2232 2577 ut
2245 2517 2482 2577 sortibus
2495 2517 2831 2589 subiaceant,
2847 2517 3022 2581 docet.
3040 2515 3176 2571 Hinc
3200 2524 3255 2579 et
3266 2513 3474 2571 Paulus
3497 2515 3573 2570 ad
3587 2514 3653 2569 Ti
3660 2528 3774 2569 mo-

2172 2610 2353 2667 theum
2380 2610 2625 2666 scribens
2651 2609 2757 2666 ait:
2775 2607 2969 2664 Manus
2983 2608 3084 2663 cito
3102 2608 3295 2663 nemini
3321 2604 3669 2677 imposueris,
3688 2620 3775 2658 nc-

2168 2719 2267 2775 qlue
2281 2700 2747 2761 communicaveris
2759 2701 2985 2773 peccatis
3009 2699 3196 2759 alienis
3213 2696 3263 2770 (Ι
3283 2696 3416 2752 Tim.
3435 2695 3514 2767 v).
3536 2695 3617 2748 Tu
3629 2710 3775 2765 ergo,

2168 2797 2272 2869 fili,
2300 2798 2598 2867 confertam
2629 2797 2683 2859 in
2712 2796 2909 2868 gratia,
2938 2811 3055 2867 qua:
3087 2803 3159 2849 est
3188 2794 3245 2848 in
3282 2791 3495 2864 Cgristo
3529 2788 3663 2845 Iesu
3684 2828 3704 2854 ,
3731 2798 3775 2841 et

2170 2905 2287 2959 qum
2318 2887 2515 2943 audisti
2554 2905 2587 2942 a
2618 2904 2699 2942 me
2731 2904 2825 2958 per
2852 2884 3045 2941 multos
3082 2894 3233 2942 testes
3256 2926 3270 2950 ,
3301 2883 3413 2941 [nec
3461 2880 3777 2936 commenda

2169 2976 2437 3049 ﬁdelibus,
2458 2976 2551 3048 qui
2578 2976 2752 3032 idonei
2772 2986 2923 3033 erunt
2949 2984 2997 3032 et
3029 2974 3162 3030 alios
3187 2975 3373 3030 docere
3396 2970 3489 3044 (11
3518 2968 3661 3023 Tim.
3693 2974 3775 3040 ιι).

2170 3066 2310 3125 Iiinc
2337 3076 2392 3124 et
2417 3082 2515 3140 per
2553 3067 2795 3139 singulos
2842 3067 3063 3125 ordines
3101 3063 3392 3121 instrueris
3421 3060 3547 3134 (sic)
3596 3060 3774 3124 docet,

2170 3161 2403 3233 qualiter
2415 3160 2787 3233 unusquisque
2812 3160 3095 3235 pervenire
3109 3156 3445 3230 adgradum,
3462 3163 3522 3210 et
3539 3152 3773 3226 qualiter

2171 3254 2227 3310 in
2262 3269 2328 3311 eo
2359 3253 2675 3311 conversari
2701 3253 2914 3318 debeat,
2939 3252 3064 3324 quia
3085 3250 3451 3325 periculosum
3484 3256 3575 3303 est.
3603 3246 3769 3315 quod-

2170 3343 2305 3401 libet
2326 3360 2465 3402 onus
2493 3344 2678 3402 subire
2701 3344 2870 3409 velle,
2899 3344 3044 3415 quod
3074 3358 3133 3399 se
3162 3343 3269 3421 scit
3289 3342 3521 3403 omnino
3541 3336 3771 3401 suﬂcrre

2171 3451 2283 3492 non
2307 3452 2490 3507 posse.
2535 3436 2883 3493 Enumeratis
2909 3449 3039 3502 ergo
3060 3429 3423 3500 janitoribus,
3466 3434 3519 3485 et
3559 3428 3771 3502 origine

2172 3541 2381 3593 eorum,
2412 3526 2659 3597 sequitur
2686 3523 2990 3595 Scriptura,
3027 3522 3217 3579 dicens
3246 3538 3261 3575 :

2735 3655 2967 3714 CAPUT
3009 3654 3198 3711 XXVI:

2172 3751 2252 3806 De
2283 3749 2604 3821 janitoribus
2640 3758 2689 3804 et
2731 3746 3465 3821 principibusqcustodiarnm
3519 3743 3773 3807 Domini:

2241 3816 2344 3894 qui
2367 3838 2544 3879 omnes
2584 3816 2747 3894 fortes
2779 3816 3499 3894 diuisisicibusministeris
3682 3831 3771 3868 α-

2242 3885 2485 3964 plebant,
2528 3885 2594 3947 αι’
2616 3893 2892 3949 thesauros
2927 3889 3114 3943 domus
3151 3885 3365 3943 Domini
3402 3885 3769 3957 providebant.

2247 3964 2291 4054 (ι
2316 3981 2449 4035 P.tu.
2474 3981 2649 4053 xxvi.)
2676 3978 2748 4033 Ili
2771 3978 2927 4035 diuisi
2954 3987 3076 4034 sunt
3100 3979 3159 4033 in
3176 3977 3458 4048 janitores,
3486 3986 3545 4031 ut
3566 3994 3771 4049 semper

2172 4070 2430 4142 principes
2450 4070 2810 4126 custodiarum
2830 4070 2966 4125 sicut
2986 4078 3035 4125 et
3061 4069 3476 4141 fratreseorum,
3500 4069 3773 4124 ntisistm-

2174 4171 2285 4216 rent
2310 4162 2366 4215 in
2392 4162 2546 4219 domo
2570 4161 2804 4219 Domini.
2834 4159 3016 4218 Missa:
3040 4170 3163 4217 sunt
3189 4176 3311 4233 ergo
3339 4171 3509 4217 sortes
3531 4177 3599 4217 ex
3620 4176 3769 4231 aqua

2173 4260 2221 4307 et
2243 4252 2421 4323 parvis
2443 4262 2491 4307 et
2516 4254 2719 4324 magnis
2741 4270 2836 4325 per
2860 4251 3094 4322 familias
3116 4268 3242 4313 suas
3267 4252 3327 4304 in
3346 4266 3770 4322 numquam

2171 4351 2466 4413 portarum.
2490 4341 2687 4398 Cecidit
2710 4360 2832 4411 erga
2857 4360 2970 4395 sors
3000 4340 3271 4395 orientalis
3302 4338 3767 4405 Selemitu.,Pom

2172 4426 2448 4482 Zacharia:
2474 4428 2586 4497 ﬁlio
2613 4427 2751 4497 ejus,
2776 4431 2886 4484 viro
2915 4430 3321 4500 prudentissimo
3347 4441 3397 4486 et
3425 4432 3635 4489 erudito
3656 4450 3766 4488 sor»

2173 4517 2267 4573 tito
2315 4517 2495 4590 obtigit
2545 4518 2703 4590 plaga
2752 4520 3191 4591 septentrionalis.
3222 4521 3525 4578 Obededom
3562 4541 3685 4579 uero
3721 4532 3766 4578 et

2173 4606 2299 4677 ﬁliis
2329 4608 2443 4678 ejus
2474 4608 2544 4662 ad
2575 4618 2814 4666 austrum
2850 4625 2870 4665 :
2899 4610 2954 4666 in
2994 4626 3099 4682 qua
3138 4621 3286 4684 parte
3322 4611 3513 4675 domus
3536 4623 3653 4669 erat
3682 4629 3762 4669 sc-

2171 4697 2381 4753 niorum
2419 4697 2720 4754 concilium.
2752 4699 3007 4773 Seppltim,
3040 4711 3088 4756 et
3136 4700 3284 4763 Hosa
3325 4703 3396 4758 ad
3446 4703 3765 4761 occidente.

2162 4791 2325 4862 juxta
2353 4801 2558 4862 portam
2576 4832 2591 4858 ,
2620 4810 2738 4865 qua:
2766 4794 2910 4857 ducit
2939 4796 3008 4851 ad
3037 4796 3175 4853 uiam
3202 4795 3556 4863 ascensionis,
3586 4808 3760 4855 custo-

2171 4883 2264 4939 dia
2293 4892 2478 4940 contra
2503 4885 2817 4943 custodiam.
2858 4885 2941 4941 Ad
2972 4888 3221 4944 orientem
3260 4904 3381 4944 rem
3419 4887 3619 4951 Lenitur
3651 4904 3759 4955 ses,

2172 4984 2221 5032 et
2247 4977 2318 5032 ad
2339 4977 2636 5049 aquilonem
2659 4988 2886 5050 quatuor
2904 4996 2997 5050 per
3019 4980 3159 5034 diem
3173 4998 3194 5048 ;
3216 4991 3373 5051 atque
3397 4981 3469 5034 ad
3491 4980 3758 5041 meridiem

2169 5066 2413 5122 similiter
2439 5069 2494 5123 in
2520 5068 2628 5133 die,
2656 5076 2908 5139 quatuor,
2932 5077 2980 5122 et
3005 5068 3095 5121 ubi
3114 5076 3228 5121 erat
3252 5066 3558 5135 concilium.
3584 5069 3691 5125 bini
3713 5079 3757 5121 et

2171 5159 2298 5214 bini.
2331 5159 2399 5214 In
2420 5159 2621 5217 cellulis
2648 5174 2852 5229 quoque
2872 5157 3165 5227 janitorum
3188 5160 3259 5214 ad
3287 5161 3611 5221 occidentem
3634 5178 3756 5233 quo-

2170 5257 2292 5304 tuor
2314 5249 2369 5303 in
2396 5249 2503 5316 via,
2533 5248 2739 5320 binique
2778 5266 2871 5321 per
2906 5250 3142 5306 cellulas.
3186 5249 3284 5307 Has
3322 5262 3441 5313 sunt
3480 5254 3754 5309 divisiones

2162 5340 2460 5411 janitorum
2496 5342 2730 5411 ﬁliorum
2770 5342 2921 5400 Coris
2962 5356 3010 5401 et
3056 5344 3274 5401 Hermi.
3320 5346 3603 5409 Ianitores
3636 5358 3754 5405 sunt

2170 5442 2227 5488 et
2250 5432 2525 5506 principes
2552 5436 2923 5493 custodiarum
2953 5437 3145 5495 domus
3169 5438 3286 5506 Dei,
3314 5440 3563 5498 doctores
3587 5441 3752 5501 sancti

2173 5524 2267 5596 qui
2311 5525 2604 5582 observant
2649 5527 2926 5583 introitum
2962 5528 3249 5594 Ecclesiae,
3299 5538 3354 5584 et
3400 5530 3749 5601 singulorum,

2172 5617 2267 5687 qui
2298 5618 2367 5673 ad
2407 5619 2735 5689 baptismum
2776 5620 2977 5676 Christi
3013 5630 3176 5691 atque
3212 5622 3281 5676 ad
3318 5636 3504 5677 veram
3540 5624 3749 5696 religio-

2173 5725 2296 5765 nem
2337 5713 2629 5778 accedunt,
2676 5713 2837 5769 ﬁdem
2876 5722 2931 5769 et
2968 5714 3308 5771 devotionem
3348 5716 3651 5787 explorant.
3685 5715 3748 5772 Ili

2173 5803 2339 5859 etiam
2370 5818 2439 5860 ex
2465 5819 2638 5877 aequo,
2670 5815 2726 5862 et
2747 5821 2947 5877 parvus
2976 5816 3032 5862 et
3057 5821 3302 5877 magnus,
3333 5822 3432 5878 per
3456 5815 3629 5864 sortes
3648 5806 3743 5863 eli-
