3920 6492
204 435 329 508 391'
1165 449 1517 509 COMMENT.
1556 449 1625 508 ιιι
1660 447 2210 508 PARALIPOMENA.
2245 480 2317 495 -
2349 451 2479 510 LIB.
2517 453 2581 511 ιι.
3389 465 3495 527 393

205 570 465 635 suum,
497 562 628 636 quia
656 577 766 622 non
800 563 1097 621 secndum
1130 576 1485 634 personarum
1512 563 1823 641 considera-
1849 573 1906 635 Α
1929 562 2031 617 nisi
2059 562 2185 619 solis
2212 562 2421 622 Iudaeis
2448 564 2585 640 (Act.
2610 568 2709 640 xi).
2738 568 2904 627 Recte
2927 584 3058 647 ergo
3083 574 3254 632 austri
3278 581 3497 641 nomine

205 651 441 708 tionem
460 692 481 721 ,
515 654 613 711 sed
629 653 785 724 iuxta
813 654 1145 712 intellectum
1173 653 1473 726 sapientiae,
1501 662 1559 712 et
1581 656 1825 726 probita-
1878 714 1889 723 _
1924 652 2074 726 plebs
2091 652 2314 711 Iudaica
2342 656 2623 729 ﬁguratur,
2653 656 2773 730 quae
2796 661 3060 734 legalibus
3084 672 3139 720 et
3164 668 3498 739 propheticis

206 748 335 797 tem
366 742 549 811 vitm,
590 743 645 800 in
682 745 945 825 honorem
983 746 1201 817 gradus'
1221 752 1625 815 promoventur.
1674 744 1828 801 Unde
1924 745 2211 831 sententiis
2236 745 2503 803 instructa
2526 748 2704 805 vicina
2730 750 2834 807 fuit
2859 752 2929 808 ad
2962 755 3364 831 percipiendum
3398 776 3492 819 ca-

205 835 501 905 ρτίηεφε
544 835 911 907 θμειοιοι-ιιω
956 835 1383 907 disceptantium
1425 835 1713 891 adversum
1766 847 1837 891 se
1922 830 2093 890 lorem
2114 833 2237 890 ﬁdei
2266 850 2331 893 ac
2353 836 2531 893 lucem
2551 839 2830 910 sapientiae
2854 830 3067 901 divinae.
3095 845 3162 901 Et
3189 849 3384 907 merito
3405 851 3496 909 hic

207 922 434 982 Iudicis
473 927 550 983 de
589 927 875 1000 gentilium
915 929 985 983 ad
1026 926 1188 983 ﬁdem
1225 926 1566 998 susceptione
1595 939 1824 996 respou-
1923 923 2231 983 Obededom
2265 936 2323 983 et
2357 928 2454 985 ﬁlii
2493 928 2609 999 eius
2641 931 2709 987 ad
2748 934 3069 1005 aperiendas
3093 946 3278 1009 portas
3303 940 3495 1000 domus

207 1017 295 1071 dit
327 1035 345 1071 :
375 1017 458 1073 In
499 1020 716 1075 veritate
753 1018 1012 1090 comperi,
1043 1020 1291 1090 quoniam
1324 1035 1429 1074 non
1464 1028 1542 1076 est
1570 1035 1823 1091 persona-
1922 1016 2022 1076 Dei
2047 1020 2391 1091 deputantur,
2416 1030 2479 1078 ut
2499 1024 2716 1081 nomina
2740 1026 3113 1086 ministrorum
3135 1043 3498 1105 congruerunt

204 1125 339 1171 rum
368 1118 634 1183 acceptor
659 1110 803 1166 Deus
820 1151 837 1178 ,
864 1112 957 1167 sed
981 1113 1038 1166 in
1066 1111 1207 1166 σιηηί
1231 1120 1379 1183 gente
1417 1113 1507 1183 qui
1540 1114 1683 1168 timet
1711 1110 1822 1180 Βρ-
1920 1111 2171 1181 personis
2209 1112 2346 1192 ipsa.
2370 1113 2667 1170 ministeria
2717 1117 3113 1190 accipientium.
3159 1120 3295 1179 Nam
3346 1122 3497 1180 Obed

206 1198 461 1286 minuas,
485 1209 538 1254 at
558 1208 806 1271 operatur
813 1200 1100 1271 justitiam,
1122 1210 1365 1270 acceptus
1385 1210 1461 1257 est
1488 1200 1821 1275 illi.(Act.x).
1922 1200 2315 1272 interpretatur
2336 1204 2606 1269 serviens;
2651 1211 2706 1261 et
2738 1205 2943 1274 Edam,
2970 1208 3178 1265 rubens.
3222 1211 3327 1280 Qui
3362 1227 3493 1286 ergo

204 1285 441 1377 Deciis
487 1305 627 1361 ergo
666 1304 786 1345 sors
837 1291 1115 1346 orientalis
1154 1290 1418 1348 Selemise.
1461 1292 1531 1348 Et
1562 1292 1693 1363 quid
1727 1307 1824 1364 per
1922 1292 2130 1348 ancilla:
2159 1292 2254 1349 ﬁlii
2282 1292 2499 1351 fuerunt
2530 1311 2562 1351 a
2585 1307 2768 1354 monte
2799 1297 2948 1356 Sinai
2972 1286 3367 1360 in'servitutem
3396 1285 3491 1377 ge-

206 1375 568 1446 Seletniam,
597 1378 693 1450 qui
723 1380 1111 1450 interpretatur
1155 1380 1398 1436 reddente
1438 1381 1684 1451 Domino,
1716 1382 1821 1438 nisi
1919 1382 2131 1450 iterati,
2165 1391 2222 1438 et
2246 1383 2448 1455 perfusi
2473 1387 2671 1443 rubore
2706 1387 2981 1459 sanguinis
3012 1387 3242 1459 Christi,
3279 1375 3494 1449 reatum

1919 1491 2077 1534 suum
2116 1476 2172 1533 in
2206 1478 2493 1549 propatulo
2528 1479 2864 1550 habuerunt,
2906 1481 3124 1555 dignum
3160 1482 3263 1539 fuit
3296 1492 3358 1540 ut
3396 1500 3495 1557 per

1918 1569 2281 1626 humilitatem
2308 1585 2373 1626 ac
2394 1571 2901 1630 condescensionem
2920 1574 3302 1647 magistrorum
3326 1575 3491 1632 redu-

203 1471 467 1528 ollieium
501 1472 871 1545 apostolorum
906 1485 962 1530 et
994 1473 1292 1545 primorum
1320 1475 1602 1531 doctorum
1637 1476 1818 1533 Evan-

203 1563 343 1634 gelii
399 1564 740 1631 insinuatur,
786 1566 984 1636 quibus
1020 1566 1299 1623 orientalis
1338 1574 1531 1639 porta,
1567 1569 1673 1627 hoc
1714 1577 1817 1638 est,

200 1657 511 1727 primitiva
534 1659 590 1715 in
621 1658 819 1716 Iudaeis
852 1658 1093 1716 Ecclesia
1132 1660 1560 1717 commendatur.
1589 1661 1656 1718 lii
1690 1676 1825 1735 ergo
1918 1670 2174 1717 uerentur
2199 1662 2267 1718 ad
2283 1662 2599 1734 pristinum,
2616 1664 2758 1719 unde
2780 1664 3049 1730 decidere,
3072 1665 3346 1738 dignitatis
3365 1680 3490 1737 gra-

202 1750 443 1817 merito,
480 1751 730 1806 reddente
755 1750 1006 1819 Domino,
1032 1750 1286 1807 dicuntur
1314 1769 1328 1806 :
1356 1751 1483 1822 quia
1511 1753 1651 1809 sicut
1671 1753 1817 1809 anti-
1918 1753 2067 1810 dum.
2088 1753 2324 1822 Quorum
2342 1754 2600 1826 pietatem
2619 1762 2677 1811 et.
2692 1756 3155 1812 mansuetudinem
3178 1754 3375 1812 Paulus
3396 1770 3495 1828 per

202 1840 336 1909 quis
381 1840 647 1910 patribus
679 1840 939 1897 Dominus
967 1842 1247 1913 promisit,
1274 1843 1352 1898 ita
1386 1843 1443 1899 in
1475 1843 1602 1900 ﬁliis
1629 1859 1816 1901 eorum
1893 1832 2213 1919 'Epistolam
2239 1848 2296 1904 in
2323 1862 2421 1905 sua
2443 1862 2675 1919 persona
2697 1848 2979 1919 expressit,
3009 1849 3192 1905 dicens
3223 1866 3237 1904 :
3265 1846 3397 1904 Cum
3421 1848 3490 1903 li-

202 1931 333 2002 ipse
355 1932 681 2004 complevit.
705 1933 859 1990 Unde
889 1934 958 1990 de
977 1935 1059 1992 eis
1086 1950 1191 2009 per,
1203 1935 1399 1992 Isaiam
1420 1936 1617 1994 dicitur
1640 1956 1655 1995 :
1678 1936 1817 1995 Ecce
1842 1934 1892 1996 B
1919 1937 2008 1992 bet
2032 1953 2195 1995 essem
2232 1954 2298 1993 ea:
2331 1937 2568 1992 omnibus
2585 1978 2603 2005 ,
2643 1938 2875 1993 omnium
2921 1954 3003 1993 me
3041 1954 3249 1993 servum
3278 1937 3395 2008 feci,
3435 1946 3497 1993 ut,

200 2039 303 2094 ego
337 2039 475 2079 creo
504 2023 843 2082 Hierusalem
873 2027 1270 2085 exsultationem
1287 2070 1303 2098 ,
1329 2038 1378 2084 et
1418 2030 1667 2101 populum
1701 2032 1819 2103 ejus

200 2117 507 2188 gaudium.
532 2118 828 2175 Exsultabo
849 2122 906 2175 in
930 2119 1287 2192 Hierusalem,
1313 2132 1363 2178 et
1381 2124 1616 2196 gaudebo
1640 2125 1697 2180 in
1717 2141 1816 2196 po-

200 2209 335 2279 pulo
378 2226 549 2279 meo,
587 2222 637 2267 et
671 2212 1006 2281 aediﬁcabant
1046 2214 1261 2284 domos,
1305 2226 1354 2273 et
1393 2217 1731 2286 habitabant,
1765 2227 1819 2275 et

200 2297 545 2369 plantabunt
582 2303 794 2370 vincas,
835 2313 884 2358 et
920 2305 1187 2360 comedent
1209 2306 1441 2377 fructum
1459 2324 1643 2362 earum
1667 2323 1686 2361 :
1710 2326 1817 2365 non

201 2389 577 2462 plantabitur,
622 2402 675 2449 et
719 2392 859 2449 alius
895 2396 1145 2451 comedet.
1197 2395 1499 2454 Secundum
1532 2400 1669 2454 enim
1703 2399 1815 2454 dies

202 2482 344 2554 ligni
368 2495 537 2541 erunt
559 2485 671 2542 dies
692 2486 871 2559 populi
898 2489 1001 2544 mei
1029 2503 1047 2540 :
1075 2498 1125 2543 et
1149 2506 1307 2561 opera
1342 2508 1594 2546 manuum
1631 2506 1814 2546 eorum

203 2578 588 2635 inueterabunt
623 2580 798 2636 electis
837 2581 989 2636 meis.
1032 2580 1160 2637 Non
1203 2581 1529 2637 laborabitur
1574 2584 1811 2653 frustra,

205 2683 382 2739 neque
438 2670 760 2741 generabant
803 2673 862 2727 in
907 2673 1356 2728 conturbationem
1400 2688 1418 2726 :
1464 2674 1590 2745 quia
1637 2690 1813 2729 semen

206 2757 619 2816 benedictus-um
654 2762 868 2817 Domini
896 2771 971 2818 est
995 2804 1013 2830 ,
1039 2772 1088 2818 ct
1117 2773 1324 2835 nepotes
1355 2780 1533 2819 eorum
1567 2781 1686 2818 cum
1712 2765 1809 2819 eis.

282 2850 474 2906 Porro
507 2850 784 2909 Zacharic
822 2854 939 2924 ﬁlio
977 2855 1123 2925 ejus,
1166 2856 1277 2911 viro
1318 2856 1721 2927 prudentissimo
1761 2865 1811 2911 et

204 2940 454 3008 erudito,
470 2952 609 2999 sorte
624 2944 803 3015 obtigit
830 2946 986 3017 plaga
1009 2946 1446 3016 septentrionalis.
1473 2946 1577 3001 Per
1600 2947 1810 3003 Zacha-

205 3032 375 3098 riam,
408 3034 505 3103 qui
545 3050 746 3090 memor
772 3035 988 3092 Domini
1029 3038 1437 3109 interpretatur,
1463 3050 1520 3094 et
1543 3037 1645 3093 fuit
1671 3037 1814 3094 ﬁlius

205 3118 509 3190 Selemias,
554 3123 806 3181 doctores
836 3125 1113 3195 gentium,
1149 3125 1241 3194 qui
1283 3126 1352 3182 ab
1389 3126 1520 3196 ipsis
1552 3126 1813 3197 apostolis

204 3219 266 3268 et
311 3214 517 3284 primis
564 3216 1008 3285 praedicatoribus
1056 3217 1333 3289 Evangelii
1388 3220 1455 3275 ad
1507 3219 1810 3290 praedican-

1917 2029 2091 2103 plures
2115 2030 2477 2100 lucrifacerent
2502 2044 2521 2083 :
2550 2040 2601 2087 et
2629 2032 2801 2103 {actus
2834 2048 2950 2086 sum
2974 2030 3179 2088 Iudaeis
3198 2073 3213 2099 ,
3241 2042 3493 2104 tanquam

1917 2119 2177 2187 Iudicas,
2201 2130 2259 2175 ut
2287 2120 2508 2175 Judteos
2535 2119 2791 2176 lucrarer.
2821 2119 2922 2176 His
2949 2122 3038 2192 qui
3076 2121 3170 2177 sub
3208 2121 3318 2194 lege
3346 2132 3495 2191 sunt,

1917 2212 2070 2284 quasi
2092 2211 2188 2267 sub
2213 2211 2323 2284 lege
2344 2228 2529 2279 essem,
2560 2228 2679 2266 cum
2704 2213 2815 2284 ipse
2839 2229 2943 2267 non
2968 2228 3129 2267 essem
3157 2212 3250 2268 sub
3277 2212 3407 2285 lege,
3434 2222 3494 2269 ut

1917 2319 2003 2359 eos
2020 2305 2110 2375 qui
2128 2303 2222 2358 sub
2244 2303 2355 2376 lege
2366 2312 2514 2358 erant
2537 2302 2918 2373 lucrifacerem.
2937 2303 3189 2360 Omnibus
3213 2306 3388 2359 omnia
3403 2304 3491 2376 [a-

1916 2408 2030 2453 ctus
2067 2415 2215 2465 sum,
2256 2407 2311 2453 ut
2347 2414 2524 2452 omnes
2562 2396 2730 2452 salvos
2769 2398 2994 2467 facerem
3033 2395 3088 2470 (Ι
3126 2394 3247 2451 Cor.
3286 2396 3387 2467 ix).
3426 2397 3495 2452 Et

1912 2489 2076 2558 paulo
2106 2496 2228 2556 post
2261 2505 2274 2542 :
2316 2486 2514 2542 Factus
2547 2505 2693 2555 sum,
2735 2487 2941 2558 inquit,
2969 2487 3193 2557 inﬁrmis
3229 2486 3488 2557 inﬁrmus,

1915 2590 1971 2634 ut
2007 2560 2244 2650 inﬁrmos
2278 2579 2662 2646 lucrifacerem.
2705 2579 2861 2647 Quod
2896 2587 3075 2635 autem
3107 2578 3445 2651 subiungitur
3474 2596 3488 2632 :

1914 2670 1982 2726 In
2011 2687 2116 2741 qua
2147 2679 2296 2743 parte
2326 2671 2515 2726 domus
2540 2680 2652 2727 erat
2686 2672 2949 2727 seniorum
2980 2671 3276 2736 consilium,
3307 2678 3490 2727 ostcn-
3604 2701 3620 2708 ι

1914 2763 1993 2819 dit
2022 2764 2170 2836 quod
2197 2778 2265 2819 ex
2294 2764 2410 2835 ipsa
2438 2763 2594 2837 plebe
2618 2762 2837 2819 fuerunt
2863 2763 3087 2835 apostoli
3114 2771 3170 2819 et
3193 2763 3490 2834 prophetm,

1913 2855 2007 2927 qui
2035 2863 2258 2927 propter
2280 2856 2648 2911 maturitatem
2678 2856 2954 2925 sapientiae
2987 2854 3227 2911 seniores
3258 2854 3359 2934 rite
3391 2869 3491 2907 no-

1913 2948 2211 3003 minantur.
2240 2948 2323 3003 De
2356 2948 2549 3019 quibus
2578 2948 2630 3002 in
2659 2949 2874 3003 cantico
2912 2945 3315 3002 Deuteronomii
3343 2942 3490 3016 Moy-

1914 3052 2002 3094 ses
2030 3040 2107 3094 ait
2140 3058 2156 3094 :
2185 3039 2463 3110 Interroga
2495 3048 2669 3111 patres
2706 3048 2845 3106 tuos,
2874 3047 2924 3094 et
2953 3038 3337 3094 annuntiabunt
3367 3037 3492 3103 tibi;

1914 3130 2140 3185 seniores
2166 3139 2315 3197 tuos,
2351 3139 2398 3185 et
2422 3130 2592 3185 dicent
2620 3130 2713 3184 tibi
2747 3129 2923 3201 (Deut.
2951 3126 3146 3200 xxxu).
3177 3127 3245 3181 Et
3277 3126 3330 3181 in
3356 3126 3490 3180 Pro—

1914 3218 2118 3275 verbiis
2158 3220 2420 3290 scriptum
2465 3227 2551 3274 est
2599 3236 2612 3273 :
2661 3217 2867 3272 Nobilis
2914 3218 2969 3271 in
3016 3216 3179 3287 portis
3226 3215 3305 3268 vir
3345 3214 3490 3283 ejus,

206 3304 351 3358 dum
374 3308 631 3371 gentibus
654 3309 889 3364 ordinati
921 3312 1444 3382 sunt,-designantur
1474 3331 1487 3367 :
1515 3313 1693 3383 qualis
1710 3314 1816 3372 fuit
1839 3296 1891 3361 C
1914 3312 2124 3382 quando
2149 3312 2340 3368 sederit
2370 3326 2488 3365 cum
2510 3309 2799 3365 senioribus
2824 3318 2976 3363 terrw
3004 3306 3188 3379 (Prov.
3218 3305 3357 3377 xiii).
3392 3306 3492 3372 Qui

205 3390 505 3449 Barnabas
539 3403 595 3449 et
632 3396 832 3455 Saulus
865 3401 933 3455 de
963 3402 1188 3470 quibus,
1226 3403 1507 3460 orantibus
1534 3404 1813 3475 discipulis

207 3490 270 3538 et
309 3481 721 3553 jejunantibus,
763 3487 901 3544 dixit
946 3489 1180 3560 Spiritus
1222 3502 1441 3549 sanctus
1477 3511 1492 3549 :
1534 3494 1814 3567 Segregate

208 3575 352 3630 mihi
381 3573 623 3633 Paulum
644 3589 694 3634 ct
718 3577 1023 3637 Barnabam
1051 3585 1110 3639 in
1138 3602 1266 3657 opus
1294 3588 1364 3642 ad
1390 3588 1527 3658 quod
1554 3592 1814 3662 assumpsi

208 3681 302 3722 cos
330 3665 478 3739 (Act.
506 3669 650 3744 xm).
680 3671 786 3729 Per
809 3677 1295 3746 septentrionalem
1320 3678 1532 3750 plagam
1561 3695 1680 3751 quia
1708 3681 1811 3739 fri-

211 3759 411 3830 gidum
438 3771 653 3821 ventum
691 3767 921 3836 emittit,
962 3769 1136 3842 frigus
1173 3772 1508 3831 inﬁdelitatis
1531 3776 1813 3846 gentilium

213 3850 510 3924 ﬁguratur.
535 3853 642 3912 Sed
660 3873 730 3913 ex
750 3860 838 3916 his
854 3862 1075 3932 plurimi
1097 3864 1167 3920 ad
1192 3864 1354 3922 ﬁdem
1384 3868 1608 3925 veniunt
1633 3888 1649 3924 :
1671 3869 1813 3926 unde

1915 3409 2099 3458 autem
2146 3403 2341 3457 horum
2384 3401 2659 3457 seniorum
2700 3399 2850 3456 audit
2885 3398 3203 3464 consilium,
3252 3398 3494 3469 profecto

1915 3496 2110 3551 anima:
2142 3510 2254 3550 suae
2290 3509 2480 3550 verum
2512 3494 2749 3549 inveniet
2781 3492 3099 3549 remedium.
3140 3489 3309 3547 Porro
3352 3490 3493 3560 quod

1915 3588 2160 3660 sequitur
2188 3605 2201 3641 :

1984 3678 2230 3751 Seppltim
2259 3688 2307 3733 et
2334 3663 2481 3733 Hosa
2511 3678 2581 3733 ad
2611 3675 2925 3732 occidentem
2939 3674 3099 3746 juxta
3125 3681 3353 3745 portam,
3377 3688 3494 3744 quin

1913 3771 2059 3825 ducit
2098 3771 2167 3825 ad
2209 3770 2346 3824 viam
2387 3769 2706 3824 ascensionis
2746 3784 2839 3838 per
2864 3763 3234 3822 occidentalem
3259 3763 3492 3837 plagam,

1912 3862 2003 3917 ubi
2042 3861 2123 3916 sol
2165 3862 2356 3917 occidit
2396 3873 2414 3914 :
2455 3860 2809 3916 novissimum
2857 3866 3069 3928 tempus
3110 3855 3269 3928 hujus
3315 3854 3495 3911 saeculi

216 3941 301 3996 eis
319 3951 485 4013 porta
507 3948 944 4016 septentrionalis
964 3950 1300 4020 etjanitores
1322 3955 1440 4026 ejus
1463 3960 1808 4029 deputantur.
1907 3954 2065 4026 juxta
2104 3954 2268 4010 ﬁnem
2308 3953 2495 4008 mundi
2539 3951 2894 4023 signiﬁcatur,
2940 3949 3153 4019 quando
3190 3947 3372 4003 futura
3413 3953 3502 4002 est

217 4031 299 4089 De
339 4035 542 4105 quibus
573 4053 672 4109 per
706 4037 998 4098 Jeremiam
1036 4043 1236 4099 dicitur
1276 4062 1291 4099 :
1331 4044 1453 4101 Erit
1478 4048 1590 4103 dies
1624 4049 1678 4103 in
1708 4065 1812 4120 qua
1914 4045 2220 4116 persecutio
2240 4042 2572 4098 validissima
2599 4040 2699 4096 sub
2721 4039 3074 4104 Antichristo,
3096 4044 3170 4104 et,
3198 4036 3494 4093 secundum

220 4125 529 4182 clamabunt
582 4131 821 4186 custodes
871 4131 930 4187 in
971 4143 1172 4191 montes
1214 4134 1473 4208 Ephraim
1516 4155 1535 4193 :
1578 4137 1811 4211 Surgite,
1914 4136 2243 4193 sententiam
2278 4131 2521 4197 Domini,
2553 4129 3052 4187 scandalizabuntur
3083 4127 3237 4183 multi
3276 4125 3491 4199 (Matth.

218 4220 575 4276 attendamus
622 4223 681 4278 in
719 4223 855 4280 Sion
888 4225 958 4280 ad
993 4226 1281 4284 Dominum
1318 4229 1488 4285 Deum
1524 4240 1761 4287 nostrum
1793 4249 1812 4289 ε
1914 4223 2105 4296 rmv);
2144 4232 2298 4296 atque
2326 4222 2482 4291 juxta
2514 4220 2666 4276 Pauli
2692 4219 3047 4285 sententiam,
3077 4216 3362 4273 abundabit
3388 4217 3492 4273 ini-

221 4312 349 4382 quia
403 4312 482 4367 sic
517 4311 644 4366 dicit
695 4314 951 4372 Dominus
1005 4334 1026 4373 :
1071 4318 1210 4376 Ecce
1260 4338 1352 4393 ego
1406 4323 1670 4378 adducam
1726 4342 1813 4381 eos
1914 4317 2122 4388 quitus,
2156 4324 2205 4369 et
2244 4314 2538 4384 refrigescet
2572 4310 3139 4366 charitas'multorum.
3170 4307 3341 4379 Hujus
3366 4324 3496 4381 ergo

222 4399 288 4454 de
330 4410 480 4456 terra
526 4401 818 4473 aquilonis,
860 4412 911 4458 et
965 4409 1286 4476 congregabo
1329 4427 1414 4460 eos
1460 4411 1525 4465 ab
1572 4414 1813 4468 extremis
1914 4412 2085 4476 portae
2122 4402 2387 4472 janitores
2428 4408 2554 4457 sunt
2595 4401 2843 4455 doctores
2886 4399 3027 4454 illius
3068 4398 3326 4468 temporis
3347 4438 3362 4464 ,
3401 4398 3495 4466 qui

223 4498 398 4559 term,
431 4492 568 4547 inter
590 4509 719 4563 quos
744 4502 897 4548 erunt
922 4510 1091 4550 circus
1112 4503 1161 4551 et
1188 4495 1428 4564 claudus,
1459 4514 1737 4569 prwgnans
1764 4508 1814 4556 et
1916 4494 2287 4547 conculcatam
2312 4489 2779 4560 persccutionibus
2807 4488 3107 4544 Ecclesium
3132 4487 3244 4543 suis
3269 4487 3492 4559 dogma-

224 4587 442 4654 pariem
465 4587 644 4643 simul,
666 4586 841 4644 Canus
860 4605 1081 4660 magnus
1102 4591 1465 4646 νευστιοηιίαηι
1484 4592 1587 4646 huc
1608 4593 1663 4647 in
1684 4594 1812 4662 ﬂetu
1914 4581 2059 4637 tibus
2083 4580 2294 4647 levant,
2328 4588 2489 4649 atque
2526 4577 2992 4633 exhortationibus
3028 4576 3303 4634 roborant.
3343 4579 3497 4646 ρυοά

227 4642 455 4743 saniem,
544 4679 605 4733 in
1648 4642 1813 4756 aqua-
1835 4642 1891 4705 D
1915 4675 2054 4729 bene
2091 4674 2332 4744 ipsorum
2368 4671 2666 4744 janitorum
2699 4671 3009 4743 exprimunt
3044 4671 3281 4726 nomina.
3320 4670 3492 4728 Inter-

230 4784 347 4824 rum
365 4772 432 4826 in
453 4771 539 4827 via
562 4783 722 4840 mra,
745 4780 794 4827 et
821 4788 925 4828 non
949 4773 1231 4845 impingens
1258 4791 1323 4830 ια
1345 4773 1485 4846 (λετ,
1507 4777 1685 4848 χχχι),
1915 4772 2161 4836 prctatur
2189 4764 2333 4819 enim
2367 4762 2622 4836 Seppbim
2665 4762 2899 4829 humilis,
2928 4762 3041 4819 sive
3068 4765 3368 4836 campestris
3397 4779 3416 4818 :
3441 4772 3498 4819 et

303 4863 606 4920 Obededom
629 4882 746 4922 vero
773 4876 821 4921 et
847 4865 975 4935 ﬁliis
1009 4866 1124 4937 ejus
1164 4867 1234 4922 ad
1282 4877 1521 4923 austrum
1565 4869 1814 4939 deputata
1916 4856 2079 4924 llosa,
2107 4858 2366 4913 divinans.
2395 4858 2777 4914 Humiliabitur
2797 4859 2940 4915 enim
2969 4867 3097 4913 tunc
3124 4857 3363 4912 Ecclesia
3393 4858 3493 4912 ho-

234 4964 345 5009 crat
371 4956 615 5011 custodia
641 4965 935 5028 portarunt.
961 4958 1030 5014 Et
1056 4960 1187 5031 quid
1211 4974 1310 5032 per
1349 4958 1678 5032 Ohededom,
1707 4962 1814 5018 nisi
1916 4952 2084 5009 stium
2132 4951 2623 5023 persccutionibus,
2676 4950 2803 5006 licet
2851 4960 3163 5005 sanctorum
3212 4950 3496 5006 roboretur

240 5046 491 5103 doctores
527 5046 637 5113 illi,
670 5050 762 5117 qui
800 5049 868 5104 ad
902 5030 1302 5121 praedicandum
1341 5030 1542 5109 ,ιυάωιε
1581 5052 1816 5109 ordinati
1917 5045 2271 5116 dogmatibus.
2303 5042 2633 5115 Campestris
2670 5040 2901 5099 edicitur
2924 5040 2980 5096 in
3006 5039 3348 5096 lasciviarum
3376 5056 3491 5096 mo-

241 5141 397 5195 suut?
421 5139 498 5195 De
517 5138 710 5209 quibus
734 5137 934 5194 Paulus
950 5141 1192 5198 scribens
1213 5143 1289 5198 ad.
1302 5141 1522 5200 Galatas
1543 5144 1621 5201 ait
1643 5163 1657 5199 ;
1682 5143 1817 5200 Cum
1915 5138 2093 5204 tibus;
2150 5136 2245 5192 sed
2280 5133 2723 5205 imperfectorum
2760 5131 3057 5189 elevabitur
3093 5130 3322 5186 actibus.
3365 5130 3494 5198 Qua:

243 5232 594 5301 cognovissent
628 5230 883 5301 gratiam,
920 5247 1038 5303 quis
1072 5231 1200 5285 data
1235 5240 1313 5286 est
1346 5234 1510 5299 mihi,
1542 5233 1731 5288 Petrus
1766 5244 1818 5289 et
1917 5226 2148 5295 utraque
2167 5225 2362 5280 divinis
2385 5225 2824 5280 demonstrantur
2845 5220 3090 5290 eloquiis.
3119 5217 3388 5290 Scriptum
3413 5228 3494 5276 est

244 5319 472 5376 Jacobus
488 5328 540 5376 et
558 5319 808 5386 Joannes,
825 5320 915 5393 qui
932 5321 1238 5378 uidebantur
1255 5322 1509 5379 columna;
1532 5341 1662 5391 ειω,
1682 5326 1811 5379 ἀθω-
1918 5315 1976 5370 in
2000 5315 2289 5371 novissima
2320 5314 2529 5374 uisione
2562 5311 2796 5368 Danielis
2822 5311 3096 5381 prophetae
3114 5350 3130 5378 ,
3158 5310 3300 5383 quod
3325 5326 3490 5384 ange-

248 5418 354 5468 tras
387 5413 518 5468 mihi
556 5412 810 5468 dederunt
848 5421 898 5468 ct
936 5412 1197 5470 Barnabas
1221 5416 1503 5483 societatis,
1532 5425 1590 5471 ut
1619 5432 1714 5471 nos
1757 5417 1813 5471 in
1916 5405 2001 5462 lus
2042 5406 2179 5462 dixit
2213 5405 2282 5462 ad
2321 5406 2639 5476 prophetam
2682 5421 2694 5455 :
2740 5400 2904 5469 Vade,
2932 5400 3140 5470 Daniel,
3180 5403 3303 5475 quia
3326 5401 3493 5457 clausi

250 5510 437 5568 gentes,
462 5504 565 5573 ipsi
586 5511 761 5559 autem
785 5504 845 5558 in
867 5505 1311 5561 circnmcisionem
1340 5503 1483 5577 (Cal.
1513 5512 1602 5577 ιι).
1629 5506 1705 5561 De
1727 5506 1812 5562 his
1916 5510 2059 5567 sunt,
2074 5500 2366 5570 signatique
2386 5512 2645 5552 sermones
2666 5510 2826 5567 usque
2846 5497 2913 5549 ad
2935 5504 3135 5565 tempus
3153 5494 3489 5565 pne/initum,

253 5586 421 5645 Lucas
446 5590 501 5644 in
532 5590 755 5647 Actibus
789 5592 1149 5661 apostolorum
1192 5601 1405 5661 narrat,
1447 5594 1633 5650 dicens
1671 5612 1684 5648 ε
1719 5593 1812 5648 Illi

253 5680 472 5747 quidem,
497 5683 586 5751 qui
612 5682 832 5753 dispersi
860 5682 1066 5752 fuerant
1091 5702 1123 5737 a
1151 5684 1501 5749 tribulatione,
1527 5702 1643 5754 qua:
1672 5686 1814 5755 facta

260 5770 420 5837 fuerat
446 5775 544 5828 sub
573 5774 855 5846 Stephano,
892 5778 1375 5848 perambulaveruut
1406 5796 1564 5849 usque
1600 5778 1813 5832 Phanii-

263 5876 359 5915 cem
379 5872 425 5919 et
440 5865 651 5939 Ciprum
666 5876 714 5922 et
728 5866 1079 5937 Antiochiam,
1097 5869 1286 5925 nemini
1308 5868 1570 5940 loquentes
1586 5870 1810 5938 verbum,

1918 5591 2081 5645 donec
2107 5589 2381 5659 eligentur,
2408 5598 2454 5642 et
2481 5585 2877 5655 dealbabuntur,
2905 5594 2951 5639 et
2975 5587 3122 5656 quasi
3144 5586 3278 5656 ignis
3300 5584 3490 5655 proba—

1921 5683 2113 5736 buntur
2142 5680 2290 5735 multi
2319 5696 2335 5735 .·
2362 5690 2407 5733 et
2436 5679 2591 5749 impie
2618 5694 2793 5734 omnes
2823 5689 2971 5749 agent
3000 5678 3163 5747 impii.
3196 5676 3360 5729 Porro
3389 5673 3485 5727 do-

1921 5778 1987 5830 cti
2037 5774 2317 5843 intelligent
2359 5773 2529 5842 (Dan.
2560 5771 2688 5839 xu).
2733 5770 2928 5825 Paulus
2967 5776 3145 5823 autem
3199 5765 3262 5819 ad
3306 5764 3489 5821 Timo-

1926 5872 2105 5926 theum
2150 5868 2222 5921 itu
2266 5864 2502 5921 scribens
2542 5864 2616 5919 ait
2660 5879 2675 5917 :
2721 5861 2831 5917 lIoc
2877 5869 3046 5914 autem
3089 5857 3213 5912 scito
3256 5853 3486 5926 quodin
