3920 6466
524 345 631 405 399

1194 335 1256 392 Β.
1297 332 1551 392 RABANI
1589 332 1811 391 MAURI
1846 331 2166 389 ARCIIIEP.
2207 332 2515 392 MOGUNT.
2554 333 2840 392 OPERUM
2875 333 3056 391 PARS
3094 335 3136 391 Ι.
3637 348 3715 406 ιοθ

519 459 814 520 novissimis
859 457 1040 513 diebus
1081 455 1351 512 instabunt
1394 462 1628 524 tempora
1669 449 1963 523 periculosa
1987 489 2003 515 ,
2048 457 2097 502 et
2124 464 2176 523 Α
2201 462 2410 521 agentes
2438 451 2546 506 Deo
2578 448 2761 517 Patri,
2789 451 2879 522 qui
2909 452 3094 523 dignos
3125 469 3216 510 nos
3245 457 3371 527 fecit
3404 459 3455 512 in
3481 473 3609 529 parte
3629 483 3714 520 sor-

517 560 674 610 erunt
699 549 931 605 homines
954 548 1147 618 seipsos
1179 554 1438 610 amantes,
1468 543 1664 614 cupidi,
1692 541 1836 607 elati,
1866 539 2091 613 superbi,

518 632 833 711 blasphemi,
872 636 1169 708 parentibus
1203 634 1585 699 inobedientes,
1619 633 1842 704 ingrati,
1872 630 2093 696 scelesti,

515 733 629 787 sine
663 729 935 799 a/fectione
951 768 966 794 ,
1000 727 1111 781 sine
1130 743 1280 798 pace,
1304 726 1663 780 criminatores
1684 763 1699 789 ,
1726 722 2091 778 inconvenien-

514 832 623 886 tes,
653 821 907 883 immites,
947 818 1058 872 sine
1091 816 1440 887 benignitate,
1480 814 1803 885 proditores,
1847 812 2089 885 protervi,

513 909 722 976 tumidi,
751 908 1073 979 voluptatum
1099 915 1358 960 amatores
1379 905 1545 976 magis
1564 920 1722 975 quam
1749 902 1870 969 Dei,
1895 901 2117 957 haben-'

511 1012 587 1058 tes
617 1003 837 1074 speciem
872 999 1081 1072 pietatis
1115 998 1345 1070 quidem,
1382 997 1621 1052 virtutem
1648 1004 1822 1050 autem
1854 993 1968 1065 ejus
1996 993 2091 1046 ab-

511 1102 758 1166 negantes
801 1091 896 1163 (11
923 1089 1061 1145 Tim.
1106 1088 1226 1162 ιιι).
1266 1088 1337 1142 Et.
1369 1087 1507 1143 bene
1550 1085 1763 1150 dicitur,
1801 1083 1945 1154 quod
1978 1082 2093 1138 haec

508 1193 666 1257 porta
690 1183 848 1253 juxta
875 1181 1022 1236 viam
1047 1178 1377 1236 ascensionis
1405 1177 1600 1243 fuerit,
1624 1176 1750 1247 quia
1778 1174 1922 1231 illius
1949 1182 2090 1230 tem-

505 1280 661 1351 poris
695 1293 871 1335 aevum
906 1278 1268 1349 propinquum
1292 1276 1397 1331 erit
1422 1273 1529 1330 diei
1548 1271 1737 1343 judicii
1758 1313 1774 1339 ,
1803 1279 2008 1344 quanto
2036 1272 2092 1326 in

507 1371 910 1428 resurrectione
947 1384 1177 1441 corpora
1223 1366 1546 1422 immortalia
1593 1364 1949 1433 suscipientes
1995 1377 2093 1433 per

505 1464 851 1536 praesentiam
874 1462 1007 1532 justi
1021 1460 1212 1534 judicii
1242 1460 1308 1516 ad
1328 1456 1709 1530 possidendum
1733 1472 1955 1528 regnum
1981 1455 2088 1511 Pa-

506 1555 610 1612 tris
638 1554 876 1611 ctelestis
916 1554 1232 1609 invitantur.
1273 1549 1426 1620 Quod
1466 1558 1646 1605 autem
1681 1549 1905 1616 dicitur,
1946 1548 2090 1619 quod

506 1646 752 1703 custodia
782 1644 945 1701 fuerit
970 1652 1159 1701 contra
1196 1641 1527 1707 custodiam,
1558 1638 1829 1712 signiﬁcat
1858 1653 2085 1696 concor-

505 1737 651 1793 diam
693 1735 998 1791 divinorum
1038 1740 1518 1799 testamentorum,
1560 1730 1686 1801 quia
1726 1731 1869 1802 quod
1913 1730 2085 1785 sancti

2197 544 2264 598 tis
2290 552 2593 608 sanctorum
2634 543 2690 597 in
2711 542 2939 609 lumine;
2961 544 3053 615 qui
3080 546 3273 616 eripuit
3309 563 3403 603 nos
3437 549 3500 604 de
3521 564 3715 622 potestate

2194 636 2525 691 tenebrarum
2549 676 2565 702 ,
2613 645 2663 690 et
2700 635 2967 690 transtulit
2998 637 3056 692 in
3090 655 3306 709 regnum
3343 640 3443 709 ﬁlii
3484 644 3715 705 dilectionis

2193 744 2327 794 sure,
2355 728 2413 782 in
2438 743 2540 799 quo
2563 726 2812 783 habemus
2837 724 3259 798 redemptionem,
3284 732 3617 801 remissionem
3632 757 3716 809 ρει.

2194 826 2463 883 calorum;
2488 816 2579 888 qui
2614 824 2691 871 est
2718 817 2892 888 imago
2929 815 3029 871 Dei
3055 817 3365 887 invisibilis,
3402 822 3715 895 prirnogenitss

2191 909 2362 964 omnis
2398 917 2654 963 creatura:
2681 921 2700 960 :
2730 908 2857 978 quia
2893 908 2949 962 in
2978 908 3091 978 ipso
3125 909 3338 964 condita
3377 922 3496 966 sunt
3529 916 3716 972 universa

2191 999 2249 1054 in
2273 997 2415 1054 caelis
2441 1007 2490 1053 et
2511 998 2569 1053 in
2589 1007 2752 1064 terra,
2782 997 3006 1053 visibilia
3031 1007 3081 1053 et
3108 998 3424 1068 invisibilia,
3450 1004 3548 1058 sive
3568 1004 3713 1073 throni,

2190 1090 2296 1145 sive
2330 1087 2740 1155 dominationes,
2782 1087 2886 1143 sive
2930 1088 3289 1160 principatus,
3328 1090 3433 1145 sive
3474 1103 3713 1162 potestates.

2193 1178 2385 1238 Omnia
2420 1195 2514 1249 per
2546 1179 2717 1249 ipsum
2756 1187 2803 1233 et
2840 1180 2897 1233 in
2932 1180 3045 1250 ipso
3074 1189 3252 1235 creata
3280 1191 3404 1236 sunt
3435 1197 3455 1237 :
3487 1193 3533 1238 et
3556 1185 3645 1255 ipse
3664 1200 3714 1243 est

2190 1283 2311 1328 ante
2335 1288 2543 1338 omnes,
2566 1281 2615 1327 et
2642 1270 2818 1327 omnia
2848 1273 2903 1328 in
2932 1273 3045 1344 ipso
3071 1284 3314 1330 constant
3331 1316 3347 1342 ,
3374 1284 3424 1331 et
3454 1278 3555 1347 ipse
3573 1290 3633 1334 est
3650 1297 3713 1334 ca-

2187 1373 2281 1436 put
2325 1363 2609 1433 Ecclesia,
2652 1367 2741 1438 qui
2782 1375 2859 1420 est
2896 1367 3210 1438 principium
3237 1409 3252 1435 ,
3301 1370 3643 1442 primogenita
3671 1391 3714 1428 α

2188 1459 2430 1525 mortuis,
2456 1468 2511 1512 ut
2532 1459 2599 1513 sit
2620 1458 2729 1530 ipse
2751 1458 2807 1514 in
2827 1459 3066 1515 omnibus
3093 1462 3383 1532 primatum
3408 1472 3574 1518 tenens
3594 1480 3610 1519 :
3627 1467 3714 1535 quis

2188 1549 2243 1605 in
2267 1552 2380 1622 ipso
2408 1550 2720 1622 complacuit
2748 1568 2953 1607 omnem
2979 1552 3362 1625 plenitudinem
3388 1556 3644 1612 divinitatis
3660 1559 3713 1611 is-

2188 1641 2425 1697 habitare
2453 1643 2815 1714 corporaliter,
2842 1645 2900 1699 in
2924 1661 3027 1716 quo
3064 1655 3187 1700 sunt
3215 1663 3397 1703 omnes
3424 1648 3630 1704 thesauri
3651 1668 3712 1705 sa—

2185 1734 2394 1804 pientia:
2420 1743 2469 1789 et
2494 1735 2724 1789 scientia:
2744 1736 3035 1790 absconditi
3063 1734 3201 1808 (Col.
3230 1737 3294 1809 ι).

502 1827 696 1885 Patres
720 1838 849 1884 ante
886 1826 1314 1884 incarnationem
1349 1823 1687 1879 Dominicam
1712 1822 1780 1877 de
1811 1822 2083 1892 mysteriis
2112 1822 2158 1882 B
2257 1822 2389 1879 Filii
2413 1823 2614 1891 Ledan,
2642 1824 2744 1894 ﬁlii
2770 1823 3048 1882 Gersonni.
3082 1826 3162 1883 De
3186 1827 3373 1884 Ledan
3398 1830 3628 1900 principes
3652 1831 3709 1900 fn-

500 1916 701 1973 futuris
746 1916 1002 1972 Ecclesia:
1036 1912 1455 1987 praeﬁgurabant
1489 1920 1647 1984 typo,
1691 1911 1796 1967 hoc
1833 1912 2082 1967 doctores

499 2007 778 2080 Evangelii
825 2008 985 2063 modo
1031 2014 1155 2078 post
1195 2004 1464 2076 expletam
1505 2003 1933 2059 incarnationem
1971 2002 2079 2059 Do-

498 2100 656 2167 mini,
679 2099 1008 2170 passionem,
1035 2095 1487 2154 resurrectionem
1514 2102 1676 2165 atque
1708 2093 2083 2150 ascensionem

500 2195 570 2249 ad
595 2193 762 2250 caelos
789 2198 943 2264 gestu
971 2192 1343 2247 demonstrant
1368 2186 1776 2244 evidentissimo
1803 2203 1817 2240 :
1848 2199 1948 2241 nec
1973 2199 2083 2241 non

498 2297 555 2345 et
592 2297 794 2346 caetera
831 2288 989 2343 turba
1031 2284 1267 2341 ﬁdelium
1306 2283 1371 2339 de
1406 2281 1606 2338 Iudaeis
1641 2287 1804 2351 atque
1832 2280 2083 2351 gentibus

497 2399 603 2438 una
629 2381 755 2448 (ide,
778 2396 889 2436 uno
906 2379 1255 2450 baptismate,
1279 2376 1440 2432 unius
1460 2375 1556 2430 Dei
1577 2389 1674 2445 per
1699 2382 1872 2430 totum
1892 2374 2081 2430 orbem

498 2486 770 2532 terrarum
797 2473 1151 2532 celeberrimo
1176 2470 1494 2541 comprobat
1518 2467 1684 2524 cultu.

567 2569 649 2623 Ad
695 2569 978 2627 orientem,
1026 2564 1234 2636 inquit,
1282 2561 1474 2618 Levita:
1500 2577 1639 2633 sex;
1676 2561 1746 2615 ad
1785 2559 2081 2632 aquilonem

492 2671 719 2732 quatuor
742 2676 836 2731 per
861 2658 1037 2723 diem;
1066 2667 1221 2728 atque
1249 2661 1316 2710 ad
1352 2653 1619 2709 meridiem
1647 2653 1702 2708 in
1727 2652 1812 2707 die
1842 2652 2083 2707 similiter

494 2760 745 2822 quatuor,
769 2759 817 2805 et
838 2749 928 2803 ubi
950 2757 1061 2803 erat
1091 2746 1391 2812 concilium,
1418 2745 1525 2800 bini
1553 2754 1600 2799 et
1629 2744 1754 2799 bini.
1784 2743 1854 2799 In
1880 2742 2081 2799 cellulis

495 2852 697 2910 quoque
718 2838 1017 2908 janitorum
1046 2836 1116 2890 ad
1140 2835 1458 2890 occidentem
1480 2843 1707 2906 quatuor
1734 2834 1788 2889 in
1811 2835 1914 2901 via,
1943 2834 2078 2888 bini-

492 2948 592 3003 que
626 2947 718 3000 per
746 2929 985 2984 cellulas.
1030 2927 1127 2983 lla:
1156 2938 1278 2983 sunt
1319 2927 1598 2982 divisiones
1615 2926 1912 2997 janitorum
1935 2924 2079 2995 ﬁlio-

494 3035 612 3073 rum
663 3018 811 3073 Cora:
860 3027 909 3073 et
962 3017 1188 3072 Morare.
1236 3017 1389 3085 Quod
1444 3017 1577 3071 dicit
1625 3017 1679 3071 in
1726 3015 1937 3071 oriente
1983 3029 2081 3071 sex

491 3110 730 3177 Levitas,
756 3118 917 3181 atque
945 3110 998 3164 in
1028 3110 1240 3166 czcteris
1268 3110 1442 3182 plagis
1467 3124 1588 3165 esse
1607 3117 1841 3180 quatuor
1874 3108 2079 3164 consti-

2187 1914 2475 1969 miliarum.
2518 1914 2701 1970 Ledan
2734 1924 2783 1970 et
2826 1912 3114 1983 Gersonni,
3154 1917 3368 1973 Jehieli.
3398 1918 3522 1973 Filii
3551 1920 3709 1987 Jehich,

2186 2004 2394 2061 Zathan
2425 2016 2475 2062 et
2510 2006 2628 2063 Joel
2647 2048 2664 2075 ,
2702 2007 2893 2078 fratres
2929 2010 3073 2081 ejus,
3097 2026 3257 2082 super
3291 2011 3552 2067 thesauros
3574 2012 3710 2065 deum

2185 2096 2420 2153 Domini.
2452 2098 2759 2155 Amramitis
2782 2109 2832 2155 et
2860 2099 3108 2157 Isaaritis
3139 2111 3190 2157 et
3230 2101 3529 2173 Hebronitis
3553 2114 3596 2160 et
3620 2102 3710 2159 01i-

2185 2191 2379 2247 hetitis.
2420 2189 2652 2248 Subahel
2691 2203 2867 2249 autem
2905 2194 3048 2265 [ilius
3092 2193 3387 2263 Gersonni,
3430 2196 3525 2266 ﬁlii
3556 2195 3707 2266 Moysi,

2184 2283 2492 2353 prarpositus
2515 2283 2792 2339 thesauris.
2822 2284 3063 2355 Denique
3082 2285 3253 2358 Moysi
3278 2286 3398 2354 ﬁlii,
3418 2288 3505 2358 qui
3521 2288 3707 2343 emines.

2187 2374 2293 2429 tius
2318 2389 2350 2428 a
2376 2374 2546 2429 David
2581 2364 3010 2446 honorabantur,
3042 2384 3103 2433 ut
3136 2377 3405 2452 Iosephus
3438 2387 3652 2445 testatur,
3671 2384 3708 2432 et

2185 2480 2348 2538 super
2371 2468 2657 2524 thesauros
2695 2469 2886 2525 domus
2915 2470 3128 2526 Domini
3164 2472 3629 2536 constituebantur,
3655 2470 3706 2525 si-

2186 2558 2443 2629 guilicant
2476 2559 2727 2616 doctores
2769 2561 2836 2616 de
2861 2559 3083 2616 Judaiea
3106 2560 3269 2631 plebe
3304 2576 3427 2618 esse
3456 2560 3706 2633 praepositos

2186 2650 2378 2706 domus
2402 2649 2519 2715 Dei,
2548 2651 2748 2722 quibus
2778 2660 3099 2707 ornamenta
3133 2660 3343 2709 sancta:
3369 2652 3617 2716 Ecclesia,
3637 2650 3707 2705 hoc

2185 2749 2267 2797 est
2287 2741 2450 2798 decor
2475 2741 2801 2811 animarum,
2824 2745 3236 2800 commendatus
3262 2752 3367 2802 est.
3391 2744 3466 2801 De
3485 2745 3586 2814 ipsa
3603 2744 3705 2798 enim

2158 2829 2342 2906 ‘plebe
2366 2834 2587 2890 fuerunt
2623 2835 2850 2906 apostoli
2884 2845 2942 2892 et
2975 2838 3139 2909 primi
3179 2837 3435 2895 doctores
3461 2834 3703 2908 Evangelii,

2185 2928 2277 2998 qui
2324 2929 2522 2983 merito
2578 2927 2831 2985 custodes
2874 2929 3129 2985 dicuntur
3173 2945 3301 2988 esse
3351 2932 3703 2989 thesaurorum.

2184 3020 2313 3091 quia
2343 3021 2744 3091 dispensatores
2767 3020 3073 3077 caelestium
3099 3019 3254 3078 fuere
3287 3028 3703 3079 sacramentorum.

2258 3108 2453 3166 Frater
2479 3128 2682 3183 quoque
2719 3111 2834 3182 ejus
2872 3111 3102 3180 Eliezer,
3142 3114 3301 3185 cujus
3340 3114 3480 3184 filius
3502 3109 3703 3169 Babulus,

492 3211 666 3266 tutos,
706 3218 804 3274 per
830 3203 1105 3259 senarium
1136 3217 1422 3257 numerum
1450 3202 1685 3272 primum
1717 3200 1918 3257 bonam
1946 3213 2078 3270 ope-
2107 3217 2153 3281 ρ
2183 3210 2232 3257 et
2272 3202 2430 3273 hujus
2468 3202 2611 3273 ﬁlius
2648 3201 2854 3270 Isaias,
2896 3214 2944 3258 et
2979 3204 3139 3275 hujus
3172 3205 3321 3274 filius
3340 3204 3561 3287 .Joram,
3596 3199 3704 3269 Itth

492 3295 756 3350 rationem
780 3294 1086 3349 divinorum
1110 3293 1377 3362 signiﬁcat
1404 3293 1798 3349 ministrorum.
1820 3291 1929 3348 Per
1946 3306 2081 3362 qua-

491 3388 787 3442 ternarium
827 3402 1041 3457 quoque
1092 3387 1402 3457 evangelica
1441 3386 1763 3459 exprimitur
1812 3385 2078 3449 doctrina,

489 3475 650 3529 simul
685 3492 811 3531 cum
853 3486 1084 3545 quatuor
1120 3476 1383 3531 virtutum
1425 3476 1804 3546 principalium
1842 3476 2077 3545 plenitu-

489 3568 636 3625 dine.
679 3568 937 3640 Quisquis
973 3584 1103 3651 ergo
1134 3570 1339 3641 janitor
1379 3569 1546 3624 divini
1588 3570 1793 3639 templi,
1825 3569 1929 3625 hoc
1976 3578 2078 3651 est,

489 3659 680 3714 doctor
708 3667 907 3714 sanctae
933 3649 1174 3715 ecclesiae
1201 3659 1319 3715 ﬁeri
1361 3660 1615 3728 voluerit,
1661 3675 1883 3717 necesse
1906 3649 2084 3719 estut

489 3748 860 3819 evangelicum
888 3749 1190 3804 doctrinam
1220 3750 1380 3805 simul
1409 3766 1533 3805 cum
1562 3752 1828 3807 bonorum
1857 3765 2081 3823 cperum

487 3840 819 3910 perfectione
848 3842 1062 3897 studeat
1087 3842 1323 3908 habere,
1351 3850 1411 3897 ut
1435 3842 1472 3898 ii
1502 3841 1596 3912 qui
1625 3843 1694 3897 ad
1712 3842 1936 3915 januam
1966 3845 2078 3915 spi-

488 3932 702 3987 ritualis
742 3932 956 3987 :cdilicii
998 3933 1293 3999 accedunt,
1338 3948 1437 4003 per
1488 3934 1727 4004 ipsorum
1774 3935 2080 3990 doctrinam

488 4028 653 4090 atque
694 4020 942 4089 exempla
983 4021 1087 4075 rite
1123 4022 1333 4091 possint
1370 4024 1606 4088 intrare,
1648 4038 1714 4078 ac
1742 4023 1928 4078 laudes
1970 4023 2077 4078 Do-

487 4110 637 4164 mino
674 4109 870 4165 ibidem
901 4112 1060 4182 digne
1090 4121 1329 4169 cantare.
1359 4113 1565 4181 Quibus
1599 4128 1697 4185 per
1732 4114 2078 4170 Psalmistam

490 4198 808 4255 invitantem
856 4201 925 4254 ad
970 4201 1293 4257 laudandum
1333 4202 1622 4259 Dominum
1669 4203 1870 4261 dicitur
1917 4222 1930 4258 :
1979 4203 2076 4259 In-

488 4298 622 4343 trate
646 4302 825 4360 portas
854 4292 968 4362 ejus
995 4292 1049 4347 in
1077 4292 1420 4362 confessione,
1450 4294 1589 4349 atria
1623 4295 1740 4366 ejus
1777 4297 1834 4350 in
1872 4297 2078 4367 hymnis

488 4380 895 4449 confessionum.
909 4382 1146 4437 Laudate
1166 4400 1352 4438 nomen
1372 4386 1507 4454 ejus,
1531 4388 1780 4455 quoniam
1805 4389 1982 4442 suavis
2002 4397 2077 4441 est

487 4469 773 4534 Dominus,
809 4470 865 4525 in
898 4480 1149 4525 teternum
1181 4472 1543 4527 misericordia
1572 4474 1711 4543 ejus,
1742 4483 1791 4529 ct
1822 4491 1986 4547 usque
2021 4477 2078 4530 in

2180 3311 2386 3367 quoque
2418 3294 2563 3363 ﬁlius
2601 3293 2790 3350 Zechri
2833 3309 2852 3346 :
2887 3296 2977 3350 sed
3025 3306 3075 3350 et
3118 3297 3284 3367 hujus
3319 3297 3460 3367 filius
3500 3290 3701 3348 Sele-tith-

2182 3384 2305 3455 Ipse
2337 3384 2589 3441 Selemith
2625 3395 2674 3440 et
2703 3386 2894 3456 fratres
2924 3387 3039 3457 ejus
3068 3404 3225 3457 super
3259 3390 3528 3441 thesauros
3550 3392 3703 3437 sancto-

2182 3493 2300 3532 rum
2319 3515 2334 3543 ,
2363 3493 2482 3549 qua:
2511 3476 2857 3545 sancti/icavit
2882 3476 3056 3531 David
3084 3492 3210 3545 rex,
3250 3486 3305 3532 et
3329 3476 3569 3548 principes
3591 3470 3703 3541 fami-

2181 3566 2398 3636 liarum,
2422 3578 2472 3622 et
2491 3567 2708 3633 tribuni,
2735 3576 2784 3623 et
2801 3568 3154 3633 centuriones,
3182 3576 3230 3623 et
3251 3569 3413 3623 duces
3431 3559 3705 3621 exercitatis

2183 3659 2329 3715 bellis
2361 3668 2411 3715 et
2445 3659 2710 3715 manubiis
2734 3659 3058 3730 prwliorum,
3094 3676 3213 3731 qua:
3251 3648 3705 3716 consecraverant“

2181 3750 2619 3805 instaurationem
2652 3758 2702 3805 et
2745 3749 3115 3821 supellectilem
3143 3750 3327 3822 templi
3363 3747 3578 3805 Domini.
3614 3740 3704 3795 Hac

2182 3849 2359 3896 autem
2385 3842 2629 3896 universa
2668 3840 3017 3909 sanctiﬁcavit
3054 3839 3276 3896 Samuel
3318 3840 3514 3902 videns,
3549 3843 3591 3890 et
3614 3826 3703 3886 Sall

2180 3930 2326 3999 ﬁlius
2352 3931 2460 3996 Cis,
2489 3940 2538 3985 et
2564 3931 2742 3986 Abnes
2760 3930 2903 3999 ﬁlius
2927 3930 3065 3997 Nez,
3086 3931 3224 3987 Ιοαὸ
3247 3932 3394 4003 ﬁlius
3419 3929 3610 3992 Sarvia,
3625 3930 3700 3976 οων

2181 4019 2296 4076 Hac
2322 4020 2592 4075 sententia
2633 4021 2874 4077 ostendit
2905 4024 3128 4078 donaria
3155 4024 3460 4095 principum
3485 4021 3703 4076 thesauros

2179 4127 2301 4170 esse
2330 4122 2662 4171 sanctorum.
2686 4114 2817 4183 Qum
2834 4117 2980 4172 enim
3010 4118 3255 4188 praedicti
3286 4133 3439 4192 reges
3466 4116 3564 4171 sive
3585 4110 3702 4165 duces

2181 4212 2248 4268 de
2273 4212 2546 4267 manubiis
2594 4211 2833 4267 hostium
2881 4211 3057 4268 ablata
3089 4212 3422 4277 offerebant,
3451 4211 3500 4265 in
3527 4199 3699 4272 supelle'

2179 4305 2363 4360 ctilem
2397 4305 2579 4377 templi
2608 4305 2823 4361 Domini
2852 4306 3187 4377 redigebant,
3213 4307 3319 4361 hoc
3350 4300 3557 4374 mystice
3574 4290 3698 4363 signi-

2180 4398 2394 4454 ﬁcando
2415 4399 2560 4464 quod
2582 4400 2895 4466 quicunque
2924 4396 3062 4451 bene
3086 4396 3344 4453 laborans
3370 4390 3555 4465 aliquid
3575 4387 3698 4442 virtu-

2180 4486 2253 4541 tis
2283 4487 2549 4543 bonorum
2568 4500 2794 4558 Operum
2824 4487 3159 4556 acquisierit,
3184 4486 3280 4543 Dei
3305 4489 3407 4545 hoc
3424 4482 3603 4558 gratim,
3622 4486 3695 4529 non

486 4561 737 4617 srvculum
777 4563 958 4617 stvculi
997 4564 1185 4617 veritas
1225 4564 1340 4634 ejus
1385 4563 1558 4636 (Psal.
1599 4568 1766 4641 XCIX).
1801 4568 1910 4624 Nec
1948 4570 2078 4626 illud
2104 4583 2157 4644 Ῑ)
2183 4578 2297 4633 suis
2325 4579 2535 4634 meritis
2564 4578 2826 4649 deputare
2847 4579 3042 4646 debet,
3073 4587 3234 4649 atque
3260 4579 3331 4634 ad
3358 4574 3552 4632 laudem
3577 4563 3698 4637 ipsi”

486 4653 652 4707 etiam
681 4652 801 4707 sine
832 4653 1092 4725 mysterio
1116 4662 1233 4719 est,
1272 4656 1414 4725 quod
1453 4656 1601 4726 ipsos
1645 4657 1910 4727 janitores
1945 4660 2078 4716 dicit

487 4746 644 4801 binos
679 4760 800 4802 esse
836 4746 893 4801 in
930 4745 1138 4802 cellulis
1162 4754 1353 4819 satque
1397 4750 1451 4804 in
1504 4750 1626 4817 via;
1673 4753 1767 4807 sed
1806 4753 2077 4825 signiﬁcat

488 4835 715 4891 aedituos
745 4835 980 4902 Domini,
1011 4836 1126 4892 sive
1152 4837 1209 4893 in
1236 4839 1441 4894 cellulis
1470 4842 1603 4908 sint,
1630 4842 1734 4898 hoc
1760 4853 1862 4910 est,
1897 4845 1950 4899 in
1983 4862 2072 4902 se-

490 4926 773 4998 metipsius
813 4926 1040 4982 interius
1081 4943 1268 4985 curam
1306 4941 1529 5001 gerant,
1573 4934 1687 4990 sive
1727 4935 1781 4990 in
1817 4937 1936 5004 via,
1971 4940 2076 4996 hoc

490 5026 596 5082 cst,
624 5024 686 5071 ut
711 5017 833 5072 aliis
855 5018 1091 5073 exterius
1118 5021 1339 5076 verbum
1370 5022 1462 5077 Dci
1500 5024 1824 5093 praedicent,
1862 5043 2075 5099 semper

491 5107 597 5161 duo
634 5115 902 5177 praecepta
934 5108 1211 5167 charitatis
1247 5114 1542 5167 secundum
1583 5116 1827 5186 regulam
1862 5119 2075 5177 divino-

490 5214 613 5253 rum
644 5205 1090 5257 testamentorum
1121 5206 1346 5258 omuino
1375 5221 1595 5260 servare
1626 5209 1843 5265 debere.

564 5286 735 5344 Porro
763 5290 953 5347 Achias
982 5304 1094 5348 erat
1130 5311 1287 5364 super
1315 5295 1586 5351 thesauros
1627 5299 1815 5355 domus
1842 5302 2076 5372 Domini,

494 5390 541 5433 et
588 5398 713 5436 vasa
756 5396 1075 5439 sanctorum.
1123 5384 1256 5451 Quis
1302 5394 1388 5441 est
1429 5387 1563 5455 iste,
1607 5391 1698 5459 qui
1748 5396 2080 5464 pmponitur

493 5470 767 5531 thesauris
793 5476 984 5532 domus
1011 5476 1260 5541 Domini,
1294 5478 1398 5533 nisi
1429 5479 1759 5551 Redemptor
1786 5494 1988 5554 noster,
2022 5488 2076 5544 in

489 5569 647 5638 cujus
673 5580 937 5639 potestate
962 5579 1087 5627 sunt
1120 5572 1299 5625 omnia
1327 5573 1469 5627 dona
1491 5575 1749 5632 virtutum
1772 5592 1836 5633 ac
1858 5581 2074 5650 sapien-

491 5662 609 5730 tiae,
642 5678 762 5732 quae
788 5671 973 5717 saneta
1010 5663 1173 5717 habet
1209 5663 1468 5720 Ecclesia.
1501 5666 1893 5738 Interpretatur
1930 5674 2074 5728 enim

492 5752 721 5819 Acbias,
764 5752 930 5822 frater
970 5766 1135 5806 meus.
1181 5752 1258 5809 De
1295 5770 1401 5823 quo
1440 5755 1636 5814 Paulus
1681 5761 1759 5815 ait
1799 5783 1809 5816 :
1859 5761 2074 5819 Gratias

2184 4677 2381 4725 cuneta
2414 4668 2729 4737 transferre,
2760 4669 2990 4725 dicendo
3023 4684 3147 4725 cum
3175 4670 3477 4741 Propheta:
3505 4660 3610 4718 Non
3627 4668 3694 4707 πο·

2182 4759 2259 4815 bis
2278 4800 2293 4823 ,
2322 4759 2579 4828 Domine,
2608 4776 2714 4816 non
2747 4760 2924 4828 nobis,
2952 4760 3042 4816 sed
3077 4762 3278 4817 nomini
3312 4770 3402 4816 tuo
3434 4757 3498 4812 da
3527 4746 3695 4824 ςιονίακ

2183 4849 2357 4923 (Psal.
2384 4850 2560 4922 exul).

2251 4941 2478 4997 Jaaritis
2520 4920 2640 4998 vero
2682 4954 2908 5015 praeerat
2955 4944 3253 5001 Chonenias
3294 4953 3343 5001 et
3383 4940 3478 5012 ﬁlii
3519 4935 3611 5005 ei“

2182 5051 2339 5105 opera
2371 5034 2663 5104 forinsecus
2684 5014 2845 5107 super
2877 5037 3083 5103 Israel,
3121 5038 3191 5091 ad
3220 5033 3499 5090 docendum
3525 5014 3689 5107 “lui:

2180 5102 2408 5179 cundum
2441 5142 2547 5181 eos.
2589 5126 2693 5193 Qui
2721 5102 2846 5183 sunt
2871 5128 2949 5179 illi
2979 5102 3245 5195 operarii,
3275 5124 3364 5196 qui
3400 5131 3547 5192 opera
3570 5102 3687 5207 Ῑξηξδ

2180 5218 2482 5272 forinsecus
2506 5224 2819 5287 operantur,
2853 5216 2956 5272 nisi
2985 5217 3060 5272 illi
3092 5219 3185 5289 qui
3217 5219 3272 5273 in
3300 5224 3475 5274 sancta
3505 5202 3685 5265 Ecclesia

2176 5323 2276 5377 per
2299 5307 2700 5378 simplicitatem
2731 5307 2928 5361 mentis
2965 5308 3254 5364 humilitati
3289 5300 3576 5364 obedientia:
3593 5302 3684 5361 ορε-

2182 5414 2299 5453 ram
2327 5400 2457 5454 dant
2483 5407 2629 5453 utea
2661 5413 2782 5468 qua:
2809 5398 2913 5453 sibi
2937 5414 2969 5452 a
2999 5400 3275 5470 magistris
3300 5399 3599 5468 imperantur

2181 5496 2304 5546 vota
2336 5498 2518 5545 mente
2548 5504 2612 5545 ac
2639 5464 2860 5544 strenua
2880 5464 3141 5558 perﬁcere
3166 5464 3411 5547 audeant
3427 5483 3619 5540 actione.
3640 5464 3682 5520 Hi

2182 5583 2309 5638 licet
2332 5582 2508 5637 idonei
2541 5596 2649 5635 non
2681 5581 2788 5637 sint
2812 5581 2994 5651 lingua
3017 5583 3153 5637 alios
3177 5576 3568 5646 docere,'tamen
3586 5574 3680 5633 099'

2180 5674 2330 5729 ribus
2368 5673 2671 5729 doctrinam
2707 5672 2971 5728 virtutum
3010 5674 3269 5744 proximis
3299 5668 3572 5729 ostendunt.
3602 5652 3679 5750 Ηίξ⁴

2182 5781 2299 5821 rum
2321 5772 2503 5835 typum
2526 5763 2849 5835 prmferebat
2868 5763 3035 5821 Jacob
3057 5766 3376 5836 patriarcha,
3400 5761 3460 5817 de
3474 5768 3562 5827 quo
3585 5757 3681 5802 δεῖν
