3920 6500
225 510 323 564 601

1143 501 1496 560 COMMENT.
1535 499 1606 556 IN
1641 496 2193 556 PARALIPOMENA.
2233 526 2304 538 --
2340 497 2468 554 LIB.
2501 497 2564 552 II.

3362 501 3469 558 402

228 627 375 689 ptum
401 625 505 683 est,
531 615 677 686 quod
705 614 790 670 vir
811 614 1035 685 simplex
1055 612 1328 670 habitaret
1354 614 1411 669 in
1431 611 1793 669 tabernaculis
1819 617 1874 678 Α
1896 611 2055 678 bona,
2084 626 2205 680 quae
2243 611 2404 678 valet,
2440 626 2600 682 agere
2645 613 2842 680 studet,
2891 613 2980 669 ille
3026 613 3206 669 timori
3253 613 3468 673 Domini

229 708 378 780 (Gen.
408 707 558 779 xxv).
594 706 707 762 Hoc
735 716 790 762 et
812 705 1108 762 Nathanael
1130 706 1509 777 prmﬁgurabat
1533 708 1587 759 in
1616 706 1793 760 Evan-

227 801 395 872 gelio;
421 800 508 854 cui
545 799 661 869 ipse
690 797 939 854 Salvator
968 799 1334 853 testimonium
1373 798 1678 868 perhibuit,
1718 797 1798 852 di-

225 908 351 948 cens
375 911 406 959 ,ε
439 891 576 947 Ecce
600 892 678 946 vir
699 890 965 960 Israelita,
995 894 1050 950 in
1077 909 1178 964 quo
1206 891 1358 947 dolus
1385 910 1490 947 non
1516 902 1592 946 est
1614 891 1793 950 (Joan.

224 981 285 1053 ι).
327 983 547 1039 Talibus
588 1000 716 1056 ergo
752 986 1014 1056 operariis
1049 994 1281 1057 praeerat
1321 985 1655 1054 Chonenias,
1705 983 1798 1056 qui

224 1073 611 1144 interpretatur
649 1077 870 1131 cerarius
910 1092 1087 1142 meus,
1131 1076 1244 1131 sive
1289 1075 1444 1129 nidus
1483 1091 1659 1142 meus,
1705 1082 1799 1130 aut

219 1167 506 1233 possessio,
535 1167 661 1236 quia
703 1167 794 1223 ille
839 1168 930 1238 qui
973 1167 1262 1223 humilitati
1305 1175 1360 1223 et
1401 1165 1797 1223 mansuetudini

221 1259 488 1328 prmcipue
526 1261 738 1329 studet,
775 1259 988 1316 Domini
1025 1261 1267 1315 imitator
1303 1261 1480 1316 factus
1505 1269 1618 1327 est,
1657 1261 1798 1316 bona

221 1349 466 1418 exempla
494 1349 614 1404 aliis
640 1348 942 1406 forinsecus
969 1352 1236 1420 przebens,
1267 1351 1383 1421 ipse
1417 1359 1561 1406 intus
1591 1351 1648 1406 in
1675 1350 1794 1406 ani-

220 1453 306 1492 ma
340 1439 502 1494 nidus
530 1448 586 1494 et
624 1441 893 1511 possessio
928 1441 1024 1495 Dei
1058 1441 1308 1497 edicitur.
1344 1441 1499 1498 Unde
1539 1440 1796 1496 Dominus
1859 1483 1862 1485 ›

220 1544 312 1598 per
340 1530 670 1601 Prophetam
697 1531 772 1586 ait
813 1550 826 1585 :
866 1530 1039 1602 Super
1065 1548 1217 1603 quem
1250 1533 1528 1602 requiescet
1566 1531 1795 1602 Spiritus

217 1637 394 1688 meus,
427 1624 527 1678 nisi
566 1639 722 1694 super
748 1624 996 1679 humilem
1033 1635 1081 1678 et
1119 1627 1380 1697 quietum,
1412 1636 1462 1679 et
1498 1634 1795 1679 trementent

215 1727 476 1766 sermones
517 1731 657 1768 meos
698 1712 843 1783 (Isa.
876 1731 997 1769 1.3m
1018 1714 1075 1784 )?
1111 1714 1247 1771 Hinc
1271 1724 1326 1771 et
1355 1715 1471 1785 ipsa
1500 1716 1712 1771 Veritas
1741 1715 1795 1770 in

214 1799 506 1870 Evangelio
530 1803 806 1872 discipulis
832 1804 908 1857 ait
931 1821 943 1858 :
967 1803 1164 1859 Discite
1189 1821 1221 1858 a
1247 1822 1346 1871 me,
1366 1806 1491 1876 quia
1516 1805 1653 1860 mitis
1679 1821 1794 1859 sum

213 1898 258 1942 et
280 1891 496 1946 humilis
524 1893 678 1947 corde
697 1934 712 1960 ,
743 1901 792 1948 et
827 1893 1099 1949 invenietis
1136 1895 1363 1966 requiem
1394 1876 1668 1950 animabus
1703 1911 1792 1951 ve-

211 1982 330 2037 stris
368 1982 599 2053 (Matth.
631 1985 742 2055 χι).

278 2071 508 2126 Asabias
536 2082 584 2128 et
615 2074 806 2144 fratres
828 2077 963 2147 ejus,
991 2078 1088 2132 viri
1111 2077 1408 2149 fortissimi,
1435 2079 1578 2136 mille
1602 2082 1794 2152 septin-

210 2162 364 2232 genti,
407 2173 666 2232 prteerant
697 2165 890 2222 Israeli
921 2177 1068 2223 trans
1094 2167 1385 2226 Iordanem
1416 2181 1598 2226 contra
1639 2171 1793 2228 Occi-

211 2251 418 2306 dentem
442 2251 497 2305 in
535 2255 736 2310 cunctis
781 2256 1020 2327 operibus
1059 2258 1292 2326 Domini,
1339 2269 1387 2316 et
1414 2261 1470 2316 in
1509 2262 1794 2318 ministerio

210 2346 363 2414 regis.
397 2345 668 2413 lsraelitse,
718 2349 810 2420 qui
856 2359 1006 2408 trans
1049 2351 1339 2410 Jordanem
1392 2359 1795 2426 possessionem
1871 2389 1874 2391 -

208 2445 559 2504 acceperunt,
589 2438 691 2494 hoc
721 2439 775 2494 in
818 2440 936 2496 loco
972 2453 1200 2513 possunt
1231 2445 1535 2517 signiﬁcare
1559 2463 1672 2515 eos,
1702 2450 1796 2519 qui

207 2525 580 2582 mediocritate
605 2544 704 2583 sua
741 2533 1002 2599 contenti,
1034 2549 1303 2590 summam
1331 2537 1571 2595 scientiae
1591 2555 1656 2596 ac
1684 2541 1795 2595 vir-

209 2621 385 2669 tutum
436 2617 824 2687 profectionem
873 2624 942 2679 ob
985 2626 1370 2682 turbulentiam
1408 2629 1564 2686 istius
1608 2631 1794 2687 saeculi

210 2715 391 2761 mente
447 2712 874 2770 transcendendo
927 2725 1182 2786 appetere
1237 2720 1441 2786 nolunt,
1498 2737 1562 2777 ea
1614 2732 1794 2780 tamen

209 2799 464 2853 mandata
495 2815 614 2870 qua:
647 2804 827 2859 sciunt
868 2805 1007 2861 bona
1053 2811 1368 2879 operatione
1400 2827 1656 2869 exercere
1687 2831 1795 2871 non

209 2887 506 2975 negligunt.
536 2890 682 2959 Quos
706 2891 795 2950 ille
823 2895 1000 2951 scriba
1025 2897 1313 2968 signiﬁcat,
1343 2903 1435 2972 qui
1470 2903 1524 2957 in
1551 2903 1797 2975 Evange-

209 2973 282 3030 lio
331 2978 619 3036 Dominum
653 2983 1026 3056 interrogavit,
1074 2988 1259 3044 dicens
1290 3008 1302 3046 :
1335 2991 1599 3062 Magister
1643 2973 1792 3062 bone,

208 3068 334 3137 quid
367 3070 573 3127 faciam'
605 3073 746 3142 boni,
785 3088 840 3130 ut
889 3078 1108 3134 habeam
1155 3084 1315 3137 vitam
1359 3087 1647 3140 wternam?
1692 3086 1796 3154 Qui

209 3157 343 3212 dixit
377 3162 466 3215 ei:
491 3161 630 3228 Quid
660 3181 740 3220 me
781 3168 1075 3240 interrogas
1105 3172 1169 3226 de
1197 3171 1376 3227 bono?
1421 3171 1568 3229 Unus
1594 3185 1669 3231 est
1701 3177 1795 3231 bo-

209 3264 308 3303 nus
334 3249 497 3306 Deus.
553 3251 613 3308 Si
641 3264 818 3310 autem
869 3259 943 3312 vis
992 3260 1154 3313 vitam
1190 3262 1412 3332 ingredi,
1452 3280 1598 3319 serva
1644 3282 1796 3319 man—

209 3338 359 3392 data.
395 3342 533 3396 Dicit
568 3343 698 3399 illi:
734 3344 904 3411 Quae?
927 3347 1087 3405 Jesus
1116 3361 1288 3406 autem
1330 3354 1463 3407 dixit
1485 3373 1504 3411 :
1551 3352 1674 3412 Non
1701 3357 1794 3412 ho—

207 3429 485 3486 micidium
530 3433 722 3503 facies,
777 3456 882 3494 non
937 3441 1292 3511 adulterabis,
1340 3463 1444 3502 non
1486 3447 1646 3518 facies
1681 3449 1794 3519 fur-

208 3529 352 3588 tum,
408 3540 510 3579 non
563 3526 758 3596 falsum
816 3533 1168 3589 testimonium
1229 3537 1399 3604 dices,
1445 3539 1644 3594 honora
1695 3558 1793 3611 pa-

207 3623 339 3668 trem
369 3624 419 3668 et
461 3628 713 3687 matrem,
746 3630 794 3675 et
822 3622 1006 3694 diliges
1051 3628 1348 3695 proximum
1395 3637 1543 3683 tuum
1586 3631 1720 3686 sicut
1746 3641 1796 3687 te

207 3702 398 3775 ipsum.
451 3707 584 3763 Dicit
626 3711 707 3764 illi
739 3715 1038 3770 adolescens
1062 3735 1080 3772 :
1121 3718 1313 3774 Omnia
1353 3721 1464 3776 hwc
1507 3723 1794 3790 custodiri;

210 3795 336 3864 quid
359 3797 532 3852 adhuc
554 3801 679 3856 mihi
707 3801 887 3858 deest?
921 3805 1008 3860 Ait
1029 3806 1108 3862 illi
1133 3809 1290 3865 Iesus
1313 3827 1332 3865 :
1356 3810 1417 3868 Si
1438 3829 1513 3866 vis
1536 3813 1794 3883 perfectus

213 3901 342 3951 esse,
367 3887 516 3954 vade,
537 3891 694 3945 vende
727 3909 846 3962 qua:
873 3895 1053 3963 habes,
1083 3908 1132 3953 et
1160 3900 1230 3954 da
1259 3903 1600 3972 pauperibus,
1630 3914 1680 3959 et
1699 3906 1796 3960 ha-

215 3975 352 4032 bebis
385 3978 689 4036 thesaurum
720 3983 776 4038 in
817 3984 944 4039 caelo
965 4024 982 4053 ,
1013 3996 1062 4041 et
1093 3991 1208 4044 veni
1234 4029 1250 4057 ,
1279 4008 1490 4063 sequere
1519 4011 1620 4049 me.
1663 3993 1796 4049 Cum

215 4068 445 4126 audisset
472 4081 648 4127 autem
677 4073 978 4132 adolescens
1011 4079 1243 4148 verbum,
1288 4082 1416 4137 abiit
1448 4082 1635 4140 tristis.
1660 4085 1796 4141 Erat

214 4159 348 4214 enim
372 4161 570 4217 habens
607 4164 800 4220 multas
839 4169 1188 4237 possessiones
1228 4171 1442 4244 (Matth.
1471 4176 1620 4248 xix);
1652 4177 1798 4233 aliud

215 4260 296 4309 est
315 4255 464 4310 enim
485 4259 756 4314 exteriora
786 4261 1045 4317 mandata
1069 4277 1291 4320 servare
1313 4266 1548 4334 actione,
1579 4276 1634 4324 et
1653 4268 1799 4325 aliud

216 4358 319 4416 est,
347 4349 566 4406 omissis
611 4356 968 4412 exterioribus
1011 4360 1194 4426 rebus,
1238 4367 1407 4416 totam
1453 4376 1514 4416 se
1540 4361 1688 4416 intus
1731 4363 1800 4418 ad

218 4440 456 4497 divinam
504 4445 709 4500 reterre
749 4446 1282 4517 contemplationem.
1313 4452 1421 4504 Sed
1465 4454 1593 4520 quia
1639 4468 1800 4505 nemo

218 4531 329 4602 ipsa
358 4535 633 4590 exteriora
653 4535 795 4591 bona
824 4552 989 4608 opera
1019 4539 1183 4606 valet,
1233 4539 1338 4596 nisi
1369 4540 1464 4595 Dei
1486 4539 1648 4606 dono,
1678 4541 1801 4598 ideo

219 4621 413 4677 dicitur
445 4623 566 4680 istis
597 4628 918 4697 praepositus
945 4643 1066 4685 esse
1107 4629 1356 4686 Asabias.
1409 4629 1801 4702 Interpretatur

1897 705 2172 760 cohaerens
2196 706 2263 759 ab
2286 720 2351 759 eo
2381 706 2602 776 regitur.
2653 706 2752 773 Qui
2784 708 2948 762 etiam
2993 707 3207 764 Hebron
3247 723 3344 765 sua
3387 711 3472 765 in-

1897 801 2281 870 terpretatione
2302 816 2406 855 non
2429 801 2866 856 inconvenienter
2892 803 3164 873 exprimit.
3196 804 3471 876 Interpre-

1895 897 2043 946 tatur
2060 891 2207 946 enim
2235 891 2553 961 conjugium.
2597 891 2668 945 At
2693 891 2834 947 idem
2864 892 2912 947 si
2946 893 3001 947 in
3029 894 3222 957 timore
3254 895 3471 950 Domini

1896 981 2354 1052 perseveraverit,
2406 988 2461 1036 et
2502 982 2847 1052 semetipsum
2887 998 3100 1054 semper
3138 984 3472 1041 meliorando

1895 1075 2158 1144 proﬁcere
2187 1076 2497 1140 certaverit,
2564 1075 2805 1146 profecto
2831 1091 2862 1131 a
2893 1078 3085 1134 timore
3128 1078 3194 1133 ad
3228 1093 3470 1134 amorem
3519 1095 3524 1100 ’

1894 1165 2194 1236 perveniet,
2229 1165 2375 1220 illum
2402 1165 2675 1228 videlicet,
2707 1168 2796 1236 qui
2822 1168 3079 1238 perfectus
3119 1169 3262 1238 foras
3315 1169 3472 1222 mittit

1895 1255 2223 1326 timorem(I
2250 1256 2540 1328 Joan.1v);
2587 1264 2642 1312 et
2681 1257 2922 1327 non‘jam
2965 1271 3174 1326 servus,
3207 1257 3300 1313 sed
3330 1257 3471 1311 ﬁlius

1895 1357 2256 1414 nuncupatur.
2287 1346 2440 1413 Quod
2469 1355 2650 1403 autem
2679 1347 3022 1418 subjungitur
3048 1366 3063 1402 :

1966 1436 2376 1507 Quadragesimo
2403 1455 2540 1492 anno
2588 1439 2731 1509 regni
2777 1439 2946 1493 David
2994 1439 3233 1494 recensiti
3274 1448 3394 1494 sunt
3423 1449 3472 1494 et

1894 1527 2088 1581 inventi
2121 1528 2218 1581 viri
2261 1529 2532 1597 fortissimi
2579 1531 2633 1583 in
2681 1530 2842 1584 Jazer
2893 1528 3130 1595 Galaad,
3185 1529 3474 1599 fratresque

1894 1619 2008 1686 ejus
2034 1619 2338 1674 robustioris
2366 1622 2532 1675 (etatis
2557 1621 2744 1688 2,700,
2771 1622 3024 1692 principes
3049 1621 3391 1690 familiarum,
3417 1630 3473 1675 et

1895 1717 2111 1777 caetera,
2140 1710 2404 1773 ostendit,
2436 1711 2577 1778 quod
2607 1711 2662 1764 in
2690 1712 2986 1767 novissimo
3016 1727 3158 1766 anno
3186 1711 3337 1782 regni
3368 1710 3474 1766 Da-

1894 1798 1984 1854 vid
2013 1799 2116 1855 ista
2169 1799 2470 1855 numeratio
2500 1799 2641 1856 facta
2681 1810 2784 1868 est,
2833 1801 3047 1871 quando
3096 1811 3220 1856 ante
3262 1801 3471 1856 obitum

1895 1905 2054 1945 suum
2103 1890 2355 1945 universa
2384 1889 2683 1956 ordinavit,
2733 1899 2790 1946 et
2825 1891 3068 1961 singulos
3094 1891 3248 1963 juxta
3294 1889 3468 1945 ollicia

1820 1978 1867 2038 B
1893 1998 1989 2038 sua
2012 1982 2291 2052 disposuit,
2327 1980 2708 2054 Salomonique
2746 1982 2856 2038 ﬁlio
2881 1999 2977 2038 suo
3001 1985 3204 2050 omnia,
3230 1980 3362 2052 quae
3387 1982 3471 2036 fa-

1892 2075 2080 2131 cienda
2110 2082 2264 2131 erant
2288 2075 2620 2145 designando
2650 2075 2992 2139 monstravit,
3021 2081 3182 2143 atque
3206 2074 3344 2128 ritus
3369 2073 3471 2127 im-

1891 2164 2028 2235 perii
2078 2165 2346 2235 quomodo
2399 2164 2660 2220 tenendus
2710 2172 2884 2231 esset,
2939 2163 3335 2220 rationabiliter
3379 2177 3474 2218 ex-

1894 2255 2093 2324 posuit.

2445 2345 2673 2404 CAPUT
2707 2345 2921 2402 XXVII.

1893 2437 1974 2493 De
1992 2438 2213 2510 diversis
2248 2437 2567 2510 principibus
2602 2439 2690 2510 qui
2725 2447 2989 2510 privarant
3029 2434 3288 2491 Israelitis
3310 2436 3474 2510 juxta

1966 2509 2353 2586 d‘iqusitionem
2378 2507 2569 2586 David.
2609 2507 2686 2562 De
2709 2509 2794 2586 his
2821 2509 2916 2586 qui
2936 2516 3198 2586 paverunt
3237 2507 3474 2586 substanf

1966 2577 2053 2633 tia!
2083 2578 2270 2644 David,
2302 2579 2399 2632 hoc
2425 2587 2522 2645 est,
2550 2580 2606 2633 in
2633 2577 2871 2641 urbibus,
2900 2577 2954 2630 in
2987 2577 3148 2642 villis,
3177 2577 3230 2629 in
3261 2577 3408 2645 agris
3425 2583 3473 2645 et

1965 2649 2126 2704 vineis
2148 2658 2196 2702 et
2223 2648 2420 2720 olivetis
2442 2659 2491 2703 et
2510 2643 2814 2720 pecudibus.
2839 2648 2915 2720 De
2942 2645 3258 2702 consiliariis
3278 2643 3471 2712 David,

1965 2730 2013 2774 et
2043 2719 2124 2774 his
2145 2720 2234 2789 qui
2260 2718 2614 2789 fueruntcum
2645 2719 2770 2788 ﬁliis
2800 2718 2954 2788 regis.

1965 2808 2096 2863 Filii
2121 2801 2295 2863 autem
2326 2808 2496 2864 Israel
2522 2810 2807 2864 secundum
2833 2824 3105 2862 numerum
3130 2823 3306 2873 suum,
3336 2821 3476 2878 prm—

1896 2902 2399 2972 cipesfamiliarum,
2429 2902 2658 2966 tribuni,
2684 2911 2730 2954 et
2758 2901 3102 2964 centuriones,
3145 2908 3194 2953 et
3218 2895 3473 2970 praefecti,

1894 2996 1984 3064 qui
2006 2993 2370 3048 ministrabant
2405 2993 2512 3062 regi
2524 2993 2684 3062 juxta
2721 3001 2922 3046 turmas
2951 3007 3096 3056 suas,
3127 2988 3477 3059 ingredientes

1896 3093 1941 3139 et
1986 3085 2298 3155 egredientes
2331 3101 2424 3154 per
2461 3083 2694 3154 singulos
2737 3099 2942 3138 menses
2985 3084 3039 3136 in
3091 3097 3229 3136 anno
3275 3079 3479 3145 24,000

1896 3187 2153 3247 praterant
2189 3176 2403 3248 singuli,
2454 3187 2508 3231 et
2554 3187 2766 3232 caetera.
2811 3176 2888 3231 De
2943 3176 3044 3230 hoc
3091 3173 3357 3243 Josephus
3404 3173 3479 3226 ita

1901 3275 2109 3334 narrat,
2160 3269 2345 3324 dicens
2379 3286 2392 3321 :
2430 3287 2449 3320 (
2483 3269 2729 3324 Posthac
2760 3275 2941 3322 alitem
2972 3267 3156 3321 divisit
3181 3265 3480 3320 exercitum

1898 3359 1950 3412 in
1980 3358 2229 3413 cohortes
2259 3357 2539 3414 duodecim
2569 3374 2691 3413 cum
2730 3357 2954 3413 ducibus
2997 3357 3110 3412 suis
3139 3364 3193 3410 et
3224 3364 3479 3410 centena-

1898 3443 1994 3496 riis
2019 3451 2074 3498 et
2115 3444 2364 3498 tribunis.
2403 3443 2646 3499 Habebat
2691 3451 2872 3499 autem
2910 3455 3246 3512 unaqumque
3285 3440 3479 3494 cohors

1897 3532 2098 3599 24,000
2127 3535 2388 3599 virorum,
2437 3549 2572 3604 quos
2603 3534 2893 3589 observare
2921 3532 3176 3604 prircepit
3201 3544 3299 3602 per
3327 3529 3481 3582 triw

1897 3640 1996 3680 nos
2023 3625 2140 3681 dies
2174 3642 2204 3680 a
2252 3627 2426 3697 prima
2457 3626 2590 3681 hora
2617 3641 2788 3695 usque
2836 3626 2903 3680 ad
2946 3622 3293 3678 novissimam
3327 3618 3481 3674 Salo-

1897 3732 2114 3772 monem
2137 3732 2341 3788 regem,
2379 3733 2500 3773 cum
2530 3717 2848 3772 millenariis
2879 3724 2933 3770 et
2963 3713 3310 3770 centenariis.
3341 3710 3481 3765 Con-

1899 3807 2072 3862 stituit
2099 3815 2280 3862 autem
2309 3808 2363 3862 in
2395 3807 2537 3862 diem
2564 3807 2994 3877 uniuscujusque
3011 3803 3272 3867 cohortis,
3316 3815 3478 3870 quem

1896 3898 2099 3954 bonum
2137 3898 2399 3968 judicavit
2438 3906 2492 3954 et
2514 3896 2743 3966 justum,
2783 3907 2837 3951 et
2867 3904 3075 3951 tutores
3105 3895 3482 3949 thesaurorum

1899 3999 1955 4043 et
1983 3990 2227 4045 vicorum
2266 3999 2322 4044 et
2349 4005 2604 4060 agrorum
2635 3988 2790 4053 alios,
2822 4002 2885 4042 ac
2907 3987 3296 4056 jumentorum.
3329 4001 3348 4032 ι
3382 3983 3484 4035 De-

1900 4081 2085 4137 narius
2111 4096 2242 4151 ergo
2269 4097 2528 4136 numerus
2553 4079 2906 4150 apostolicum
2933 4077 3181 4132 ordinem
3206 4075 3482 4144 aptissime

1899 4175 2164 4246 designat,
2188 4189 2323 4244 quos
2353 4173 2602 4230 Christus
2625 4171 2743 4227 Lua:
2763 4188 2905 4238 vera,
2921 4186 3040 4242 qua:
3065 4168 3328 4223 illuminat
3363 4184 3480 4221 ont-

1901 4284 2016 4322 nem
2046 4267 2304 4321 hominem
2343 4267 2626 4322 venientem
2664 4265 2721 4318 in
2755 4265 2892 4319 hunc
2921 4262 3175 4317 mundum
3204 4260 3384 4333 (Joan.
3416 4260 3480 4330 ι),

1901 4361 2184 4416 duodecim
2218 4361 2370 4415 horis
2397 4358 2504 4414 diei
2527 4358 2580 4411 in
2607 4355 2900 4426 Evangelio
2933 4353 3269 4423 comparavit
3297 4350 3478 4422 (Joan.

1899 4451 2012 4518 χι),
2045 4460 2100 4504 et
2134 4451 2308 4504 lucem
2336 4449 2496 4516 hujus
2538 4447 2720 4500 mundi
2751 4459 3065 4513 nuncupans
3116 4443 3134 4513 (
3163 4442 3351 4495 Matth.
3391 4440 3482 4512 v),

1903 4539 2084 4594 lumen
2130 4539 2254 4593 ﬁdei
2294 4538 2348 4591 in
2372 4545 2545 4592 totum
2581 4537 2769 4592 orbem
2799 4549 3055 4606 spargere
3084 4533 3363 4604 praecepit,
3402 4534 3484 4589 di-

1905 4642 2034 4682 cens
2059 4645 2072 4679 :
2106 4626 2301 4681 Euntes
2323 4627 2500 4680 docete
2526 4642 2703 4681 omnes
2727 4635 2924 4698 gentes,
2956 4624 3278 4696 baptizantes
3305 4639 3392 4678 eos
3425 4623 3482 4678 in

219 4711 361 4766 enim
385 4712 640 4782 Asabias,
675 4695 890 4785 facienti
931 4719 1178 4775 Domino.
1221 4721 1288 4776 lli
1326 4731 1476 4779 recte
1511 4695 1633 4779 cum
1669 4723 1800 4779 Pro-
1823 4695 1878 4755 1)
1905 4723 2112 4776 nomine
2146 4719 2326 4776 Patris
2370 4729 2417 4775 et
2460 4719 2592 4775 Filii
2639 4729 2686 4775 et
2725 4695 2952 4790 Spiritus
2995 4695 3188 4785 sancti,
3238 4717 3481 4772 docentes

220 4802 377 4872 pheta
417 4804 650 4862 Domino
697 4807 878 4865 dicere
917 4820 1144 4880 possunt
1178 4831 1190 4866 :
1228 4811 1422 4868 Omnia
1459 4815 1596 4869 enim
1645 4831 1802 4885 opera

223 4903 396 4948 nostra
423 4906 667 4964 operatus
691 4913 745 4953 es
773 4898 829 4953 in
855 4899 1002 4954 nobis
1034 4901 1054 4973 (
1076 4899 1188 4957 Isa.
1219 4918 1347 4958 xxvr
1373 4901 1414 4972 ).
1451 4903 1588 4957 Hinc
1617 4912 1674 4959 et
1698 4905 1804 4960 Do-

224 4983 398 5041 minus
421 4987 481 5040 in
507 4987 793 5060 Evangelio
831 4992 1107 5064 discipulis
1140 4995 1250 5050 ait:
1284 4994 1412 5052 Sine
1438 5011 1520 5050 me
1553 4996 1683 5051 nihil
1711 5013 1806 5068 po-

228 5076 365 5130 testis
391 5076 564 5145 facere
606 5078 787 5147 (Joan.
814 5083 929 5152 xv).

298 5163 708 5223 Hebronitarum
734 5178 910 5224 autem
937 5173 1172 5241 princeps
1220 5173 1321 5239 fuit
1345 5173 1494 5229 Jeria
1517 5177 1803 5231 secundum

233 5250 458 5321 familias
480 5266 528 5312 et
570 5261 902 5329 cognationes
931 5277 1132 5317 eorum.
1161 5260 1378 5318 ilebron
1403 5265 1547 5318 enim
1590 5266 1801 5331 civitas,

233 5345 322 5401 ubi
351 5349 501 5419 regni
544 5349 758 5404 initium
790 5351 999 5421 accepit
1025 5351 1224 5419 David,
1255 5367 1348 5409 eos
1378 5353 1685 5424 signiﬁcare
1707 5368 1805 5423 po-

235 5444 336 5494 test
354 5445 445 5510 qui
466 5442 892 5514 conversationis
928 5443 1143 5497 initium
1170 5444 1446 5512 inchoant,
1479 5453 1535 5499 et
1574 5444 1802 5500 Domino

237 5529 289 5584 in
313 5547 406 5587 sua
419 5536 525 5590 vita
548 5551 770 5606 regnum
795 5544 1120 5606 praeparant.
1147 5536 1456 5594 Hebronitis
1475 5539 1620 5592 enim
1632 5536 1798 5604 Jeria,

240 5625 327 5693 qui
371 5626 758 5696 interpretatur
783 5630 967 5682 timens
995 5627 1298 5695 Dominum,
1327 5631 1578 5698 princeps
1601 5628 1804 5684 consti-

1904 4827 1990 4866 eos
2013 4828 2220 4866 servare
2242 4813 2419 4867 omnia
2450 4828 2773 4884 quaecunque
2805 4811 3049 4867 mandavi
3072 4811 3213 4866 vobis
3236 4809 3256 4881 (
3287 4809 3480 4863 Matth.

1904 4901 2051 4970 xm).
2088 4901 2303 4955 Annum
2334 4915 2465 4971 ergo
2495 4900 2666 4966 illum,
2705 4915 2865 4970 quem
2893 4901 3070 4970 (sicut
3109 4898 3165 4951 in
3193 4896 3484 4967 Evangelio

1907 4993 2166 5063 scriptum
2191 4991 2302 5064 est)
2340 4993 2630 5058 Dominus,
2661 4993 2717 5047 in
2749 5005 3016 5062 synagoga
3059 4988 3242 5058 legens
3270 5002 3482 5042 sermo-

1906 5098 2005 5141 nes
2050 5083 2201 5139 lsaiaa
2243 5084 2518 5154 propheta:
2560 5082 2711 5154 (Luc.
2766 5080 2880 5153 tv),
2917 5077 3310 5134 demonstravit
3358 5091 3482 5132 esse

1909 5175 2291 5244 acceptabilem
2336 5175 2584 5239 Domino,
2625 5174 2711 5229 isti
2764 5186 2978 5226 menses
3018 5170 3298 5234 ordinant;
3332 5176 3387 5223 et
3414 5169 3484 5223 ad

1906 5267 2184 5321 servitium
2232 5267 2348 5319 veri
2400 5265 2705 5320 Salomonis
2760 5261 3014 5316 Ecclesiae
3046 5259 3301 5330 populum
3344 5259 3488 5315 ordi-

1908 5355 2085 5409 nando
2131 5354 2428 5410 distribuit.
2486 5354 2778 5423 Propterea
2834 5351 2889 5406 in
2937 5351 3161 5422 singulis
3206 5351 3484 5407 mensibus

1906 5445 2107 5513 24,000
2137 5445 2204 5500 ad
2256 5444 2538 5501 servitium
2589 5443 2796 5514 regium
2839 5443 3090 5512 deputata
3144 5449 3288 5498 sunt.
3332 5440 3487 5508 Quod

1907 5547 2088 5594 autem
2135 5537 2376 5607 mysterii
2414 5537 2504 5591 hic
2549 5551 2806 5590 numerus
2837 5543 3036 5601 teneat,
3075 5533 3192 5605 jam
3237 5532 3486 5604 superius

1908 5629 2110 5685 dictum
2135 5636 2236 5692 est,
2281 5629 2406 5697 quia
2451 5627 2505 5681 in
2542 5642 2608 5683 eo
2642 5626 2775 5699 legis
2815 5635 2870 5682 et
2915 5625 3189 5696 Evangelii
3234 5623 3484 5678 universa

242 5715 425 5782 tuitur,
459 5722 582 5788 quia
609 5720 814 5774 initium
856 5722 1124 5790 sapientia:
1153 5722 1310 5775 timor
1347 5731 1421 5775 est
1449 5721 1692 5785 Domini;
1725 5723 1808 5774 in-
1903 5718 2161 5788 perfectio
2187 5733 2282 5786 per
2312 5719 2536 5788 ﬁguram
2575 5717 2750 5772 inesse
2773 5717 3167 5770 manifestatur.

243 5801 468 5860 tellectus
503 5808 664 5863 bonus
704 5809 944 5865 omnibus
991 5810 1300 5880 facientibus
1336 5827 1454 5864 eum
1501 5811 1686 5882 (Eccl.
1717 5828 1731 5865 ι
1761 5811 1804 5883 ).

1980 5809 2166 5864 Noluit
2193 5820 2364 5863 autem
2411 5809 2581 5863 David
2624 5825 2897 5863 numerare
2935 5823 3021 5861 eos
3053 5823 3085 5859 a
3112 5803 3292 5874 viginti
3332 5802 3485 5854 anuis

245 5886 344 5969 QUi
367 5896 509 5955 enim
531 5913 630 5976 per
656 5902 907 5962 timorem
933 5918 967 5962 a
994 5899 1151 5960 malis
1172 5901 1382 5961 actibus
1407 5916 1466 5960 se
1495 5911 1733 5974 coercet,
1753 5909 1811 5962 et
1905 5900 2146 5978 inferius,
2177 5899 2301 5974 quia
2329 5899 2532 5958 dixerat
2559 5898 2814 5958 Dominus
2840 5905 2895 5955 ut
2927 5892 3362 5968 multiplicaretur
3396 5887 3485 5971 Ιετ
