3920 6466
492 461 598 517 407

1126 458 1189 513 n.
1232 457 1485 514 RABANI
1522 456 1741 515 mum
1774 454 2091 511 ARCIIIEP.
2141 440 2453 514 MOGUN'I‘.
2493 454 2777 513 OPERUM
2813 454 2992 510 mus
3029 456 3071 510 I.

3655 454 3763 512 408

492 580 632 631 strat
675 569 1025 627 historialiter
1064 569 1241 640 ipsum
1269 570 1531 626 Abiathar
1556 570 1724 625 ﬁlium
1752 568 2063 625 Abimelech
2090 572 2145 631 Α
2166 569 2309 626 dicta
2337 584 2433 627 seu
2459 568 2604 626 facta
2634 570 2860 641 mystica
2902 578 3012 625 tam
3038 570 3204 640 ipsius
3231 583 3391 641 quam
3424 579 3765 627 ceterorum

492 662 761 734 pontiﬁcis
794 660 1130 717 sacerdotem
1166 675 1284 717 esse
1311 662 1378 717 ad
1411 670 1620 731 tempus
1646 661 1788 716 inter
1822 659 2073 716 consilia-

493 752 604 808 rios
630 751 830 817 David;
858 752 953 807 sed
981 752 1108 821 quia
1145 752 1202 806 in
1225 750 1492 807 electione
1516 750 1760 817 Adonim,
1786 765 1946 821 quem
1980 765 2074 805 vo-

492 842 591 898 luit
618 841 776 897 simul
802 857 925 897 cum
951 841 1088 900 Joab
1128 856 1229 913 pro
1270 842 1555 900 Salomone
1594 841 1713 899 ﬁeri
1742 857 1944 914 regem,
1975 843 2071 899 de-

489 934 677 1002 viavit,
708 935 978 1007 signiﬁcat
1005 949 1102 991 eos
1134 934 1228 1005 qui
1271 935 1328 990 in
1368 935 1611 991 Ecclesia
1631 935 1874 991 ordinem
1916 949 2072 990 suum

492 1042 559 1083 ac
585 1027 836 1099 gratiam,
867 1042 1028 1097 quam
1060 1025 1242 1083 divino
1270 1041 1493 1084 munere
1532 1035 1906 1099 perceperunt,
1946 1041 2073 1096 pro-

487 1128 614 1190 pter
640 1120 988 1190 cupiditatem
1018 1129 1288 1177 terrenam
1313 1135 1421 1177 non
1454 1130 1796 1177 conservant.
1831 1120 1898 1175 Hi
1929 1120 2072 1176 enim

492 1224 592 1279 per
615 1209 730 1263 veri
757 1206 1061 1265 Salomonis
1087 1210 1434 1276 sententiam,
1481 1211 1528 1265 si
1570 1211 1625 1265 in
1658 1224 1879 1267 carcere
1899 1209 2073 1280 poeni-

493 1299 677 1355 tentiae
698 1299 851 1371 juxta
880 1315 1088 1357 morem
1112 1301 1395 1372 Achitopel
1422 1315 1742 1371 permanere
1780 1300 2068 1367 noluerint,

494 1406 654 1460 pmna
681 1392 953 1463 plectendi
977 1400 1103 1449 sunt
1128 1402 1408 1464 perpetua.

570 1484 821 1557 Princeps
868 1496 1042 1541 autem
1080 1488 1337 1542 exercitus
1389 1487 1523 1557 regis
1568 1497 1682 1543 erat
1716 1487 1873 1546 Joab.
1914 1486 2070 1554 Joab,

497 1575 582 1630 vir
603 1574 1046 1632 bellicosissimus
1087 1585 1143 1631 et
1187 1577 1244 1633 in
1282 1585 1403 1633 actu
1438 1577 1659 1633 militari
1704 1578 2074 1636 strenuosissi—

495 1682 636 1732 mus,
658 1667 714 1722 in
736 1668 839 1725 hoc
864 1668 981 1725 loco
999 1678 1178 1740 potest
1198 1670 1503 1743 signiﬁcare
1527 1687 1620 1728 eos
1643 1673 1736 1743 qui
1757 1671 2073 1743 perfectioni

495 1755 757 1812 virtutum
804 1758 1103 1826 studentes,
1134 1760 1443 1816 universam
1480 1762 1777 1832 nequitiam
1813 1771 1926 1819 toto
1954 1764 2075 1819 nisu

497 1856 909 1917 persequuntur.
937 1848 1324 1921 Interpretatur
1360 1854 1502 1908 enim
1539 1852 1674 1910 Joab
1699 1854 1964 1923 inimicus,
1989 1856 2073 1913 vel

498 1937 633 1992 idem
673 1948 840 2008 pater.
881 1940 962 1995 Ex
1002 1958 1231 2012 quorum
1275 1959 1504 2014 persona
1548 1946 1688 2001 idem
1735 1949 1996 2018 propheta
2022 1950 2077 2005 in
2105 1925 2152 1987 B

497 2027 761 2086 Psalterio
789 2031 857 2086 ad
891 2032 1177 2088 Dominum
1215 2034 1291 2089 ait
1319 2053 1332 2088 :
1364 2035 1445 2089 Ad
1481 2038 1655 2092 omnia
1696 2040 1948 2095 mandata
1981 2058 2078 2096 sua

498 2119 763 2190 dirigebar
790 2134 811 2173 :
837 2137 1038 2177 omnem
1081 2125 1217 2178 viam
1262 2125 1492 2196 iniquam
1543 2127 1663 2180 odio
1700 2127 1861 2182 habui
1903 2127 2075 2202 (Psal.

496 2208 708 2280 cxvm).
738 2208 894 2267 Hunc
916 2210 1093 2267 locum
1121 2213 1396 2284 dignitatis
1437 2215 1663 2285 apostoli
1700 2214 1899 2273 Christi
1924 2219 2082 2288 plene

497 2298 702 2355 habere
736 2301 1045 2369 creduntur,
1079 2305 1171 2375 qui
1208 2306 1278 2361 ab
1305 2306 1423 2377 ipso
1448 2306 1673 2363 Domino
1708 2308 1764 2363 in
1790 2309 2081 2382 Evangelia

502 2391 693 2448 audire
720 2404 1053 2450 meruerunt.
1082 2395 1263 2452 Estote
1287 2400 1521 2469 perfecti,
1560 2402 1695 2455 sicut
1728 2411 1777 2457 et
1809 2400 1972 2458 Pater
1993 2422 2080 2461 ue-

498 2494 606 2539 ster
643 2485 857 2542 caelestis
895 2489 1153 2559 perfectus
1175 2500 1251 2545 est
1278 2491 1493 2564 (Matth.
1527 2494 1603 2567 v).
1636 2497 1704 2551 Et
1724 2498 1853 2554 item
1883 2517 1895 2552 :
1921 2500 2078 2570 Ecce,

500 2575 695 2647 inquit,
724 2577 793 2632 do
815 2579 954 2634 vobis
983 2590 1288 2650 potestatem
1311 2600 1468 2655 super
1490 2597 1749 2657 serpentes
1770 2599 1816 2644 et
1845 2594 2081 2663 scorpio-

501 2684 615 2734 nes,
666 2678 714 2723 et
749 2686 908 2740 super
933 2688 1137 2728 omnem
1176 2675 1415 2731 uirtutem
1446 2677 1647 2733 inimici
1689 2679 1839 2749 (Luc.
1871 2682 1949 2755 is).
1978 2683 2083 2752 Qui

501 2757 647 2810 enim
672 2757 728 2812 in
753 2760 1014 2817 exercitio
1039 2762 1298 2819 virtutum
1318 2772 1444 2821 sunt
1468 2766 1866 2838 perfectissimi,
1889 2774 2082 2831 merito

497 2847 711 2903 caeteris
754 2848 1001 2909 ﬁdelibus
1042 2852 1098 2908 in
1149 2854 1414 2926 dignitate
1460 2866 1779 2928 praestantes
1820 2871 2084 2934 apparent

500 2939 897 3009 gloriosissimi.

1032 3016 1260 3076 CAPUT
1300 3018 1534 3077 XXVIII.

509 3064 680 3192 Verba
717 3104 1001 3192 npvissima
1032 3064 1252 3192 ξ
1272 3064 1808 3192 quibus-.c'ontmonuit
1835 3113 2080 3192 Salomo‘

567 3190 683 3258 nem
709 3174 1067 3258 ﬁliumﬂsuum
1091 3188 1158 3258 net
1198 3174 1494 3258 universum
1537 3183 1710 3240 Israel
1739 3186 1804 3242 de
1845 3187 2080 3258 (edi/ica-

567 3245 704 3298 tione
727 3245 924 3317 templi,
947 3257 995 3302 et
1015 3247 1226 3305 cultura
1247 3250 1367 3308 Dei.

565 3333 904 3408 Congregavit
947 3355 1070 3411 ergo
1111 3339 1282 3397 David
1319 3360 1495 3401 omnes
1528 3346 1787 3419 principes
1811 3348 2001 3419 Israel,
2028 3362 2078 3407 et

495 3425 651 3481 duces
676 3429 927 3497 tribuum,
962 3441 1013 3486 et
1036 3435 1340 3504 prtepasitos
1361 3445 1676 3507 turmarum,
1697 3442 1787 3512 qui
1812 3444 2080 3501 ministra-

496 3516 620 3571 bant
648 3521 786 3590 regi;
816 3520 1051 3577 tribunos
1091 3541 1295 3598 quoque
1335 3537 1383 3583 et
1434 3532 1783 3600 centuriones,
1816 3536 1908 3606 qui
1943 3552 2080 3606 prte-

495 3618 644 3663 erant
669 3613 973 3669 substantia:
999 3624 1048 3669 et
1072 3620 1483 3687 possessionibus
1506 3625 1674 3695 regis;
1695 3626 1937 3699 ﬁliosque
1960 3645 2080 3684 cum

495 3703 768 3771 eunuchis,
795 3715 844 3760 et
867 3716 1098 3777 potentes
1120 3720 1168 3765 et
1194 3711 1578 3771 robustissimos
1599 3734 1827 3789 quosque
1848 3719 1904 3773 in
1933 3737 2082 3776 exer-

497 3791 605 3845 citu
628 3791 950 3864 Jerusalem,
971 3804 1027 3853 et
1055 3807 1272 3856 caetera.
1304 3800 1479 3869 Quaeri
1500 3814 1679 3875 potest
1699 3809 1966 3878 quomodo
1991 3811 2081 3868 hic

496 3884 731 3939 eunuchi
758 3885 826 3941 ad
855 3894 966 3942 tam
992 3889 1195 3961 grande
1230 3892 1518 3949 concilium
1541 3896 1720 3952 vocati
1748 3912 1870 3954 esse
1898 3899 2082 3957 dican-

497 3980 607 4040 tur,
636 3990 758 4031 cum
779 3976 913 4047 legis
941 3980 1235 4037 auctoritas
1253 3983 1537 4053 prohibeat
1559 3985 1835 4045 Israelitas
1872 3989 2081 4048 abscidi

498 4080 563 4122 ac
593 4067 771 4138 aliqua
797 4071 1069 4128 inustione
1095 4075 1296 4143 notari,
1340 4084 1395 4132 et
1428 4077 1742 4150 alienigena:
1777 4097 1885 4138 non
1922 4082 2082 4140 facile

498 4159 708 4229 possint
756 4162 823 4217 ad
874 4171 983 4219 tam
1034 4174 1303 4223 secretum
1349 4177 1404 4227 et
1460 4172 1750 4229 honestum
1797 4176 2081 4233 consilium

500 4249 749 4307 admitti?
775 4252 927 4310 Unde
947 4256 1135 4315 dicunt
1161 4258 1373 4317 Hebraei
1400 4262 1455 4318 in
1478 4263 1583 4319 hoc
1609 4264 1729 4323 loco
1749 4266 2082 4341 illos_vocari

497 4344 793 4411 eunuchos,
841 4348 933 4418 qui
977 4350 1046 4407 ab
1100 4354 1350 4411 omnibus
1396 4357 1609 4414 actibus
1666 4360 1849 4417 smculi
1893 4363 2077 4431 alieni,

495 4435 730 4491 orationi
764 4444 972 4494 tantum
1015 4449 1072 4497 ct
1111 4442 1331 4500 lectioni
1372 4447 1661 4516 vacabant,
1692 4459 1853 4518 atque
1882 4468 2081 4509 uxores

494 4542 603 4582 non
649 4544 812 4585 causa
858 4530 1117 4601 libidinis,
1162 4535 1257 4591 sed
1302 4537 1656 4607 suscipiendae
1698 4540 1865 4610 prolis
1905 4543 2080 4614 gratia

495 4617 788 4714 habebant,
839 4637 974 4691 quos
1018 4622 1282 4696 Iosephus
1324 4642 1513 4683 eorum
1568 4629 1879 4700 historicus,
1922 4633 2158 4714 juxtap

493 4721 690 4763 nomen
718 4710 957 4779 ipsorum
983 4714 1228 4782 haeresis,
1260 4716 1496 4775 Essenos
1525 4730 1706 4777 vocat.

565 4796 717 4852 Dedit
740 4810 914 4855 autem
935 4801 1109 4857 David
1131 4803 1404 4861 Salomoni
1424 4808 1536 4877 ﬁlio
1562 4827 1656 4865 suo
1678 4812 2077 4884 descriptionem

490 4889 723 4960 porticus
748 4898 797 4944 et
824 4893 1020 4963 templi,
1063 4902 1113 4949 et
1155 4895 1509 4968 sellariorum,
1541 4912 1590 4957 et
1626 4904 1981 4962 cubiculorum
2022 4909 2077 4964 in

491 4980 684 5047 aditis,
732 4990 780 5037 et
821 4982 1005 5039 domus
1035 4987 1456 5058 propitiationis,
1493 5010 1692 5051 necnon
1728 5007 1779 5052 et
1817 5000 2068 5065 omnium,

489 5088 606 5140 qua:
632 5076 969 5145 cogitaverat,
997 5078 1253 5135 atriorum
1274 5090 1323 5137 et
1346 5084 1659 5141 exedrarum
1676 5104 1768 5159 per
1795 5089 2071 5145 circuitum

489 5163 545 5217 in
567 5165 838 5220 thesauros
859 5167 1043 5223 domus
1060 5169 1295 5239 Domini,
1310 5182 1359 5227 et
1376 5174 1433 5229 in
1456 5176 1727 5233 thesauros
1746 5190 2069 5247 sanctorum,

490 5252 904 5326 divisionumque
926 5259 1332 5317 sacerdotalium
1356 5273 1405 5317 et
1427 5264 1797 5334 Leviticarum,
1817 5269 1873 5322 in
1895 5271 2071 5323 omnia

492 5360 649 5413 opera
698 5345 885 5403 domus
922 5348 1169 5424 Domini,
1218 5362 1267 5409 et
1321 5356 1563 5412 universa
1608 5375 1735 5413 vasa
1798 5360 2073 5416 ministerii

492 5436 667 5507 templi
705 5437 941 5509 Domini,
968 5458 1158 5500 aurum
1192 5447 1249 5503 in
1270 5449 1498 5519 pondere
1521 5450 1589 5505 ad
1627 5469 1750 5507 vasa
1776 5452 2071 5521 ministerii,

489 5531 695 5601 argenti
711 5548 914 5605 quoque
929 5538 1131 5606 pondus
1153 5558 1246 5611 pro
1272 5559 1517 5597 vasorum
1536 5561 1600 5599 ac
1619 5561 1834 5616 operum
1864 5545 2076 5600 diversi-

490 5634 620 5692 tate,
656 5637 711 5681 et
744 5640 957 5687 caetera.
984 5633 1125 5702 Quid
1149 5645 1232 5692 est
1270 5638 1413 5707 quod
1460 5638 1628 5695 David
1657 5639 1931 5694 Salomoni
1962 5638 2075 5694 ﬁlio

492 5730 591 5769 suo
634 5716 1047 5789 descriptionem
1079 5724 1245 5779 totius
1289 5727 1479 5781 domus
1523 5727 1639 5793 Dei,
1680 5744 1801 5797 quae
1844 5727 1913 5781 ab
1955 5727 2074 5796 ipso

491 5810 800 5867 {adimenda
829 5823 967 5880 erat,
1007 5814 1172 5878 dedit,
1216 5822 1271 5869 et
1298 5826 1541 5887 sumptus
1572 5819 1637 5873 ad
1667 5819 1769 5873 hoe
1794 5818 2076 5872 universos

491 5901 754 5975 exhibuit,
801 5904 908 5965 nisi
933 5903 1078 5982 quod
1118 5905 1311 5981 psalmi
1356 5907 1524 5984 ipsius
1557 5909 1747 5980 David,
1778 5923 1992 5973 necnon
2020 5917 2075 5972 et

810 6089 839 6100 -ρ
1007 6079 1051 6097 θ’

2172 669 2407 732 patrum,
2438 661 2530 720 aui
2558 662 2659 718 sub
2685 661 2862 717 Veteri
2894 659 3238 717 Testamento
3276 661 3530 729 fuerunt,
3574 663 3766 733 ﬁguris

2173 760 2335 823 atque
2360 752 2734 823 aenigmatibus
2766 760 3181 823 praemonstrant
3203 754 3464 811 imiversa
3494 769 3632 824 qua:
3666 753 3768 807 Pa-

2172 845 2359 902 ciﬁcus
2380 853 2568 901 noster
2595 845 2905 913 incarnatus
2932 844 2986 899 in
3014 844 3251 902 Ecclesia
3277 862 3375 901 sua
3395 845 3765 916 spiritualiter

2170 937 2532 993 fabricaturus
2554 936 2706 993 erat?
2728 936 2805 992 lbi
2826 938 2969 993 enim
2993 937 3265 992 invenitur
3277 938 3613 1006 praedictum
3636 952 3765 1006 quo-

2170 1030 2332 1085 modo
2353 1043 2541 1085 omnes
2564 1029 2808 1085 nationes
2834 1035 2993 1083 terra:
3016 1040 3113 1097 per
3137 1026 3298 1082 ﬁdem
3323 1036 3380 1082 et
3404 1027 3763 1098 baptismatis

2171 1128 2567 1176 sacramentum
2597 1120 2802 1176 aditum
2841 1118 3146 1175 introeundi
3171 1118 3464 1175 habuerint
3486 1119 3545 1174 in
3576 1118 3765 1174 Eccle-

2171 1212 2344 1279 siam;
2376 1212 2549 1284 qualis
2577 1212 2747 1283 ipsius
2781 1210 3033 1268 Ecclesiae
3057 1211 3560 1292 venerabilissimus
3591 1220 3765 1268 status

2170 1305 2227 1362 in
2255 1306 2508 1377 praesenti
2550 1304 2662 1360 vita
2705 1302 2866 1370 foret,
2916 1303 3195 1375 qualisque
3236 1302 3506 1374 perfectio
3542 1310 3764 1359 saneto-

2118 1424 2121 1427 ν
2170 1412 2292 1453 rum
2317 1412 2381 1452 ac
2410 1395 2774 1452 remuneratio
2809 1395 2865 1450 in
2913 1407 3079 1466 regno
3117 1393 3323 1449 emlesti
3362 1393 3554 1448 futura
3586 1401 3759 1457 esset;

2172 1487 2403 1560 qualiter
2430 1488 2641 1545 diversa
2668 1487 2969 1544 ministeria
3017 1502 3083 1543 ac
3117 1486 3450 1559 singulorum
3482 1486 3763 1559 profectus

2172 1579 2383 1645 ﬁerent,
2416 1593 2481 1635 ac
2515 1577 2689 1649 qualis
2718 1577 3080 1639 remuneratio
3099 1577 3389 1647 unicuique
3412 1593 3522 1647 pro
3551 1577 3766 1632 meritis

2172 1672 2227 1728 in
2252 1670 2436 1727 futuro
2459 1671 2728 1727 reddenda
2768 1670 2857 1735 sit,
2887 1683 2986 1739 per
3010 1668 3250 1725 diversas
3276 1667 3442 1723 cellas
3472 1675 3650 1737 atque
3678 1682 3764 1722 ex-

2174 1763 2352 1829 edras,
2384 1761 2509 1833 quia
2534 1759 2713 1816 multa:
2732 1760 3027 1815 mansiones
3046 1768 3166 1813 sunt
3186 1758 3242 1812 in
3266 1773 3422 1829 regno
3442 1755 3551 1811 Dei
3578 1756 3759 1827 (loss.

2176 1853 2314 1924 xiv),
2355 1866 2457 1908 nec
2498 1867 2608 1908 non
2647 1858 2702 1906 et
2742 1865 2843 1919 per
2884 1848 3037 1904 varia
3081 1848 3417 1904 diversorum
3457 1846 3761 1917 ponderum

2178 1945 2360 2001 omina
2413 1942 2915 2015 praeﬁgurabantur.
2963 1940 3042 1995 lbi
3084 1939 3359 2011 sapientiae
3399 1937 3674 2010 splendor
3714 1937 3763 1992 in

2182 2052 2332 2102 auro,
2360 2044 2521 2105 atque
2539 2032 2941 2106 praedicationis
2962 2032 3104 2088 nitor
3123 2031 3178 2087 in
3199 2038 3423 2103 argento
3441 2028 3763 2099 praeﬁgura-

2180 2129 2407 2195 bantur,
2453 2141 2573 2197 qua:
2625 2124 2859 2196 Spiritus
2910 2132 3131 2181 sanctus
3189 2122 3485 2193 unicuique
3531 2121 3763 2177 ﬁdelium

2180 2220 2400 2286 tribuit,
2452 2218 2684 2275 dieidem
2733 2216 2954 2288 singulis
2999 2224 3152 2288 prout
3190 2213 3299 2268 vult
3342 2211 3411 2285 (Ι
3453 2210 3588 2299 ρον.
3638 2209 3762 2280 xu).

2181 2312 2309 2368 Ιίωο
2349 2326 2479 2383 ergo
2521 2318 2718 2368 cuneta
2764 2307 3032 2379 quomodo
3072 2308 3129 2364 in
3167 2312 3352 2362 sancta
3394 2303 3655 2361 Ecclesia
3689 2318 3767 2357 or-

2156 2404 2368 2461 dinata
2405 2419 2471 2460 ac
2506 2402 2800 2459 constituta
2845 2407 2987 2466 sunt,
3018 2400 3065 2456 si
3088 2399 3210 2470 quis
3233 2397 3447 2470 plenius
3484 2412 3657 2452 nosse
3690 2410 3769 2451 ve-

2180 2495 2361 2562 luerit,
2402 2496 2548 2565 legat
2580 2493 2945 2565 expositiones
2972 2493 3208 2550 diversas
3236 2499 3561 2548 sanctorum
3586 2490 3771 2544 docte-

2181 2603 2321 2653 rum,
2354 2603 2476 2659 quae
2504 2588 2572 2643 de
2599 2585 2930 2642 tabernaculi
2974 2600 3041 2641 ac
3080 2582 3264 2654 templi
3304 2591 3472 2653 atque
3519 2595 3773 2636 vasorum

2182 2679 2302 2749 ejus
2322 2678 2726 2733 constructione
2745 2674 3083 2747 scripserint,
3103 2683 3159 2731 et
3177 2673 3253 2729 ibi
3273 2673 3461 2729 omnia
3479 2672 3775 2728 manifeste

2181 2769 2469 2841 explanata
2507 2768 2761 2825 inveniet.
2789 2766 2944 2835 Quod
2982 2773 3162 2822 autem
3186 2771 3310 2835 post
3334 2763 3445 2819 alia
3480 2764 3772 2833 sequitur:

2250 2862 2455 2917 Aurum
2497 2877 2700 2933 quoque
2741 2860 2883 2915 dedit
2918 2860 2976 2915 in
3024 2875 3229 2914 mensas
3262 2857 3649 2928 propositionis
3688 2873 3775 2927 prs

2181 2953 2478 3009 diversitate
2524 2967 2865 3017 mensarum;
2917 2949 3159 3005 similiter
3195 2958 3475 3020 argentum
3526 2950 3589 3002 in
3648 2948 3777 3002 alia

2181 3065 2389 3103 mensas
2420 3056 2709 3119 argenteas,
2746 3046 2816 3100 ad
2848 3043 3140 3115 fuscinulas
3167 3059 3370 3125 quoque
3403 3052 3457 3097 et
3483 3042 3705 3113 phialas
3733 3051 3775 3096 et

2183 3137 2449 3193 thuribula
2474 3153 2540 3193 ea:
2570 3153 2701 3191 auro
2732 3136 3036 3208 purissimo,
3067 3142 3117 3189 et
3138 3130 3408 3189 leunculos
3437 3150 3660 3199 aureos,
3692 3148 3776 3203 pro

2183 3228 2437 3300 qualitate
2458 3243 2718 3283 mensum
2744 3227 2948 3299 pondus
2985 3225 3267 3291 distribuit,
3302 3225 3359 3280 in
3389 3223 3711 3279 Ιεαιιειιιιιιι
3736 3233 3773 3278 α

2182 3318 2514 3384 leunculum;
2544 3317 2785 3373 similiter
2812 3327 2859 3372 et
2894 3318 2951 3372 in
2988 3316 3163 3399 leones
3198 3325 3472 3387 argenteos
3511 3317 3774 3370 diuersa

2181 3410 2383 3481 argenti
2414 3410 2619 3481 pondus
2644 3410 2935 3479 separavit;
2963 3408 3121 3462 altari
3149 3418 3344 3474 autem,
3375 3408 3433 3463 in
3459 3424 3573 3479 quo
3612 3408 3778 3462 adole-

2182 3511 2270 3557 tur
2292 3503 2582 3568 incensum,
2606 3518 2796 3557 aurum
2816 3501 3153 3571 purissimum
3186 3500 3365 3564 dedit;
3404 3508 3458 3554 et
3488 3509 3551 3553 ut
3581 3517 3655 3554 ex
3682 3501 3777 3567 ipss

2181 3594 2330 3664 ﬁeret
2345 3594 2634 3649 similitudo
2652 3595 2924 3666 quadriga
2938 3593 3202 3649 cherubim
3219 3592 3627 3648 extendentismt
3650 3592 3774 3657 alas,

2181 3684 2468 3740 celantium
2510 3701 2690 3741 aream
2736 3684 2944 3756 {aderis
2987 3684 3219 3740 Domini.
3267 3683 3440 3755 Igitur
3487 3699 3681 3753 neque
3730 3684 3778 3738 in

2181 3779 2371 3837 Exodo
2407 3780 2466 3837 in
2508 3780 2911 3837 constructione
2956 3778 3306 3844 tabernaculi,
3360 3779 3457 3834 sed
3501 3793 3698 3849 neque
3728 3779 3777 3833 ὴ

2181 3870 2392 3944 Regum
2431 3871 2488 3927 in
2526 3870 2882 3927 aediﬁcatione
2926 3868 3112 3939 templi
3153 3868 3385 3924 lennculi
3423 3868 3545 3926 sive
3596 3870 3779 3928 let-tes

2181 3965 2396 4035 uspiam
2421 3962 2675 4035 leguntur
2698 3960 2847 4029 facti,
2868 3969 3097 4032 excepta
3133 3960 3388 4018 eaeiamra
3411 3976 3538 4032 qua:
3575 3962 3639 4019 in
3667 3963 3779 4035 qni-

2181 4057 2413 4113 busdam
2446 4055 2702 4127 operibus
2732 4053 2916 4126 temmi
2957 4047 3100 4109 facta
3137 4061 3411 4120 narratur,
3446 4062 3511 4108 ut
3539 4053 3603 4109 in
3647 4070 3776 4110 eon-

2183 4148 2418 4204 fectione
2460 4147 2648 4204 decem
2686 4147 2896 4204 basium
2928 4161 2994 4203 ac
3036 4146 3287 4210 laterum,
3339 4145 3431 4201 ubi
3478 4144 3680 4202 leones
3726 4157 3780 4202 et

2180 4237 2350 4293 boves
2377 4244 2433 4293 et
2455 4237 2737 4294 cherubim
2781 4245 2838 4293 et
2880 4235 3074 4307 palma:
3105 4233 3326 4304 sculpta:
3369 4241 3534 4303 atque
3569 4235 3777 4292 calata:

2184 4338 2577 4387 memorantur.
2612 4329 2718 4386 Sed
2755 4343 2931 4397 neque
2957 4325 3237 4382 cherubim
3274 4326 3330 4382 in
3360 4327 3775 4385 similitudim

2183 4420 2459 4490 quadrigae
2487 4418 2741 4484 formata,
2780 4416 2876 4472 sed
2912 4422 3122 4472 tantum
3165 4416 3313 4486 quod
3348 4416 3453 4472 duo
3486 4418 3774 4477 cherubin

2180 4508 2415 4566 fuissent
2453 4509 2750 4576 fabricata,
2798 4522 2918 4579 qua:
2955 4506 3058 4563 alis
3106 4509 3220 4565 suis
3259 4515 3506 4579 tegerent
3554 4525 3774 4576 arcam,

2182 4609 2458 4656 narratur.
2488 4599 2623 4655 Nam
2648 4598 2776 4670 quia
2802 4612 2948 4654 nunc
2978 4596 3069 4654 hic
3109 4600 3177 4654 de
3208 4597 3495 4663 leunculis,
3522 4599 3777 4655 similiter

2182 4700 2240 4749 et
2278 4691 2347 4748 de
2390 4691 2656 4759 leonibus,
2693 4705 2904 4748 necnon
2940 4690 3202 4763 quadriga
3239 4689 3523 4749 cherubim
3566 4692 3775 4747 mentio

2182 4782 2289 4838 fuit
2315 4782 2480 4849 facta,
2512 4783 2655 4853 quod
2680 4781 2995 4854 mysterium
3026 4782 3183 4838 nobis
3207 4780 3396 4839 innuat
3420 4784 3770 4851 querendum

2180 4881 2286 4930 est.
2315 4872 2536 4942 Legitur
2562 4872 2709 4929 enim
2739 4873 2794 4928 in
2836 4872 3088 4928 Ezechiel
3135 4872 3399 4943 pmpheta
3441 4875 3588 4943 quod
3627 4875 3683 4929 ei
3720 4874 3771 4929 in

2180 4968 2358 5038 prima
2378 4966 2604 5032 visione,
2638 4981 2802 5037 quam
2829 4966 2963 5022 vidit
2989 4965 3145 5037 juxta
3170 4963 3389 5020 ﬂuvium
3418 4962 3663 5031 Chobar,
3686 4979 3771 5021 os-

2183 5068 2338 5117 tensa
2363 5059 2436 5116 sit
2466 5058 2761 5115 similitudo
2787 5067 3022 5129 quatuor
3052 5055 3387 5123 animalium,
3415 5063 3473 5110 et
3497 5056 3589 5112 hic
3612 5072 3771 5127 aspe-

2183 5162 2305 5210 ctus
2344 5165 2572 5208 eorum:
2603 5149 2903 5204 Sintilitudo
2938 5147 3163 5202 hominis
3209 5149 3265 5202 in
3305 5148 3417 5213 eis;
3454 5158 3505 5204 et
3541 5158 3769 5220 quatuor

2182 5245 2344 5315 facies
2372 5243 2485 5309 uni,
2506 5250 2554 5296 et
2582 5240 2809 5312 quatuor
2830 5256 3013 5310 penna:
3039 5240 3131 5294 uni
3152 5248 3199 5294 et
3222 5239 3379 5310 pedes
3404 5256 3589 5295 eorum
3612 5242 3766 5311 pedes

2181 5334 2310 5391 recti
2338 5345 2388 5390 et
2427 5333 2609 5404 planta
2638 5332 2781 5404 pedis
2822 5348 3003 5388 eorum
3030 5331 3181 5403 quasi
3207 5331 3390 5403 planta
3414 5332 3565 5403 pedis
3598 5333 3763 5387 vituli.

2181 5426 2250 5482 Et
2274 5433 2400 5498 post
2420 5440 2591 5496 pauca
2623 5442 2636 5478 :
2676 5422 2999 5490 Similitudo,
3029 5423 3225 5494 inquit,
3251 5422 3424 5477 uultus
3450 5440 3657 5489 eorum,
3685 5424 3765 5493 fe-

2182 5521 2285 5574 cies
2329 5518 2574 5584 hominis,
2614 5526 2662 5571 et
2691 5516 2855 5585 facies
2884 5514 3049 5570 leonis
3076 5531 3109 5568 a
3140 5514 3339 5569 dextris
3376 5514 3611 5584 ipsorum
3636 5531 3763 5585 que-

2180 5621 2323 5677 tnor,
2364 5606 2523 5680 facies
2558 5619 2730 5664 autem
2762 5607 2900 5663 bouis
2930 5624 2963 5661 a
2990 5606 3217 5661 sinistris
3258 5606 3494 5674 ipsorum
3516 5612 3758 5676 quatuor.

2180 5710 2228 5755 ct
2258 5700 2419 5769 facies
2467 5699 2662 5769 aquin
2703 5698 2924 5767 desuper
2949 5697 3179 5765 ipsorum
3208 5703 3456 5765 quatuor,
3485 5702 3542 5749 et
3569 5702 3759 5749 cetera

2183 5790 2401 5862 (Ezech.
2449 5789 2509 5861 ι).
2561 5791 2652 5844 Sic
2692 5798 2746 5845 et
2788 5790 2844 5843 in
2894 5788 2997 5844 alia
3039 5787 3244 5842 visione
3279 5786 3335 5839 in
3373 5785 3756 5856 posterioribus

2183 5884 2324 5943 idem
2367 5881 2624 5957 propheta
2652 5887 2839 5939 narrat
2872 5878 3056 5939 dicens
3085 5897 3097 5937 ;
3129 5876 3567 5951 Quatuorfaeies
3601 5873 3754 5937 M00-
