3920 6466
133 474 236 532 ωε)

1046 452 1399 515 COMMENT.
1436 451 1504 509 IN
1542 445 2099 507 PARALIPOMENA.
2138 475 2212 489 —
2244 445 2374 502 LIB.
2409 440 2476 503 ll.

3284 438 3392 500 410

125 589 214 643 bat
264 594 472 640 unum:
500 577 661 650 facies
701 591 830 640 una,
861 571 1020 643 {acies
1066 569 1289 634 cherub;
1335 576 1382 622 et
1424 565 1583 636 facies
1627 580 1711 619 se-
1738 571 1788 630 Α
1886 561 2057 628 Quam
2083 559 2298 631 proprie
2332 557 2524 629 aquila:
2553 558 2810 627 deputant
2842 571 2952 613 non
2985 570 3044 612 se
3075 554 3393 612 miscentem

125 678 330 741 cunda,
364 674 523 746 facies
552 669 813 732 hominis;
836 676 882 722 et
907 667 964 721 in
988 665 1141 719 tertia
1176 663 1335 733 facies
1363 659 1563 724 leonis;
1589 666 1637 712 et
1659 657 1715 711 in

128 776 327 842 quarta
347 766 507 836 facies
536 761 761 836 aquilw;
787 767 835 814 et
860 757 1055 812 elevata
1087 763 1209 812 sunt
1231 753 1516 809 cherubim.
1534 750 1716 821 Ipsum

130 837 200 913 est
230 852 458 919 animal,
483 850 620 924 quod
647 848 877 905 videram
892 856 1049 917 juxta
1076 847 1273 916 ﬂumen
1303 840 1529 897 Chobar.
1558 837 1717 894 Cum-

132 968 227 1024 que
252 946 588 1004 ambularent
620 942 904 1007 cherubim,
947 940 1086 994 ibant
1115 938 1313 1009 pariter
1339 945 1386 990 et
1412 943 1541 989 rota:
1558 933 1718 1003 juxta

126 1061 224 1109 ea;
249 1051 302 1098 et
328 1057 449 1097 cum
473 1039 698 1094 levarent
728 1034 994 1091 cherubim
1018 1031 1132 1088 alas
1171 1048 1316 1097 suas,
1344 1039 1400 1084 ut
1423 1028 1721 1085 exultaren-

128 1145 216 1191 tur
241 1152 276 1189 α
299 1144 461 1197 terra,
489 1147 595 1185 non
622 1125 913 1184 residebant
936 1133 1087 1189 rotw,
1108 1122 1196 1178 sed
1224 1122 1350 1192 ipsa:
1363 1120 1524 1191 juxta
1548 1125 1714 1173 erant.

127 1227 409 1285 Stantibus
446 1225 572 1291 illis,
611 1223 836 1287 stabant,
886 1229 936 1275 et
970 1234 1088 1275 cum
1118 1214 1325 1270 elevatis
1362 1211 1718 1267 elevabantur.

129 1322 367 1392 Spiritus
401 1320 539 1374 enim
581 1317 699 1371 vita:
725 1323 839 1370 erat
875 1314 931 1367 in
973 1311 1066 1366 eis.
1106 1309 1178 1364 Et
1219 1322 1423 1379 egressa
1451 1313 1525 1359 est
1552 1301 1720 1374 gloria

128 1411 350 1468 Domini
397 1427 431 1464 a
470 1408 649 1462 limine
678 1404 875 1476 templi,
907 1411 955 1457 et
981 1401 1119 1456 stetit
1145 1415 1300 1469 super
1324 1394 1630 1456 cherubim;
1672 1398 1720 1445 et

127 1502 393 1560 elevantia
413 1497 680 1555 cherubim
711 1496 825 1551 alas
850 1511 975 1550 suas
999 1492 1230 1549 exaltata
1257 1498 1377 1544 sunt
1398 1506 1429 1542 a
1452 1496 1593 1541 terra
1628 1500 1721 1539 co-

128 1618 246 1655 ram
270 1617 391 1666 me;
425 1608 475 1654 et
505 1597 612 1652 illis
640 1594 1019 1669 egredientibus
1057 1601 1185 1647 rota:
1212 1605 1412 1662 quoque
1434 1587 1721 1643 subsecuta:

131 1700 291 1759 sunt;
313 1700 365 1748 et
395 1692 533 1747 stetit
561 1691 614 1745 in
645 1689 863 1746 introitu
892 1687 1077 1742 domus
1102 1683 1315 1740 Domini
1341 1691 1504 1754 porta:
1537 1679 1725 1735 Orien-

128 1784 272 1850 talis,
317 1792 370 1838 et
408 1782 578 1855 gloria
621 1782 717 1837 Dei
748 1779 917 1835 Israel
958 1787 1071 1833 erat
1113 1793 1269 1847 super
1321 1792 1402 1829 ea.
1442 1773 1623 1843 Ipsum
1649 1781 1722 1825 est

131 1875 336 1932 animal
385 1876 527 1948 quod
568 1874 677 1929 vidi
708 1890 865 1944 super
897 1872 1178 1927 Dominum
1214 1866 1382 1923 Israel
1420 1866 1579 1936 juxta
1622 1866 1723 1935 ﬂu-

1818 653 2010 721 tribus,
2039 651 2134 708 sed
2163 652 2239 707 ita
2265 650 2503 706 errantia
2537 652 2924 723 corrigentem;
2962 662 3123 718 quam
3154 647 3207 702 in
3247 644 3394 703 Scri-

1813 744 1989 816 pturis
2017 743 2285 800 interdum
2316 742 2507 798 vocari
2532 741 2760 813 legimus
2796 739 3082 812 Spiritum,
3109 739 3197 811 qui
3234 739 3394 793 inter-

1815 834 1972 908 pellat
2027 851 2121 906 pro
2177 833 2323 888 nobis
2377 832 2651 904 gemitibus
2708 830 3164 886 inenarrabilibus.
3225 829 3395 884 Nemo

1816 928 1953 982 enim
1979 927 2073 981 scit
2106 943 2168 981 ea
2203 941 2319 996 qua:
2354 923 2577 978 hominis
2616 931 2754 989 sunt,
2778 923 2895 995 (nisi
2926 920 3182 992 Spiritus,
3214 920 3303 991 qui
3339 919 3398 973 in

1816 1035 1876 1073 eo
1904 1027 1978 1073 est
2008 1016 2184 1089 (Rom.
2225 1031 2359 1082 vIII;
2401 1014 2430 1068 Ι
2476 1013 2598 1070 Cor.
2648 1013 2736 1088 II),
2778 1021 2939 1084 quem
2987 1019 3042 1067 et
3087 1012 3284 1067 Paulus
3328 1010 3399 1067 ad

1818 1109 2326 1166 Thessalonicenses
2379 1106 2623 1162 scribens
2670 1120 2796 1160 cum
2844 1104 3023 1159 anima
3071 1112 3125 1158 et
3174 1114 3400 1173 corpore

1818 1200 2024 1256 servari
2062 1200 2331 1270 integrum
2370 1198 2691 1267 deprecatur
2726 1194 2775 1269 (1
2818 1193 2970 1249 Thes.
2994 1193 3083 1265 ιγ).
3115 1192 3182 1246 Et
3219 1203 3399 1246 tamen

1819 1292 1959 1348 hanc
1986 1306 2200 1361 quoque
2241 1288 2625 1345 conscientiam
2658 1287 2813 1359 juxta
2846 1284 2976 1340 illud
3002 1283 3146 1355 quod
3172 1283 3228 1337 in
3260 1281 3399 1337 Pro-

1819 1383 2016 1440 verbiis
2053 1383 2312 1452 scriptum
2339 1392 2459 1437 est:
2486 1380 2690 1452 Impius
2720 1395 2837 1434 cum
2863 1377 3057 1433 venerit
3092 1376 3149 1430 in
3181 1373 3401 1446 profun-

1822 1478 1945 1532 dum
1968 1486 2316 1548 peccatorum,
2361 1474 2638 1530 contemnit
2682 1472 2862 1546 (Prov.
2904 1469 3084 1549 XVIII),
3127 1468 3401 1525 cernimus

1819 1572 2164 1645 praecipitari,
2206 1588 2269 1628 ac
2298 1570 2560 1642 quosdam
2608 1576 2663 1623 et
2706 1580 2863 1621 suum
2907 1563 3088 1619 locum
3126 1560 3399 1624 omittere,

1821 1666 1913 1736 qui
1956 1680 2055 1721 nec
2104 1665 2362 1734 pudorem
2405 1659 2622 1732 quidem
2674 1665 2731 1713 et
2783 1652 3165 1712 verecundiam
3201 1651 3405 1706 habent

1824 1757 1877 1812 in
1915 1757 2143 1821 delictis,
2194 1763 2249 1811 et
2292 1760 2569 1809 merentur
2612 1749 2844 1805 audire:
2878 1746 3067 1801 Facies
3115 1741 3402 1799 meretricis

1824 1848 1964 1918 facta
1992 1857 2064 1902 est
2095 1847 2209 1913 tibi,
2238 1847 2403 1902 nescis
2427 1843 2723 1898 erubescere
2748 1838 2885 1913 (Jer.
2910 1837 3015 1910 III).

561 1928 631 2018 Et
656 1928 889 2018 intellexi
912 1961 1051 2034 quod
1081 1958 1346 2015 cherubim
1368 1928 1554 2012 essent.
1583 1928 1722 2019 Qua-
1747 1956 1795 2016 B
1863 1941 2040 2034 quam}
2063 1956 2190 2012 ergo
2218 1939 2538 2009 quadrigam
2577 1936 2634 1991 ἱιι
2668 1935 2871 2005 auriga:
2897 1932 3118 1987 ιι)οάυηῖ
3148 1928 3293 1983 Deus

133 2068 256 2114 tuor
280 2058 463 2114 vultus
484 2057 598 2123 uni,
628 2065 679 2110 et
710 2064 936 2126 quatuor
962 2052 1063 2107 ala:
1088 2051 1199 2116 uni,
1224 2067 1269 2104 et
1292 2045 1589 2103 similitudo
1611 2061 1725 2099 ma-

130 2168 229 2207 nus
267 2151 501 2206 hominis
542 2148 636 2204 sub
675 2146 775 2202 alis
818 2160 1031 2210 eorum,
1078 2152 1125 2198 et
1165 2139 1452 2196 similitudo
1489 2135 1724 2193 vultuum

129 2258 339 2310 eorum,
359 2242 466 2311 ipsi
494 2240 663 2296 vultus
689 2254 818 2311 quos
839 2237 1072 2292 videram
1089 2234 1252 2306 juxta
1280 2232 1497 2302 ﬂuvium
1518 2226 1726 2284 Chobar

134 2332 358 2405 (Ezech.
392 2331 473 2405 ι).

197 2424 375 2497 Igitur
422 2423 549 2494 quia
590 2422 742 2479 locus
792 2422 1045 2477 inventus
1090 2426 1174 2474 est
1215 2416 1307 2473 ubi
1360 2415 1426 2472 de
1463 2412 1725 2485 quadriga

136 2515 450 2580 cherubim,
488 2514 682 2584 quibus
713 2511 1037 2583 praesidebat
1063 2510 1235 2581 gloria
1283 2507 1402 2574 Dei,
1450 2513 1723 2571 narratur,

133 2607 432 2676 specialem
477 2604 595 2676 ejus
649 2603 1064 2677 signiﬁcantium
1112 2601 1270 2671 juxta
1318 2598 1539 2654 Patrum
1583 2597 1727 2654 dicta

130 2697 379 2754 edissera
388 2712 532 2753 mus.
1220 2700 1261 2735 ⁸

202 2790 284 2845 De
330 2799 572 2860 quatuor
614 2802 745 2859 ergo
797 2785 1121 2842 animalibus
1145 2827 1160 2853 ,
1209 2798 1439 2857 quorum
1480 2790 1729 2853 aspectus

133 2887 254 2936 erat
281 2877 584 2935 similitudo
609 2876 866 2943 hominis,
896 2877 972 2932 ita
1000 2877 1286 2941 duntaxat,
1307 2881 1370 2929 ut
1394 2872 1603 2944 singula
1630 2871 1729 2926 ha-

134 2970 333 3027 berent
358 2978 652 3041 quaternas
691 2968 859 3025 facies
885 2977 941 3024 et
968 2976 1261 3039 quaternas
1296 2964 1431 3030 alas,
1459 2962 1732 3035 pedesque

134 3068 340 3127 rectos,
367 3067 423 3115 et
446 3058 686 3140 plantam
709 3058 862 3129 pedis
887 3057 1042 3129 quasi
1059 3055 1348 3127 vestigium
1375 3053 1532 3124 pedis
1552 3050 1728 3117 vituli,

137 3152 366 3222 quidam
404 3163 638 3224 quatuor
661 3150 950 3223 Evangelia
975 3151 1171 3208 horum
1205 3147 1516 3204 animalium
1542 3151 1735 3217 putant

132 3245 456 3301 nominibus
491 3244 732 3316 signari:
770 3242 1025 3308 Matthzei,
1077 3241 1223 3312 quod
1261 3239 1416 3310 quasi
1459 3238 1733 3295 hominem

1824 2032 1920 2104 git,
1945 2040 2000 2088 et
2018 2029 2390 2102 incompositis
2414 2033 2719 2083 currentem
2739 2024 2996 2096 gradibus
3021 2019 3278 2083 refrenat,
3303 2016 3400 2072 do-

1826 2125 2144 2196 cibilemque
2176 2122 2325 2189 facit,
2360 2130 2418 2177 et
2440 2135 2540 2176 suo
2563 2132 2758 2189 parere
2785 2115 2928 2187 cogit
2956 2112 3202 2182 imperio.
3233 2109 3408 2176 Quam

1826 2217 2244 2288 disputationem
2274 2213 2509 2285 partium
2540 2212 2753 2273 animae,
2798 2208 2852 2263 id
2884 2213 2986 2272 est,
3027 2202 3284 2267 hominis,
3314 2197 3410 2269 qui

1826 2309 2006 2364 minor
2031 2306 2262 2362 mundus
2289 2304 2358 2360 ab
2386 2304 2505 2360 istis
2532 2301 2867 2374 philosophis
2888 2296 3208 2368 appellatur,
3230 2302 3286 2349 et
3310 2305 3412 2347 nos

1827 2400 2173 2470 attingemus.
2207 2396 2347 2451 Sunt
2377 2395 2471 2466 qui
2501 2393 2823 2463 simpliciter
2859 2390 2914 2445 in
2948 2394 3182 2458 quatuor
3206 2382 3412 2438 anima-

1825 2493 1966 2550 libus
1988 2492 2142 2563 juxta
2165 2486 2506 2559 Hippocratis
2533 2483 2859 2541 sententiam
2886 2485 3119 2549 quatuor
3144 2474 3414 2529 arbitran-

1830 2592 1915 2640 tur
1938 2583 2203 2639 elementa
2231 2586 2543 2642 monstrari,
2580 2576 2648 2630 de
2680 2574 2877 2644 quibus
2901 2576 3156 2627 constant
3181 2563 3367 2621 omnia
3392 2575 3411 2617 :

1828 2679 2027 2751 ignem,
2056 2690 2260 2740 aerem,
2291 2686 2488 2744 aquam
2520 2677 2849 2737 terramque.

1898 2769 2142 2838 Quatuor
2160 2761 2298 2837 ergo
2338 2771 2489 2819 rotas
2515 2762 2583 2817 de
2615 2758 2848 2815 terrenis
2885 2756 2955 2812 ad
2996 2751 3248 2811 sublimia
3273 2756 3417 2807 'con-

1829 2867 2115 2932 surgentes
2139 2855 2365 2928 singulis
2395 2863 2450 2910 et
2476 2849 2936 2925 quadriformibus
2974 2848 3183 2903 vinctas
3211 2842 3419 2899 anima-

1830 2930 1971 3007 libus
1992 2959 2049 3006 et
2079 2947 2394 3006 eorumdem
2425 2945 2815 3002 elementorum
2844 2936 3233 2996 commixtione
3268 2930 3416 2988 testi-

1832 3050 2020 3098 mant:
2051 3050 2108 3097 et
2135 3048 2442 3110 temporum
2470 3036 2755 3101 circulum,
2794 3033 2888 3104 qui
2930 3030 3100 3088 ternis
3137 3026 3421 3085 coniicitur

1835 3135 2128 3199 mensibus,
2181 3146 2491 3201 annumque
2538 3134 2868 3192 vertentem,
2916 3124 3011 3194 qui
3054 3122 3122 3177 ab
3167 3135 3235 3176 eo
3276 3112 3423 3188 quod

1837 3242 2050 3299 semper
2076 3232 2336 3289 vertatur,
2371 3231 2427 3278 et
2470 3222 2527 3276 in
2554 3236 2613 3277 se
2654 3218 2862 3282 redeat,
2904 3228 3098 3270 nomen
3127 3207 3422 3279 acceperit,

136 3336 473 3407 descripsit:
510 3306 665 3391 Liber
691 3306 1040 3407 generationis
1079 3306 1212 3388 jesu
1248 3306 1443 3387 Christi
1482 3328 1583 3399 ﬁlii
1623 3327 1738 3382 Da-
1765 3324 1811 3388 C
1841 3317 2130 3392 de_quibus
2154 3313 2381 3387 pulchre
2404 3328 2512 3367 uno
2534 3307 2803 3366 versiculo
2826 3306 3029 3362 dictum
3060 3312 3177 3357 est:

133 3427 250 3492 vid,
282 3426 389 3496 ﬁlii
412 3426 678 3481 Abraham
707 3424 922 3498 (Matth.
947 3423 1009 3496 I).
1035 3422 1233 3479 Leonis
1270 3420 1338 3477 ad
1364 3419 1611 3494 Marcum
1643 3429 1733 3472 re-

136 3518 360 3579 fertur:
397 3518 620 3593 lnitium
656 3516 927 3589 Evangelii
954 3515 1084 3572 Iesu
1112 3514 1312 3571 Christi
1337 3513 1435 3584 ﬁlii
1466 3512 1566 3568 Dei
1602 3513 1737 3567 sicut

139 3613 403 3682 scriptum
440 3621 517 3667 est
569 3611 625 3665 in
672 3609 821 3665 Isaia
866 3609 1119 3680 propheta
1148 3622 1167 3660 :
1204 3605 1319 3662 Vox
1363 3604 1641 3660 clamantis
1680 3603 1737 3658 in

143 3702 375 3769 deserto,
414 3699 614 3757 Parate
650 3701 788 3756 viam
829 3700 1068 3768 Domini,
1113 3710 1281 3755 rectas
1328 3698 1484 3769 facite
1525 3696 1736 3752 semitas

145 3794 245 3851 Dei
291 3795 459 3850 nostri
508 3793 700 3867 (Marc.
747 3793 810 3866 ι).
855 3793 1021 3850 Vituli
1065 3795 1135 3848 ad
1171 3792 1330 3848 Lucae
1363 3790 1736 3862 Evangelium,

149 3884 294 3955 quod
319 3900 352 3940 a
376 3885 655 3941 Zachariae
678 3885 867 3956 incipit
890 3884 1214 3941 sacerdotio.
1246 3882 1458 3954 Aquilia
1484 3884 1554 3938 ad
1578 3881 1740 3938 Joan-

151 3976 235 4032 nis
267 3976 572 4043 exordium,
603 3975 694 4046 qui
716 3975 785 4031 ad
804 3975 1076 4031 excelsum
1102 3974 1326 4031 evolans
1347 3975 1423 4029 ita
1449 3973 1613 4043 empit
1634 3990 1648 4027 :
1671 3971 1742 4027 In

152 4066 408 4138 principio
438 4074 551 4121 erat
583 4063 827 4133 Verbum,
848 4075 898 4121 et
926 4064 1154 4122 Verbum
1177 4072 1289 4121 erat
1317 4064 1458 4137 apud
1481 4063 1671 4131 Deum,
1692 4071 1742 4119 et

157 4153 298 4212 Deus
318 4166 434 4211 erat
468 4155 694 4211 Verbum
724 4154 905 4229 (Joan.
933 4156 995 4229 I).
1020 4228 1021 4231 η

225 4247 330 4305 Alii
364 4263 519 4315 vero,
557 4250 650 4318 qui
686 4248 1156 4320 philosophorum
1178 4249 1401 4306 stultam
1445 4255 1746 4321 sequuntur

160 4342 504 4413 sapientiam,
534 4340 640 4395 duo
680 4340 1059 4410 hemisphaeria
1090 4342 1146 4396 in
1175 4340 1383 4397 duobus
1408 4340 1589 4410 templi
1615 4341 1745 4395 che-

163 4433 356 4499 rubim,
388 4448 495 4489 nos
522 4440 578 4487 et
606 4431 910 4501 antipodas,
953 4430 1109 4501 quasi
1157 4430 1380 4501 supinos
1403 4440 1458 4486 et
1494 4431 1747 4486 cadentes

163 4519 438 4588 homines,
469 4521 831 4591 suspicantur.

231 4609 510 4682 Plerique,
527 4609 683 4680 juxta
709 4608 1005 4676 Platonem,
1034 4610 1301 4667 rationale
1324 4609 1538 4676 animae,
1563 4616 1618 4665 et
1646 4608 1750 4664 ira-

1970 3453 2096 3518 Ver,
2121 3460 2286 3515 aestas,
2313 3457 2589 3511 autumnus,
2611 3449 2790 3510 hiems,
2816 3449 2870 3497 et
2885 3441 3089 3503 mensis,
3114 3445 3165 3490 et
3184 3447 3356 3488 annus.

1837 3579 2089 3651 quodque
2117 3576 2335 3643 dicitur,
2364 3583 2476 3631 erat
2504 3575 2560 3629 in
2593 3580 2732 3628 rota.
2757 3583 2959 3626 annum
2984 3567 3039 3621 in
3065 3576 3238 3620 annos
3259 3555 3426 3629 signi-

1843 3669 1998 3725 ﬁcari
2027 3675 2234 3739 putant.
2264 3667 2341 3723 De
2371 3681 2477 3738 quo
2505 3664 2642 3720 alius
2665 3671 2826 3736 poeta
2851 3679 2865 3715 :

1965 3783 2128 3846 Atque
2151 3782 2203 3832 in
2223 3793 2282 3831 se
2304 3792 2388 3830 sua
2416 3790 2505 3842 per
2533 3778 2739 3840 vestigia
2762 3773 2971 3828 volvitur
2996 3780 3166 3820 annus.

1908 3880 2265 3941 Firmamenti
2294 3878 2667 3945 similitudine,
2699 3890 2821 3948 qua:
2864 3868 3121 3944 crystallo
3151 3875 3433 3935 compara-

1842 3985 1951 4045 tur,
1978 3974 2177 4032 ccelum
2210 3974 2334 4037 hoc,
2367 3968 2511 4040 quod
2557 3964 2904 4037 suspicimus,
2951 3957 3178 4028 intelligi
3221 3952 3430 4045 volunt,

1843 4042 1944 4126 sub
1971 4083 2080 4138 quo
2106 4064 2396 4122 volvuntur
2432 4068 2488 4117 et
2530 4063 2815 4115 transeunt
2844 4058 3077 4125 quatuor
3113 4042 3433 4108 animantia,

1846 4159 2205 4226 thronumque
2237 4152 2439 4210 coloris
2478 4147 2754 4220 sapphyri,
2797 4141 3170 4219 etosedentem
3206 4138 3435 4204 desuper

1844 4250 2119 4305 hominem
2140 4246 2241 4301 sub
2265 4246 2503 4301 humana
2531 4235 2903 4301 similitudine,
2931 4229 3218 4303 imperium
3243 4231 3436 4283 cuncta

1845 4338 2083 4410 regentis
2113 4337 2404 4404 omniaque
2434 4330 2684 4387 habentis
2719 4326 2819 4382 sub
2852 4323 3081 4395 pedibus
3109 4319 3222 4375 suis
3259 4314 3437 4372 omni-

1846 4408 2101 4502 potentiae
2142 4428 2237 4482 Dei
2279 4423 2512 4480 dcscribi
2552 4425 2856 4480 autumant,
2901 4413 3115 4481 dicique
3153 4408 3221 4464 ad
3259 4414 3439 4461 extre-

1848 4496 1998 4576 inum
2040 4519 2129 4574 hic
2155 4516 2421 4573 visionem
2451 4506 2819 4567 similitudinis
2847 4502 3031 4575 gloria:
3078 4496 3314 4563 Domini,
3342 4506 3441 4565 per

1851 4627 2036 4681 quam,
2079 4608 2233 4681 quasi
2278 4622 2377 4676 per
2412 4603 2683 4674 picturam
2717 4593 3012 4669 quamdam
3044 4597 3101 4649 et
3127 4587 3438 4659 imaginem,

172 4703 436 4759 scentiam
461 4710 516 4758 et
547 4702 1036 4773 concupiscentiam
1062 4704 1132 4760 ad
1159 4703 1432 4760 hominem
1462 4710 1517 4759 et
1543 4701 1754 4759 leonem
1778 4689 1832 4748 D
1858 4700 2261 4757 Providentiam
2292 4692 2674 4752 demonstrari.

174 4806 235 4849 ac
274 4794 505 4851 vitulum
552 4793 832 4862 referunt,
883 4796 1148 4852 rationem
1188 4811 1253 4852 ac
1303 4795 1663 4865 cognitionem
1700 4801 1756 4849 et

175 4894 410 4943 mentem
455 4895 513 4943 et
552 4888 868 4955 consilium,
914 4889 1271 4958 eamdemque
1303 4888 1557 4943 virtutem
1595 4894 1756 4956 atque

180 4976 499 5045 sapientiam
526 4978 581 5032 in
610 4992 736 5034 arce
761 4978 1039 5034 cherubim
1068 4979 1289 5034 humani
1317 4986 1599 5048 ponentes,
1630 4976 1759 5031 feri-

186 5071 345 5122 tatem
385 5083 522 5124 vero
567 5075 624 5123 et
664 5068 999 5123 iracundiam
1029 5077 1191 5140 atque
1216 5068 1523 5126 violentiam
1563 5069 1619 5124 in
1645 5068 1762 5123 leo-

185 5171 323 5226 nem,
352 5176 476 5232 qua:
505 5159 756 5216 consistit
783 5159 841 5214 in
870 5158 992 5215 felle
1020 5177 1034 5213 :
1063 5175 1226 5229 porro
1272 5160 1573 5227 libidinem,
1612 5160 1763 5216 luxu-

189 5247 317 5305 riam
355 5262 411 5309 et
457 5253 699 5308 omnium
747 5251 1082 5323 voluptatum
1123 5252 1428 5321 cupidinem
1465 5252 1521 5307 in
1556 5251 1759 5322 jecore,

154 5378 157 5379 ν
191 5339 241 5395 id
267 5354 368 5411 est,
398 5348 456 5401 in
486 5346 675 5414 vitulo,
714 5346 806 5416 qui
856 5354 1013 5401 terra:
1052 5342 1304 5415 operibus
1336 5344 1561 5410 haereat,
1600 5343 1765 5398 iram-

194 5446 292 5502 que
318 5449 542 5507 ponunt,
574 5456 695 5511 qua:
724 5454 885 5510 supra
914 5439 1050 5504 haec,
1074 5445 1128 5492 et
1149 5445 1303 5492 extra
1328 5436 1442 5492 haec
1469 5444 1571 5505 est,
1601 5451 1766 5506 quam

181 5520 364 5582 Graeci
397 5540 594 5586 vocant
636 5530 860 5595 Sinesin,
901 5544 1019 5599 quae
1052 5528 1284 5584 scintilla
1327 5527 1669 5584 conscientia:
1711 5526 1768 5581 in

160 5650 165 5661 ε
199 5612 324 5669 Cain
351 5634 563 5690 quoque
600 5629 837 5690 pectore,
872 5630 1157 5689 postquam
1184 5619 1387 5688 cjectus
1414 5627 1498 5673 est
1518 5620 1585 5674 de
1613 5633 1771 5688 para-

162 5726 170 5742 ν
198 5703 335 5774 Iliso,
363 5726 467 5766 non
508 5713 883 5784 exstinguitur,
928 5722 980 5766 et
1021 5712 1148 5766 victi
1176 5711 1537 5781 voluptatibus
1566 5710 1648 5764 vel
1690 5710 1770 5764 fu-

164 5808 173 5825 ”
192 5806 342 5864 τοτε,
365 5801 586 5874 ipsaque
612 5803 883 5860 interdum
906 5802 1132 5861 rationis
1161 5802 1370 5873 decepti
1399 5800 1769 5867 similitudine,

170 5906 183 5913 '
202 5894 308 5957 ἠ
336 5903 557 5967 peccare
586 5895 871 5957 sentimus.

1930 4792 2188 4861 Quodque
2231 4789 2395 4860 pedes
2425 4782 2781 4842 animantium
2820 4777 2957 4835 recti
3001 4789 3121 4833 esse
3166 4773 3439 4833 dicantur,

1861 4896 1915 4943 et
1949 4859 2130 4957 planta
2173 4859 2325 4953 pedis
2368 4880 2542 4946 vituli,
2581 4893 2677 4934 seu
2717 4872 2949 4930 rotunda
2993 4877 3337 4934 terrenaque,
3373 4859 3443 4957 ad

1862 4948 2103 5035 coelestia
2154 4948 2454 5037 subvolare,
2504 4978 2559 5024 et
2602 4965 2854 5022 omnibus
2898 4956 3110 5030 angulis
3150 4948 3444 5022 amputatis

1864 5066 2248 5125 rotunditatem
2274 5060 2447 5131 sequi,
2475 5072 2595 5129 quae
2618 5054 2860 5110 omnium
2880 5049 3179 5120 ﬁgurarum
3200 5040 3447 5114 pulcher-

1866 5161 2004 5213 rima
2036 5164 2145 5220 est;
2188 5128 2447 5208 scintillas
2484 5128 2768 5203 rutilantes
2801 5147 2996 5197 cuncta
3030 5136 3189 5208 plena
3227 5128 3446 5187 luminis

1865 5249 2125 5313 iudicare,
2167 5252 2223 5300 et
2258 5257 2449 5298 manus
2478 5236 2713 5293 hominis
2741 5233 2842 5289 sub
2867 5227 3078 5301 ,pennis
3118 5234 3232 5281 tam
3279 5220 3447 5292 ipsius

1867 5338 2101 5396 hominis
2126 5350 2289 5407 quam
2310 5332 2482 5388 leonis
2505 5336 2561 5384 et
2580 5324 2733 5380 vituli
2754 5331 2809 5378 et
2835 5320 3047 5392 aquilae,
3073 5324 3134 5373 ut
3160 5316 3298 5372 ratio
3324 5329 3450 5370 cun-

1869 5440 1956 5487 cta
1993 5405 2258 5486 sustentet
2296 5441 2361 5480 ac
2392 5423 2457 5479 de
2487 5418 2788 5476 humilitate
2834 5422 3048 5470 terrena
3094 5410 3164 5466 ad
3205 5405 3449 5464 coelestia

1873 5523 2134 5580 sublevet.
2167 5519 2293 5573 Haec
2318 5531 2448 5587 ergo
2491 5512 2560 5567 ad
2602 5508 2891 5580 Evangelia
2916 5513 2972 5561 et
2997 5505 3063 5561 ad
3099 5510 3292 5558 cuncta
3333 5512 3452 5568 qua!

1879 5628 2041 5684 supra
2068 5609 2344 5682 posuimus
2381 5602 2572 5658 referri
2615 5606 2860 5672 possunt.
2883 5596 3073 5650 Posset
3102 5591 3267 5648 etiam
3296 5588 3452 5659 juxta

1878 5720 2177 5775 anagogcn,
2204 5702 2345 5755 sicut
2368 5705 2600 5767 quatuor
2625 5691 2878 5747 animalia
2912 5695 3145 5756 quatuor
3167 5675 3455 5747 Evangelia

1879 5806 1935 5852 ct
1973 5770 2204 5865 quatuor
2230 5786 2590 5857 evangelistas
2630 5780 2968 5852 signiﬁcant,
3006 5774 3088 5830 sic
3122 5770 3224 5831 sub
3265 5778 3454 5843 eorum

1866 5863 2064 5965 specie
2097 5878 2257 5943 simul
2286 5875 2556 5955 perfectos
2581 5884 2753 5933 annos
2774 5863 3089 5947 signiﬁcari.
