3920 6518
526 409 561 465 ιί
576 407 632 462 l5

1185 405 1246 460 B.
1288 402 1543 461 RABANI
1581 400 1798 462 MAURI
1834 399 2159 461 ARCHIEP.
2198 399 2506 462 MOGUNT.
2541 401 2828 465 OPERUH
2863 407 3044 467 PARS
3076 408 3120 466 l.

3690 413 3783 471 ιιε

526 523 980 598 dispensationem
1009 528 1272 591 suscepta:
1293 519 1645 575 humanitatis
1664 528 1794 575 tunc
1818 518 1951 574 dicit
1967 531 2092 573 eum
2119 514 2173 574 A
2196 517 2565 575 substantiam
2605 528 2880 577 terrenam
2929 523 3014 578 vel
3043 524 3259 581 divitias
3291 526 3486 583 mundi
3517 541 3781 599 queram,

526 619 606 674 sic
631 622 1001 679 consecratum
1026 627 1147 669 esse
1172 613 1228 668 in
1264 627 1431 683 regno
1463 627 1583 673 suo.
1613 613 1826 682 quando
1853 627 1949 684 per
1974 626 2097 682 pas-

526 709 733 765 sionem
755 705 932 760 crucis
950 704 1018 759 de
1060 710 1281 758 auctore
1310 702 1501 757 mortis
1532 702 1902 773 triumphavit,
1933 709 1990 758 et
2012 718 2099 759 re-

526 813 689 870 gnum
714 796 933 853 cmleste
956 803 1119 863 atque
1138 801 1397 849 terrestre
1418 793 1520 849 sibi
1548 792 1983 865 acquisivit(Col.
2008 793 2091 867 ιι).

527 888 681 944 Unde
728 900 1018 959 resurgens
1058 901 1091 941 a
1122 885 1371 951 mortuis,
1410 899 1783 954 apparensque
1819 883 2095 955 discipulis

526 980 663 1047 suis,
694 979 798 1033 ait:
826 978 967 1033 Data
992 987 1066 1032 est
1094 977 1221 1031 mihi
1242 977 1407 1031 omnis
1437 965 1666 1047 potestas.
1688 978 1743 1031 in
1788 976 1913 1031 calo
1949 986 1996 1031 et
2037 978 2094 1033 in

526 1080 689 1136 terra,
715 1078 769 1125 et
794 1069 996 1139 reliqua
1013 1068 1225 1140 (Matth.
1252 1070 1465 1138 xxvm).
1490 1068 1577 1134 Et,
1607 1068 1879 1133 Dominus,
1898 1068 2091 1139 inquit,

527 1174 638 1219 erat
662 1181 778 1219 cum
804 1182 861 1219 eo
882 1163 1019 1235 (Act.
1047 1161 1125 1234 ιι),
1150 1164 1273 1233 quia
1302 1162 1463 1218 Pater
1483 1180 1695 1234 semper
1731 1173 1816 1220 est
1839 1180 1963 1219 cum
2000 1164 2093 1220 Fi-

528 1257 787 1314 lio.Unde
826 1258 943 1328 ipsa
981 1255 1190 1311 Veritas
1217 1257 1321 1311 ait:
1349 1256 1452 1322 Qui
1482 1274 1560 1311 me
1601 1257 1739 1311 misit
1769 1273 1967 1312 mecum
1999 1267 2094 1323 est,

527 1358 576 1402 et
625 1365 731 1402 non
757 1348 963 1419 reliquit
1000 1364 1079 1402 me
1100 1346 1289 1413 solum,
1336 1348 1459 1418 quia
1494 1364 1611 1418 qua:
1659 1346 1852 1418 placita
1892 1357 2010 1402 sunt
2049 1348 2096 1403 ei

536 1438 666 1493 "acia
686 1456 885 1509 semper
911 1439 1092 1508 (Joan.
1130 1441 1268 1506 VIII).
1301 1437 1440 1492 lliuc
1468 1447 1523 1493 et
1553 1438 1743 1493 Petrus
1767 1438 1821 1493 in
1871 1439 2091 1495 Actibus

527 1529 885 1600 apostolorum
928 1529 996 1584 ad
1021 1527 1234 1583 Iudaeos
1268 1530 1382 1583 ait:
1428 1527 1534 1581 Viri
1575 1528 1784 1595 fratres,
1833 1547 1923 1585 vos
1953 1531 2094 1586 scitis

526 1619 666 1690 quod
710 1618 906 1688 factum
959 1628 1033 1673 est
1100 1619 1308 1672 verbum
1354 1634 1446 1688 per
1481 1619 1774 1673 universam
1811 1619 2094 1676 Iudaeam:

525 1708 773 1779 incipiens
819 1710 956 1763 enim
1003 1726 1036 1763 a
1086 1706 1308 1762 Galilcea
1340 1717 1450 1777 post
1494 1708 1749 1779 baptisma
1801 1710 1938 1781 quod
1964 1725 2097 1781 prte-

526 1799 715 1855 dicarit
760 1799 1023 1865 Joannes,
1060 1799 1242 1855 Iesum
1275 1818 1307 1854 a
1349 1800 1619 1856 Nazareth
1661 1803 1918 1873 quomodo
1947 1803 2094 1858 unxit

2200 610 2296 665 sed
2329 611 2648 681 sapientiam
2683 620 2740 668 et
2767 614 3050 670 scientiam
3077 615 3212 687 legis
3236 616 3335 672 Dei
3365 627 3545 689 atque
3572 620 3782 679 divitias

2197 702 2459 759 virtutum
2512 714 2808 776 appetant,
2864 715 2925 763 ut
2958 708 3169 779 possint
3193 712 3457 783 populum
3496 711 3603 768 Dei
3638 714 3781 786 digne

2191 792 2458 864 judicare,
2485 803 2541 851 et
2566 798 2867 867 ingressum
2908 800 3027 871 ejus
3065 802 3136 857 ad
3183 802 3343 860 ﬁdem
3396 813 3579 876 atque
3610 820 3780 877 egres-

2197 903 2317 943 sum
2361 890 2429 944 ad
2464 881 2702 959 speciem
2730 899 2947 948 aeternae
2973 894 3323 952 beatitudinis
3374 897 3491 953 rite
3532 914 3606 954 ac
3634 900 3781 956 ratio-

2183 978 2448 1034 nabiliter
2475 981 2716 1037 docendo
2758 983 2808 1038 ei
2838 983 3228 1041 demonstrare.

2237 1137 2241 1141 ν
2272 1067 2424 1123 Venit
2451 1086 2572 1141 ergo
2608 1069 2859 1128 Salomon
2888 1073 2953 1128 ab
2990 1073 3191 1130 excelso
3218 1073 3445 1132 Gabaon
3474 1077 3544 1131 in
3573 1076 3780 1132 Jerusa-

2195 1160 2295 1216 lem
2337 1178 2513 1217 coram
2559 1158 2897 1220 tabernaculo
2946 1165 3176 1236 foederis.
3214 1167 3368 1236 Quod
3399 1169 3551 1225 dicit
3578 1187 3596 1223 :
3624 1187 3780 1225 cora

2195 1252 2527 1307 tabernaculo
2550 1254 2778 1324 fcederis,
2806 1256 3076 1328 significat
3115 1275 3297 1315 arcam
3326 1259 3591 1326 Domini,
3616 1260 3675 1314 in
3694 1276 3781 1331 qn

2195 1332 2387 1397 tabula:
2414 1346 2722 1400 testamenti
2746 1360 2810 1401 ac
2830 1348 2974 1416 pacti
3003 1349 3236 1416 Domini,
3259 1351 3408 1421 quod
3440 1350 3779 1421 pepigitam

2195 1431 2376 1499 Israel,
2411 1432 2687 1489 collocata:
2708 1431 2884 1503 erant,
2902 1438 3141 1494 maxime
3164 1454 3286 1495 cum
3316 1440 3372 1495 in
3409 1440 3781 1510 superiorm

2197 1522 2270 1577 ita
2291 1523 2550 1593 scriptum
2576 1525 2645 1579 sit
2678 1543 2690 1579 :
2733 1522 3152 1583 Tabernaculum
3176 1538 3353 1584 autem
3374 1529 3639 1596 Domini,
3663 1534 3781 1601 quod

2196 1612 2391 1682 fecerat
2431 1612 2636 1685 Moyses
2674 1614 2728 1669 in
2783 1616 3007 1685 deserto,
3039 1627 3090 1672 et
3141 1618 3307 1674 altare
3347 1620 3784 1675 holan
3814 1622 3845 1655 ⁸

2196 1700 2375 1755 eadem
2427 1711 2724 1773 tempestate
2759 1715 2874 1759 erat
2922 1707 2980 1760 in
3016 1707 3217 1763 excelso
3262 1708 3492 1765 Gabaon
3516 1751 3538 1777 ,
3599 1718 3654 1764 et
3696 1727 3787 1765 non

2169 1794 2466 1864 praevaluit
2510 1796 2682 1853 Dauid
2712 1798 2789 1853 ire
2824 1798 2895 1853 ad
2922 1799 3112 1867 altare,
3152 1808 3211 1855 ut
3238 1800 3311 1855 ibi
3340 1802 3662 1855 obsecraret
3687 1800 3786 1856 Do-

524 1908 642 1946 eum
668 1892 809 1947 Deus
844 1891 1046 1963 Spiritu
1086 1903 1266 1947 sancto
1305 1902 1352 1948 et
1392 1894 1601 1961 virtute,
1629 1894 1718 1963 qui
1770 1893 2100 1964 pertransivit
2126 1888 2175 1950 Β
2201 1886 2400 1940 "linum
2425 1904 2443 1950 ξ
2474 1889 2634 1943 ηἱηιὶο
2661 1891 2796 1944 enim
2827 1890 3000 1960 fuerat
3026 1900 3224 1947 terrore
3241 1894 3597 1963 perterritus,
3627 1894 3789 1948 Elim

526 1980 894 2048 benefaciendo
918 1992 966 2037 et
1012 1982 1250 2037 sanando
1281 1999 1457 2038 omnes
1507 2000 1776 2055 oppressos
1814 2002 1847 2039 a
1870 1983 2097 2051 diabolo,

525 2073 771 2147 quoniam
813 2073 957 2130 Deus
984 2084 1097 2129 erat
1133 2091 1250 2129 cum
1277 2074 1388 2130 illo.
1428 2074 1593 2141 Quem
1620 2076 1761 2132 Deus
1799 2075 1963 2133 Pater
1987 2096 2101 2134 ma-
2148 2102 2152 2106 θ

524 2163 787 2233 gniﬁcavit
813 2164 949 2237 (Act.
977 2165 1060 2237 ις),
1083 2167 1186 2222 hoc
1221 2174 1305 2222 est
1347 2167 1401 2221 in
1430 2167 1702 2223 excelsum
1724 2169 2010 2236 exultavit;
2051 2181 2100 2225 et

524 2255 666 2310 dedit
696 2255 776 2311 illi
814 2274 1022 2325 nomen,
1050 2259 1188 2329 quod
1227 2267 1304 2313 est
1352 2275 1506 2330 super
1544 2275 1696 2314 omne
1736 2276 1921 2316 nomen
1948 2259 2101 2334 (Phi-

523 2344 615 2416 lip.
645 2346 728 2419 ιι).

596 2436 952 2510 Ρηεσερὶεᾳιιε
988 2438 1242 2496 Salomon
1274 2442 1513 2497 universo
1536 2441 1747 2512 Israeli,
1788 2444 2012 2499 tribunis
2051 2453 2100 2499 et

522 2530 909 2585 centurionibus
939 2540 988 2586 et
1019 2530 1237 2587 ducibus
1258 2542 1306 2588 et
1333 2533 1605 2604 judicibus
1629 2535 1795 2590 omnis
1824 2534 2013 2601 Israel,
2051 2546 2100 2592 et

522 2616 844 2689 principibus
871 2618 1215 2691 familiarum,
1246 2632 1295 2678 et
1339 2624 1466 2678 abiit
1496 2640 1613 2678 cum
1651 2627 1893 2679 universa
1921 2625 2102 2679 multi-

526 2710 708 2765 tudine
763 2712 820 2767 in
874 2712 1131 2768 excelsum
1180 2712 1428 2781 Gabaon,‘
1457 2716 1547 2769 ubi
1572 2724 1687 2770 erat
1708 2717 2099 2771 tabernaculum

524 2800 734 2870 foederis
794 2802 1026 2869 Domini,
1067 2806 1207 2875 quod
1251 2807 1372 2877 fecit
1410 2806 1619 2878 Moyses
1646 2807 1879 2878 famulus
1915 2807 2016 2862 Dei
2046 2809 2099 2863 in

522 2890 822 2947 solitudine.
856 2892 1051 2947 Arcam
1069 2904 1241 2951 autem
1272 2895 1370 2951 Dei
1390 2897 1685 2953 adduxerat
1718 2898 1887 2954 Dauid
1912 2899 1977 2953 de
1999 2897 2101 2954 Ca-

522 2985 820 3043 riathiarim
854 2989 910 3042 in
947 2988 1118 3043 locum
1156 3006 1309 3061 quem
1347 3001 1733 3063 prteparaverat
1787 2993 1856 3061 ei,
1913 3001 1961 3048 et
2012 2993 2103 3048 ubi

521 3076 710 3145 ﬁxerat
722 3078 831 3147 ille,
850 3081 947 3136 hoc
967 3092 1043 3137 est
1062 3083 1118 3137 in
1130 3081 1448 3139 Jerusalem.
1463 3084 1643 3140 Altare
1661 3102 1862 3157 quoque
1874 3102 2099 3154 wneum,

523 3169 663 3237 quod
712 3169 999 3239 fabricatus
1034 3173 1207 3244 fuerat
1249 3174 1479 3230 Beseleel
1502 3175 1646 3245 ﬁlius
1688 3175 1786 3232 Uri
1822 3178 1922 3247 ﬁlii
1955 3177 2097 3244 Har,

2201 1976 2435 2048 gladium
2472 1978 2644 2051 angeli
2683 1980 2897 2035 Domini
2921 1979 2974 2053 (Ι
3011 1978 3145 2036 Par.
3201 1982 3340 2054 ut).
3396 1983 3555 2038 Area
3619 1992 3787 2039 antu

2202 2068 2435 2136 Domini,
2463 2079 2751 2141 postquam
2778 2086 2899 2127 eam
2945 2072 3248 2128 introduxit
3276 2072 3455 2128 David
3476 2073 3539 2128 in
3573 2074 3786 2129 domum

2202 2176 2377 2227 suam,
2410 2163 2613 2217 mansit
2644 2162 2866 2228 ibidem,
2916 2163 3088 2220 donec
3123 2172 3507 2221 constructum
3537 2175 3633 2220 est
3664 2176 3789 2220 tem-

2160 2274 2163 2279 e
2199 2254 2366 2324 plum,
2407 2263 2463 2311 et
2506 2262 2634 2312 tunc
2673 2270 2793 2312 eam
2822 2254 3077 2313 Salomon
3108 2256 3387 2314 transtulit
3435 2258 3500 2313 in
3532 2256 3787 2329 templum

2201 2344 2434 2400 Domini.

2270 2433 2340 2488 Et
2360 2436 2591 2506 regnavit
2618 2452 2772 2506 super
2797 2435 2991 2505 Israel,
3015 2439 3448 2510 congregavitque
3476 2439 3588 2493 sibi
3614 2454 3792 2493 currus

2201 2533 2249 2579 et
2274 2526 2502 2596 equites;
2528 2534 2575 2579 et
2613 2525 2739 2596 facti
2772 2537 2894 2582 sunt
2932 2528 2979 2583 ei
3020 2527 3162 2582 mille
3194 2528 3581 2599 quadringenti
3614 2544 3791 2582 curm

2201 2627 2248 2673 et
2279 2618 2474 2684 12,000
2500 2620 2750 2691 equitum,
2783 2630 2833 2675 et
2860 2621 2982 2692 fecit
3021 2639 3108 2677 eos
3145 2639 3255 2677 esse
3303 2623 3359 2677 in
3398 2623 3639 2678 urbibus
3680 2641 3794 2693 qu-

2201 2706 2473 2777 drigarum
2494 2719 2543 2762 et
2576 2722 2693 2762 cum
2722 2725 2838 2780 rege
2858 2710 2912 2763 in
2932 2709 3247 2765 Jerusalem.
3289 2709 3467 2767 Urbes
3498 2710 3793 2782 quadriga-

2201 2812 2323 2852 rum
2358 2796 2491 2852 dicit
2523 2798 2718 2869 oppida
2754 2799 2869 2855 sive
2896 2799 3123 2856 aedilicia
3150 2815 3215 2855 ac
3244 2799 3381 2867 loca,
3406 2816 3540 2871 qua:
3565 2801 3627 2855 in
3656 2808 3791 2857 terra

2201 2883 2351 2940 Iuda:
2381 2886 2496 2941 sive
2518 2886 2575 2941 in
2597 2885 2898 2944 Jerusalem
2921 2898 3076 2945 erant
3096 2889 3365 2946 mdiﬁcata
3395 2892 3466 2947 ad
3499 2892 3793 2948 stationem

2202 2995 2459 3037 curruum
2489 2998 2502 3035 :
2536 2982 2679 3052 quod
2709 2983 2990 3053 sequentia
3038 2992 3365 3051 monstrant,
3409 2984 3509 3040 ubi
3559 2985 3791 3041 dicitur:

2203 3074 2273 3128 Et
2304 3090 2421 3128 cum
2445 3090 2561 3145 rege
2584 3074 2638 3129 in
2664 3074 2981 3130 Jerusalem.
3016 3075 3239 3147 Mystice
3282 3084 3468 3134 autem
3515 3072 3722 3134 currus
3750 3089 3798 3132 et

2205 3165 2415 3235 equites
2459 3164 2628 3219 David
2672 3166 2969 3237 spiritualis
3017 3167 3323 3238 signiﬁcant
3350 3171 3686 3240 angelorum
3712 3170 3794 3225 bo-

521 3270 767 3329 posuerat
796 3278 973 3318 coram
996 3265 1333 3321 tabernaculo
1365 3266 1603 3334 Domini,
1630 3277 1679 3321 et
1719 3267 1906 3323 obtulit
1940 3269 1996 3323 in
2043 3285 2098 3324 ea

2206 3256 2521 3328 minumque
2544 3257 2869 3324 ministeria,
2887 3273 3005 3327 qua:
3024 3258 3264 3327 quotidie
3288 3259 3621 3314 deserviunt
3649 3259 3794 3315 Crea-

519 3351 662 3407 mille
698 3354 898 3411 hostias
947 3356 1146 3429 (Exod.
1174 3374 1363 3427 xxxvi,
1389 3376 1598 3428 xxxv",
1628 3376 1858 3429 xxxvm,
1885 3361 2099 3434 xxxrx).

518 3438 764 3510 Gabaon,
798 3446 940 3501 unde
964 3447 1278 3505 Gabaonitm
1298 3451 1566 3521 supplices
1602 3461 1869 3509 venerunt
1915 3454 1982 3509 ad
2014 3452 2103 3509 Je-

518 3547 641 3588 sum
669 3534 805 3604 (Ias.
843 3537 944 3609 Ix),
970 3547 1089 3593 erat
1133 3540 1260 3596 olim
1289 3543 1599 3612 metropolis
1650 3552 1706 3598 et
1736 3545 1934 3616 regalis
1972 3546 2104 3602 civi-

523 3630 604 3678 tas
624 3623 965 3695 Hevmorum,
991 3631 1289 3701 ceciditque
1314 3633 1368 3688 in
1382 3641 1584 3690 sortem
1600 3636 1774 3692 tribus
1800 3636 2098 3709 Benjamin.

519 3711 645 3768 Fait
668 3724 847 3772 autem
874 3726 929 3774 et
953 3720 1068 3790 ipsa
1089 3732 1339 3792 separata
1368 3712 1623 3783 Leviticis
1650 3728 1793 3801 (Jos.
1815 3729 1991 3803 xvm),
2027 3731 2102 3787 si-

520 3813 613 3859 cut
660 3809 908 3878 supernis
951 3810 1377 3870 demonstratum
1419 3826 1524 3873 est.
1578 3818 1736 3876 Unde
1792 3821 1961 3878 miror
2005 3836 2104 3878 cur

519 3890 786 3966 Iosephus
830 3900 1108 3971 scripserit
1147 3903 1289 3974 quod
1338 3904 1613 3975 Salomon,
1659 3907 1715 3963 in
1755 3907 1975 3966 Hebron
2009 3926 2103 3967 ve—

522 3986 696 4054 niens,
726 3989 782 4044 in
837 3991 994 4047 altari
1020 4008 1184 4063 aereo,
1215 3997 1357 4067 quod
1386 3996 1592 4054 fecerat
1626 3999 1858 4072 Moyses,
1888 4002 2101 4059 sacriﬁ-

520 4087 671 4134 caret
690 4079 821 4147 Deo,
851 4082 960 4139 nisi
987 4082 1126 4140 forte
1142 4086 1313 4157 ipsam
1337 4088 1553 4146 Hebron
1584 4092 1858 4148 excelsum
1882 4092 2102 4151 Gabaon

520 4167 745 4240 intelligi
773 4170 1021 4241 voluerit,
1049 4190 1114 4230 eo
1142 4179 1282 4246 quod
1304 4179 1470 4234 David
1502 4182 1574 4237 ibi
1612 4184 1845 4253 primum
1871 4200 2103 4257 regnare

520 4259 750 4327 cmperit
768 4259 964 4330 (Exod.
982 4266 1229 4339 xxxvm).
1258 4266 1655 4340 Interpretatur
1674 4285 1855 4331 autem
1878 4274 2102 4334 Gabaon

520 4347 817 4405 sublimitas
842 4353 927 4407 vel
963 4354 1114 4409 collis
1142 4359 1414 4427 patruelis.

589 4439 726 4495 Ecce
747 4451 922 4498 autem
949 4446 1004 4500 in
1034 4448 1147 4516 ipsa
1178 4460 1322 4505 nocte
1361 4457 1603 4523 apparuit
1621 4456 1668 4511 ei
1695 4457 1857 4525 Deus,
1886 4459 2061 4515 dicens
2080 4479 2100 4519 :

520 4529 739 4586 Postula
768 4534 908 4603 quod
928 4536 1026 4601 vis,
1050 4547 1107 4592 ut
1137 4537 1254 4593 dem
1281 4542 1394 4595 tibi.
1417 4542 1665 4617 Dixitque
1688 4546 1937 4603 Salomon
1950 4549 2060 4605 Deo
2080 4564 2099 4603 :

2162 3386 2167 3389 -
2205 3349 2346 3414 tori,
2394 3357 2451 3405 et
2493 3347 2612 3419 ejus
2661 3349 2717 3403 in
2758 3349 3012 3405 omnibus
3058 3351 3317 3405 obediunt
3376 3350 3702 3415 voluntati;
3740 3351 3793 3407 de

2201 3441 2396 3512 quibus
2437 3442 2492 3497 in
2536 3440 2751 3497 Psalmo
2780 3441 3042 3512 scriptum
3084 3449 3168 3498 est
3199 3460 3212 3496 :
3251 3439 3457 3497 Curras
3488 3442 3605 3497 Dei
3632 3443 3793 3497 deos

2199 3530 2430 3586 millibus
2459 3530 2753 3602 multiplex,
2778 3531 2947 3587 millia
2977 3532 3290 3598 ltetantium,
3318 3530 3602 3586 Dominus
3626 3534 3684 3587 in
3706 3531 3793 3584 illis

2202 3623 2375 3696 (Psal.
2400 3621 2592 3695 LXVII).
2620 3622 2964 3679 Consuetudo
2992 3630 3078 3679 est
3102 3621 3393 3694 Scriptura:
3420 3620 3661 3689 divinae,
3685 3620 3795 3675 alle-

2201 3719 2384 3789 gorice
2411 3718 2580 3789 loqui,
2614 3726 2674 3774 ut
2703 3734 2829 3774 cum
2862 3718 3034 3773 Dauid
3062 3718 3229 3786 dicat,
3274 3717 3424 3773 aliud
3454 3718 3603 3774 velit
3654 3717 3796 3774 intel-

2201 3808 2315 3879 ligi.
2351 3810 2505 3866 Unde
2532 3810 2622 3866 hic
2659 3827 2848 3866 currus
2892 3810 3231 3880 signiﬁcatur
3281 3809 3578 3865 hominum
3626 3810 3796 3866 vincta

2201 3899 2509 3970 copulatio,
2553 3901 2681 3971 quia
2724 3901 2801 3956 ita
2859 3909 3076 3958 sanctos
3123 3900 3362 3957 Charitas
3404 3901 3631 3969 vincit,
3671 3902 3796 3957 sicut

2201 3993 2333 4051 loris
2361 4003 2418 4050 et
2437 3993 2582 4067 jugis
2612 3994 2865 4051 animalia
2895 3994 3191 4051 sociantur.
3239 3993 3395 4052 Unde
3443 4004 3501 4049 et
3528 3995 3795 4051 Dominus

2202 4089 2279 4144 ait
2309 4107 2323 4144 :
2353 4088 2553 4161 Iugum
2594 4089 2733 4146 enim
2767 4106 2941 4145 meum
2986 4106 3144 4145 suave
3182 4100 3280 4158 est,
3336 4098 3386 4145 et
3438 4108 3585 4146 onus
3632 4109 3795 4146 meum

2202 4180 2310 4236 leve
2338 4180 2551 4253 (Matth.
2584 4181 2684 4254 χι).
2716 4180 3038 4238 Sanctorum
3076 4197 3207 4254 ergo
3229 4182 3569 4238 unanimitas
3605 4198 3792 4239 currus

2202 4278 2287 4326 est
2315 4270 2549 4339 Domini,
2583 4272 2712 4342 quia
2756 4270 2846 4327 ille
2891 4272 3036 4327 velut
3076 4271 3263 4343 auriga
3313 4271 3512 4327 insidet
3540 4313 3562 4339 ,
3622 4282 3684 4330 et
3734 4272 3792 4329 ad

2201 4362 2494 4419 voluntatis
2521 4378 2631 4419 suae
2656 4364 3016 4421 ministerium
3045 4365 3267 4421 salutari
3298 4365 3413 4435 lege
3447 4368 3789 4423 moderatur.

2204 4451 2311 4508 Sed
2342 4462 2403 4508 ut
2429 4454 2593 4510 istum
2621 4469 2842 4511 cursum
2871 4455 3185 4512 ostenderet
3203 4471 3310 4512 non
3336 4458 3493 4528 equis
3517 4457 3789 4523 deditum,

2205 4544 2301 4599 sed
2323 4545 2574 4601 humanis
2603 4546 3022 4617 cogitationibus
3062 4549 3403 4614 attributum,
3447 4550 3569 4604 ait:
3600 4550 3789 4607 θείω

524 4620 601 4675 Tu
626 4622 796 4692 fecisti
823 4643 944 4680 cum
970 4626 1140 4683 David
1188 4640 1334 4701 patre
1377 4651 1489 4690 meo
1536 4609 1952 4696 misericordiam
1987 4660 2101 4699 ma—
2129 4609 2184 4670 Β
2204 4637 2429 4692 millium
2463 4609 2754 4710 multipl‘cx.
2784 4638 2938 4707 Quod
2975 4640 3116 4697 bene
3154 4642 3223 4697 ad
3267 4609 3589 4697 innumeros
3619 4657 3790 4714 popa-

520 4729 698 4782 gnam,
726 4726 774 4770 et
821 4721 1139 4776 constituisti
1184 4739 1267 4779 me
1308 4743 1479 4798 regem
1511 4747 1605 4802 pro
1648 4749 1729 4787 eo.
1763 4731 1923 4788 Nunc
1952 4751 2097 4807 ergo,

521 4803 742 4862 Domine
765 4808 928 4875 Deus,
960 4812 1241 4884 impleatur
1259 4834 1429 4874 sermo
1467 4830 1611 4889 tuus,
1638 4840 1792 4894 quem
1836 4803 2099 4893 pollicitus

518 4915 573 4954 es
602 4899 776 4990 David
801 4906 941 4973 patri
974 4923 1107 4962 meo.
1139 4907 1218 4963 Tu
1246 4910 1382 4965 enim
1411 4930 1491 4967 me
1517 4914 1689 4984 fecisti
1724 4933 1895 4987 regem
1944 4935 2101 4990 super

518 4988 769 5060 populum
808 5002 955 5048 tuum
997 4996 1237 5065 multum,
1289 5001 1380 5072 qui
1419 5011 1524 5058 tam
1568 5005 1965 5063 innumerabilis
2001 4988 2097 5076 est,

518 5096 676 5150 quam
695 5081 863 5151 pulvis
883 5094 1056 5142 terrae.
1070 5087 1152 5143 Da
1164 5091 1292 5145 mihi
1303 5092 1611 5161 sapientiam
1624 5107 1671 5151 et
1684 5094 2099 5169 intelligentiam,

520 5180 576 5223 ut
602 5172 872 5242 ingrediar
897 5186 946 5231 et
968 5180 1208 5249 egrediar
1229 5202 1405 5239 coram
1432 5187 1623 5258 papula
1660 5200 1770 5245 tuo.
1801 5190 1932 5257 Quis
1961 5195 2100 5248 enim

520 5269 685 5330 potest
713 5265 852 5321 hunc
884 5270 1132 5340 populant
1153 5284 1301 5329 tuum
1319 5277 1494 5347 digne,
1519 5279 1610 5349 qui
1636 5289 1745 5334 tam
1764 5283 1979 5351 grandis
2001 5293 2098 5350 est,

514 5354 781 5425 judicare,
820 5368 877 5416 et
920 5363 1147 5435 reliqua.
1184 5366 1287 5423 Ubi
1317 5368 1597 5426 moraliter
1646 5350 2105 5432 considerandum”

522 5456 608 5504 est
640 5467 653 5504 :
686 5451 732 5506 si
771 5451 1044 5525 Salomon,
1078 5475 1176 5515 rex
1204 5458 1381 5516 factus
1410 5461 1464 5516 in
1495 5465 1741 5520 terrestri
1776 5465 2096 5536 Jerusalem,

522 5553 629 5594 non
667 5557 879 5613 aurum,
912 5565 1013 5606 nec
1050 5550 1267 5605 divitias
1294 5593 1310 5618 ,
1363 5569 1471 5608 non
1502 5555 1881 5625 substantiam,
1926 5575 2101 5633 neque

521 5629 744 5702 gloriam
776 5640 1103 5694 mundanam
1139 5656 1168 5694 a
1196 5640 1307 5697 Deo
1336 5645 1545 5714 petivit,
1575 5658 1777 5717 quanto
1809 5651 1981 5723 magis
2008 5629 2103 5706 ne-

523 5739 675 5784 cesse
703 5731 776 5784 sit
820 5735 1121 5788 rectoribus
1150 5745 1367 5793 sancta:
1420 5739 1516 5794 Dei
1557 5741 1808 5798 Ecclesiae
1838 5784 1853 5809 ,
1904 5743 2101 5814 quibus

521 5820 900 5881 commendata
930 5830 1015 5882 est
1042 5839 1172 5883 cura
1201 5835 1255 5884 et
1283 5828 1524 5905 regimen
1551 5830 1882 5906 animarum,
1906 5841 1968 5892 ut
1990 5848 2101 5895 non

2204 4734 2306 4799 los,
2339 4750 2447 4789 non
2479 4735 2546 4789 ad
2583 4749 2783 4803 equos,
2833 4735 3075 4791 noscitur
3118 4736 3412 4806 pertinere.
3442 4732 3786 4803 Subiunxit:

2207 4824 2380 4879 Millia
2409 4824 2721 4892 laetantium,
2752 4825 2894 4896 quod
2926 4825 3113 4896 utique
3146 4829 3212 4882 de
3239 4825 3486 4883 ﬁdelibus
3513 4826 3691 4884 debet
3715 4828 3789 4883 in-

2207 4912 2391 4984 telligi.
2444 4913 2512 4968 Et
2554 4923 2617 4968 ut
2665 4915 3040 4992 ostenderetur
3072 4915 3271 4972 laetitiae
3305 4916 3609 4988 plenitudo,
3670 4920 3787 4974 ait:

2207 5002 2463 5059 Dominus
2500 5005 2557 5059 in
2587 5003 2728 5071 illis,
2759 5006 2850 5075 qui
2887 5021 3096 5077 magna:
3151 5005 3531 5063 exsultationis
3566 5016 3661 5063 est
3704 5023 3789 5064 cu-

2207 5094 2404 5162 mulus,
2428 5102 2485 5151 et
2507 5094 2773 5151 bonorum
2802 5096 3049 5152 omnium
3079 5096 3324 5153 dulcedo.
3363 5095 3471 5153 Sed
3491 5098 3625 5169 quia
3647 5097 3786 5154 mille

2202 5187 2629 5258 quadringentos
2672 5201 2865 5242 currus
2897 5195 2952 5242 et
2989 5185 3274 5244 duodecim
3317 5188 3488 5244 millia
3537 5190 3783 5259 equimm

2204 5276 2484 5347 Scriptura
2505 5276 2639 5332 dicit
2659 5290 2779 5333 esse
2801 5275 3125 5344 Salomonis,
3147 5278 3276 5348 quid
3300 5294 3398 5350 per
3421 5279 3784 5351 quadringen-

2199 5366 2470 5423 teuarium
2496 5381 2801 5434 numerum,
2825 5367 2935 5422 ubi
2970 5367 3298 5438 quadragies
3329 5368 3450 5424 deni
3479 5382 3780 5422 numeran—

2204 5468 2313 5525 tur,
2346 5458 2450 5514 nisi
2478 5465 2721 5528 tempora
2757 5458 2891 5529 legis
2918 5460 3108 5530 priscm
3137 5461 3487 5532 designantur
3509 5461 3535 5514 τ
3560 5460 3703 5529 Quia
3733 5466 3779 5514 et

2203 5551 2413 5623 Moyses
2438 5551 2584 5606 illam
2614 5561 2950 5622 accepturus,
2983 5553 3053 5610 40
3081 5554 3269 5610 diebus
3286 5552 3576 5622 jejunavit,
3604 5561 3665 5607 et
3692 5568 3779 5624 po-

2202 5642 2360 5713 pulus
2382 5641 2723 5708 lsraeliticus,
2743 5644 2834 5714 qui
2857 5658 2954 5714 per
2974 5660 3096 5700 eam
3119 5645 3506 5710 instruebatur,
3531 5644 3602 5700 40
3622 5644 3777 5698 annis

2201 5736 2258 5790 in
2297 5751 2481 5791 eremo
2529 5736 2727 5791 mansit
2756 5736 2950 5809 (Exod.
2978 5737 3149 5811 xxxv).
3186 5738 3254 5793 Et
3283 5738 3408 5807 quid
3436 5753 3534 5809 per
3577 5737 3776 5793 duode-

2202 5827 2414 5886 narium
2432 5816 2743 5900 humerum,
2773 5827 2881 5888 nisi
2903 5837 3114 5906 tempus
3134 5830 3320 5906 gratia:
3338 5828 3560 5900 Chrisu,
3592 5835 3773 5888 osten-
