3920 6462
52 377 153 436 M1

988 356 1341 418 COMMENT.
1378 356 1446 415 IN
1484 348 2035 413 PARALIPOMENA.
2060 379 2131 392 —
2151 347 2278 405 LIB.
2318 347 2403 405 Ill.

3203 351 3310 409 418

59 492 202 548 ditur
227 525 245 552 ,
288 482 350 539 in
397 493 504 552 quo
554 474 845 550 apostolica
896 470 1137 528 doctrina
1186 469 1439 539 p0pnlum
1500 467 1635 523 Novi
1663 463 1882 534 Apides
1912 462 1966 514 in
2004 460 2261 515 montibus
2299 462 2706 534 prtepositosque
2748 478 2927 518 eorum
2972 461 3154 531 5,600.
3201 465 3311 521 Do-

60 573 401 638 Testamenti
430 569 705 627 edocendo
733 564 945 620 nutrit?
971 563 1115 617 Bene
1141 575 1353 630 quoque
1395 574 1492 629 per
1514 574 1647 628 qua-

62 665 452 740 dragenarium
498 668 555 715 et
600 656 988 714 duodenarium
1030 665 1313 707 numerum
1360 665 1552 704 currus
1591 655 1648 702 et

62 762 274 833 equites
303 751 612 814 Salomonis
636 755 1022 809 numerantur,
1058 744 1184 814 quia
1218 757 1317 814 per
1357 749 1645 810 utrumque

61 831 479 909 Testamentum
506 842 684 899 sancti
707 840 832 906 viri,
865 836 1036 893 sacris
1055 834 1254 890 litteris
1275 831 1503 897 eruditi,
1532 845 1646 886 ses-

60 945 199 1005 sioni
244 940 349 998 Dei
392 935 602 995 habiles
648 930 975 996 elliciuntur,
1012 926 1208 997 quibus
1236 923 1325 979 ille
1351 922 1645 994 praesidens

61 1034 363 1094 secundum
408 1027 739 1084 voluntatem
783 1036 935 1079 suam
975 1033 1077 1076 nos
1125 1016 1363 1089 regendo
1392 1013 1542 1070 ducit
1581 1028 1646 1069 ac

63 1129 353 1202 gubernat.

127 1205 551 1271 Adducebantur
578 1214 754 1262 autem
786 1203 835 1260 ei
868 1208 917 1258 et
939 1199 1055 1273 equi
1083 1198 1148 1255 de
1187 1196 1417 1268 zEggpto
1437 1235 1454 1262 ,
1488 1203 1539 1249 et
1582 1193 1646 1249 de

61 1309 165 1368 Coa
190 1325 224 1362 a
260 1301 684 1377 negotiatoribus
707 1299 862 1370 regis,
891 1294 983 1367 qui
1003 1292 1152 1348 ibant
1194 1300 1241 1345 et
1265 1292 1502 1345 emebant
1529 1301 1647 1355 pre-

61 1404 130 1458 tio
159 1396 485 1473 quadrigam
511 1407 759 1465 equorum
788 1386 1043 1444 sexcentis
1068 1382 1344 1453 argenteis,
1378 1388 1427 1434 et
1458 1392 1645 1473 equum

60 1467 265 1547 centum
315 1484 723 1557 quinquaginta,
778 1476 1021 1532 similiter
1064 1474 1128 1530 de
1173 1470 1425 1526 universis
1474 1467 1644 1538 regnis

61 1581 226 1652 Syria:
270 1576 471 1647 Mptio
515 1570 889 1628 celebrabatur.
936 1565 1102 1622 Coam
1149 1578 1276 1634 ergo
1322 1560 1414 1616 alii
1449 1559 1649 1652 dicunt

60 1650 286 1730 insulam
339 1681 471 1723 esse
507 1678 673 1719 unam
724 1662 791 1717 de
837 1657 1200 1732 Cycladibus;
1250 1650 1463 1709 Hebrzei
1515 1663 1645 1706 vero

61 1764 261 1825 dicunt,
291 1758 408 1813 hoc
434 1769 633 1811 nomen
672 1748 1140 1822 congregationem
1176 1743 1503 1816 signiﬁcare.
1535 1739 1645 1796 Ad-

1746 569 1865 609 mus
1894 552 1989 608 Dei
2014 592 2029 618 ,
2060 567 2220 623 quam
2245 552 2529 608 aediﬁcavit
2574 570 2671 609 rex
2699 555 2952 611 Salomon
2997 555 3051 612 in
3083 555 3305 613 Jerusa-

1745 645 1868 711 lem,
1886 646 1939 700 in
1965 645 2188 716 ﬁguram
2211 644 2351 701 facta
2369 653 2453 701 est
2476 655 2677 702 sanctae
2691 647 3013 704 universalis
3035 648 3308 716 Ecclesiae,

1744 751 1864 807 quae
1893 751 1922 790 a
1949 735 2124 805 primo
2148 735 2319 791 electo
2343 750 2514 805 usque
2562 736 2631 793 ad
2673 736 2921 793 ultimum
2966 739 3059 809 qui
3110 738 3167 795 in
3204 739 3314 795 ﬁnc

1744 825 1928 881 mundi
1958 826 2264 881 nasciturus
2301 834 2385 881 est
2417 866 2432 891 ,
2478 826 2718 897 quotidie
2765 843 2865 898 per
2909 829 3140 899 gratiam
3167 832 3313 903 regis

1744 914 1955 988 paciﬁci
1986 915 2094 987 (sui
2122 914 2371 971 videlicet
2409 916 2786 987 redemptoris)
2832 918 3165 975 aediﬁcatur:
3193 936 3314 992 quae

1744 1007 1942 1078 partim
1972 1007 2148 1062 adhuc
2174 1007 2550 1078 peregrinatur
2573 1007 2641 1063 ab
2668 1007 2758 1062 illo
2787 1007 2842 1062 in
2872 1009 3055 1076 terris,
3090 1014 3310 1080 partim,

1745 1101 1920 1157 evasis
1942 1101 2323 1173 peregrinandi
2350 1100 2621 1165 aerumnis,
2647 1116 2772 1156 cum
2798 1100 2888 1156 illo
2908 1101 3021 1172 jam
3046 1112 3236 1173 regnat
3258 1103 3314 1158 in

1746 1191 1925 1257 caelis;
1949 1192 2059 1256 ubi,
2083 1200 2304 1263 peracto
2328 1191 2755 1261 ultimojudicio,
2778 1201 2890 1248 tota
2914 1201 2999 1260 est
3022 1203 3315 1266 regnatura

1745 1296 1867 1337 cum
1914 1281 2007 1336 illo
2033 1280 2083 1353 (Ι
2108 1279 2231 1335 Cor.
2277 1281 2392 1354 xv).
2442 1282 2525 1337 Ad
2581 1283 2722 1339 hanc
2777 1284 2996 1339 domum
3043 1285 3317 1354 pertinent

1747 1370 1900 1427 electi
1930 1370 2124 1442 angeli,
2152 1366 2383 1440 quorum
2412 1372 2567 1427 nobis
2602 1372 2892 1428 similitudo
2919 1373 2974 1427 in
3000 1371 3180 1429 futura
3206 1376 3316 1431 vita

1745 1459 2077 1530 promittitur
2102 1498 2117 1525 ,
2150 1458 2363 1515 dicente
2391 1459 2622 1515 Domino
2655 1478 2669 1514 :
2700 1459 2793 1514 Illi
2817 1469 2988 1516 autem
3007 1501 3023 1528 ,
3057 1463 3146 1533 qui
3172 1462 3319 1534 digni

1745 1550 2073 1605 habebuntur
2091 1550 2283 1606 sa’culo
2310 1549 2401 1605 illo
2421 1561 2467 1605 et
2496 1554 2871 1608 resurrectione
2890 1569 2955 1607 ea;
2972 1554 3213 1620 mortuis,
3228 1570 3317 1608 ne-

1748 1660 1848 1715 que
1870 1645 2069 1699 nubunt
2084 1660 2246 1715 neque
2258 1642 2455 1698 ducunt
2469 1660 2659 1711 uxores
2671 1660 2692 1699 :
2712 1661 2874 1716 neque
2885 1646 3023 1700 enim
3035 1645 3176 1700 ultra
3189 1646 3321 1700 mori

1746 1745 2007 1809 poterunt.
2030 1736 2103 1793 ΑΞ
2109 1736 2286 1809 quales
2307 1737 2447 1791 enim
2467 1734 2666 1806 angelis
2696 1744 2836 1802 sunt,
2858 1745 2908 1790 et
2935 1734 3035 1805 ﬁlii
3056 1744 3177 1791 sunt
3200 1735 3317 1803 Dei,

61 1821 404 1912 ducebantur
444 1855 628 1905 autem
679 1821 953 1901 Salomoni
984 1840 1109 1911 equi
1140 1839 1206 1894 de
1229 1836 1465 1909 Egypto
1488 1841 1544 1890 et
1574 1832 1642 1888 de
1668 1821 1717 1882 Β
1744 1844 1861 1883 cum
1882 1829 1986 1883 sint
2010 1827 2111 1898 ﬁlii
2159 1827 2556 1883 resurrectionis
2595 1825 2747 1899 (Luc.
2774 1824 2892 1898 xx).
2921 1826 3006 1882 Ad
3033 1826 3177 1882 hanc
3204 1826 3322 1895 ipse

60 1946 167 2003 Coa
216 1958 250 1998 a
291 1937 749 2011 negotiatoribus.
790 1934 957 2006 regis,
1003 1946 1125 1987 cum
1153 1943 1250 2001 per
1278 1926 1645 1998 negotiatores

59 2034 364 2108 spirituales
402 2072 419 2098 ,
471 2032 577 2088 hoc
607 2038 692 2084 est
713 2068 728 2095 ,
759 2027 1009 2083 doctores
1038 2029 1254 2079 sanctos
1282 2020 1349 2075 de
1395 2017 1678 2108 gentibus.

61 2106 302 2182 homines
354 2118 717 2177 rationabiles
762 2115 1039 2172 intellectu
1087 2120 1251 2183 atque
1285 2115 1409 2184 actu
1439 2106 1646 2165 strenui

62 2218 126 2272 ad
154 2214 311 2271 ﬁdem
341 2212 555 2269 Christi
582 2215 969 2266 convertuntur
996 2246 1012 2271 ,
1058 2202 1398 2272 sessionique
1452 2198 1648 2255 divinae

62 2306 213 2376 digne
236 2300 623 2361 conversando
646 2299 856 2355 habiles
870 2296 1194 2353 elliciuntur.
1212 2292 1365 2349 Unde
1383 2305 1648 2363 equorum

64 2396 374 2469 quadrigam
408 2392 580 2465 pretio
602 2397 980 2447 sescentorum
1008 2392 1390 2458 argenteorum
1409 2388 1648 2453 emptam

24 2544 37 2558 ,
66 2488 209 2556 dicit,
235 2498 295 2544 et
319 2502 530 2556 equum
558 2483 805 2541 similiter
833 2490 1049 2539 centum
1078 2476 1488 2550 quinquaginta,
1519 2474 1648 2545 quia

66 2580 367 2637 divinorum
404 2586 852 2634 testamentorum
870 2572 1253 2631 venustissima
1283 2569 1552 2626 locutione
1578 2566 1647 2623 ad

67 2672 500 2744 cognoscendam
530 2670 654 2726 ﬁdei
682 2670 971 2726 veritatem
998 2706 1015 2733 ,
1045 2662 1488 2737 praedicatoribus
1522 2675 1648 2716 san-

69 2764 167 2820 ctis
194 2763 574 2819 laborantibus
595 2800 612 2827 ,
661 2761 717 2817 in
766 2775 924 2816 usum
968 2757 1112 2829 regis
1140 2754 1374 2812 caelestis
1399 2752 1650 2815 homines

67 2855 459 2925 perducuntur.
495 2853 747 2911 Sescenti
788 2839 917 2922 ergo
945 2837 1237 2913 numerus,
1262 2844 1356 2901 ubi
1390 2843 1652 2914 'sexagies

72 2944 189 2999 deni
235 2951 649 3012 enumerantur,
672 2940 1060 3013 perfectionem
1093 2933 1421 3005 evangelicae
1450 2931 1653 2988 doctri-

69 3050 149 3091 nae
173 3035 489 3107 signiﬁcat,
543 3050 648 3106 qua
698 3032 961 3105 perfectio
1009 3030 1178 3087 totius
1210 3029 1346 3101 legis
1386 3027 1655 3084 veraciter

71 3136 282 3182 constat
309 3167 327 3194 ,
354 3127 630 3198 praecipue
653 3140 776 3181 cum
814 3124 1145 3193 Redemptor
1171 3128 1359 3176 noster
1384 3127 1537 3174 sexta
1567 3118 1655 3173 die

71 3231 266 3286 passus
295 3233 402 3289 pro
432 3219 607 3273 salute
634 3217 858 3273 humani
903 3214 1115 3287 generis
1141 3212 1323 3267 omnia
1348 3225 1467 3281 qua:
1501 3209 1568 3263 de
1594 3222 1654 3263 se

70 3308 123 3363 in
152 3308 272 3379 lege
327 3316 387 3364 et
430 3308 710 3378 prophetis
748 3308 950 3377 scripta
994 3313 1122 3360 sunt
1149 3303 1455 3381 complevit.
1501 3300 1655 3364 Unde

67 3398 180 3471 ipse
208 3400 267 3454 in
299 3413 465 3454 cruce
525 3398 766 3469 pendens
794 3437 809 3463 ,
851 3396 1068 3468 quando
1092 3393 1423 3450 offerebatur
1448 3391 1498 3447 ei
1528 3405 1654 3445 ace-

69 3498 180 3546 tum
208 3491 267 3547 in
302 3491 529 3562 spongia
571 3493 776 3562 hysopo
829 3487 1303 3558 circumpositum,
1343 3499 1468 3541 cum
1503 3497 1656 3540 acce-

69 3580 236 3649 pisset
265 3587 479 3650 potum,
511 3581 641 3636 dicit
678 3595 693 3634 :
724 3579 1155 3634 Consummatum
1184 3584 1260 3632 est
1284 3617 1301 3642 ,
1328 3583 1377 3630 et
1404 3573 1656 3629 inclinato

75 3672 236 3739 capite
280 3670 503 3725 tradidit
545 3672 787 3742 spiritum
833 3669 1013 3741 (Joan.
1056 3667 1192 3741 xxx).
1246 3665 1474 3722 Centum
1527 3678 1656 3720 vero

81 3763 505 3833 quinquaginta,
537 3764 630 3819 ubi
666 3772 749 3818 ter
774 3761 1141 3833 quinquageni
1167 3759 1471 3815 consistunt
1502 3796 1517 3822 ,
1550 3756 1657 3811 Ve-

81 3854 207 3908 teris
236 3853 573 3910 Testamenti
596 3854 931 3910 sanctionem
964 3859 1186 3923 propter
1211 3850 1567 3907 Pentecosten
1593 3862 1658 3903 ac

76 3940 349 4012 iubilzenm
377 3954 434 4003 et
462 3954 684 4017 propter
734 3946 881 4002 illam
933 3944 1204 4016 triplicem
1251 3943 1657 3999 distinctionem

85 4032 370 4105 Scriptum
417 4038 630 4094 Veteris
660 4037 991 4094 Testamenti
1039 4036 1244 4108 (quam
1302 4034 1552 4090 Salvator
1600 4034 1658 4089 in

85 4120 371 4200 Evangelio
395 4128 544 4198 fecit,
570 4130 755 4187 dicens
779 4147 793 4185 :
830 4128 1091 4197 Quoniam
1120 4144 1325 4184 necesse
1354 4137 1429 4184 est
1453 4126 1659 4198 impleri

87 4217 274 4284 omnia,
299 4236 417 4289 quae
436 4220 631 4290 scripta
651 4230 770 4275 sunt
793 4222 846 4275 in
871 4219 979 4292 lege
1002 4219 1287 4291 Mogsis,et
1320 4220 1580 4291 prophetis
1609 4227 1660 4274 et

89 4304 290 4372 psalmis
327 4307 391 4362 de
424 4324 506 4362 me
545 4307 696 4380 [Luc.
727 4308 911 4382 xxxv])
941 4309 1228 4366 manifeste
1266 4311 1532 4381 designat.
1583 4310 1661 4364 De

93 4393 310 4454 diversis
333 4413 465 4471 ergo
492 4400 777 4472 gentilibus
810 4401 1085 4472 quadrigae
1113 4408 1168 4456 et
1196 4401 1320 4471 equi
1351 4399 1660 4470 spirituales

93 4498 212 4543 vero
238 4487 516 4548 Salomoni
546 4493 873 4548 adhibentur
895 4533 910 4557 ,
962 4494 1088 4563 quia
1111 4509 1177 4548 ex
1207 4493 1354 4548 omni
1400 4492 1619 4549 natione
1638 4534 1653 4560 ,

94 4589 203 4644 quae
229 4581 326 4637 sub
360 4582 502 4639 coelo
536 4591 638 4650 est,
665 4583 906 4641 Ecclesia
935 4582 1052 4652 ejus
1077 4590 1454 4655 congregatur.
1483 4583 1657 4653 Unde,

92 4664 233 4735 juxta
259 4669 563 4731 Psalmistae
590 4689 797 4743 vocem,
827 4675 1143 4751 adorabunt
1163 4692 1281 4731 eum
1301 4692 1495 4749 [omnes
1518 4692 1687 4748 reges.

98 4765 256 4830 teme,
289 4782 465 4823 omnes
494 4775 667 4839 gentes
689 4768 909 4823 servient
937 4768 1007 4822 ei.
1042 4766 1206 4839 Reges
1231 4766 1446 4823 Tnarsis
1484 4778 1532 4822 et
1572 4769 1661 4822 in-

98 4849 216 4905 sula:
257 4871 477 4912 munera
522 4858 777 4928 offerent,
816 4874 959 4930 reges
989 4857 1224 4914 Arabum
1251 4867 1301 4914 et
1338 4857 1480 4915 Saba
1520 4858 1660 4916 dona

102 4940 340 5000 adducent
370 4943 543 5019 (Psal.
570 4949 739 5020 LXXI).

701 5082 925 5142 CAPUT
957 5085 1024 5140 ll.

108 5186 176 5244 De
209 5209 287 5275 e_o_,
321 5197 744 5275 qu‘od‘Salomon
768 5186 921 5275 elegit
949 5197 1213 5275 operarios
1253 5197 1440 5275 domus
1467 5196 1590 5262 Dei,
1613 5205 1662 5275 et

172 5265 301 5339 misit
329 5265 396 5322 ad
424 5268 616 5339 Hiram
643 5283 814 5339 regem
845 5265 1005 5339 Tyri,
1020 5266 1290 5339 postulans
1324 5265 1388 5321 ab
1414 5283 1482 5339 eo
1504 5268 1660 5339 auri-

173 5331 316 5403 lium,
362 5340 449 5395 cui
488 5338 576 5393 ille
614 5331 1212 5409 postulata'voluntaric
1256 5338 1526 5409 concessit.
1582 5338 1662 5392 De

174 5417 381 5530 ἔξειιίνο
407 5408 786 5481 proselgtorum
811 5409 901 5477 qui
920 5408 1009 5462 'ad
1037 5418 1192 5476 opera
1221 5408 1406 5463 domus
1444 5408 1543 5463 Dei
1572 5425 1660 5463 or-

209 5490 224 5526 i
323 5491 497 5530 antur.

209 5490 353 5532 mana
360 5491 497 5533 ntur.

168 5580 400 5662 Decrevit
430 5599 602 5645 autem
634 5590 889 5653 Salomon
914 5589 1177 5658 cedi/icere
1216 5590 1427 5645 domum
1470 5591 1668 5647 nomini

122 5668 338 5747 Domini,
364 5694 408 5736 et
438 5684 690 5753 palatium
710 5682 837 5759 sibi.
870 5682 939 5735 Et
968 5682 1255 5737 numeravit
1290 5683 1489 5747 70,000
1532 5686 1666 5739 viro-

128 5778 230 5851 ﬂfm
261 5778 576 5857 portantium
606 5778 833 5835 humeris
855 5818 870 5845 ,
896 5788 943 5831 et
970 5776 1168 5845 70,000
1196 5778 1285 5846 qui
1309 5778 1564 5832 crederent
1592 5777 1669 5831 las

1744 1925 1981 1995 pertinet
2021 1922 2283 1979 Mediator
2318 1923 2413 1978 Dei
2442 1931 2499 1979 et
2522 1922 2833 1989 hominum,
2866 1922 3115 1979 Christus
3140 1921 3321 1989 Jesus,

1745 2018 1864 2090 ipso
1890 2024 2197 2083 attestante,
2226 2032 2351 2073 cum
2381 2015 2459 2071 ait
2488 2033 2502 2070 :
2532 2013 2727 2071 Solvite
2770 2013 3016 2085 templum
3056 2013 3154 2067 hoc
3185 2019 3233 2067 et
3265 2011 3323 2066 in

1747 2110 1912 2164 tribus
1936 2109 2117 2164 diebus
2144 2108 2380 2164 excitabo
2404 2106 2537 2161 illud
2561 2105 2741 2178 (Joan.
2765 2104 2847 2177 ιι).
2875 2103 3029 2172 Quod
3050 2117 3324 2173 exponens

1747 2201 2080 2272 evangelista
2107 2198 2389 2272 subiunxit
2421 2216 2435 2252 :
2469 2196 2585 2251 Hoc
2614 2205 2789 2251 autem
2825 2195 3027 2250 dicebat
3049 2194 3114 2249 de
3137 2192 3326 2264 templo

1748 2293 1983 2362 corporis
2010 2292 2093 2346 sui
2121 2290 2174 2362 (I
2196 2289 2321 2345 Cor.
2344 2288 2451 2362 ιιι).
2477 2287 2621 2343 Dicit
2639 2297 2695 2341 et
2714 2285 3001 2357 Apostolus
3025 2286 3093 2340 dc
3120 2284 3277 2341 nobis
3307 2301 3320 2337 :

1749 2381 1979 2437 Nescitis
2006 2421 2021 2448 ,
2066 2385 2192 2453 quia
2241 2379 2490 2451 templum
2540 2378 2637 2433 Dei
2671 2378 2831 2443 estis,
2859 2385 2909 2431 et
2945 2374 3176 2447 Spiritus
3220 2375 3321 2429 Dei

1747 2472 1949 2526 habitat
2013 2472 2070 2526 in
2123 2470 2315 2526 vobis?
2366 2468 2424 2524 Si
2487 2482 2616 2539 ergo
2658 2466 2751 2523 ille
2788 2465 3046 2537 templum
3091 2465 3189 2520 Dei
3231 2479 3330 2535 per

1749 2570 2080 2632 assumptam
2102 2560 2496 2616 humanitatem
2524 2558 2701 2614 factus
2724 2567 2830 2625 est,
2866 2566 2921 2613 et
2945 2572 3046 2613 nos
3070 2555 3330 2627 templum

1749 2652 1846 2707 Dei
1876 2667 1975 2723 per
2003 2651 2395 2707 inhabitantem
2426 2649 2691 2721 Spiritum
2720 2647 2839 2719 ejus
2875 2647 2932 2703 in
2968 2646 3125 2702 nobis
3172 2644 3333 2701 cilici-

1751 2759 1894 2811 mur,
1922 2753 2139 2801 constat
2163 2744 2351 2815 utique
2374 2743 2502 2814 quia
2528 2742 2758 2814 ﬁguram
2789 2739 3032 2797 omnium
3059 2747 3328 2804 nostrum,

1752 2843 1808 2892 et
1846 2836 2016 2908 ipsius
2052 2836 2303 2891 videlicet
2347 2834 2602 2900 Domini,
2651 2841 2707 2889 et
2753 2833 3120 2888 membrorum
3173 2829 3289 2900 ejus
3313 2870 3331 2898 ,

1754 2941 1873 2996 quas
1910 2942 2011 2983 nos
2041 2941 2249 2993 sumus,
2273 2926 2535 2997 templum
2563 2924 2696 2980 illud
2720 2922 2999 2980 materiale
3020 2923 3214 2990 tenuit,
3236 2923 3332 2980 sed

1755 3017 1947 3087 ipsius,
1978 3026 2236 3088 tanquam
2260 3017 2456 3088 lapidis
2476 3015 2748 3088 angularis
2770 3054 2786 3081 ,
2809 3014 3153 3086 singulariter
3178 3012 3338 3070 electi

1761 3118 1817 3165 et
1841 3110 2061 3180 pretiosi
2090 3151 2104 3177 ,
2146 3110 2204 3164 in
2240 3108 2595 3165 fundamento
2636 3107 2877 3175 fundati;
2907 3109 3079 3163 nostri
3115 3114 3296 3163 autern
3318 3144 3335 3173 ,

1680 3180 1726 3243 (ἶ
1758 3211 2017 3273 tanquam
2046 3203 2285 3272 lapidum
2318 3202 2565 3257 vivorum
2593 3240 2610 3267 ,
2645 3200 3194 3271 superaediﬁcatorum
3242 3213 3338 3254 su-

1755 3309 1853 3366 pcr
1914 3293 2325 3349 fundamentum
2368 3292 2737 3364 apostolorum
2791 3300 2847 3346 et
2905 3291 3294 3362 prophetarum
3319 3329 3338 3357 ,

1756 3388 1860 3443 hoc
1891 3394 1997 3453 est,
2026 3401 2188 3456 super
2212 3386 2386 3457 ipsum
2411 3385 2698 3441 Dominum
2714 3384 2928 3457 (Ephes.
2946 3400 3014 3452 n;
3040 3383 3071 3437 Ι
3089 3382 3234 3438 Petr.
3253 3382 3338 3454 ιι).

1758 3479 2017 3549 Designat
2047 3477 2294 3533 eamdem
2325 3476 2547 3532 domum
2573 3476 2671 3532 Dei
2714 3475 3051 3546 spiritualem
3080 3482 3135 3530 et
3165 3475 3342 3531 taber-

1760 3568 2017 3625 naculum
2057 3569 2328 3639 quondam
2368 3567 2571 3624 factum
2627 3568 2683 3624 in
2714 3582 2913 3629 eremo
2959 3581 3056 3638 per
3100 3567 3339 3639 Moysen.

1759 3658 1960 3713 Verum
1998 3658 2124 3729 quia
2168 3657 2261 3712 illa
2290 3658 2482 3714 domus
2531 3658 2589 3713 in
2640 3658 2837 3714 itinere
2884 3673 2992 3729 quo
3043 3658 3111 3714 ad
3140 3656 3340 3714 terram

1758 3748 2197 3819 repromissionis
2242 3749 2584 3816 veniebatur,
2614 3748 2731 3804 haec
2767 3757 2949 3805 autem
2975 3748 3345 3806 aediﬁcabatur

1760 3841 1814 3896 in
1841 3842 1959 3911 ipsa
1987 3848 2133 3897 terra
2174 3841 2612 3911 repromissionis
2635 3881 2650 3907 ,
2681 3847 2737 3897 et
2773 3841 2827 3896 in
2858 3840 3085 3897 civitate
3113 3840 3338 3897 Jerusa-

1760 3930 1888 3997 lem,
1927 3930 2017 3986 illa
2067 3938 2129 3986 ut
2174 3930 2241 3988 de
2283 3931 2403 3987 loco
2450 3932 2521 3988 ad
2548 3931 2752 3988 locum
2793 3930 3353 3995 crebro.Levitarumg

1760 4024 2065 4080 ministerio
2091 4030 2331 4095 portata,
2361 4024 2580 4080 tandem
2611 4023 2666 4079 in
2696 4030 2896 4078 terram
2924 4021 3204 4093 promissa:
3227 4019 3340 4076 ha:-

1762 4118 2009 4173 reditatis
2055 4117 2423 4183 induceretur,
2452 4119 2570 4173 haec
2598 4125 2659 4171 ut
2704 4132 2827 4173 mox
2855 4117 2911 4172 in
2938 4115 3111 4187 patria
3140 4115 3256 4186 ipsa
3288 4121 3346 4171 et

1763 4210 1981 4267 civitate
2033 4218 2346 4266 constructa
2405 4209 2699 4266 inviolabili
2742 4223 2957 4279 semper
2995 4207 3346 4263 fundamento

1761 4302 2104 4367 consisteret,
2128 4302 2300 4357 donec
2326 4301 2558 4356 inditum
2586 4300 2690 4355 sibi
2717 4300 3012 4369 ﬁgurarum
3039 4298 3344 4354 cmlestium

1760 4408 1958 4448 munus
1972 4391 2219 4461 impleret
2231 4390 2429 4463 (Exod.
2446 4404 2635 4454 xxxvr,
2657 4404 2865 4452 xxxvii,
2884 4403 3110 4453 xxxvnt,
3128 4386 3343 4457 xxxix),

1764 4490 1946 4554 potest
1973 4482 2028 4535 in
2057 4480 2149 4535 illa
2175 4479 2457 4552 praesentis
2484 4479 2740 4534 Ecclesiae
2779 4477 2934 4533 labor
2974 4484 3028 4533 et
3066 4476 3338 4544 exsilium,

1768 4573 1824 4628 in
1869 4574 1971 4628 hac
2018 4570 2205 4627 futura
2243 4569 2460 4640 requies
2503 4577 2560 4626 et
2602 4568 2880 4626 beatitudo
2943 4567 3186 4639 ﬁgurari.
3246 4566 3344 4623 Vel

1767 4673 1915 4722 certe
1953 4665 2081 4737 quia
2118 4664 2209 4720 illa
2247 4679 2279 4718 a
2313 4662 2441 4719 solis
2468 4662 2596 4718 ﬁliis
2618 4661 2783 4718 Israel
2812 4703 2827 4729 ,
2858 4663 2975 4718 haec
2999 4676 3031 4717 a
3055 4661 3345 4733 proselytis

1767 4764 1934 4820 etiam
1978 4770 2034 4817 et
2066 4761 2316 4832 gentibus
2356 4758 2502 4815 facta
2529 4767 2655 4826 est,
2692 4766 2919 4822 possunt
2945 4758 3002 4813 in
3030 4757 3120 4812 illa
3145 4757 3347 4829 princi-

1766 4855 1963 4926 paliter
1981 4861 2165 4924 patres
2177 4851 2392 4907 Veteris
2413 4849 2766 4916 Testamenti,
2791 4858 2848 4905 et
2865 4850 3119 4919 antiquus
3138 4848 3228 4903 ille
3249 4847 3345 4903 Dei
3366 4888 3367 4891 η

1769 4946 2068 5018 apostolus,
2091 4946 2147 5001 in
2189 4945 2293 4999 hac
2330 4950 2511 4998 autem
2537 4950 2861 5013 congregata
2885 4939 3224 5013 degentibus
3242 4938 3348 4996 Ec-

1765 5041 1930 5098 clesia
1957 5037 2258 5110 ﬁguraliter
2276 5038 2542 5108 exprimi;
2566 5036 2816 5108 quamvis
2837 5036 3123 5091 aediﬁcium
3143 5036 3347 5091 utrius-

1763 5126 1871 5200 que
1890 5129 2081 5184 domus
2109 5125 2442 5182 enucleatius
2467 5124 2733 5196 spirituali
2759 5139 2923 5180 sensu
2948 5114 3260 5190 excussum,
3290 5132 3347 5180 et

1764 5222 1978 5278 labores
2017 5219 2298 5290 praesentis
2339 5217 2594 5274 Ecclesiae
2621 5215 2985 5286 quotidianos,
3021 5223 3076 5270 et
3122 5215 3345 5285 praemia

1764 5312 1819 5368 in
1861 5311 2041 5366 futuro
2084 5307 2344 5380 perennia
2370 5347 2385 5372 ,
2421 5306 2724 5377 gaudiaque
2761 5305 2913 5376 regni
2967 5305 3206 5362 caelestis
3227 5345 3243 5374 ,
3292 5314 3349 5364 et

1770 5404 2089 5460 electionem
2132 5400 2321 5470 prima:
2366 5396 2435 5454 de
2476 5396 2641 5453 Israel
2666 5396 2922 5453 Ecclesiae
2943 5437 2958 5462 ,
3010 5405 3069 5454 et
3114 5397 3346 5452 salutem

1772 5497 2014 5554 omnium
2043 5496 2285 5566 gentium
2322 5492 2380 5547 in
2408 5490 2645 5557 Christo,
2670 5489 3003 5547 multimodis
3028 5491 3347 5548 ostendatur

1771 5589 2046 5645 insinuare
2076 5587 2280 5657 ﬁguris.

1844 5683 1998 5751 Quod
2027 5690 2207 5736 autem
2236 5679 2578 5734 Salomonem
2614 5678 2922 5733 decrevisse
2948 5676 3148 5731 dicitur
3179 5671 3347 5729 aediﬁ-

1775 5791 1902 5834 care
1931 5777 2150 5833 domum
2176 5772 2380 5830 nomini
2411 5772 2623 5841 Domini
2652 5813 2667 5839 ,
2702 5778 2755 5827 et
2790 5769 3047 5840 palatium
3088 5767 3189 5827 sibi
3214 5806 3232 5833 ,
3278 5763 3378 5827 ad,
