3920 6514
533 365 640 432 illi

1191 366 1250 420 B.
1293 362 1543 419 RABANI
1584 360 1801 418 MAURI
1836 357 2153 415 ARCHIEP.
2196 356 2506 414 MOGUNT.
2546 354 2833 413 OPEBUM
2874 357 3054 414 PARS
3088 357 3131 413 Ι.

534 487 780 544 eumdem
816 495 1029 539 sensum
1073 482 1327 552 pertinet,
1359 474 1703 550 quia‘sancta
1730 477 1824 531 Dei
1856 474 2098 530 Ecclesia
2125 473 2177 535 Α
2206 467 2394 539 gendis
2413 468 2535 539 jure
2556 475 3021 537 praeponerentur,
3056 465 3285 523 Domino
3314 466 3613 539 Μίδας
3635 469 3773 526 obtu-

535 583 723 635 domus
759 577 853 632 Dei
880 583 981 641 est,
1010 589 1171 644 quam
1205 573 1292 628 ille
1315 571 1700 643 perpetualiter
1729 566 2013 633 inhabitat,
2044 574 2101 623 et

534 673 788 743 palatium
819 669 1056 724 caelestis
1083 668 1250 738 regis,
1281 666 1374 721 ubi
1400 666 1515 735 ipse
1544 664 1727 735 gloria:
1755 677 1865 718 suae
1893 661 2101 733 magni-

535 765 770 820 tudinem
797 762 1068 817 nniversis
1090 759 1340 830 gentibus
1367 757 1618 813 ostendit.
1648 754 1892 826 Operarii
1917 760 2099 809 autem

534 859 647 914 veri
678 856 985 913 Salomonis
1023 856 1221 925 quique
1270 861 1397 909 sunt
1436 852 1636 919 electi,
1688 852 1780 921 qui
1828 849 1912 906 vel
1954 857 2101 903 recte

534 948 806 1005 credendo
830 963 894 1003 ac
922 945 1058 1001 bene
1086 946 1358 1015 operando
1386 944 1702 1013 semetipsos
1742 940 1950 996 habiles
1974 938 2104 994 aedi-

536 1039 657 1093 ﬁcio
686 1037 779 1092 Dei
818 1036 1043 1102 faciunt,
1075 1035 1159 1091 vel
1186 1036 1318 1090 alios
1346 1035 1586 1090 docendo
1612 1034 1678 1089 ad
1702 1032 1937 1088 futuram
1970 1041 2103 1088 tem-

532 1130 606 1199 pii
661 1130 758 1185 Dei
804 1127 1029 1199 gloriam
1062 1136 1385 1199 praeparant.
1443 1127 1580 1194 Quid
1622 1133 1800 1180 autem
1838 1124 2105 1197 signilicet

536 1222 963 1292 septuagesimus
1001 1227 1056 1277 et
1101 1222 1459 1291 octogesimus
1484 1261 1498 1285 ,
1542 1233 1749 1274 necnon
1786 1225 1840 1271 et
1882 1233 2104 1273 sexcen-

537 1312 761 1366 tesimus
791 1320 952 1382 atque
998 1312 1192 1367 tertius
1232 1326 1489 1367 numerus
1504 1352 1527 1393 θ
1555 1312 1609 1365 in
1647 1308 1993 1379 sequentibus
2019 1307 2100 1362 di-

538 1417 653 1457 cem
660 1418 741 1456 IIS.

610 1495 756 1550 Misit
783 1510 985 1566 quoque
1009 1493 1077 1547 ad
1106 1491 1295 1547 Hiram
1326 1508 1492 1563 regem
1524 1488 1648 1561 Tyri
1666 1533 1679 1557 ,
1706 1490 1882 1545 dicens
1906 1505 1923 1541 :
1956 1487 2106 1544 Sicut

536 1586 685 1657 egisti
716 1602 832 1641 cum
856 1585 1026 1639 David
1051 1592 1199 1655 patre
1222 1599 1352 1647 meo,
1382 1592 1428 1637 et
1459 1583 1649 1637 misisti
1690 1582 1738 1637 ei
1768 1582 1911 1652 ligna
1939 1580 2108 1636 cedri—

536 1693 624 1743 na,
665 1684 723 1731 ut
753 1677 1041 1746 wdiﬂcaret
1090 1675 1189 1728 sibi
1238 1674 1449 1727 domum
1473 1714 1487 1739 ,
1518 1675 1573 1728 in
1602 1690 1705 1744 qua
1732 1672 2002 1738 habitavit,
2031 1672 2109 1725 sic

536 1768 621 1838 fac
655 1784 857 1824 mecum
883 1808 896 1834 ,
924 1777 985 1821 ut
1008 1767 1261 1836 wdiﬁcem
1287 1767 1499 1820 domum
1528 1764 1740 1819 Domini
1762 1762 1863 1819 Dei
1884 1764 2006 1829 mei,
2048 1769 2107 1817 ut

2201 559 2265 614 lit
2297 577 2310 613 :
2342 559 2518 629 qualis
2544 556 2646 613 fuit
2691 558 2823 629 ipsis
2873 555 3237 627 apostolorum
3271 557 3634 629 tempori”
3665 558 3773 615 lio-

2200 652 2385 723 nysius
2396 651 2740 722 Areopagita,
2760 649 2934 720 qualis
2951 650 3203 724 deinceps
3214 651 3411 707 doctor
3428 651 3775 710 suam

2201 754 2361 813 atque
2401 741 2726 798 fortissimus
2756 753 2966 815 martyr
3000 741 3322 815 Cyprianus,
3372 742 3777 813 δείξωμε-

2199 833 2438 903 plurimi.
2472 832 2618 888 Misit
2652 840 2707 888 et
2730 848 2944 900 aurum,
2972 832 3116 905 quod
3145 833 3202 889 in
3224 834 3423 890 «dem
3449 846 3610 904 pene
3637 835 3776 906 sigi-

2204 924 2457 979 ﬁcatione
2486 923 2772 994 accipitur,
2801 924 2927 994 quia
2965 924 3220 979 nimirum
3249 924 3404 981 viros
3432 924 3716 995 sapiant
3733 936 3780 983 et

2203 1015 2421 1088 ingenio
2442 1014 2733 1086 praeclaros
2756 1014 3013 1071 ostendit.
3037 1012 3147 1069 Pro
3166 1014 3366 1085 quilms
3387 1013 3624 1071 eundi
3650 1014 3779 1071 eih-

2202 1109 2438 1164 tionibus
2479 1109 2755 1179 gentilitas
2787 1125 2818 1164 a
2848 1109 3075 1171 Domino
3101 1109 3241 1164 dona
3283 1117 3593 1180 exspectat
3615 1110 3779 1181 sub

2203 1202 2463 1269 cmlestis,
2509 1202 2749 1257 triticum
2805 1201 3307 1258 videlicetverbum
3344 1201 3470 1268 Dei,
3516 1201 3779 1258 erum

2204 1293 2484 1349 charitatis
2515 1302 2678 1363 atque
2712 1293 2982 1348 unctionis
3020 1301 3077 1349 et
3102 1292 3528 1349 illuminabat
3556 1292 3781 1365 huius

2203 1385 2395 1440 sancti.
2434 1384 2700 1441 Convenit
2735 1394 2915 1441 autem
2959 1394 3084 1456 apte
3110 1385 3277 1440 rebus
3298 1380 3601 1451 um,
3630 1385 3778 1457 quod,

2204 1476 2463 1531 auxilium
2490 1477 2672 1548 operis
2699 1478 2870 1533 sancti
2892 1474 3207 1548 emugitans,
3233 1478 3313 1533 ait
3339 1477 3413 1533 ad
3456 1476 3661 1533 ham
3692 1476 3777 1533 Sa—

2204 1567 2386 1624 lomon
2411 1587 2424 1623 :

2277 1659 2427 1713 Mitte
2446 1675 2568 1730 ergo
2588 1660 2718 1714 mihi
2737 1675 2909 1715 virum
2924 1660 3191 1714 eritde
3204 1699 3220 1727 ,
3246 1660 3337 1731 qui
3357 1660 3575 1714 nouerit
3598 1662 3787 1729 operui

2204 1751 2259 1805 in
2281 1767 2411 1804 auro
2433 1759 2481 1804 et
2513 1760 2749 1822 argento,
2778 1766 2882 1806 mre
2924 1757 2973 1805 et
3013 1750 3173 1820 ferro,
3203 1766 3468 1822 purpura,
3498 1750 3718 1804 coccino
3748 1760 3787 1804 et

534 1872 828 1915 consecrem
853 1875 969 1913 eam
998 1859 1068 1912 ad
1101 1856 1417 1912 adolendum
1462 1857 1729 1911 incensum
1769 1871 1944 1909 coram
1992 1853 2102 1922 illo,

2211 1842 2511 1913 hyacintho,
2537 1852 2585 1897 et
2608 1843 2700 1913 qui
2728 1844 2859 1898 sciat
2887 1841 3120 1915 scalpere
3144 1842 3331 1898 cwlata
3355 1860 3483 1898 cum
3514 1844 3606 1897 his
3636 1844 3787 1915 artiﬁ-

535 1962 585 2007 et
618 1952 928 2022 fumigunda
958 1961 1219 2017 aromata,
1259 1960 1305 2005 et
1352 1951 1420 2004 ad
1462 1950 1861 2021 propositionem
1911 1964 2105 2021 panum

534 2043 921 2113 sempiternam,
959 2049 1010 2095 et
1034 2041 1103 2095 ad
1131 2039 1579 2097 holocaustomata
1614 2057 1766 2095 mane
1794 2050 1840 2095 et
1883 2042 2102 2111 vespere,

534 2134 769 2190 sabbatis
785 2150 988 2206 quoque
1014 2141 1062 2187 et
1092 2133 1395 2188 Neomcniis
1440 2144 1488 2188 et
1533 2132 1945 2189 solemnitatibus
1992 2133 2103 2187 Do-

535 2223 663 2277 mini
709 2222 803 2277 Dei
849 2223 1015 2277 nostri
1058 2222 1113 2276 in
1142 2222 1536 2293 sempiternum,
1565 2239 1683 2294 qua:
1708 2223 1961 2276 mandata
1986 2229 2107 2275 sunt

535 2313 707 2369 Israel
738 2354 754 2380 ,
801 2321 856 2369 et
904 2313 1129 2383 reliqua.
1182 2312 1380 2368 Narrat
1432 2324 1609 2368 autem
1655 2314 1858 2385 Regum
1883 2313 2107 2369 historia

535 2404 655 2478 (111
680 2406 807 2477 Reg.
845 2405 902 2477 v)
928 2447 942 2472 ,
987 2406 1133 2477 quod
1184 2405 1435 2461 Salomon
1482 2408 1842 2462 aediﬁcaturus
1893 2408 2106 2463 domum

533 2495 783 2562 Domino,
831 2495 1107 2565 quresierit
1157 2497 1416 2551 auxilium
1447 2498 1515 2551 ab
1546 2497 1731 2552 Hiram
1771 2514 1896 2569 rege
1941 2498 2106 2569 Tyri,

534 2588 627 2657 qui
658 2595 777 2642 erat
811 2587 1018 2643 amicus
1046 2587 1219 2642 David
1247 2589 1393 2643 omni
1432 2596 1692 2658 tempore,
1737 2598 1792 2643 et
1827 2604 1948 2645 cum
1993 2591 2109 2659 ipso

533 2694 748 2750 quoque
793 2679 1081 2736 Salomone
1105 2721 1121 2747 ,
1165 2690 1450 2750 postquam
1502 2696 1669 2751 regno
1726 2682 1930 2750 potitus
1976 2689 2057 2736 est
2092 2722 2106 2747 ,

533 2784 721 2841 pacem
766 2772 969 2827 habere
1003 2771 1116 2840 jam
1161 2774 1411 2843 coeperit,
1454 2781 1868 2843 promptumque
1892 2789 2016 2827 mox
2046 2771 2109 2827 ad

535 2861 896 2931 adiuvandum
927 2878 989 2919 se
1020 2864 1079 2918 in
1105 2865 1358 2919 erunibus
1396 2864 1513 2934 ejus
1548 2864 1813 2919 invenerit
1850 2864 2108 2930 animum,

534 2954 613 3010 ita
640 2962 704 3009 ut
734 2954 970 3025 artiﬁces
1009 2954 1117 3024 illi,
1148 2963 1203 3011 et
1230 2955 1373 3026 ligna
1410 2965 1463 3009 et
1493 2969 1682 3009 aurum
1708 2997 1721 3021 ,
1770 2964 1930 3025 prout
1976 2969 2111 3024 opus

534 3044 789 3111 habebat,
831 3046 1039 3101 dederit
1065 3064 1079 3100 :
1112 3046 1268 3116 cujus
1296 3046 1545 3102 beneﬁcii
1579 3047 1751 3117 gratia
1779 3046 2031 3101 Salomon
2060 3046 2110 3100 ci

533 3151 633 3206 per
659 3151 831 3193 annos
859 3137 1100 3209 singulos
1139 3138 1403 3209 plurimos
1446 3138 1614 3192 tritici
1664 3146 1719 3191 et
1763 3138 1865 3192 olei
1911 3139 2109 3194 choros

534 3203 590 3283 in
612 3228 801 3285 cibum.
820 3203 1001 3286 domui
1025 3203 1348 3301 ejus—dabat.
1373 3230 1511 3284 Nulli
1534 3238 1715 3285 autem
1736 3231 1955 3286 dubium
1978 3232 2106 3302 quin
2136 3203 2181 3269 C

537 3320 814 3388 Salomon,
845 3323 937 3392 qui
960 3322 1349 3392 interpretatur
1366 3322 1641 3393 paciﬁcus,
1668 3330 1722 3376 et
1750 3322 1866 3393 ipso
1890 3322 2107 3377 nomine
2143 3334 2151 3347 λ

533 3422 590 3468 et
636 3412 989 3469 serenissima
1026 3413 1176 3483 regni
1214 3413 1298 3468 sui
1350 3419 1494 3468 statu
1539 3413 1687 3467 illum
1737 3413 2007 3484 signiﬁcet
2044 3413 2110 3469 de

534 3518 642 3573 quo
669 3504 806 3558 dixit
831 3502 1038 3559 lsaias:
1073 3501 1513 3572 Multiplicabitur
1559 3503 1673 3571 eius
1706 3503 1980 3573 imperium
2007 3544 2019 3568 ,
2060 3513 2109 3557 et

537 3594 683 3663 pacis
710 3609 813 3648 non
836 3593 932 3647 erit
961 3593 1085 3662 ﬁnis
1109 3592 1247 3664 (Isa.
1272 3591 1370 3665 ιι).
1404 3592 1592 3647 Hiram
1628 3608 1776 3658 vero,
1807 3594 1899 3664 qui
1922 3594 2109 3649 Latine

537 3676 737 3739 dicitur
777 3685 947 3739 visens
987 3684 1185 3739 excelse
1206 3724 1222 3751 ,
1251 3684 1535 3741 credentes
1562 3700 1629 3741 ex
1652 3686 1899 3757 gentibus
1924 3692 1978 3740 et
2000 3686 2111 3739 vita

537 3774 697 3829 simul
742 3789 864 3831 cum
890 3773 995 3831 ﬁde
1018 3775 1283 3847 gloriosos
1307 3775 1603 3846 figuraliter
1627 3777 1899 3846 exprimit.
1929 3775 2111 3846 Neque

537 3863 742 3934 aliquid
760 3864 1011 3935 prohibet
1032 3864 1165 3936 quin
1189 3865 1395 3932 Hiram,
1419 3866 1547 3936 quia
1570 3880 1662 3920 rex
1684 3874 1821 3932 erat,
1836 3864 2111 3936 regalique

536 3953 807 4025 patientia
833 3952 1180 4010 Salomonem
1206 3954 1267 4009 iu
1289 3954 1519 4010 aediﬁcio
1565 3954 1757 4009 domus
1783 3954 1995 4009 Domini
2024 3948 2109 4023 ju-

535 4048 729 4114 vabat,
769 4060 1065 4104 conversos
1121 4049 1193 4103 ad
1236 4045 1398 4104 ﬁdem
1441 4048 1586 4118 ipsos
1620 4062 1805 4101 rerum
1855 4046 2113 4103 Dominos

536 4138 717 4209 typice
763 4138 1086 4205 denuntiet,
1138 4152 1369 4208 quorum
1414 4153 1517 4210 ope
1547 4146 1760 4193 constat
1808 4137 2109 4194 Ecclesiam

535 4231 732 4301 saepius
763 4233 832 4288 ad
874 4234 1041 4288 vitam
1079 4233 1331 4289 nobiliter
1366 4240 1769 4305 augmentatam
1812 4249 1875 4290 ac
1924 4242 2111 4289 contra

536 4321 823 4377 haereticos
847 4322 1222 4378 schismaticos
1248 4330 1303 4377 et
1323 4337 1562 4394 paganos
1586 4322 1973 4393 principalibus
1998 4338 2114 4378 ere-

536 4420 683 4469 ctam
718 4426 845 4469 esse
885 4414 1137 4469 decretis.
1182 4412 1348 4467 Petiit
1384 4427 1514 4483 ergo
1561 4411 1813 4468 Salomon
1860 4414 1914 4467 in
1949 4427 2115 4483 opere

537 4502 722 4575 templi
767 4504 1025 4559 auxilium
1074 4502 1141 4559 ab
1189 4502 1398 4569 Hiram,
1448 4503 1573 4573 quia
1625 4517 1747 4557 cum
1792 4503 2015 4557 veniens
2056 4502 2112 4555 in

535 4559 699 4654 carne
727 4595 989 4651 Dominus
1015 4594 1273 4650 dilaniata.
1301 4559 1405 4649 sibi
1435 4559 1674 4659 domum,
1715 4592 1967 4647 videlicet
2006 4592 2111 4649 Ec-
2138 4559 2194 4621 Β

535 4689 775 4753 cluuiaru,
818 4687 1089 4744 aediﬁcare
1126 4674 1456 4757 disponeret,
1491 4700 1601 4742 non
1650 4686 1717 4741 de
1750 4683 1948 4742 Iudaeis
1993 4694 2114 4741 tan-

535 4778 837 4843 tummodo,
878 4792 1075 4832 verum
1116 4784 1176 4831 et
1202 4777 1268 4831 de
1311 4775 1562 4847 gentibus
1611 4774 1886 4843 adjutores
1933 4776 2116 4847 operis

533 4870 716 4941 elegit.
742 4866 885 4923 Nam
920 4867 987 4923 de
1022 4875 1255 4937 utroque
1289 4866 1486 4937 populo
1526 4866 1805 4922 ministros
1845 4868 2113 4924 sermonis

535 4961 847 5034 assumpsit.
877 4960 1023 5017 Misit
1053 4959 1239 5015 Hiram
1269 4958 1543 5015 Salomoni
1570 4960 1792 5031 prmcisa
1822 4961 1886 5015 de
1906 4960 2111 5017 Libano

535 5054 681 5126 ligna
707 5053 927 5110 cedrum
951 5061 1008 5107 et
1031 5052 1280 5123 abiegno,
1307 5065 1427 5121 qua
1450 5051 1503 5105 in
1530 5054 1745 5107 domum
1771 5054 1982 5108 Domini
2008 5068 2107 5123 po-

534 5153 818 5211 nerentur,
836 5145 964 5214 quia
980 5158 1244 5198 conversa
1269 5142 1542 5213 gentilitas
1564 5143 1710 5197 misit
1734 5143 1799 5197 ad
1820 5129 2106 5197 Dominum

537 5239 684 5295 viros
711 5239 989 5309 quondam-
1015 5238 1082 5292 ad
1123 5236 1378 5293 saeculum
1425 5234 1622 5303 claros,
1658 5238 1753 5292 sed
1801 5238 1978 5292 securi
2013 5239 2106 5291 do-

537 5328 751 5384 minica
772 5327 1181 5398 praeparationis
1219 5327 1287 5381 de
1319 5336 1501 5381 monte
1548 5342 1658 5382 suae
1704 5326 1968 5397 superbiae
1991 5325 2106 5394 jam

540 5417 781 5488 deiectos
805 5424 862 5471 et
894 5416 1223 5482 humiliatos,
1260 5418 1350 5487 qui
1380 5418 1449 5473 ad
1495 5432 1738 5472 normam
1780 5416 2106 5488 evangelica:

535 5507 783 5563 veritatis
809 5508 1041 5563 instituti
1070 5509 1127 5563 in
1159 5509 1387 5565 aediﬁcio
1415 5509 1671 5565 Ecclesiae
1697 5523 1794 5578 pro
1822 5524 1920 5564 suo
1950 5510 2102 5579 quis-

535 5614 639 5670 que
662 5600 855 5653 merito
881 5599 965 5654 vel
998 5608 1231 5670 tempore
1256 5600 1629 5656 collocaretur.
1663 5597 1807 5653 Misit
1832 5600 1992 5653 etiam
2022 5615 2105 5655 ar-

536 5688 730 5753 tiﬁces,
764 5689 889 5758 quia
925 5705 1214 5747 conversos
1258 5693 1321 5745 ad
1350 5707 1531 5745 veram
1571 5692 1890 5760 sapientiam
1932 5691 2104 5761 philo-

537 5780 757 5849 sophos,
806 5781 892 5849 qui
941 5782 1114 5851 gratia
1158 5782 1478 5837 eruditionis
1507 5783 1716 5851 populis
1758 5797 1970 5852 quoque
2018 5797 2105 5839 re-

2205 1935 2349 1990 cibus
2378 1952 2505 2007 quos
2532 1952 2733 1990 mecum
2755 1936 2921 1991 Itach
2940 1937 2997 1990 in
3024 1936 3217 1991 Judtea
3238 1945 3291 1991 et
3324 1936 3645 1992 Jerusalem
3672 1954 3785 2008 quas

2190 2028 2515 2098 praeparavit
2559 2027 2725 2082 Dauid
2747 2037 2896 2099 pater
2939 2043 3104 2082 meus.
3135 2026 3243 2083 Sed
3288 2035 3339 2081 et
3383 2027 3539 2099 ligna
3592 2028 3791 2082 cedria

2204 2121 2348 2175 mitte
2392 2122 2541 2187 mihi,
2595 2121 2921 2187 arceuthina,
2964 2130 3017 2175 et
3063 2120 3217 2192 pinea
3274 2120 3341 2175 de
3394 2117 3637 2175 Libano.
3688 2121 3795 2175 Scis

2206 2211 2366 2276 enim,
2397 2210 2539 2281 quod
2562 2212 2695 2265 servi
2722 2211 2800 2264 tui
2831 2211 3065 2265 noverint
3086 2209 3284 2264 credere
3306 2208 3457 2281 ligna
3486 2209 3557 2264 de
3585 2208 3790 2262 Libens.

2205 2302 2277 2356 Et
2301 2311 2453 2357 erant
2479 2304 2611 2357 servi
2633 2303 2735 2357 mei
2769 2318 2887 2356 cum
2927 2303 3087 2357 servis
3127 2302 3251 2366 tuis,
3283 2312 3343 2355 ut
3382 2308 3659 2371 parentur
3686 2302 3797 2354 ιιιὕὲ

2207 2392 2352 2464 ligna
2379 2392 2629 2464 plurima.
2679 2392 2880 2448 Domus
2918 2394 3075 2458 enim,
3127 2409 3285 2464 quam
3316 2392 3479 2462 cupio
3516 2392 3794 2461 eam,

2206 2501 2401 2557 magna
2420 2494 2496 2541 est
2526 2485 2681 2541 nimis
2705 2495 2753 2540 et
2780 2486 2996 2557 inclyta.
3026 2483 3293 2539 Pra’terea
3306 2485 3578 2556 operariis
3598 2485 3695 2555 qui
3718 2501 3799 2537 ιε-
3836 2520 3843 2529 ς

2208 2579 2321 2632 auri
2346 2586 2468 2632 sunt
2493 2577 2637 2650 ligna
2658 2580 2818 2633 servis
2842 2580 2949 2632 tuis
2970 2578 3106 2632 dabo
3134 2579 3187 2631 in
3218 2577 3441 2643 cibaria,
3470 2577 3652 2631 tritici
3671 2592 3801 2630 ceres

2210 2669 2390 2738 viginti
2420 2668 2604 2733 millia,
2631 2678 2677 2723 et
2700 2669 2882 2723 hordei
2904 2668 3121 2724 totidem
3141 2683 3308 2732 caros,
3339 2666 3445 2721 olei
3463 2684 3687 2739 quoque
3704 2677 3803 2721 sua

2210 2762 2389 2831 viginti
2408 2761 2597 2828 millia,
2624 2770 2681 2816 et
2697 2762 2852 2832 reliq.
2878 2760 3035 2817 Servi
3054 2762 3252 2832 quippe
3266 2760 3485 2827 Hiram,
3512 2762 3614 2831 qui
3636 2760 3803 2830 praci-

2211 2853 2412 2908 debant
2459 2853 2734 2910 Saiemoni
2764 2854 2959 2910 cedrus
3001 2853 3066 2909 de
3111 2851 3341 2917 Libano,
3384 2851 3658 2907 doctores
3697 2860 3805 2907 snt

2211 2944 2368 3000 electi
2391 2945 2458 3000 de
2482 2945 2749 3015 gentibus,
2778 2956 3009 3015 quantm
3045 2942 3212 2999 oﬁlcii
3239 2952 3324 2999 est
3349 2958 3450 2998 eos
3470 2943 3578 3013 qui
3622 2944 3681 2998 in
3719 2943 3805 2998 hoc

2212 3035 2415 3090 mundo
2448 3036 2613 3091 rebus
2648 3043 2705 3089 et
2742 3033 2913 3106 gloria
2956 3033 3229 3100 laetantur,
3276 3048 3309 3087 a
3349 3033 3642 3104 superbi:
3681 3032 3807 3087 fastu

2213 3129 2539 3201 corrigendo
2576 3136 2843 3193 sternere,
2874 3126 3051 3198 adque
3089 3125 3412 3195 obsequium
3454 3125 3549 3179 sui
3594 3123 3805 3179 Redem-

2210 3222 2383 3291 ptoris
2420 3235 2609 3275 eorum
2653 3229 2782 3275 vota
2805 3218 3123 3275 transferre.
3151 3217 3285 3274 Cum
3326 3217 3542 3286 quibus
3567 3215 3803 3271 videlicet

2212 3314 2384 3369 servis
2403 3320 2559 3369 erant
2574 3320 2630 3367 et
2658 3312 2801 3368 servi
2816 3310 3153 3375 Salomonis,
3181 3325 3245 3365 ac
3266 3309 3483 3380 pariter
3504 3318 3805 3364 memorato

2211 3406 2489 3463 instabant
2509 3405 2683 3477 operi,
2704 3405 2832 3476 quia
2860 3404 3020 3475 primi
3060 3404 3309 3459 doctores
3336 3416 3401 3457 ex
3429 3402 3706 3473 gentibus
3731 3416 3805 3455 ne

2218 3512 2371 3553 cesso
2394 3498 2667 3553 habebant
2696 3497 2935 3567 ipsorum
2964 3494 3351 3566 apostolorum,
3399 3493 3561 3565 quia
3594 3493 3807 3550 Domino

2211 3589 2534 3653 didicerant,
2579 3587 2879 3643 eruditione
2913 3587 2968 3641 in
2999 3587 3165 3642 verbo
3195 3584 3318 3641 ﬁdei
3354 3584 3607 3651 institui,
3642 3601 3731 3649 ne,
3770 3585 3809 3639 si

2216 3680 2425 3751 absque
2449 3679 2725 3751 magistris
2749 3680 2945 3735 docere
2969 3679 3289 3750 inciperent,
3315 3678 3579 3747 magistri
3622 3678 3809 3733 exists.

2211 3781 2333 3829 rent
2365 3773 2588 3829 erroris.
2618 3773 2826 3828 Idcirco
2862 3773 3061 3827 etenim
3107 3770 3360 3826 Salomon
3397 3785 3605 3826 servos
3636 3769 3810 3824 Hiram

2212 3864 2422 3919 caedere
2465 3863 2567 3919 sibi
2610 3864 2781 3919 voluit
2809 3863 2953 3935 ligna
2981 3862 3048 3918 de
3096 3861 3321 3930 Libano,
3355 3862 3505 3932 quia.
3536 3862 3811 3917 doctiores

2211 3964 2370 4013 erant
2409 3955 2582 4012 servis
2617 3958 2731 4012 suis
2768 3956 2834 4010 ad
2873 3954 3204 4011 medendum.
3252 3954 3362 4010 Sed
3406 3954 3627 4010 idcirco
3656 3955 3809 4009 etiam

2216 4064 2405 4106 servos
2432 4064 2559 4105 suos
2602 4048 2762 4106 simul
2790 4049 2980 4105 adesse
3020 4047 3210 4113 voluit,
3242 4053 3299 4102 ut
3324 4047 3699 4102 ostenderent
3725 4061 3812 4101 ae-

2213 4141 2463 4197 dentibus
2492 4142 2646 4211 cujus
2678 4156 2946 4197 mensurae
2983 4140 3129 4213 ligna
3174 4140 3291 4196 ﬁeri
3325 4141 3617 4196 deberent.
3655 4138 3811 4208 Cujus

2213 4230 2290 4284 rei
2342 4228 2513 4300 ﬁgura
2559 4230 2611 4285 in
2654 4238 2907 4300 promptu
2946 4237 3062 4294 est,
3108 4229 3235 4302 quia
3268 4229 3529 4285 nimirum
3577 4230 3809 4301 apostoli

2212 4323 2413 4377 certius
2454 4323 2676 4379 verbum
2705 4321 3003 4393 Evangelii,
3034 4322 3177 4392 quod
3224 4336 3255 4376 a
3293 4320 3527 4377 Domino
3558 4322 3806 4385 audiere,

2213 4422 2498 4468 noverunt.
2530 4413 2637 4469 Sed
2667 4414 2893 4485 gentiles
2918 4415 2986 4471 ab
3021 4429 3208 4470 errore
3238 4413 3508 4479 conversi,
3542 4422 3724 4485 atque
3749 4414 3806 4469 ad

2215 4506 2504 4561 veritatem
2534 4504 2807 4576 Evangelii
2844 4505 3238 4572 transformati,
3266 4505 3461 4560 melius
3490 4504 3650 4576 ipsos
3680 4521 3805 4575 gen-

2219 4597 2353 4652 tium
2377 4613 2595 4653 errores
2636 4604 2917 4665 noverant,
2958 4606 3015 4654 et
3049 4612 3157 4669 quo
3183 4596 3384 4653 certius
3424 4604 3723 4662 noverant,
3750 4611 3808 4651 eo

2216 4691 2564 4749 artiﬁciosius
2594 4694 2695 4749 hos
2724 4706 3034 4764 expugnare
3078 4700 3240 4763 atque
3282 4703 3553 4747 evacuare
3592 4689 3805 4746 didice-

2214 4790 2361 4839 runt.

2286 4874 2432 4928 Discit
2455 4882 2628 4929 autem
2656 4872 2846 4929 Hiram
2872 4890 2967 4929 rex
2992 4872 3118 4946 Tyri
3140 4888 3232 4945 per
3265 4873 3466 4928 litteras
3486 4888 3623 4945 quas
3647 4888 3804 4927 misc-

2214 4976 2296 5021 rat
2326 4965 2640 5022 Salomoni:
2669 4967 2808 5034 Quia
2843 4967 3026 5023 dilexit
3059 4967 3312 5022 Dominus
3336 4965 3589 5037 populum
3619 4981 3799 5028 suum,

2211 5057 2329 5111 ideo
2354 5065 2402 5111 te
2426 5073 2640 5126 regnare
2670 5057 2791 5126 fecit
2812 5073 2968 5127 super
2991 5072 3145 5119 eum,
3160 5064 3210 5109 et
3228 5054 3434 5109 addidit
3460 5054 3641 5109 dicens
3660 5071 3683 5108 :
3710 5053 3802 5108 Bc-

2210 5150 2447 5204 nedictus
2468 5149 2725 5203 Dominus
2746 5148 2889 5202 Deus
2920 5146 3109 5213 Israel,
3134 5149 3227 5218 qui
3253 5147 3376 5217 fecit
3406 5146 3595 5201 omium
3616 5155 3665 5201 et
3699 5157 3800 5201 ter-

2211 5240 2453 5308 ram,qui
2489 5238 2629 5292 dedit
2661 5237 2825 5292 David
2859 5238 2967 5309 regi
2995 5237 3164 5306 ﬁlium
3198 5239 3483 5309 sapientem
3527 5246 3580 5295 et
3612 5238 3795 5291 erudi-

2209 5337 2342 5392 tum,
2386 5337 2433 5382 et
2461 5338 2729 5383 semotum
2752 5338 2908 5399 atque
2930 5330 3256 5398 prudentem,
3287 5336 3346 5382 ut
3384 5326 3678 5397 nidiﬁcant
3707 5326 3797 5379 do-

2206 5431 2351 5470 mum
2382 5416 2631 5481 Domino,
2661 5426 2708 5471 et
2752 5416 3012 5487 palatium
3205 5417 3329 5472 Misi
3353 5433 3474 5488 ergo
3503 5416 3600 5469 tibi
3624 5415 3791 5470 cirum
3856 5476 3863 5491 ,

2204 5511 2531 5581 prudentem,
2571 5519 2618 5563 et
2661 5511 3061 5565 scientissimum
3102 5511 3328 5579 fabrum,
3386 5506 3577 5562 Hiram
3604 5506 3788 5579 ﬂieb.,

2204 5600 2353 5672 Abif]
2378 5610 2578 5670 patrem
2606 5618 2799 5667 meum,
2842 5602 3009 5672 ﬁlium
3057 5602 3288 5656 mulieris
3314 5602 3377 5655 de
3400 5600 3615 5670 filiabus
3643 5598 3786 5663 Dan,

2205 5694 2357 5763 cujus
2400 5704 2545 5764 pater
2574 5694 2762 5765 Tyrius
2789 5696 2909 5765 fuit,
2957 5696 3044 5766 qui
3075 5694 3270 5749 noverit
3295 5695 3500 5764 operari
3545 5692 3599 5746 in
3630 5709 3784 5753 auro,

2205 5794 2255 5839 et
2285 5794 2519 5855 argento,
2556 5796 2603 5840 et
2642 5803 2761 5853 cere,
2792 5796 2839 5841 et
2870 5786 3029 5856 ferro,
3067 5796 3115 5841 et
3156 5802 3414 5839 marmore
3458 5793 3505 5838 et
3528 5784 3701 5855 lignis,
3732 5785 3783 5837 in

3686 358 3772 417 ﬂ
3882 356 3885 393 l
