3920 6514
79 349 213 407 ω
1076 342 1426 401 somnum.
1467 341 1532 397 lN
1575 338 2126 396 PARALIPOMENA.
2153 368 2223 380 -
2260 341 2384 396 Lm.
2425 341 2510 397 Ill.
3301 348 3407 406 422

76 485 391 540 purpura
416 482 619 539 quoque
652 472 699 519 et
725 463 1029 535 hyacintho,
1073 471 1121 518 et
1149 463 1318 533 bysso,
1341 469 1389 515 et
1419 460 1648 521 coccino,
1681 465 1729 510 et
1757 456 1809 517 Α
1835 472 1950 509 rum
1974 454 2171 527 pepuli.
2214 456 2477 527 Proselyti
2506 464 2684 512 autem
2718 459 3053 515 vocabantur
3084 459 3269 517 Graece
3291 465 3405 534 qui,

83 561 198 633 qui
258 561 417 614 sciat
464 558 654 613 ctrlare
699 571 901 611 omnem
946 554 1287 625 sculpturam,
1339 562 1385 606 et
1434 550 1732 605 adinvenire
1928 546 2047 601 aliis
2076 546 2385 601 nationibus
2411 549 2697 619 progeniti,
2730 550 2787 603 in
2808 549 2970 607 ﬁdem
2998 560 3052 606 et
3076 555 3404 610 consortium

1832 639 2013 711 populi
2068 639 2204 705 Dei,
2255 648 2476 710 accepta
2532 641 2976 707 circumcisione,
3052 647 3401 702 transierunt.

1830 730 2074 786 Fuerunt
2125 731 2305 801 itaque
2357 731 2591 800 operarii
2646 734 2839 790 domus
2898 734 3109 791 Domini
3172 738 3238 793 de
3282 739 3406 796 ﬁliis

1831 823 2017 889 Israel,
2042 824 2257 879 fuerunt
2271 825 2337 879 de
2356 825 2660 897 prosclytis,
2689 824 2908 882 fuerunt
2937 829 3003 885 de
3032 831 3300 900 gentibus.
3334 834 3408 890 De

1837 916 1964 973 ﬁliis
1985 918 2234 974 videlicet
2257 917 2422 972 Israel
2450 918 2526 972 illi
2550 919 2771 989 triginta
2798 920 2968 975 millia
2998 923 3088 992 qui
3118 923 3189 978 ad
3215 926 3408 994 praeci-

1835 1010 2036 1066 dendas
2060 1009 2125 1065 de
2156 1008 2359 1067 Libano
2398 1011 2590 1066 cedros
2636 1011 2791 1067 missi
2822 1020 2969 1080 sunt,
3008 1014 3147 1071 sicut
3186 1016 3242 1072 in
3271 1017 3410 1075 libro

1834 1101 2041 1174 Regum
2086 1110 2339 1157 narratur
2368 1101 2486 1171 (III
2540 1102 2660 1174 Reg.
2691 1103 2783 1176 v);
2835 1104 2902 1160 de
2935 1107 3186 1181 gentibus
3215 1107 3403 1168 Hiram

1835 1200 1890 1248 et
1910 1193 2047 1249 senti
2075 1192 2212 1261 ejus,
2240 1194 2332 1263 qui
2361 1209 2482 1249 cum
2528 1194 2698 1251 servis
2727 1195 3037 1255 Salomonis
3063 1198 3207 1269 ligna
3231 1202 3409 1257 caade-

1834 1284 1966 1341 baut
2011 1285 2077 1341 de
2119 1284 2346 1339 Libano.
2372 1282 2543 1340 Omne
2589 1300 2718 1357 ergo
2763 1286 3047 1345 hominum
3083 1306 3275 1361 genus,
3313 1306 3411 1361 per

1836 1391 1971 1447 quos
2022 1377 2339 1433 aediﬁcanda
2377 1386 2498 1433 erat
2538 1376 2804 1443 Ecclesia,
2854 1378 2911 1433 in
2958 1380 3185 1436 aediﬁcio
3223 1382 3409 1453 templi

1834 1470 2133 1541 praecessit.
2164 1468 2335 1524 Judaei
2363 1484 2595 1540 namque
2618 1470 2873 1542 proselyti
2920 1479 2975 1527 ct
3020 1473 3247 1545 gentiles
3283 1490 3410 1530 con-

1836 1561 1978 1617 versi
2033 1561 2103 1615 ad
2154 1560 2445 1617 veritatem
2497 1560 2773 1632 Evangelii
2836 1577 3003 1619 unam
3060 1564 3412 1636 eamdemque

80 651 435 722 prudenter
460 648 803 720 quodcunque
838 646 891 698 in
927 661 1077 713 opere
1105 644 1455 698 necessarium
1481 648 1579 705 est,
1613 655 1730 693 cum

87 742 446 813 artiﬁcibus
470 743 594 808 tuis,
616 750 666 794 et
704 756 823 793 cum
853 736 1140 807 artiﬁcibus
1178 735 1390 790 Domini
1430 734 1532 787 mei
1564 730 1731 784 David

88 837 299 907 patris
335 835 445 900 tui,
476 842 533 888 et
549 832 704 903 reliq.
736 830 888 898 Quod
929 845 1058 902 ergo
1081 829 1211 885 dicit
1245 828 1431 883 Hiram
1456 842 1553 897 per
1589 825 1732 881 litte-

89 943 205 984 ras
232 943 395 985 suas
422 927 491 982 ad
522 924 862 981 Salomonem
889 941 901 976 :
929 921 1053 977 Misi
1091 906 1374 975 tibi‘virum
1404 918 1730 990 prudentem,

90 1028 157 1076 et
204 1000 647 1074 scientissimum
688 1015 918 1086 fabrum,
948 1026 1148 1085 patrem
1178 1028 1372 1079 meum,
1415 1010 1627 1076 Hiram,
1673 1009 1734 1062 ti-

91 1109 253 1164 lium
283 1108 544 1164 mulieris
564 1108 628 1163 de
648 1105 862 1178 ﬁliabus
882 1105 1026 1172 Dan,
1048 1105 1201 1175 cujus
1225 1114 1373 1175 pater
1399 1102 1589 1173 Tyrius
1612 1101 1730 1171 fuit,

96 1200 390 1257 ostendit
439 1214 564 1254 eum
613 1212 680 1252 ex
714 1198 972 1269 progenie
1017 1212 1138 1253 esse
1187 1195 1452 1252 Salomith
1483 1195 1548 1250 de
1593 1193 1735 1248 tribu

97 1292 266 1357 Dan,
302 1291 387 1347 de
419 1305 529 1361 quo
560 1291 615 1345 in
659 1289 798 1345 libro
840 1290 1203 1346 Numerorum
1230 1289 1491 1360 scriptum
1534 1285 1736 1358 reperi-

104 1394 206 1440 tur
241 1382 464 1456 (Num.
508 1380 715 1453 νων).
755 1380 972 1437 Patrem
1033 1396 1161 1435 vero
1204 1380 1323 1450 ejus
1365 1379 1583 1434 tradunt
1627 1377 1734 1431 lle-

102 1474 261 1529 braei
294 1473 485 1529 fuisse
521 1471 809 1527 Bebmeum
855 1471 923 1527 de
961 1471 1219 1543 progenie
1260 1469 1448 1526 Ooliab
1478 1469 1544 1525 de
1593 1467 1736 1524 tribu

104 1564 267 1631 Dan,
312 1563 418 1633 qui
450 1564 502 1617 in
532 1576 717 1618 eremo
736 1577 858 1617 cum
882 1561 1122 1617 Beseleel
1146 1569 1403 1631 operatus
1429 1566 1513 1615 est
1535 1557 1731 1629 (Exod.

104 1655 349 1729 xxxvn).
396 1654 554 1724 Quod
578 1671 707 1711 vero
732 1670 855 1711 eum
886 1654 1111 1726 Tyrium
1133 1663 1307 1720 vocat,
1341 1653 1497 1710 aiunt
1523 1650 1735 1708 Hebraei
1836 1652 2037 1710 Christi
2065 1652 2361 1709 Ecclesiam
2382 1653 2498 1708 sive
2524 1661 2669 1710 recte
2697 1654 2949 1721 vivendo,
2980 1655 3095 1712 sive
3124 1656 3290 1712 etiam
3318 1657 3411 1713 do-

106 1752 224 1806 hoc
262 1747 647 1805 nausiationc
682 1746 885 1802 factum
912 1746 1098 1803 fuisse.
1135 1745 1326 1801 Zochri
1370 1745 1514 1801 enim
1555 1744 1735 1816 lingua
1761 1817 1805 1822 _
1837 1748 2007 1803 cendo
2031 1754 2369 1803 construunt.
2402 1745 2646 1803 Fuerunt
2671 1747 2859 1818 itaque
2888 1747 3167 1807 Salomoni
3192 1759 3409 1822 septua-

107 1856 331 1897 eormn
353 1839 646 1910 plasmatio
674 1839 1007 1913 intelligitur.
1042 1838 1211 1910 Tyrus
1260 1838 1426 1905 enim,
1456 1853 1626 1917 quem.
1656 1836 1735 1892 illi
1760 1817 1812 1881 Β
1839 1840 1984 1912 ginta
2011 1840 2179 1896 millia
2208 1854 2416 1906 eorum,
2462 1839 2555 1911 qui
2586 1817 3103 1910 oneraiportabant,
3148 1849 3202 1896 et
3229 1817 3415 1897 actua-

1836 1932 1988 2005 ginta
2014 1931 2181 1987 millia
2211 1930 2539 1987 latomorum
2580 1930 2637 1985 in
2675 1938 2884 1995 monte,
2914 1932 3117 2000 absque
3160 1932 3416 2004 przeposi-

1838 2028 1926 2093 tis,
1970 2027 2061 2098 qui
2090 2034 2361 2097 praeerant
2403 2024 2628 2094 singulis
2671 2024 2947 2095 operibus,
2989 2040 3223 2081 numero
3251 2025 3413 2080 trium

1835 2119 2068 2175 millium
2117 2127 2508 2184 trecentorum,
2553 2125 2613 2170 ut
2662 2116 2718 2170 in
2771 2115 2977 2187 Regum
3025 2116 3286 2187 scriptum
3335 2125 3419 2174 est

1839 2210 2049 2284 (Ibid),
2086 2209 2515 2281 praecipientium
2541 2208 2761 2280 populo,
2797 2216 2852 2264 et
2892 2208 2979 2263 his
3015 2208 3111 2280 qui
3146 2208 3420 2266 faciebant

1836 2320 1990 2375 opus.
2036 2303 2291 2359 Latomos
2336 2301 2466 2357 dicit
2494 2300 2731 2371 lapidum
2762 2314 3013 2357 cessares.
3042 2300 3189 2355 Idem
3234 2311 3417 2358 autem

1838 2395 2075 2466 lapidum
2102 2407 2333 2450 czesores
2355 2391 2497 2462 quod
2540 2397 2596 2445 et
2630 2391 2901 2462 lignorum
2926 2404 3163 2447 cursores
3189 2393 3419 2464 ﬁgurate

1837 2487 2142 2559 designant,
2179 2486 2283 2540 hoc
2311 2491 2414 2549 est,
2446 2489 2666 2538 sanctos
2692 2480 3093 2552 praedicatores,
3137 2481 3229 2552 qui
3268 2497 3419 2538 men-

1838 2588 1921 2634 tes
1947 2577 2315 2649 insipientium
2345 2575 2566 2631 dolabra
2588 2573 2739 2630 verbi
2776 2573 2875 2629 Dei
2903 2583 3185 2643 exercent,
3214 2592 3415 2646 eosque

1837 2670 1906 2729 ab
1946 2684 2010 2725 ea
2052 2670 2107 2724 in
2150 2684 2255 2739 qua
2307 2668 2417 2723 nati
2450 2674 2577 2723 sunt
2609 2665 2929 2721 tortitudinc
2984 2680 3050 2723 ac
3077 2666 3420 2724 deformitate

1838 2774 2204 2821 transmutare
2260 2764 2625 2830 contendunt,
2676 2777 2741 2818 ac
2783 2760 3102 2834 regulariter
3145 2762 3421 2821 institutos

1838 2857 2030 2915 unitati
2058 2856 2321 2923 ﬁdelium,
2355 2855 2584 2912 aediﬁcio
2608 2854 2867 2910 videlicet
2900 2856 3093 2913 domus
3122 2854 3240 2920 Dei,
3267 2862 3422 2925 aptos

1838 2948 2064 3004 reddere
2100 2956 2313 3005 curant.
2351 2947 2506 3017 Quod
2535 2955 2714 3001 autem
2744 2954 2801 3002 et
2840 2945 2983 3019 ligna
3030 2957 3087 3005 et
3121 2945 3329 3017 lapides
3365 2947 3419 3003 in

1838 3048 2024 3101 monte
2043 3041 2341 3104 creduntur,
2377 3055 2441 3095 ac
2471 3054 2611 3099 (πιθα
2638 3054 2703 3096 ac
2724 3046 3037 3111 praeparata.
3052 3040 3283 3111 utraque
3306 3054 3421 3095 uta-

121 3133 471 3206 martyrium
509 3134 787 3206 sanguinis
827 3131 1165 3198 effusionem,
1209 3133 1533 3205 hyacinthus
1571 3133 1736 3188 coele-
1769 3186 1812 3206 η
1842 3134 2010 3190 teries
2041 3133 2108 3188 ad
2148 3141 2388 3193 montem
2425 3133 2619 3190 domus
2643 3132 2860 3189 Domini
2890 3132 3238 3200 transfertur,
3271 3142 3419 3205 patet

120 3186 301 3282 stem"
326 3186 826 3291 conversationem,
882 3226 1079 3296 byssus
1128 3226 1373 3296 corporis
1412 3226 1735 3291 castitatem,
1766 3186 1813 3254 Ο
1844 3240 2056 3291 sensus,
2086 3225 2230 3295 quod
2256 3238 2446 3279 omnes
2481 3224 2537 3279 in
2570 3231 2756 3280 monte
2778 3224 3047 3294 superbire
3072 3226 3191 3281 nati
3210 3240 3419 3291 sumus,

121 3318 411 3374 coccinus
460 3318 747 3374 charitatis
784 3316 1194 3388 plenitudinem.
1241 3317 1299 3371 in
1349 3318 1434 3372 his
1490 3317 1743 3373 omnibus
1843 3319 1971 3388 quia
1994 3318 2059 3373 de
2092 3315 2541 3388 pmvaricatione
2563 3315 2722 3387 primi
2752 3315 3009 3383 hominis,
3047 3331 3208 3389 quam
3241 3330 3426 3387 super-

120 3409 345 3465 Hiram
377 3408 643 3481 spiritalis
672 3410 776 3466 scit
814 3411 1047 3480 operari,
1080 3411 1206 3481 quia
1256 3410 1311 3464 in
1357 3409 1601 3466 Ecclesia
1646 3408 1743 3465 Dei
1841 3409 1935 3467 bia
1958 3407 2108 3474 fecit,
2135 3407 2403 3479 originem
2426 3407 2611 3463 carnis
2639 3407 2926 3464 traximus.
2956 3407 3234 3481 Quotquot
3249 3414 3425 3463 autem

120 3502 184 3557 in
230 3499 484 3570 singulis
526 3502 614 3557 his
666 3502 951 3572 speciebus
995 3502 1146 3557 novit
1188 3509 1443 3556 strenuus
1488 3510 1545 3556 et
1597 3500 1743 3556 utilis
1843 3505 2016 3578 gratia
2066 3504 2163 3560 Dei
2195 3505 2544 3576 praeordinati
2585 3520 2774 3563 sumus
2799 3507 2865 3563 ad
2895 3507 3083 3574 vitam,
3131 3507 3430 3567 excidimus

127 3594 283 3661 ﬁeri,
325 3603 605 3665 quatenus
643 3596 822 3651 omnis
869 3594 1044 3651 virtus
1098 3596 1288 3652 domus
1333 3595 1431 3651 Dei
1477 3594 1742 3665 condigne
1845 3598 2259 3665 eatechizando,
2313 3606 2370 3652 et
2413 3606 2755 3655 sacramenta
2792 3598 2918 3655 ﬁdei
2951 3598 3317 3670 percipiendo,
3362 3599 3429 3655 de

130 3687 441 3757 splendore
485 3703 673 3744 coram
696 3688 870 3745 oculis
913 3689 1191 3745 hominum
1221 3689 1287 3744 ad
1330 3688 1743 3745 instructionem
1842 3701 2024 3747 monte
2044 3690 2325 3761 superbiae,
2359 3689 2494 3744 etin
2521 3697 2760 3747 montem
2796 3690 2987 3746 domus
3009 3690 3221 3745 Domini
3244 3698 3418 3747 trans-

134 3794 337 3834 eorum
382 3779 611 3850 fulgeat,
646 3789 704 3836 et
732 3782 888 3837 bona:
913 3781 1209 3836 voluntatis
1252 3779 1419 3837 odore
1456 3789 1588 3836 ante
1614 3794 1741 3836 con-
1842 3783 2093 3850 ferimur,
2122 3784 2248 3855 quia
2286 3783 2429 3839 eruti
2459 3783 2526 3838 de
2554 3790 2823 3855 potestate
2850 3784 3197 3843 tenebrarum
3241 3784 3315 3843 ad
3343 3800 3433 3841 ar-

136 3878 401 3940 speetum
426 3870 733 3927 divinitatis
759 3872 1107 3943 acceptabilis
1135 3872 1249 3927 ﬁat.
1276 3872 1429 3941 Quod
1458 3881 1637 3927 autem
1665 3870 1743 3927 di—
1843 3889 1962 3931 cem
1993 3875 2280 3939 virtutum,
2309 3889 2430 3944 qua:
2464 3882 2553 3930 est
2582 3875 2637 3953 in
2665 3875 2876 3933 unitate
2915 3883 3118 3933 sancte
3151 3875 3427 3943 Ecclesiae,

1841 3966 2210 4036 pervenimus.
2242 3965 2551 4023 Notandum
2578 3974 2782 4033 autem,
2812 3968 2956 4037 quod
2985 3967 3151 4023 iidem
3198 3966 3431 4037 operarii

1845 4056 1923 4112 ita
1952 4064 2110 4113 erant
2138 4055 2435 4122 distributi,
2470 4064 2533 4111 ut
2553 4071 2683 4127 pars
2710 4058 2763 4113 in
2793 4064 2979 4113 monte
3011 4056 3220 4127 lapides
3259 4057 3433 4115 crede-

1844 4159 1986 4215 rent,
2025 4165 2154 4221 pars
2192 4150 2323 4205 item
2370 4165 2539 4206 onera
2586 4160 2888 4233 portarent.
2931 4151 3155 4209 Diuersa
3197 4165 3433 4221 namque

108 1930 271 1988 Ozor
297 1939 539 1997 vocant,
566 1930 622 1985 in
643 1929 967 2001 quibusdam
988 1929 1121 1984 locis
1141 1928 1407 1999 angustia,
1436 1928 1491 1982 in
1515 1927 1735 1998 quibus—

107 2022 247 2080 dam
277 2022 597 2094 plasmatus
645 2021 869 2093 intelligi
902 2021 1057 2077 solet.
1113 2021 1323 2077 Idcirco
1352 2028 1510 2077 vocat
1547 2020 1733 2075 Hiram

104 2124 349 2190 patrem
382 2130 568 2183 suum,
599 2115 729 2185 quia
758 2115 829 2170 ad
860 2129 984 2170 eum
1013 2114 1081 2172 de
1104 2123 1249 2171 terra
1283 2114 1447 2171 Israel
1477 2115 1544 2170 ad
1580 2129 1736 2185 pere-

107 2208 477 2283 grinandum
499 2205 777 2278 profectus
803 2207 989 2263 docuit
1030 2206 1180 2263 illum
1211 2208 1462 2263 tinmrem
1498 2208 1733 2274 Domini,

105 2310 170 2359 et
205 2301 464 2357 adduxit
494 2301 563 2355 ad
590 2300 954 2373 cognitionem
998 2300 1112 2356 Dei.
1152 2299 1379 2371 Mystice
1424 2309 1605 2357 autem
1637 2300 1734 2355 lli-

110 2407 241 2447 ram
281 2391 579 2463 signiﬁcat
600 2393 852 2447 doctores
882 2407 950 2447 ex
982 2392 1253 2462 genuhus,
1281 2406 1420 2461 quos
1439 2391 1588 2449 misit
1607 2408 1735 2463 gen-

110 2486 301 2542 tilitas
333 2486 417 2541 ad
459 2484 778 2541 Ecclesiam.
807 2484 901 2540 Isti
928 2492 1131 2539 norunt
1154 2485 1368 2554 operari
1403 2484 1459 2539 in
1499 2498 1654 2549 auro,
1681 2489 1737 2538 et

112 2584 390 2651 argento,
422 2584 483 2632 et
511 2591 643 2644 rere,
670 2585 725 2632 et
747 2575 915 2642 ferro,
956 2584 1013 2632 et
1039 2574 1215 2647 lignis,
1262 2585 1319 2631 et
1356 2590 1649 2640 marmore,
1682 2576 1735 2631 in

111 2686 381 2743 purpura
406 2684 648 2742 quoque,
679 2678 736 2726 et
759 2670 1074 2741 hyacintho,
1106 2678 1163 2725 et
1196 2670 1381 2742 bysso,
1412 2678 1469 2725 et
1489 2669 1731 2726 coccino.

114 2764 345 2820 Aurum
408 2762 683 2835 signiﬁcat
732 2763 1011 2834 sapientiae
1065 2763 1394 2830 claritatem,
1451 2771 1734 2835 argentum

115 2855 341 2928 eloquii
374 2856 638 2924 nitorem,
673 2871 748 2912 tes
777 2855 1183 2926 praedicationis
1220 2857 1598 2922 sonoritatem,
1630 2856 1737 2912 fer—

119 2963 252 3003 rum
311 2948 451 3005 ﬁdei
493 2948 833 3015 ﬁrmitatem,
882 2963 1122 3003 marmor
1148 2948 1409 3003 virtutum
1461 2948 1733 3015 decorem,

117 3042 279 3115 ligna
340 3043 618 3099 bonorum
652 3057 898 3113 toperum
954 3042 1302 3106 viriditatem,
1361 3056 1597 3112 purpura
1641 3055 1738 3111 per

140 3965 218 4019 cit
242 3964 442 4021 Hiram
478 3965 549 4021 ad
592 3965 938 4023 Salomonem
968 3985 982 4021 :
1010 3965 1128 4022 Nos
1170 3976 1344 4022 autem
1389 3966 1649 4021 credemus
1678 3964 1744 4019 li-

140 4069 245 4126 gna
281 4055 351 4110 de
384 4054 610 4124 Libano,
634 4057 774 4129 quod
803 4058 1151 4113 necessarium
1194 4058 1458 4123 habueris,
1493 4066 1541 4112 et
1576 4056 1744 4128 appli-

143 4149 384 4205 cabimus
429 4167 493 4206 ea
538 4152 739 4206 ratibus
767 4168 859 4223 per
901 4168 1050 4205 mare
1083 4152 1139 4206 in
1174 4149 1408 4223 ‘Joppcn,
1456 4161 1604 4205 tuum
1644 4150 1744 4205 erit

146 4241 443 4312 transferre
472 4259 534 4297 ea
574 4243 629 4297 in
661 4220 1017 4309 Hierusalem,
1050 4220 1320 4315 signiﬁcat
1354 4242 1496 4312 quod
1529 4249 1740 4312 gentes,

147 4332 333 4388 audita
377 4330 529 4388 fama
571 4333 874 4406 Evangelii,
903 4336 1145 4390 diversas
1174 4335 1453 4389 hominum
1481 4349 1742 4406 personas

147 4436 270 4478 cum
302 4424 636 4481 credulitate
663 4426 1041 4481 transmittunt
1074 4425 1141 4481 ad
1172 4426 1520 4495 baptismatis
1547 4440 1740 4497 perce-

1845 4250 1975 4298 sunt
1995 4241 2138 4296 dona
2181 4241 2413 4313 Spiritus
2440 4259 2456 4307 ;
2496 4251 2553 4298 et
2577 4243 2794 4314 quidam
2826 4241 3095 4311 majorem
3115 4244 3331 4301 dicendi
3358 4262 3420 4306 ac

1844 4340 2127 4403 protervos
2155 4332 2412 4403 arguendi
2442 4333 2798 4391 constantiam
2831 4334 3067 4400 habent;
3094 4335 3315 4404 (mittam
3349 4335 3432 4394 in-

1847 4423 2075 4479 teriores
2097 4423 2166 4478 ad
2185 4422 2541 4479 consolandos
2558 4422 2928 4492 pusillaniaws
2951 4424 3277 4483 etintlrmos
3296 4424 3428 4481 sub-

149 4514 411 4584 ptionem.
444 4516 627 4572 Solius
656 4525 839 4572 tamen
868 4526 954 4573 est
976 4518 1091 4573 veri
1115 4517 1357 4584 Paciﬁci,
1384 4517 1555 4572 nostri
1591 4517 1739 4571 vide-
1767 4544 1827 4607 D
1848 4514 2104 4570 levandos
2140 4514 2410 4579 existunt;
2462 4514 2685 4584 quidam
2727 4514 3008 4585 utriusque
3054 4514 3277 4573 virtutis
3311 4529 3430 4573 mu-

149 4604 276 4663 licet
319 4607 729 4681 Redemptoris,
758 4619 819 4665 ut
864 4610 1129 4666 abluendo
1161 4617 1384 4679 peccata
1430 4624 1530 4681 per
1562 4625 1743 4665 sacra-

154 4703 333 4753 menta
374 4697 648 4766 cmlestia,
681 4699 877 4754 unitati
906 4700 1027 4757 illos
1068 4708 1271 4756 sancta:
1313 4701 1518 4756 inserat
1557 4700 1743 4757 Eccle—

155 4789 265 4845 siae.
301 4790 462 4848 Unde
489 4788 725 4848 Joannes
751 4792 806 4847 in
850 4792 1149 4862 Evangelia
1191 4793 1304 4847 ait:
1334 4793 1439 4860 Qui
1478 4810 1559 4846 me
1599 4795 1742 4849 misit

159 4878 422 4951 baptizare
448 4884 506 4938 in
534 4900 691 4955 aqua,
718 4882 805 4939 ille
831 4884 960 4938 mihi
979 4885 1112 4940 dixit
1140 4898 1158 4936 :
1190 4883 1360 4955 Super
1378 4901 1528 4956 quem
1551 4884 1741 4939 viduis

158 4966 411 5041 Spiritum
449 4974 847 5030 descendentem
868 4984 915 5029 et
960 4986 1249 5031 manentem
1286 4993 1443 5047 super
1470 4992 1611 5042 eum,
1656 4976 1740 5030 hic

162 5072 250 5131 est,
274 5068 363 5137 qui
388 5067 623 5139 baptizat
641 5070 695 5123 in
726 5066 931 5138 Spiritu
950 5078 1152 5123 sancto.
1180 5068 1248 5122 Et
1271 5086 1364 5140 ego
1390 5070 1495 5123 vidi
1518 5078 1567 5125 et
1595 5070 1739 5123 testi-

164 5160 391 5214 monium
419 5161 660 5233 perhibui
689 5162 813 5232 quia
840 5161 924 5214 llic
954 5168 1029 5216 est
1066 5160 1241 5214 Filius
1270 5160 1368 5214 Dei
1399 5161 1581 5232 (Joan.
1604 5159 1669 5232 1).

235 5249 542 5307 Numeravit
573 5269 694 5323 ergo
727 5251 979 5308 Salomon
1022 5269 1112 5306 rea:
1146 5269 1323 5308 omnes
1350 5254 1485 5309 viros
1514 5256 1745 5326 prosely-

169 5343 265 5406 tos,
297 5344 559 5412 quierant
588 5345 644 5397 in
685 5354 825 5399 terra
871 5343 1064 5411 Israel,
1111 5356 1224 5415 post
1272 5346 1743 5401 dinumerationem

171 5443 320 5497 quam
362 5434 709 5489 dinumeravit
752 5434 922 5489 David
963 5443 1112 5505 pater
1139 5436 1277 5506 ejus,
1307 5446 1355 5490 et
1399 5437 1591 5491 inventi
1625 5447 1747 5491 sunt

175 5528 372 5574 ceruum
401 5524 782 5595 quinquaginta
818 5524 1012 5592 millia,
1039 5535 1086 5581 et
1121 5527 1224 5581 tria
1257 5527 1444 5595 millia,
1489 5529 1747 5594 sexcenti;

183 5608 395 5684 fecitque
422 5632 485 5671 ea:
509 5618 585 5672 eis
623 5620 952 5689 septuaginta
980 5618 1167 5687 millia,
1200 5624 1289 5692 qui
1330 5623 1560 5677 humeris
1590 5641 1750 5679 onera

182 5712 457 5772 portarent,
485 5720 531 5761 et
565 5710 865 5781 octuaginta
886 5710 1054 5764 millia
1080 5712 1167 5781 qui
1191 5711 1389 5781 lapides
1413 5715 1463 5766 in
1490 5716 1749 5770 utentibus

186 5793 448 5865 caederent,
464 5801 566 5856 tria
580 5812 752 5858 autem
773 5802 940 5860 millia
961 5814 1007 5858 et
1023 5816 1285 5859 sexcentos
1310 5808 1613 5876 prtrpositos
1634 5826 1752 5880 ope-

1847 4621 1977 4663 ncre
2026 4607 2238 4677 prmditi
2288 4606 2355 4662 ad
2399 4621 2535 4678 opus
2580 4606 2775 4662 domus
2824 4606 3037 4664 Domini
3081 4607 3431 4678 conveniunt,

1846 4699 2035 4771 quales
2058 4700 2175 4756 ﬁeri
2209 4700 2380 4756 voluit
2413 4713 2508 4756 eos
2536 4699 2733 4770 quibus
2766 4697 3065 4770 Apostolus
3087 4698 3329 4770 loquitur
3347 4696 3435 4756 di-

1846 4790 2299 4863 censzCorripitc
2335 4792 2609 4863 inquietos,
2656 4791 3003 4848 consolainini
3048 4792 3429 4863 pusillanimes,

1844 4884 2093 4954 suscipite
2120 4883 2384 4953 inﬁmas,
2414 4884 2669 4953 patientes
2694 4882 2955 4937 estotead:
2972 4898 3149 4939 omnes
3171 4880 3224 4952 (Ι
3250 4880 3430 4940 Thess.

1844 4976 1921 5046 v).
1946 4976 2226 5046 Praepositi
2258 4984 2458 5043 autem,
2490 4976 2583 5046 qui
2609 4985 2883 5046 praeerant
2900 4974 3131 5044 singulis
3152 4974 3428 5043 operibus,

1844 5070 1959 5142 ipsi,
1978 5079 2105 5126 sunt
2147 5085 2319 5127 sacrm
2352 5071 2665 5127 conditores
2690 5070 3006 5140 Scriptura,
3052 5082 3289 5137 quorum
3316 5082 3434 5123 ma-

1848 5161 2077 5233 gisterio
2114 5162 2167 5216 in
2199 5163 2452 5218 omnibus
2484 5162 2785 5227 erudimur,
2813 5159 3085 5229 quomodo
3103 5157 3304 5213 inscios
3329 5159 3430 5215 do-

1803 5321 1807 5324 _
1849 5272 1975 5313 cere
1995 5266 2049 5312 et
2089 5264 2495 5327 contemptores
2536 5255 2832 5323 corripere,
2866 5251 3136 5321 quomodo
3163 5265 3262 5306 nos
3288 5250 3429 5306 invi-

1846 5364 1963 5404 cem
2011 5361 2177 5402 onera
2236 5354 2421 5401 nostra
2474 5353 2692 5415 portare
2716 5384 2731 5410 ,
2783 5349 2843 5397 ut
2895 5342 3216 5413 impleamus
3259 5342 3446 5422 legem.

1851 5440 2075 5506 Christi,
2103 5437 2390 5494 conveniat
2415 5433 2559 5507 (Gal.
2600 5435 2699 5506 vr).
2752 5426 2921 5489 Recte
2950 5432 3162 5503 praifati
3196 5432 3431 5502 operarii

1853 5529 2074 5597 70,000,
2121 5537 2176 5585 et
2213 5527 2413 5593 80,000
2455 5526 2850 5596 perhibentur:
2897 5525 3245 5597 septuaginta
3290 5524 3432 5579 vide-

1850 5625 1979 5679 licet
2033 5631 2253 5692 propter
2316 5619 2704 5675 sabbatismum
2768 5618 3109 5683 animarum,
3168 5615 3429 5685 septimus

1854 5719 1998 5773 enim
2030 5717 2145 5771 dies
2192 5716 2246 5768 in
2276 5716 2579 5779 sabbatum,
2605 5713 2663 5767 id
2689 5720 2791 5777 est,
2833 5712 3094 5780 requiem,
3133 5719 3428 5764 conserm-

1856 5819 1941 5863 tus
1967 5814 2079 5871 est;
2108 5805 2383 5874 octoginta
2412 5810 2632 5873 propter
2662 5815 2810 5873 spem
2844 5796 3275 5860 resurrectionis,
3308 5807 3429 5863 qua:
