3920 6466
542 324 649 383 425

1224 318 1286 374 Β.
1326 317 1576 374 RABANI
1614 316 1834 375 MAURI
1873 318 2191 375 ARCHIEP.
2230 320 2538 379 MOGUNT.
2571 319 2855 380 OPERUM
2892 322 3087 381 PARS
3111 324 3154 383 Ι.

3721 332 3813 390 βλ

542 452 730 499 octava
761 438 869 505 die,
896 436 952 494 id
977 446 1079 500 est,
1110 449 1207 506 per
1235 435 1517 490 sabbatum
1543 434 1597 488 in
1627 433 1853 488 Domino
1884 449 2117 503 prmces-
2142 440 2189 499 Α
2219 434 2505 507 Apostolus
2533 452 2547 491 :
2580 435 2780 491 Fuistis
2825 437 3112 509 aliquando
3152 442 3399 508 tenebrtv,
3454 460 3612 499 nunc
3652 458 3815 503 nuta

542 537 633 601 sit,
665 542 721 589 et
762 533 816 587 in
846 531 1002 587 nobis
1030 544 1246 599 quoque
1280 541 1473 584 octava
1518 529 1605 584 die
1634 528 1794 584 simul
1828 537 1882 584 et
1928 536 2119 587 octava

540 632 699 681 mtate
747 630 1017 693 speratur.
1058 620 1339 690 Praepositi
1386 627 1568 675 autem
1608 629 1765 675 erant
1808 620 1910 675 tria
1952 621 2117 676 millia

540 714 767 770 trecenti
812 718 1037 783 propter
1078 710 1239 766 ﬁdem
1275 710 1532 766 nimirum
1567 719 1768 766 sanctas
1811 710 2114 778 Trinitatis,

537 818 695 873 quam
730 809 918 856 sancta
947 801 1106 857 nobis
1126 800 1340 870 eloquia
1362 800 1678 872 praedicant.
1710 799 1865 868 Quod
1902 815 2033 856 vero
2062 800 2118 857 in

532 893 817 964 praesentis
866 892 992 948 libri
1038 891 1301 957 historia,
1344 891 1449 947 hoc
1497 899 1600 958 est,
1644 890 2114 962 Paralipomenon,

531 997 632 1053 pro
659 982 833 1038 tribus
853 981 1093 1038 millibus
1114 981 1374 1038 trecentis
1398 981 1723 1053 praepositis,
1748 983 1841 1052 qui
1868 984 1924 1038 in
1944 983 2115 1039 histo-

530 1075 612 1130 ria
652 1075 862 1145 Regum
891 1075 1316 1132 adnumerantur
1345 1072 1468 1147 (ΙΙΙ
1510 1073 1641 1147 Reg.
1676 1075 1754 1148 v),
1800 1075 1905 1130 tria
1947 1074 2116 1130 millia

531 1166 778 1221 sexcenti
798 1173 926 1222 sunt
951 1167 1162 1237 scripti,
1196 1166 1265 1222 ad
1293 1166 1538 1222 eamdem
1558 1180 1783 1236 prorsus
1803 1151 2114 1222 sublimium

534 1257 778 1314 virorum
801 1257 1187 1329 perfectionem
1215 1258 1455 1329 respicit.
1485 1257 1623 1313 Nam
1651 1258 1779 1329 quia
1817 1259 1871 1314 in
1897 1258 2114 1315 senario

529 1364 760 1406 numero
782 1351 1043 1408 Dominus
1064 1352 1250 1409 mundi
1274 1361 1525 1408 ornatum
1555 1353 1863 1424 complevit,
1891 1361 2037 1410 recte
2052 1354 2112 1439 Vin

527 1453 595 1495 eo
620 1440 863 1511 perfecta
898 1444 1164 1499 honorum
1206 1444 1381 1500 solent
1412 1459 1579 1516 opera
1604 1445 1848 1516 ﬁgurari.
1882 1446 1951 1502 Et
1984 1446 2110 1517 quia

526 1538 714 1585 sancta
758 1530 1038 1602 Scriptura
1078 1548 1201 1589 cum
1251 1532 1356 1590 ﬁde
1400 1535 1648 1591 veritatis
1691 1551 1859 1608 opera
1886 1537 2112 1608 justitiae

529 1621 688 1678 docet
725 1621 991 1692 habenda,
1024 1633 1173 1681 recte
1214 1627 1477 1698 propositi
1517 1643 1741 1699 operum
1780 1624 1971 1703 templi
2008 1632 2110 1688 tria

523 1711 693 1768 millia
722 1720 779 1794 et
796 1715 1038 1771 sexcenti
1065 1713 1237 1772 fuisse
1273 1717 1646 1788 perhibentur.

1125 1828 1354 1888 CAPUT
1402 1832 1489 1888 ΙΙΙ.

516 1898 597 1953 De
636 1898 864 1976 wdiﬁcio
898 1900 1085 1976 domus
1108 1900 1318 1976 Dei,_et
1359 1902 1685 1976 longitudine
1716 1924 1779 1962 ac
1826 1908 2100 1965 latitudine

591 1978 749 2048 atque
770 1969 1249 2048 altitudine._Quod
1278 1969 1773 2048 domuminajorem
1796 1981 1922 2034 texit
1950 1981 2101 2035 tabu-

588 2038 667 2093 lis
686 2038 907 2118 ligneis,
932 2051 1000 2118 _e_t
1052 2042 1274 2118 desuper
1321 2043 1532 2118 laminis
1575 2038 1754 2118 a'ureis
1801 2050 2099 2118 adornavit,

584 2109 899 2191 sculpsitque
923 2111 1073 2191 illam
1102 2109 1264 2169 variis
1292 2116 1532 2191 picturis.
1561 2116 1643 2191 De
1677 2121 1970 2191 pavimento
2001 2109 2099 2176 de;

582 2178 705 2234 mus
734 2178 857 2248 Dei,
887 2182 1026 2253 quod
1060 2178 1323 2256 marmore
1357 2178 1733 2256 pretiosissima
1766 2192 1970 2247 stravit.
2020 2191 2101 2247 De

580 2258 763 2324 sancto
810 2262 1113 2324 sanctorum
1141 2263 1187 2307 et
1219 2255 1430 2324 factura
1462 2259 1728 2314 cherubim
1763 2263 1819 2316 in
1862 2261 1975 2316 illo.
2006 2263 2100 2318 ’De

578 2319 692 2374 velo
742 2322 882 2391 quod
911 2319 1355 2394 oppansum'erat
1402 2343 1579 2399 coram
1610 2347 1734 2384 arca
1775 2331 2010 2399 Domini,
2034 2343 2100 2388 .et

578 2399 763 2445 sancta
787 2402 1089 2447 sanctorum
1136 2411 1169 2447 a
1193 2398 1497 2451 sanctuario
1526 2399 1805 2454 dividebat.
1851 2402 1931 2457 De
1958 2398 2096 2459 dua-

580 2461 677 2542 bus
696 2459 1044 2545 columnis“:
1070 2465 1144 2545 eis
1186 2481 1316 2535 quas
1345 2466 1499 2535 finxit
1538 2466 1808 2538 Salomon,
1835 2481 1885 2526 et
1923 2476 2098 2545 posuit

580 2530 638 2584 in
667 2530 921 2586 vestibulo
953 2534 1150 2605 templi.
1198 2530 1207 2535 ’
1345 2530 1355 2535 ⁷
1406 2569 1410 2572 -

578 2618 649 2674 Ει
673 2622 825 2692 coepit
854 2621 1109 2680 Salomon
1144 2626 1411 2696 azdiﬁcare
1435 2630 1650 2686 domum
1677 2631 1893 2690 Domini
1924 2636 1981 2691 in
2003 2636 2098 2693 Je-

505 2712 737 2768 rusalem
789 2716 848 2771 in
887 2726 1062 2773 monte
1108 2718 1305 2788 Maria,
1362 2722 1452 2794 qui
1500 2723 1887 2783 demonstratus
1922 2730 2097 2800 fuerat

502 2803 677 2861 David
701 2809 843 2878 patri
879 2809 993 2880 ejus
1016 2812 1074 2866 in
1094 2810 1208 2867 loco
1230 2831 1383 2885 quem
1425 2828 1813 2888 prteparaverat
1838 2820 2011 2876 David
2039 2824 2097 2878 in

501 2921 631 2961 area
685 2905 871 2963 Ornan
896 2907 1129 2966 Jebustei
1156 2911 1244 2984 (ΙΙ
1288 2912 1417 2986 Reg.
1450 2931 1619 2985 xxxv;
1655 2917 1684 2971 1
1712 2916 1909 2974 Chron.
1951 2920 2091 2993 xxx).

505 2995 901 3055 (Ediﬁcabatur
928 3014 1059 3075 ergo
1086 3004 1279 3060 domus
1304 3005 1519 3062 Domini
1549 3008 1605 3064 in
1638 3006 1959 3079 Jerusalem,
1987 3012 2094 3069 hoc

500 3096 586 3143 est
610 3089 667 3143 in
694 3090 894 3147 visione
918 3093 1084 3163 pacis,
1117 3096 1245 3166 quia
1281 3096 1506 3154 dilatata
1548 3107 1721 3156 totum
1768 3117 1867 3172 per
1901 3105 2091 3160 orbem

501 3180 747 3241 Ecclesia
773 3186 829 3242 in
849 3202 957 3243 una
985 3189 1286 3262 eademque
1312 3192 1438 3260 ﬁde,
1460 3202 1517 3249 et
1537 3196 1787 3253 veritatis
1806 3198 2089 3256 catholicae

497 3277 763 3333 societate
812 3281 1081 3338 consistit.
1137 3284 1383 3355 Namque
1433 3287 1487 3342 in
1536 3289 1773 3345 scissura
1825 3293 2088 3348 mentium

496 3363 641 3420 Deus
668 3381 779 3423 non
807 3377 911 3437 est,
960 3372 1056 3427 sed
1103 3370 1305 3429 Factus
1331 3383 1409 3431 est
1440 3377 1497 3431 in
1525 3395 1654 3449 pace
1692 3379 1837 3435 locus
1877 3381 2011 3451 ejus,
2041 3392 2090 3438 et

496 3454 751 3512 habitatio
792 3460 906 3529 ejus
949 3462 1007 3515 in
1057 3461 1187 3518 Sion
1229 3463 1403 3538 (Psal.
1441 3468 1628 3543 Lxxv).
1665 3470 1992 3529 IEdiﬁcatur
2032 3474 2089 3530 in

498 3554 706 3615 monte,
743 3549 1001 3607 videlicet
1045 3553 1103 3608 in
1145 3555 1261 3625 ipso
1290 3556 1518 3614 Domino
1548 3560 1849 3629 Salvatore,
1883 3564 1949 3620 de
1979 3578 2086 3634 quo

493 3636 661 3694 Isaias
704 3640 782 3694 ait
809 3658 823 3694 :
849 3640 921 3695 Et
964 3644 1062 3697 erit
1108 3645 1163 3699 in
1206 3648 1500 3703 novissimis
1545 3650 1726 3706 diebus
1755 3663 2085 3724 prazparatus

494 3730 648 3785 mons'
690 3730 907 3787 Domini
945 3734 1003 3788 in
1030 3738 1220 3792 vertice
1262 3740 1520 3794 montium
1550 3742 1706 3815 (Isai.
1739 3743 1823 3814 ιι).
1876 3744 1944 3799 Et
1972 3745 2087 3816 ipse

492 3818 561 3875 de
601 3836 662 3877 se
690 3821 747 3877 in
781 3822 1075 3895 Evangelio
1101 3844 1115 3881 :
1142 3826 1491 3899 Nonpotest,
1516 3831 1711 3903 inquit,
1751 3834 1932 3889 civitas
1958 3836 2082 3890 abs-

493 3913 650 3968 condi
678 3930 839 3985 supra
859 3926 1085 3971 montem
1117 3919 1289 3988 posita
1319 3919 1536 3991 (Matth.
1573 3922 1650 3994 v).
1683 3923 1804 3994 Ipse
1831 3931 1915 3980 est
1937 3924 2084 3980 enim

494 4017 653 4061 mons
685 4007 975 4074 montium,
1012 4009 1104 4079 qui
1139 4010 1206 4065 de
1228 4018 1375 4065 terra
1414 4012 1633 4083 quidem
1674 4028 1773 4084 per
1816 4016 2083 4085 originem

493 4105 789 4167 assumpta:
824 4099 1004 4155 carnis
1050 4112 1203 4157 ortus
1240 4109 1344 4169 est,
1373 4103 1469 4158 sed
1516 4102 1759 4159 omnium
1794 4108 2084 4178 terrigena-

490 4203 616 4243 rum
667 4190 966 4259 potentiam
1009 4206 1074 4247 ac
1114 4194 1460 4249 sanctitatem
1507 4194 1797 4266 singularis
1846 4198 2083 4255 culmine

493 4278 776 4350 dignitatis
799 4283 1155 4339 transcendit.
1189 4283 1249 4339 In
1284 4298 1392 4355 quo
1434 4284 1694 4341 nimirum
1733 4295 1921 4343 monte
1949 4289 2082 4344 civi-

491 4378 579 4424 tas
599 4368 713 4425 sive
759 4369 951 4427 domus
978 4372 1191 4428 Domini
1241 4382 1555 4432 constructa
1593 4384 1697 4443 est,
1725 4379 1853 4448 quia
1887 4380 1933 4435 si
1968 4395 2081 4437 non

491 4456 548 4513 in
573 4458 666 4514 illo
700 4460 939 4516 radicem
974 4460 1103 4533 ﬁgat
1133 4477 1260 4533 spes
1300 4472 1356 4519 et
1383 4463 1516 4522 ﬁdes
1555 4475 1765 4535 nostra,
1795 4468 1942 4524 nulla
1968 4478 2072 4526 est.

2221 526 2314 582 tua:
2351 529 2409 585 in
2445 529 2670 583 Domino
2707 528 2922 600 (Ephes.
2952 528 3028 601 v).
3077 530 3244 587 Jebus
3278 533 3473 589 eadem
3505 545 3603 589 est
3636 538 3813 596 civitas

2219 632 2339 687 quae
2366 616 2790 693 estJerusalem,
2821 619 2962 674 sicut
2986 635 3147 690 supra
3181 629 3467 679 ostensum
3490 634 3610 680 est.
3647 627 3719 682 Et
3738 629 3813 686 Je-

2216 707 2319 762 bus
2342 707 2558 777 quidem
2600 707 2995 775 interpretatur
3020 709 3350 777 conculcata,
3374 710 3706 769 Jerusalem
3734 733 3811 772 an»

2220 806 2328 855 tem
2349 798 2478 853 visio
2503 799 2672 870 pacis.
2703 798 2763 853 ln
2788 814 2908 872 .qua
2935 800 3173 870 quandiu
3193 800 3378 858 Ornan
3406 805 3608 874 gentis
3635 821 3811 879 regna-

2214 890 2329 956 bat,
2355 889 2520 947 Jebus
2544 891 2690 946 dicta
2738 900 2858 959 est;
2897 907 3025 947 cum
3047 906 3177 949 vero
3224 894 3278 948 in
3311 909 3378 949 ea
3406 895 3606 951 David
3653 897 3811 955 iam

2215 981 2517 1038 holocaustt
2567 990 2795 1051 emeret,
2847 997 2990 1038 cum
3016 981 3274 1041 Salomon
3323 987 3612 1058 templum
3665 988 3722 1043 in
3758 1006 3808 1045 ea

2212 1070 2442 1129 Domino
2483 1073 2799 1140 aediﬁcaret,
2837 1087 2947 1129 non
2983 1071 3099 1142 jam
3125 1072 3315 1142 Jebus,
3356 1077 3460 1133 sed
3507 1077 3807 1135 Jerusah

2211 1174 2400 1221 vocata
2447 1176 2552 1232 est,
2582 1165 2709 1237 quia
2755 1164 3012 1221 nimirum
3040 1165 3313 1236 gentilitas
3337 1168 3606 1238 quandiu
3658 1170 3808 1225 divini

2211 1256 2389 1313 cultus
2414 1257 2597 1313 nescia
2626 1255 2975 1326 perdurabat,
3006 1256 3432 1313 conculcabatur
3454 1268 3515 1315 et
3550 1259 3810 1316 illudeha-

2212 1358 2301 1402 tur
2348 1348 2417 1403 ab
2459 1347 2750 1403 immundis
2799 1346 3102 1418 spiritibus,
3152 1348 3223 1404 ad
3269 1348 3585 1405 simulacra
3649 1361 3807 1419 mnta,

2208 1446 2374 1510 prout
2411 1438 2733 1505 ducebatur,
2793 1452 3067 1510 sequens;
3122 1454 3246 1495 cum
3271 1454 3404 1497 vero
3432 1440 3618 1496 illam
3646 1443 3805 1515 gratia

2209 1530 2295 1585 sui
2321 1529 2616 1586 conditoris
2667 1530 2921 1602 respexit,
2953 1530 3214 1587 continuo
3240 1532 3396 1602 pacis
3444 1533 3508 1589 in
3558 1548 3631 1591 se
3667 1543 3723 1590 et
3744 1535 3811 1592 lo-

2208 1638 2333 1679 cum
2364 1622 2573 1679 invenit
2601 1631 2657 1679 et
2680 1638 2900 1681 nomen.

2279 1713 2440 1787 Carpit
2465 1724 2641 1770 autem
2665 1716 2931 1786 aediﬁcare
2957 1733 3134 1773 mense
3161 1718 3413 1786 secundo,
3442 1735 3601 1775 anno
3629 1732 3806 1793 quam

2131 1813 2181 1874 B
2207 1809 2353 1881 regni
2380 1810 2484 1864 sui.
2515 1809 2575 1865 In
2603 1808 2741 1866 libro
2777 1824 2907 1866 vero
2935 1811 3141 1882 Regum
3170 1811 3238 1868 de
3264 1812 3372 1868 hoc
3408 1815 3495 1869 ita
3543 1815 3805 1885 scriptun

2207 1910 2293 1958 est
2320 1920 2334 1956 :
2358 1900 2586 1957 Factum
2614 1909 2692 1957 est
2711 1917 2834 1973 ergo
2859 1902 3373 1975 quadringentesimo
3399 1912 3454 1958 et
3487 1907 3805 1976 octogesimo

2203 2010 2343 2049 anno
2366 1993 2674 2066 egressionis
2712 1994 2946 2064 ﬁliorum
2975 1994 3149 2051 Israel
3190 1995 3256 2051 de
3298 2006 3443 2052 terra
3476 1997 3731 2068 Egypti,
3754 2000 3807 2052 in

2201 2101 2341 2141 anno
2368 2094 2580 2157 quarto,
2611 2102 2787 2142 mense
2811 2085 2933 2154 Zio,
2955 2088 3066 2159 ipse
3094 2097 3171 2144 est
3195 2086 3391 2143 mensis
3416 2089 3701 2143 secundus
3728 2105 3803 2142 re-

2200 2179 2280 2249 gis
2327 2175 2625 2233 Salomonis
2656 2194 2814 2250 super
2848 2176 3031 2235 Israel
3073 2178 3195 2251 (ΙΙΙ
3232 2178 3365 2251 Reg.
3419 2178 3529 2251 vr).
3580 2178 3803 2236 Ordoet

2201 2282 2395 2325 sensus
2431 2276 2553 2324 est:
2580 2268 2640 2324 In
2686 2284 2829 2325 anno
2859 2282 3059 2340 quarto
3105 2269 3251 2340 regis
3277 2268 3604 2326 Salomonis
3649 2284 3803 2340 super

2198 2358 2386 2427 lsrael,
2434 2375 2621 2417 mense
2652 2360 2770 2429 Zio,
2801 2361 2918 2432 ipse
2946 2368 3032 2417 est
3074 2360 3283 2418 mensis
3309 2362 3626 2418 secundus.
3664 2360 3802 2415 lla.

2202 2468 2318 2510 sem
2359 2463 2544 2511 autem
2584 2454 2880 2511 secundum
2923 2454 3041 2525 ipse
3083 2449 3285 2510 Maium
3332 2453 3491 2509 dicit.
3556 2451 3801 2523 Nannius

2198 2544 2480 2617 apostolis,
2507 2560 2616 2618 quo
2643 2544 2851 2601 Pascha
2896 2544 3224 2611 celebratur,
3270 2542 3624 2615 principium
3660 2557 3802 2599 mea-

2196 2636 2338 2692 sium
2365 2645 2486 2693 erat
2510 2637 2566 2691 in
2594 2636 2871 2693 mensibus
2897 2635 3046 2691 anni.
3072 2635 3155 2690 Ex
3182 2650 3290 2705 quo
3339 2632 3659 2690 manifeste
3705 2634 3802 2689 cla-

2198 2738 2284 2784 ret
2308 2729 2436 2800 quia
2461 2744 2610 2794 mox,
2637 2735 2858 2800 peracto
2893 2727 3125 2794 Pascha,
3175 2727 3344 2797 C(Bpit
3381 2727 3682 2784 aediﬁcare
3718 2728 3801 2783 do-

2196 2834 2344 2874 mum
2373 2818 2653 2890 .Domino;
2691 2826 2746 2874 et
2796 2827 3150 2875 consecratur
3188 2817 3422 2889 mystica
3449 2817 3800 2874 solemnitate

2194 2909 2445 2981 populus,
2486 2910 2613 2979 quia
2636 2924 2858 2964 manum
2885 2908 2956 2965 ad
3001 2909 3291 2981 mysticum
3319 2923 3460 2980 opus
3509 2908 3699 2964 misit.
3725 2908 3801 2963 Fit

2194 3012 2378 3057 autem
2398 3002 2452 3057 in
2474 3001 2682 3073 Regum
2705 3002 3156 3058 commemoratio
3176 3000 3521 3072 egressionis
3540 3016 3619 3057 ex
3638 3000 3799 3073 Eg-

2192 3101 2306 3166 pto,
2366 3095 2583 3166 quando
2637 3094 3048 3151 tabernaculum
3109 3094 3365 3151 aediﬁcari
3417 3106 3684 3167 coeptum
3724 3106 3798 3151 at

2114 3178 2161 3242 C
2192 3185 2381 3259 Ibid.),
2419 3195 2479 3241 ut
2505 3185 2861 3243 admoneatur
2887 3186 3061 3243 lector
3102 3194 3237 3258 quot
3271 3202 3559 3244 annorum
3592 3195 3798 3259 tempus

2196 3277 2339 3332 inter
2375 3276 2788 3333 aediﬁcationem
2833 3278 3115 3349 utriusque
3153 3278 3346 3334 domus
3387 3279 3718 3347 transierit,
3751 3286 3796 3334 et

2194 3368 2323 3424 huic
2349 3384 2565 3439 quoque
2598 3384 2822 3424 summae
2858 3369 3119 3441 temporis
3163 3378 3593 3427 sacramentum
3630 3371 3793 3426 inesse

2193 3460 2432 3531 speciale
2464 3469 2776 3533 cognoscat.
2806 3460 3115 3518 Permansit
3146 3469 3330 3517 autem
3355 3460 3552 3518 cultus
3582 3470 3647 3519 et
3679 3463 3794 3518 reli-

2193 3552 2282 3624 gio
2333 3551 2669 3608 tabernaculi
2710 3568 2884 3608 annos
2910 3554 3341 3625 quadringentos
3388 3565 3447 3609 et
3483 3558 3792 3629 octoginta,

2190 3660 2257 3702 ac
2280 3645 2360 3702 sic
2392 3646 2649 3717 templum
2676 3646 2934 3703 aediﬁcari
2961 3647 3169 3719 incipit.
3195 3646 3351 3715 Quod
3378 3656 3581 3705 autem
3610 3656 3795 3721 quarto

2190 3753 2334 3795 anno
2376 3739 2522 3810 regis
2562 3738 2868 3797 Salomonis
2914 3740 3175 3796 aediﬁcari
3225 3747 3403 3812 empta
3459 3748 3558 3796 est
3610 3742 3795 3797 domm

2188 3830 2425 3896 Domini,
2463 3838 2645 3901 potest
2673 3845 2739 3886 eo
2766 3830 2959 3887 referri
2984 3831 3234 3903 mystice,
3267 3830 3414 3903 quod
3444 3838 3585 3902 post
3617 3831 3795 3904 exple-

2187 3926 2302 3974 tam
2325 3919 2787 3992 dispensationem
2812 3920 3112 3978 Dominicse
3134 3921 3565 3989 lncarnationis,
3592 3938 3723 3995 quae
3744 3924 3791 3979 in

2187 4019 2419 4083 quatuor
2442 4012 2724 4086 Evangelii
2767 4012 2922 4070 libris
2950 4014 3156 4085 scripta
3184 4022 3289 4081 est,
3318 4014 3623 4085 missode
3647 4015 3793 4073 celi:

2188 4104 2392 4175 Spiritu
2422 4113 2632 4177 sancto,
2666 4105 2927 4162 Ecclesiae
2952 4112 3227 4161 structura
3256 4105 3489 4176 coeperit
3519 4104 3681 4177 (Act.
3705 4106 3787 4178 ιι).

2186 4194 2254 4250 Et
2279 4194 2422 4265 quod
2473 4210 2661 4252 mense
2705 4197 2941 4253 secundo
2970 4205 3151 4267 coepta
3186 4203 3295 4263 est,
3328 4203 3516 4268 potest
3555 4200 3638 4255 ad
3688 4197 3791 4254 de

2186 4287 2420 4342 ctionem
2467 4287 2708 4357 gentium
2760 4286 2977 4354 referri,
3029 4300 3154 4357 quae
3209 4285 3448 4342 secundo
3492 4285 3629 4345 loco
3674 4298 3789 4360 post

2182 4376 2349 4434 Israel
2378 4377 2791 4435 aediﬁcationem
2835 4379 2893 4434 in
2923 4394 2984 4435 se
3032 4379 3117 4435 sui
3144 4393 3439 4451 suscepere
3473 4378 3783 4440 Creatoris

2185 4469 2339 4527 Unde
2373 4477 2430 4525 et
2468 4469 2738 4526 secundus
2764 4470 2970 4527 mensis
3010 4470 3068 4526 in
3096 4469 3215 4543 lege
3257 4485 3560 4529 concessus
3599 4483 3696 4531 est
3720 4474 3785 4530 ad

488 4549 560 4605 Et
586 4559 733 4606 recte
775 4566 932 4607 mons
959 4550 1158 4619 Morio,
1184 4552 1240 4608 id
1266 4563 1371 4621 est,
1414 4556 1628 4612 visionis
1657 4568 1904 4627 vocatur,
1947 4561 2074 4631 quia
2100 4537 2155 4598 Ῑ)
2180 4556 2488 4616 faciendum
2510 4558 2721 4616 Pascha
2743 4561 2831 4619 his
2849 4562 2944 4632 qui
2967 4537 3234 4617 immundi
3256 4576 3423 4634 super
3448 4562 3678 4632 anima,
3706 4565 3784 4622 vd

491 4640 695 4698 electos
720 4657 871 4710 suos,
900 4658 1035 4714 quos
1058 4646 1127 4701 ad
1159 4653 1418 4704 aeternam
1466 4666 1578 4707 sua:
1623 4650 1888 4709 claritatis
1910 4655 2074 4713 visio-

488 4743 616 4786 nem
650 4740 957 4800 conservat,
991 4734 1047 4789 in
1090 4734 1195 4791 hac
1238 4735 1461 4793 interim
1506 4740 1617 4795 vita
1662 4741 1972 4799 laborantes
1998 4746 2075 4799 vi-

491 4820 621 4876 dere
647 4829 703 4878 et
728 4820 989 4891 adjuvare
1020 4823 1293 4895 dignatur.
1325 4827 1428 4894 Qui
1466 4830 1871 4890 demonstratus
1894 4832 2073 4890 fuerat

489 4909 660 4967 David
718 4912 864 4984 patri
913 4910 1049 4982 ejus.
1107 4914 1368 4974 Ostensus
1417 4934 1653 4992 namque
1713 4933 1835 4980 erat
1875 4926 2066 4994 David,

489 5003 630 5060 sicut
654 5005 867 5061 caeteris
880 5007 1178 5079 prophetis,
1207 5017 1467 5068 venturus
1504 5014 1558 5069 in
1586 5030 1751 5072 carne
1787 5018 2068 5086 Dominus.

487 5092 634 5151 Bene
679 5096 821 5153 idem
864 5097 1013 5155 locus
1048 5098 1114 5155 in
1150 5115 1277 5158 area
1300 5113 1418 5158 erat
1449 5104 1635 5161 Ornan
1659 5106 1913 5174 Jebusmi,
1943 5110 2071 5179 quia

487 5193 544 5240 et
583 5186 824 5245 Ecclesia
868 5204 1011 5247 areae
1039 5191 1176 5248 solet
1218 5195 1481 5252 vocabulo
1527 5198 1824 5268 designari,
1858 5199 2070 5256 dicente

486 5274 695 5332 Joanne
720 5281 786 5335 de
822 5280 1051 5337 Domino
1074 5302 1088 5335 :
1111 5282 1275 5354 Cujus
1301 5285 1645 5341 ventilabrum
1676 5288 1730 5341 in
1758 5305 1922 5343 manu
1946 5306 2067 5357 sua,

486 5376 536 5422 et
557 5369 923 5436 permundabit
947 5388 1128 5427 aream
1160 5390 1312 5428 suam
1343 5374 1561 5445 (Matth.
1596 5377 1703 5450 in).
1736 5378 1941 5446 Ornau,
1973 5381 2065 5451 qui

489 5455 874 5526 interpretatur
910 5459 1260 5527 illuminatus,
1281 5470 1338 5518 et
1367 5472 1486 5519 erat
1510 5466 1730 5523 natione
1758 5466 2060 5538 Jebusaeus,

486 5544 708 5600 natione
746 5548 962 5615 quidem
1009 5553 1233 5622 gentiles
1275 5553 1565 5625 signiﬁcat,
1620 5572 1815 5615 nomen
1880 5570 2061 5617 autent

487 5635 705 5691 eosdem
733 5637 1077 5698 illustrandos
1103 5660 1133 5698 a
1165 5645 1393 5703 Domino
1431 5658 1590 5718 atque
1621 5652 1676 5706 in
1715 5655 1852 5711 ﬁlios
1874 5657 2062 5713 Eccle-

485 5726 579 5792 sia:
626 5733 1030 5790 commutandos
1084 5737 1361 5807 ostendit,
1416 5742 1611 5809 quibus
1674 5749 1868 5803 merito
1919 5751 2060 5805 dicat

2179 4648 2236 4704 in
2270 4650 2355 4704 via
2377 4650 2567 4720 procul
2614 4651 2800 4721 positi,
2828 4652 2898 4707 ad
2941 4650 3249 4709 faciendum
3290 4653 3346 4708 in
3369 4653 3556 4724 primo
3594 4672 3785 4715 mense

2178 4739 2386 4796 Pascha
2406 4755 2696 4799 occurrere
2715 4743 3000 4813 nequirent
3024 4742 3216 4816 (Num.
3234 4742 3337 4817 lx).
3362 4743 3471 4801 Ubi
3492 4761 3603 4803 nos
3624 4764 3782 4821 aper-

2176 4833 2386 4889 tissime
2416 4833 2683 4907 designati
2723 4849 2928 4902 sumus,
2961 4836 3056 4906 qui
3094 4836 3360 4893 immundi
3389 4853 3563 4910 super
3598 4853 3779 4899 morte

2177 4925 2371 4982 animae
2393 4936 2616 4993 nostrae,
2642 4935 2699 4982 et
2732 4928 2923 4999 procul
2961 4928 3141 4986 adhuc
3179 4930 3344 5001 positi
3371 4946 3406 4985 a
3437 4933 3650 5005 populo
3670 4936 3775 5007 ,Dei

2174 5034 2284 5076 non
2311 5020 2587 5090 potuimus
2618 5020 2853 5091 primum
2880 5019 3091 5078 Pascha
3109 5020 3311 5089 facere,
3340 5025 3486 5094 quod
3517 5025 3576 5081 in
3604 5042 3773 5084 came

2173 5118 2251 5187 et
2276 5112 2539 5183 sanguine
2583 5111 2962 5183 Redemptoris
3017 5115 3214 5184 nostri,
3258 5130 3423 5186 aquo
3459 5120 3691 5189 quaesiti
3720 5130 3772 5178 et

2174 5203 2417 5258 mundati
2448 5217 2654 5269 sumus,
2681 5211 2865 5259 actum
2890 5213 2994 5261 est.
3148 5269 3153 5273 _
3400 5252 3404 5256 .

2244 5295 2313 5350 Et
2354 5295 2465 5351 lucc
2515 5305 2635 5351 sunt
2662 5296 3008 5368 fundamenta
3044 5315 3162 5372 qua:
3197 5299 3327 5372 jecit
3378 5300 3665 5371 Salomon,
3709 5316 3767 5360 ut

2172 5386 2460 5456 azdiﬁcaret
2505 5388 2719 5443 domum
2768 5388 3001 5457 Domini,
3061 5390 3407 5463 longitudinis
3450 5395 3658 5451 cubitus
3708 5397 3763 5450 in

2171 5493 2415 5531 mensura
2459 5478 2629 5549 prima
2657 5478 2746 5545 60,
2798 5480 3093 5535 latitudinis
3127 5482 3331 5538 cubitos
3376 5483 3465 5539 20.
3505 5482 3760 5541 Porticus

2170 5586 2288 5625 vero
2328 5580 2447 5625 ante
2484 5572 2727 5641 frontem,
2779 5590 2894 5645 qua!
2921 5575 3231 5629 tendebatur
3251 5577 3307 5631 in
3343 5577 3559 5648 longum
3591 5578 3756 5648 juxta

2171 5677 2468 5716 mensuram
2503 5661 2797 5718 latitudinis
2837 5666 3035 5721 cubitos
3064 5665 3169 5734 20;
3198 5684 3356 5738 porro
3392 5668 3616 5723 altitudo
3646 5669 3753 5723 £30

2168 5750 2458 5805 cubitorum
2480 5763 2608 5805 erat.
2644 5754 2883 5824 Denique
2913 5756 2965 5811 in
2989 5756 3129 5814 libro
3153 5757 3366 5832 Regum
3393 5760 3462 5816 de
3488 5774 3749 5817 mensura
