3920 6460
150 402 263 460 425
1082 412 1436 475 COMMENT.
1470 417 1541 475 IN
1576 418 1720 478 PAR

1826 419 2132 479 POMENA.
2170 453 2243 467 --
2274 426 2403 483 LIB.
2440 430 2527 486 Ill.
3317 445 3425 503 426

152 518 314 575 istius
360 518 553 577 domus
586 519 665 578 ita
706 523 968 596 scriptum
999 536 1119 585 est:
1144 530 1346 587 Domus
1384 545 1558 591 autem
1581 553 1739 608 quam
1767 540 1822 602 Α
1847 538 1985 594 tium
2011 539 2204 598 domus
2232 542 2447 599 Domini
2467 545 2810 603 caenaculum
2835 559 3265 622 consummatur,
3293 559 3424 628 quia

150 611 456 719 rediﬁcabat
502 612 760 674 Salomon
805 618 1033 677 Domino
1057 664 1061 668 .
1086 624 1308 681 habebat
1349 626 1419 683 60
1446 630 1644 685 cubitos
1682 632 1739 687 in
1842 640 1966 703 post
2012 643 2309 705 praesentes
2352 636 2593 694 ﬁdelium
2619 639 2855 711 labores,
2891 654 3016 716 post
3061 611 3427 719 acceptamin

149 702 501 776 longitudine,
525 716 573 765 et
608 709 681 767 20
703 712 905 769 cubitos
932 714 989 771 in
1023 714 1322 788 latitudine,
1352 730 1402 775 et
1434 721 1504 777 30
1537 723 1737 779 cubitos

147 796 203 851 in
221 795 507 854 altitudine
531 798 654 872 (ΙΙΙ
688 801 819 875 Reg.
850 804 949 879 vi).
975 791 1280 881 Longitudo
1323 812 1516 870 domus
1543 813 1736 887 longa-

146 887 456 946 nimitatem
485 891 734 965 designat
760 904 961 954 sanctae
1002 899 1280 970 Ecclesiae,
1310 919 1476 974 quam
1501 906 1559 962 in
1596 910 1739 964 exsi-

144 977 216 1034 lio
242 982 703 1052 peregrinationis
724 986 884 1057 hujus
907 990 1115 1061 patitur
1134 1002 1298 1065 atque
1321 996 1536 1066 tolerat,
1562 1000 1735 1057 donec

143 1067 210 1127 ad
256 1074 520 1142 patriam,
565 1090 728 1162 quam
773 1091 1073 1154 exspectat,
1121 1090 1419 1157 perveniat.
1472 1090 1730 1150 Latitudo

142 1164 381 1221 insinuat
408 1168 757 1240 charitatem,
789 1190 895 1246 qua
949 1179 1177 1238 dilatato
1219 1183 1342 1240 sinu
1388 1188 1590 1244 mentis
1621 1205 1731 1246 non

140 1254 313 1312 solum
342 1259 554 1317 amicos
585 1261 644 1318 in
671 1262 805 1334 Deo,
843 1269 940 1325 sed
984 1278 1041 1325 et
1067 1272 1318 1332 inimicos
1345 1277 1571 1350 diligere
1598 1297 1731 1354 gau-

139 1347 227 1403 det
279 1365 381 1445 per
437 1351 611 1410 Deum
657 1355 870 1428 (Matth.
917 1360 996 1433 v),
1055 1365 1227 1422 donec
1271 1347 1469 1425 veniat
1513 1347 1727 1445 tempus

137 1442 354 1510 quando
378 1445 496 1502 sive
532 1448 602 1504 ad
634 1464 827 1520 pacem
869 1470 1027 1511 suam
1059 1462 1361 1531 conversis,
1404 1464 1521 1521 sive
1549 1442 1728 1524 fundi-

138 1543 223 1590 tus
260 1539 518 1597 omnibus
554 1546 840 1604 exstinctis
877 1550 1133 1621 inimicis,
1173 1572 1298 1613 cum
1336 1559 1466 1617 solis
1494 1564 1729 1634 gaudeat

135 1628 323 1686 amicis
350 1631 409 1686 in
459 1633 591 1693 Deo.
618 1638 863 1699 Altitudo
893 1660 1045 1717 spem
1080 1648 1362 1709 denuntiat
1402 1628 1597 1714 futurae
1633 1674 1722 1716 re-

135 1720 470 1820 tributionis,
517 1729 674 1800 cujus
720 1733 919 1793 intuitu
972 1738 1205 1798 libenter
1244 1745 1432 1803 inﬁma
1470 1766 1720 1823 quaeque,

131 1810 242 1866 sive
280 1827 403 1906 quae
455 1817 763 1878 demulcent
784 1865 800 1891 ,
848 1841 946 1883 seu
975 1844 1095 1900 quae
1140 1810 1535 1906 adversantur,
1592 1810 1721 1899 con-

1841 722 2025 780 futuro
2075 727 2319 798 requiem
2373 729 2699 799 animarum,
2746 734 2922 804 plena'
2956 737 3122 795 totius
3164 738 3427 800 Ecclesiae

1836 815 2072 876 felicitas
2099 820 2156 875 in
2193 823 2610 880 resurrectionis
2638 825 2807 897 gloria
2833 830 3210 902 complebitur.

1907 911 2134 968 Domum
2157 929 2360 986 quoque
2408 916 2662 987 majorem
2709 920 2836 974 texit
2881 922 3073 978 tabulis
3126 924 3311 996 ligneis
3337 931 3426 999 cy-

1833 1003 2104 1073 pressinis,
2136 1015 2186 1061 et
2232 1006 2459 1064 laminas
2494 1011 2616 1065 auri
2648 1011 2835 1084 gobrizi
2886 1016 3051 1085 afﬁcit
3095 1034 3189 1089 per
3232 1030 3421 1076 totum.

1832 1097 2065 1156 Domum
2094 1103 2376 1173 majorem,
2428 1105 2605 1177 ipsum
2652 1107 2933 1178 templum,
2969 1114 3114 1181 quod
3158 1124 3279 1170 erat
3322 1131 3423 1185 pro

1830 1189 2039 1247 foribus
2067 1194 2294 1263 oraculi,
2326 1195 2475 1252 dicit.
2530 1195 2668 1253 Nam
2699 1199 2968 1270 tripartite
3017 1200 3122 1258 fuit
3149 1204 3427 1263 distinctio

1829 1279 1999 1352 ipsius
2037 1283 2301 1342 fabricae:
2332 1288 2436 1345 hoc
2474 1298 2579 1357 est,
2622 1292 2863 1361 porticus
2908 1300 3034 1349 ante
3061 1295 3337 1367 templum,
3370 1305 3428 1354 et

1828 1372 2003 1444 ipsum
2022 1376 2281 1448 templum
2306 1378 2384 1451 (in
2410 1396 2520 1451 quo
2549 1382 2723 1440 altare
2745 1386 3137 1457 thymiamatis,
3163 1397 3221 1444 et
3236 1405 3427 1448 mensa

1782 1522 1793 1538 ο
1825 1477 2027 1534 panum
2052 1469 2462 1540 propositionis,
2489 1481 2546 1529 et
2574 1475 2969 1533 candelabrum
2996 1478 3220 1536 luminis
3245 1482 3425 1552 posita

1825 1559 2023 1631 erant),
2061 1567 2118 1615 et
2147 1561 2450 1633 oraculum,
2501 1566 2606 1622 hoc
2646 1575 2750 1636 est,
2790 1579 3042 1626 sanctum
3083 1581 3421 1642 sanctorum,

1823 1650 1919 1707 ubi
1940 1666 2070 1708 arca
2103 1656 2435 1723 testamenti,
2478 1665 2536 1713 et
2578 1659 2860 1718 cherubim
2897 1671 3024 1733 post
3050 1663 3230 1721 velum
3257 1664 3426 1723 collo-

1809 1748 1948 1816 cata
1993 1752 2169 1799 erant.
2199 1744 2330 1814 Quae
2356 1748 2542 1804 omnia
2578 1750 2878 1806 secundum
2924 1752 3226 1824 spiritalem
3254 1755 3428 1827 signi-

1823 1832 2133 1893 ﬁcationem
2180 1838 2256 1895 ita
2302 1841 2562 1914 distingui
2608 1852 2858 1914 possunt,
2886 1853 2949 1901 ut
2974 1845 3222 1904 dicamus
3250 1850 3430 1920 porti-

132 1905 338 1974 temnit,
384 1924 563 1981 usque
596 1915 747 1984 dum,
777 1920 1025 1993 utrisque
1051 1930 1404 1997 transceusis,
1447 1905 1561 1989 sola
1605 1951 1722 1992 me.
1746 1924 1797 1986 B
1823 1940 1967 1993 cum,
1996 1941 2117 1997 quae
2157 1937 2278 1985 erat
2321 1941 2446 1987 ante
2471 1905 2770 2006 lemplum,
2818 1905 3164 2006 antiquorum
3194 1905 3428 2009 ﬁguram

129 2004 308 2052 reatur
336 1999 517 2088 videre
560 2004 695 2061 bona
727 2008 944 2067 Domini
964 2015 1022 2069 in
1069 2025 1211 2073 terra
1236 2020 1517 2077 uiuentium
1544 2024 1718 2097 (Psal.

130 2089 296 2162 xxvi).
329 2090 437 2148 Ubi
471 2098 764 2156 notandum
792 2105 937 2175 quod
962 2106 1035 2163 50
1060 2110 1233 2167 cubiti
1271 2089 1575 2173 altitudinis
1612 2136 1723 2177 non

128 2264 351 2367 interius
376 2277 788 2349 pertingebant.
810 2283 1056 2359 Namque
1082 2264 1304 2352 in-libro
1328 2264 1722 2367 praesentia—-

128 2359 504 2456 ralipomenon
534 2382 725 2442 aperte
750 2377 1016 2449 scriptum
1054 2392 1139 2439 est
1167 2359 1586 2456 quod-altitudo
1617 2394 1720 2451 120

127 2452 579 2556 erat
603 2463 724 2538 (ΙΙΙ
764 2467 895 2542 Reg.
927 2472 1025 2545 vr).
1065 2452 1371 2536 Notandum
1414 2499 1546 2539 sane
1575 2489 1720 2556 quod

125 2543 193 2599 50
218 2547 400 2649 cubiti
450 2554 767 2649 altitudinis,
800 2560 870 2618 de
915 2543 1112 2634 quibus
1153 2571 1209 2625 in
1246 2571 1455 2646 Regum
1497 2543 1716 2649 legitur,

125 2652 293 2735 usque
320 2643 393 2699 ad
432 2647 675 2706 medium
709 2656 1050 2713 ctenaculum
1079 2643 1474 2735 pertingebant.
1515 2643 1718 2726 Deinde

126 2731 211 2787 alii
260 2734 331 2790 50
368 2740 542 2797 cubiti
574 2760 746 2816 usque
792 2750 861 2806 ad
903 2755 1125 2810 tertium
1167 2731 1506 2818 cmnaculum
1556 2766 1717 2822 adde-

124 2825 342 2926 bantur,
376 2847 661 2909 quousque
692 2849 886 2911 portae,
916 2860 1038 2916 quae
1087 2857 1245 2905 erant
1274 2851 1421 2909 circa
1456 2856 1716 2926 templum

124 2920 191 3020 ab
211 2921 426 3020 .Austro
456 2937 513 2985 et
545 2930 811 3003 Aquilone
846 2947 902 2994 et
940 2938 1167 3012 Occasu,
1200 2946 1267 3001 ad
1299 2954 1501 3003 tectum
1525 2920 1719 3020 perve«

123 3011 364 3085 uiebant,
397 3028 459 3076 ut
485 3020 725 3095 Josepho
758 3041 1019 3089 narrante
1050 3035 1359 3096 didicimus.
1396 3011 1604 3098 Deinde
1623 3060 1717 3101 us—

122 3116 226 3172 que
260 3107 330 3162 ad
360 3124 675 3181 supremum
715 3122 904 3193 templi
934 3134 1136 3182 tectum
1183 3129 1273 3185 alii
1301 3131 1369 3187 60
1410 3132 1578 3189 cubiti
1616 3151 1718 3191 nu-

119 3200 506 3297 merabantur,
542 3214 599 3262 et
645 3209 725 3265 sic
765 3220 879 3268 tota
936 3216 1164 3276 altitudo
1214 3223 1408 3280 domus
1445 3226 1604 3297 juxta
1651 3227 1718 3284 li-

116 3283 279 3344 brum
328 3290 789 3366 Paralipomenon
834 3304 889 3359 in
939 3307 1045 3362 120
1098 3312 1296 3369 cubitis
1343 3283 1720 3375 consummata

116 3382 507 3484 estLP-orticus
536 3406 775 3465 quoque,
807 3411 928 3467 qua:
954 3410 1074 3456 erat
1117 3413 1244 3461 ante
1274 3405 1508 3464 frontem
1533 3412 1720 3484 templi

116 3472 518 3568 ad_Qrientem,
533 3480 691 3552 juxta
719 3486 880 3561 ﬁdem
905 3493 1117 3561 praefati
1136 3496 1450 3568 voluminis,
1472 3472 1719 3560 eamdem

118 3563 430 3663 cubitorum
470 3588 742 3632 summam
770 3579 827 3635 in
853 3581 1139 3643 altitudine
1163 3585 1420 3659 habebat,
1437 3563 1542 3663 qui
1569 3595 1718 3651 vide-

119 3653 243 3755 licet
299 3660 443 3718 liber
488 3665 632 3735 illas,
685 3670 752 3727 de
801 3675 1000 3743 quibus
1041 3653 1415 3751 pradiximus,
1466 3653 1717 3755 porticus

123 3748 264 3806 circa
309 3757 571 3828 templum
610 3761 827 3820 cellaria
860 3777 1020 3824 vocat
1062 3780 1119 3826 et
1165 3748 1428 3830 cubicula.
1465 3748 1620 3834 unde
1660 3782 1717 3836 in

123 3841 299 3910 priore
346 3846 489 3906 libro
526 3851 603 3907 ita
650 3856 914 3927 scriptum
959 3869 1081 3917 est:
1114 3863 1270 3919 Dedit
1312 3876 1489 3923 autem
1541 3868 1716 3925 David

127 3928 398 4032 Salomoni
436 3940 549 4009 ﬁlio
586 3961 683 4000 suo
724 3948 1127 4022 descriptionem
1169 3959 1404 4026 porticus
1435 3961 1635 4032 templi,
1667 3972 1716 4018 et

128 4024 458 4127 cellariorum
485 4042 534 4091 et
572 4042 826 4097 caenaculi
854 4053 905 4099 et
947 4024 1309 4105 cubiculorum
1340 4054 1396 4108 in
1437 4024 1635 4127 adytis,
1666 4066 1717 4112 et

129 4111 309 4213 domus
359 4126 752 4196 propitiationis
784 4132 839 4206 (Ι
881 4132 1012 4192 Ραν.
1051 4139 1269 4213 xxvm).
1313 4141 1417 4200 Ubi
1455 4111 1536 4201 et.
1561 4111 1714 4204 exite-

134 4205 334 4265 riorum
363 4214 672 4289 domorum,
698 4238 819 4293 qua:
853 4238 1012 4284 erant
1044 4240 1198 4288 extra
1236 4236 1438 4292 atrium
1467 4241 1719 4298 sacerdo-

132 4304 237 4355 tum
269 4303 582 4402 incircuitu
618 4316 824 4386 templi,
864 4317 992 4375 fecit
1016 4325 1373 4395 mentionem,
1399 4345 1524 4385 cum
1546 4334 1719 4402 proti-

132 4404 230 4492 nus
259 4394 574 4466 adiunxerit
600 4418 616 4457 :
642 4402 869 4464 Necnon
896 4419 944 4465 et
973 4416 1207 4469 omnium
1251 4434 1369 4488 quae
1387 4394 1717 4492 {cogitaverat

134 4482 380 4542 atriorum
423 4501 475 4545 et
519 4494 833 4552 exedrarum
877 4518 971 4572 per
1018 4504 1298 4562 circuitum
1346 4508 1403 4563 in
1442 4509 1715 4569 thesauros

133 4571 308 4632 domus
328 4579 569 4652 Domini,
594 4596 644 4641 et
677 4588 736 4644 in
782 4591 1405 4670 thesaurossanctorum.
1433 4601 1587 4670 Quod
1613 4622 1713 4662 au-

135 4668 237 4762 tem
282 4672 461 4729 omnis
506 4675 737 4735 altitudo
764 4686 951 4756 templi
1005 4668 1108 4744 120
1142 4689 1246 4746 fuit
1281 4668 1607 4762 cubitorum,
1648 4699 1716 4755 ad

138 4752 269 4858 idem
305 4777 713 4828 sacramentum
760 4777 983 4847 respicit
1012 4797 1025 4834 :
1053 4783 1199 4852 quod
1235 4793 1292 4840 ct
1336 4788 1615 4858 primitiva
1658 4791 1715 4846 in

138 4844 517 4929 Hierosolymis
543 4862 791 4922 Ecclesia
833 4880 957 4941 post
987 4875 1319 4944 passionem,
1360 4882 1718 4938 resurrectio—

139 4953 252 4998 nem
294 4956 349 5004 et
377 4956 758 5014 ascensionem
797 4960 1012 5019 Domini
1055 4966 1112 5021 in
1142 4968 1331 5036 caelos,
1363 4971 1420 5026 in
1467 4973 1573 5029 hoc
1609 4990 1715 5030 nu-

140 5046 280 5137 mero
303 5042 546 5103 virorum
576 5052 808 5121 gratiam
834 5054 1071 5126 Spiritus
1092 5063 1268 5118 sancti
1292 5066 1520 5135 accepit.
1546 5065 1715 5137 Quin-5

141 5122 300 5228 decim
338 5152 594 5210 namque,
625 5144 718 5214 qui
741 5159 808 5200 ex
834 5122 1044 5219 septem
1086 5163 1143 5208 et
1168 5164 1292 5211 octo
1325 5122 1595 5228 constant:

140 5210 244 5313 [ειη
284 5210 673 5304 nonnunquam
724 5237 793 5293 ad
843 5210 1296 5312 signiﬁcationem
1348 5251 1543 5309 referri
1581 5210 1718 5313 ,vitae

141 5302 342 5411 intutae,
383 5336 503 5393 quae
525 5341 673 5383 nunc
697 5327 756 5383 in
795 5331 1128 5393 sabbatismo
1149 5341 1380 5411 geritur
1408 5345 1715 5408 animarum

141 5396 383 5504 ﬁdelium,
410 5417 737 5486 perﬁcietur
762 5432 946 5481 autem
989 5427 1045 5483 in
1070 5396 1199 5488 διιὲ
1223 5435 1428 5505 saeculi,
1463 5453 1713 5499 resurre-

142 5492 306 5604 θξίοιξθ
341 5519 630 5578 corporum
665 5513 1076 5576 immortalium.
1113 5522 1234 5595 ipsa
1273 5492 1713 5604 autem‘quinde—

143 5593 239 5645 Cim
256 5593 320 5686 in
363 5601 648 5674 trigorium
689 5606 874 5678 ducta,
917 5612 972 5670 id
1001 5622 1107 5685 est,
1138 5593 1260 5674 cum
1308 5593 1562 5683 omnibus
1598 5628 1712 5686 suis

143 5681 370 5790 partibus
393 5706 769 5767 annumerata,
800 5701 907 5758 120
929 5681 1189 5764 efﬁciunt.
1223 5681 1712 5790 Quapropter

146 5776 351 5875 {humero
392 5791 704 5847 centenario
751 5802 808 5849 et
852 5795 1131 5856 vicenario
1170 5818 1363 5875 magna
1410 5776 1711 5868 electorum

149 5854 401 5931 beatitudo
430 5878 486 5934 in
530 5879 712 5939 futura
739 5884 848 5940 vita
892 5854 1713 5968 designatur-.hodptewhicv

446 5969 721 6039 Panos.
766 5977 931 6044 CIX.

1741 4662 1797 4723 D

1826 2025 2043 2086 gestare
2086 2017 2345 2088 ﬁdelium,
2393 2020 2570 2093 ipsum
2613 2038 2746 2083 vero
2780 2025 3046 2098 templum
3089 2043 3279 2085 eorum
3330 2029 3429 2103 qui

1822 2117 1949 2179 post
1976 2109 2372 2171 incarnationis
2393 2113 2694 2172 Dominicte
2718 2124 2932 2188 tempus
2959 2119 3016 2174 in
3037 2119 3301 2177 mundum
3326 2135 3426 2177 ve-

1823 2208 2046 2267 nerunt,
2096 2217 2262 2272 porro
2322 2205 2544 2262 domum
2600 2207 2920 2265 interiorem
2976 2212 3131 2284 regni
3186 2212 3429 2271 caelestis

1822 2292 2039 2361 gaudia,
2074 2310 2194 2364 qua:
2226 2295 2476 2369 utrisque
2503 2298 2668 2370 justis
2693 2299 2914 2368 dantur,
2938 2301 3194 2375 ﬁgurare.
3225 2302 3430 2361 Notan-

1823 2384 1952 2440 dum
1977 2400 2107 2458 ergo
2135 2389 2280 2458 quod
2305 2390 2476 2459 ipsius
2505 2392 2706 2449 domus-
2737 2393 2980 2464 parietes
3001 2396 3271 2466 lapidibus
3302 2412 3429 2468 pre--

1820 2475 1978 2532 tiosis
2003 2476 2230 2534 fuerunt
2271 2480 2425 2551 facti,
2472 2484 2757 2556 opertique
2799 2487 3163 2544 tabernaculis
3206 2504 3429 2560 cypres-

1819 2565 1956 2622 sinis
1987 2568 2104 2624 sive
2128 2570 2385 2639 cedrinis,
2419 2580 2474 2628 et
2508 2574 2732 2646 insuper
2761 2574 2987 2633 laminis
3011 2579 3201 2635 aureis
3230 2580 3427 2636 vestie-

1817 2658 2038 2715 bantur.
2090 2661 2245 2719 Unde
2297 2665 2352 2720 in
2406 2665 2616 2739 Regum
2666 2669 2930 2740 scriptum
2979 2679 3102 2726 est:
3155 2670 3227 2725 Et
3272 2672 3428 2727 cedro

1818 2754 1988 2808 omnis
2011 2754 2198 2811 domus
2216 2757 2548 2826 uestiebatur,
2564 2760 2759 2815 habens
2782 2770 3082 2817 tornaturas
3097 2780 3223 2818 suas
3237 2772 3285 2816 et
3296 2764 3430 2836 jun-

1817 2854 1996 2902 cturas
2019 2848 2339 2919 fabrefactus
2362 2860 2409 2905 et
2430 2850 2693 2907 celaturus
2721 2854 3005 2908 eminentes
3030 2853 3153 2927 (ΙΙΙ
3175 2854 3301 2925 Reg.
3325 2853 3423 2926 vr).

1818 2933 2049 3009 Lapides
2074 2939 2300 3008 parietis
2323 2940 2438 2996 sive
2464 2942 2786 3013 pavimenti,
2817 2953 2874 2999 et
2899 2943 3095 3000 tabulae
3130 2953 3186 3000 et
3211 2960 3426 3013 aurum,

1820 3018 2134 3088 sanctorum
2173 3034 2229 3090 in
2274 3034 2520 3091 Ecclesia
2547 3036 2714 3092 vitam
2754 3038 2938 3094 omnia
2971 3039 3296 3112 designant;
3331 3040 3428 3096 sed

1820 3138 1886 3178 ea
1911 3124 2104 3195 utique
2124 3126 2488 3196 distinctione,
2516 3145 2644 3185 cum
2687 3133 2895 3201 pariter
2924 3144 3222 3202 ponuntur,
3253 3142 3316 3189 ut
3349 3134 3425 3189 la-

1820 3217 1976 3288 pides
2002 3219 2113 3274 vivi
2142 3220 2251 3275 sint
2282 3223 2482 3290 sancti,
2506 3222 2827 3281 fortitudine
2848 3225 2971 3282 ﬁdei
3000 3227 3058 3281 in
3088 3242 3252 3282 unam
3279 3242 3425 3283 eam-

1746 3290 1794 3355 (ἶ
1825 3311 2060 3382 demque
2114 3313 2360 3385 regulam
2417 3316 2637 3372 sibimet
2694 3318 3052 3389 agglutinati;
3096 3320 3293 3377 tabulae
3335 3337 3426 3378 ce-

1823 3403 1994 3460 drimc
2018 3406 2136 3462 sive
2156 3408 2487 3479 cypressiuae
2526 3410 2637 3464 sint
2666 3411 2863 3477 sancti,
2912 3410 3200 3468 latitudine
3246 3413 3429 3469 varia-

1821 3511 1945 3551 rum
1972 3497 2237 3554 virtutum
2272 3501 2574 3556 secundum
2600 3501 2949 3558 donationem
2980 3501 3220 3573 Spiritus
3251 3504 3426 3560 sancti

1821 3588 1876 3643 in
1915 3606 2024 3645 una
2057 3593 2358 3664 eademque
2391 3592 2499 3650 ﬁde
2528 3594 2745 3649 sibimet
2786 3594 3107 3651 alterutrum
3146 3598 3424 3665 connexi;

1822 3682 1942 3737 auri
1966 3682 2184 3739 laminae
2226 3684 2340 3740 sint
2392 3686 2568 3741 sancti
2618 3687 3117 3757 supereminentem
3172 3688 3429 3743 scientiae

1822 3776 2149 3833 charitatem
2178 3779 2465 3848 habentes,
2519 3780 2732 3851 hocque
2765 3779 2977 3853 fulgore
3017 3782 3329 3855 gratissimo
3358 3782 3429 3837 ad

1820 3865 2055 3923 invicem
2094 3871 2518 3941 congaudentes.
2575 3871 2705 3939 Quae
2739 3874 2845 3928 tria
2890 3875 3084 3930 beatus
3136 3874 3428 3945 Apostolus

1821 3973 1927 4013 una
1957 3961 2190 4018 scientia
2221 3964 2539 4035 complexus
2565 3973 2668 4030 est,
2696 3966 2885 4021 dicens
2912 3983 2924 4018 :
2957 3965 3104 4020 Nam
3131 3966 3185 4020 in
3216 3964 3426 4021 Christo

1818 4053 1951 4110 Iesu
1991 4073 2155 4129 neque
2185 4058 2515 4114 circumcisio
2561 4058 2763 4131 aliquid
2798 4059 2955 4126 valet,
3009 4076 3173 4133 neque
3218 4076 3428 4131 μητρα-

1819 4149 1975 4214 tium,
1998 4149 2089 4203 sed
2118 4150 2272 4219 ﬁdes,
2295 4167 2414 4221 quae
2434 4168 2528 4222 per
2552 4151 2881 4206 dilectionem
2909 4160 3158 4223 operatur
3178 4148 3321 4225 (Gal.
3346 4151 3422 4223 v).

1819 4237 1974 4295 Fidei
2000 4255 2237 4311 namque
2262 4241 2478 4297 invictae
2520 4242 2659 4314 lapis
2706 4244 2937 4314 ﬁguram
2981 4244 3197 4311 tenuit;
3229 4245 3427 4300 cedrus

1821 4331 1937 4386 sive
1959 4345 2271 4402 cypressus,
2300 4333 2532 4389 actionis
2550 4333 2875 4402 odoriferae;
2903 4349 3119 4402 aurum,
3144 4343 3428 4391 transcen-

1823 4422 2004 4477 dentis
2032 4423 2216 4479 omnia
2246 4423 2577 4481 dilectionis.

1893 4516 2225 4589 Sculpsitque
2255 4519 2310 4573 in
2339 4536 2401 4575 ea
2443 4518 2647 4591 palmas
2697 4530 2748 4576 et
2771 4524 2925 4594 quasi
2972 4524 3242 4579 catenulas
3265 4540 3319 4578 se
3339 4525 3424 4579 in—

1820 4611 1986 4665 vicem
2008 4608 2426 4680 complectentes.
2459 4610 2749 4683 Sculptura
2787 4614 3093 4685 palmarum
3133 4614 3426 4685 descriptio

1824 4710 1911 4757 est
1936 4703 2221 4770 virtutum,
2272 4718 2370 4773 per
2413 4719 2549 4775 quas
2576 4704 2805 4763 victoria
2853 4721 2980 4763 vera
3008 4706 3345 4779 adipiscitur,
3371 4715 3427 4763 et

1828 4796 2197 4853 remuneratio
2236 4796 2420 4852 futura
2444 4797 2568 4852 coeli
2597 4807 2960 4869 promeretur.
2992 4799 3267 4855 Catenulze
3294 4816 3425 4871 ergo

1825 4890 2061 4948 invicem
2089 4906 2149 4948 se
2173 4892 2595 4964 complectentes
2615 4895 2732 4966 ipsa
2754 4902 2881 4952 sunt
2901 4894 3076 4952 officia
3114 4896 3421 4962 charitatis,

1826 4985 2025 5055 quibus
2039 4986 2109 5041 ad
2125 4986 2359 5043 invicem
2382 4986 2701 5056 fraternitas
2716 4996 2906 5045 sancta
2932 4989 3236 5059 copulatur,
3260 4997 3425 5059 atque

1825 5073 1883 5129 in
1912 5089 2076 5130 unam
2106 5074 2309 5132 Christi
2337 5078 2558 5133 domum
2584 5086 2700 5135 toto
2723 5087 2997 5135 terrarum
3044 5079 3178 5135 orbe
3202 5095 3424 5150 compo-

1821 5165 1989 5221 nitur.
2039 5165 2170 5233 Quae
2217 5170 2382 5223 etiam
2427 5170 2642 5238 domus,
2670 5169 2828 5239 juxta
2866 5169 2921 5225 id
2946 5170 3089 5239 quod
3128 5170 3185 5224 in
3214 5170 3423 5242 Regum

1821 5257 2086 5327 scriptum
2122 5265 2209 5314 est
2234 5257 2353 5331 (ΙΙΙ
2386 5257 2513 5331 Reg.
2536 5258 2634 5331 VI),
2670 5259 2833 5314 habet
2862 5258 3133 5315 celaturus
3178 5260 3424 5316 eminen-

1823 5353 1921 5413 tes,
1956 5362 2082 5404 cum
2105 5363 2273 5420 opera
2314 5349 2579 5405 virtutum
2620 5349 2802 5404 sancti
2829 5365 3177 5420 nequaquam
3206 5351 3421 5407 occulta

1820 5446 2033 5511 tegunt,
2082 5441 2180 5497 sed
2224 5440 2517 5497 manifesta
2556 5442 2910 5513 expressione
2959 5441 3096 5500 foris
3144 5445 3420 5512 omnibus,

1819 5531 2009 5603 quales
2037 5534 2151 5589 sint
2191 5534 2316 5607 ipsi,
2369 5534 2501 5605 quid
2547 5541 2711 5606 agant
2757 5535 2814 5592 in
2860 5536 3171 5609 exemplum
3203 5537 3420 5619 vivendi

1811 5623 2118 5696 proferunt.

1888 5716 2086 5776 Stravit
2134 5736 2337 5793 quoque
2403 5721 2757 5793 pavimentum
2815 5724 2994 5797 templi
3041 5725 3419 5797 pretiosissima

1815 5818 2077 5870 marmore
2103 5815 2288 5871 decore
2310 5816 2495 5872 multo.
2525 5818 2583 5874 ln
2620 5804 2832 5892 Regum
2851 5836 2984 5878 vero
3011 5822 3079 5878 de
3103 5820 3419 5893 pavimento

1816 5906 2009 5966 domus
2027 5907 2126 5967 Dei
2155 5907 2234 5971 ita
2268 5910 2530 5983 scriptum
2564 5920 2686 5970 est:
2712 5912 2912 5970 Attcxit
2936 5905 3293 5983 pavimentum
3323 5920 3411 5966 ta-

2853 6003 2933 6070 11t-
