3920 6500
479 458 587 519 12⁸1

1120 450 1182 505 n.
1224 444 1479 506 assam
1516 409 1738 503 unum
1774 440 2097 502 ARCHIEP.
2140 443 2450 505 uocum.
2489 442 2777 505 eranum
2814 446 2995 505 rans
3029 445 3074 504 ι.

3653 447 3759 509 428

478 572 617 629 bulis
643 570 872 641 abiegnis
898 562 1018 641 (111
1045 564 1177 636 Reg.
1203 562 1302 645 vi).
1327 560 1481 621 Unde
1502 570 1672 635 patet,
1698 561 1824 635 quia
1848 558 2059 617 tabulas
2084 558 2134 627 Α
2159 579 2394 637 namque
2429 574 2653 623 vocatur
2680 565 2794 636 ipsa
2820 565 3033 633 domus,
3082 578 3205 637 qua:
3238 573 3296 624 et
3318 573 3513 623 sancta
3546 577 3763 623 sancto-

478 666 756 741 abiegnas,
803 661 1000 734 quibus
1040 659 1407 732 pavimentum
1452 665 1679 728 tegeret,
1720 670 2059 729 nequaquam

478 760 538 816 in
565 765 713 814 terra
741 753 943 827 posuit,
987 752 1082 810 sed
1105 744 1285 824 primo
1311 749 1442 807 illud
1477 764 1748 806 marmore
1787 747 2057 821 praetexit,

479 866 544 907 ac
578 846 774 906 deinde
811 844 1025 902 tabulas
1067 843 1324 900 marmori
1356 842 1716 915 superposuit,
1747 857 1813 897 ae
1842 838 2061 896 tertium

478 942 566 999 his
591 937 801 998 duobus
826 937 948 993 auri
969 936 1225 993 vestitum
1254 934 1641 1005 superaddidit,
1669 942 1731 989 ut
1754 934 1808 988 in
1836 945 2063 1002 sequen-

475 1035 623 1095 tibus
646 1033 865 1105 legitur.
893 1028 1049 1087 Sicut
1073 1035 1253 1084 autem
1288 1025 1517 1083 latitudo
1552 1026 1776 1098 parietis
1796 1027 1851 1081 in
1893 1023 2061 1078 altum

478 1138 794 1198 exsurgens,
846 1132 1010 1194 atque
1053 1136 1225 1195 usque
1277 1121 1344 1177 ad
1397 1120 1673 1193 laquearia
1718 1121 2059 1193 perveniens,

474 1220 759 1293 profectus
782 1216 1067 1285 virtutum,
1097 1217 1293 1289 quibus
1312 1214 1474 1272 electi
1498 1217 1564 1271 ad
1594 1229 1818 1286 regnum
1840 1212 2063 1270 caeleste

477 1312 824 1385 perveniunt,
847 1309 933 1367 vel
955 1317 1103 1366 certe
1132 1309 1277 1379 ipsos
1306 1306 1601 1364 electorum
1627 1305 1821 1364 choros
1847 1307 2063 1362 sibimet

477 1415 581 1475 per
628 1411 872 1474 tempora
907 1400 1175 1455 variantia
1220 1400 1573 1455 succedentes
1625 1396 1932 1470 signiﬁcat;
1986 1395 2064 1451 ita

465 1491 761 1565 aequalitas
786 1490 1084 1563 pavimenti
1112 1490 1437 1545 concordem
1484 1489 1797 1545 eorumdem
1846 1488 2065 1544 humili-

478 1589 672 1655 tatein,
703 1598 809 1657 qua
846 1585 900 1640 in
929 1578 1208 1655 temporali
1259 1585 1361 1640 hac
1411 1585 1521 1638 vita
1572 1580 1734 1653 positi
1787 1580 2063 1638 socialiter

474 1678 736 1745 invicem,
764 1675 1034 1734 charitate
1072 1675 1331 1741 dictante,
1376 1681 1786 1738 conversantur,
1827 1687 1933 1727 non
1960 1673 2063 1726 im-

479 1771 676 1830 merito
697 1772 1050 1828 demonstrat.
1082 1764 1239 1835 Quod
1265 1766 1513 1823 videlicet
1545 1765 1913 1838 pavimentum
1939 1778 2062 1836 pre-

478 1861 775 1923 tiosissimo
820 1870 942 1918 erat
998 1872 1271 1916 marmore
1322 1866 1557 1914 stratum
1602 1858 1798 1913 decore
1852 1854 2020 1913 multo
2041 1898 2058 1924 ,

472 1952 729 2025 idemque
751 1966 993 2010 manner
1027 1966 1156 2007 mox
1184 1948 1382 2006 tabulis
1409 1956 1610 2005 tectum
1642 1946 1905 2021 abiegnis,
1930 1946 2059 2018 quia

470 2046 733 2102 nimirum
766 2045 879 2099 vita
894 2042 1166 2115 iustorum
1188 2040 1367 2114 primo
1400 2040 1525 2097 ﬁdei
1548 2040 1803 2095 ﬁrmitate
1825 2054 2057 2110 praemu-

472 2137 670 2195 nienda
694 2137 751 2193 in
778 2137 959 2205 corde,
987 2151 1054 2193 ac
1082 2134 1276 2193 deinde
1296 2135 1622 2207 spiritalium
1645 2134 1911 2190 virtutum
1937 2132 2058 2188 lati-

468 2231 657 2287 tudine
686 2238 771 2287 est
797 2227 1106 2286 adornanda
1138 2226 1197 2284 in
1234 2244 1416 2300 opere.
1467 2226 1721 2299 Alioquin
1756 2226 1880 2297 quid
1912 2222 2059 2280 utill-

468 2322 597 2378 tatis
615 2319 850 2378 habebat
874 2321 1036 2377 decor
1056 2321 1343 2377 marmoris
1362 2320 1764 2393 pretiosissimi,
1782 2319 2055 2388 lignorum

468 2413 668 2470 tabulis
686 2414 954 2480 obtectus,
976 2412 1023 2468 si
1048 2425 1155 2467 non
1182 2413 1470 2484 mysticum
1492 2412 1694 2483 aliquid
1712 2411 1872 2466 tacite
1897 2410 2059 2482 signi-

466 2506 684 2574 ﬁcabat,
707 2523 770 2562 ac
791 2508 1055 2563 bonorum
1078 2505 1467 2576 plenitudinem
1494 2519 1716 2575 operum
1743 2503 2057 2559 fortitudine

468 2595 597 2654 ﬁdei
622 2599 957 2653 intemerata:
986 2597 1395 2652 sull'ulciendam
1428 2612 1547 2653 esse
1594 2594 1867 2651 docebat?
1892 2594 2057 2650 Abies

464 2700 599 2743 vero
622 2697 842 2759 propter
867 2686 1201 2742 altitudinem
1236 2687 1344 2754 sui,
1381 2694 1437 2743 et
1463 2688 1630 2743 robur
1654 2687 1745 2742 diu
1789 2685 2051 2754 durabiie,

378 2789 387 2794 ’
467 2786 705 2835 mentem
731 2777 1028 2833 electorum
1053 2776 1239 2832 inﬁma
1275 2793 1489 2849 quoque
1515 2777 1780 2835 desideria
1802 2792 2056 2849 spernen-

463 2877 596 2937 tem,
627 2877 683 2925 et
710 2869 1009 2925 caelestium
1056 2870 1497 2941 contemplationi
1527 2886 1740 2942 semper
1765 2871 2049 2940 intentam,

462 2961 665 3017 virtute
713 2977 930 3032 quoque
976 2962 1253 3034 patientiae
1300 2960 1651 3034 singulariter
1699 2961 2051 3017 excellean

462 3066 572 3111 nun
593 3054 889 3126 incongrue
921 3055 1277 3112 demonstrat.
1304 3055 1439 3111 Auri
1466 3065 1649 3111 autem
1671 3054 1902 3121 laminae,
1931 3069 2053 3127 quae

463 3150 722 3206 marmori
748 3158 843 3207 aut
868 3150 1071 3206 tabulis
1101 3158 1226 3205 sunt
1252 3148 1496 3222 abiegnis
1524 3147 1897 3220 superpositae,
1930 3147 2050 3217 ipsa

459 3248 543 3298 est
577 3236 806 3297 latitudo
834 3240 1107 3297 charitatis
1144 3240 1208 3297 de
1258 3240 1412 3297 corde
1448 3256 1603 3313 puro,
1655 3250 1704 3294 et
1734 3239 2052 3294 conscientia

461 3331 616 3401 bona,
644 3341 696 3387 ct
722 3332 828 3403 ﬁde
859 3349 963 3389 non
994 3333 1119 3403 ﬁcta
1140 3332 1195 3406 (Ι
1229 3330 1363 3388 Tim.
1393 3332 1458 3404 ι).
1502 3331 1640 3399 Quia
1678 3331 1819 3387 sicut
1859 3345 2050 3385 aurum

460 3422 582 3479 aliis
626 3424 918 3495 pretiosius
970 3435 1054 3480 est
1104 3424 1360 3492 metallis,
1417 3424 1491 3480 ita
1547 3424 1788 3481 charitas
1838 3424 2053 3480 caeteris

462 3514 695 3571 eximior
712 3517 1005 3573 virtutibus
1026 3517 1081 3572 in
1107 3516 1310 3589 templo
1340 3516 1436 3573 Dei
1459 3515 1718 3588 singulari
1742 3517 1864 3573 luce
1888 3515 2053 3573 reful‘

458 3615 567 3680 get.
595 3607 670 3663 De
699 3625 807 3679 quo
836 3619 1232 3680 consequenter
1256 3610 1640 3681 subjungitur:

534 3696 704 3753 Porro
731 3717 919 3755 aurum
953 3711 1064 3756 erat
1089 3701 1540 3772 probatissimum,
1579 3702 1642 3756 de
1661 3718 1812 3772 cujus
1840 3701 2052 3759 laminis

459 3793 587 3847 texit
611 3793 843 3861 domum,
877 3804 923 3849 et
962 3795 1130 3849 trabes
1177 3795 1292 3865 ejus
1318 3805 1365 3849 et
1411 3806 1602 3866 postes,
1647 3804 1695 3850 et
1735 3797 1980 3866 parietes,
2002 3804 2053 3852 et

459 3884 615 3938 ostia.
640 3882 884 3941 Parietes
908 3885 1098 3957 templi
1138 3884 1395 3942 Salomon
1427 3901 1562 3942 auro
1588 3886 1739 3951 texit,
1770 3902 1895 3941 cum
1941 3885 2050 3941 Re—

460 3977 710 4048 demptor
733 3993 939 4035 caecum
974 3980 1145 4035 ﬁlium
1187 3979 1391 4035 lumine
1428 3980 1705 4050 sapientiae
1732 3988 1892 4050 atque
1922 3982 2052 4036 cha-

456 4069 641 4126 ritatis
666 4069 992 4138 illustravit;
1018 4081 1074 4128 et
1110 4072 1313 4140 trabes,
1366 4086 1487 4127 cum
1536 4081 1754 4128 sanctos
1797 4073 2051 4128 doctores

457 4163 651 4218 eodem
699 4162 979 4233 sapientia:
1026 4163 1231 4219 lumine
1277 4173 1439 4234 atque
1489 4165 1957 4236 contemplationis
1994 4172 2050 4221 et

457 4252 764 4311 dilectionis
782 4253 989 4311 honore
1017 4258 1291 4329 praecipue
1311 4257 1642 4312 sublimavit.
1676 4256 1834 4312 Texit
1863 4266 2047 4328 postea

458 4355 515 4402 et
543 4344 702 4414 ostia,
736 4360 860 4401 cum
913 4348 1132 4416 adytum
1165 4348 1308 4413 iidei,
1353 4347 1472 4418 ipso
1522 4348 1749 4404 Domino
1776 4352 2050 4420 pandente

456 4455 565 4511 qua
587 4440 819 4497 veritate
846 4439 1104 4508 reluceat,
1154 4441 1411 4496 omnibus
1436 4441 1489 4495 in
1516 4440 1816 4496 Ecclesium
1840 4442 2048 4495 intran-

454 4533 600 4588 tibus
646 4533 907 4588 ostendit.
960 4533 1175 4588 Ostium
1230 4549 1360 4606 ergo
1400 4534 1585 4605 templi
1638 4534 1896 4589 Dominus
1938 4544 2043 4600 est,

452 4624 580 4691 quia
626 4638 787 4679 nemo
816 4624 965 4679 venit
989 4623 1057 4678 ad
1081 4624 1325 4691 Patrem,
1364 4625 1465 4680 nisi
1494 4640 1593 4696 per
1638 4627 1813 4697 ipsum
1858 4625 2040 4696 (Joan.

2159 675 2276 713 rum
2304 659 2519 727 dicitur,
2553 659 2678 732 quia
2697 658 2784 716 vel
2822 661 3003 716 divina
3031 659 3357 730 hominibus,
3383 661 3478 717 vel
3513 676 3759 734 evange-

2159 748 2261 805 lica
2287 748 2541 805 allocutio
2569 766 2691 806 cum
2721 760 3051 807 secretorum
3091 767 3303 823 quoque
3347 752 3762 813 revelationum

2160 842 2417 911 mysterio
2440 840 2772 898 conceditur.
2798 842 2954 900 Unde
2988 844 3125 901 bene
3149 846 3433 902 oraculum
3467 845 3532 901 in
3563 846 3761 918 adytis,

2158 931 2261 986 hoc
2289 939 2392 1000 est,
2420 934 2475 987 in
2499 931 2745 988 interiori
2784 935 2940 991 domo
2986 932 3187 991 factum
3229 945 3352 1005 est;
3399 939 3547 1009 quia
3597 938 3658 993 in
3684 954 3763 992 su-

2157 1036 2323 1096 perna
2358 1024 2533 1094 patria
2559 1030 2615 1081 et
2635 1025 2946 1096 angelorum
2971 1026 3127 1083 nobis
3167 1027 3307 1085 visio
3348 1037 3529 1103 atque
3561 1027 3765 1083 allocu-

2159 1115 2256 1183 tio,
2278 1125 2334 1173 et
2354 1116 2470 1188 ipsa
2493 1116 2590 1173 Dei
2613 1118 2897 1188 praesentia
2942 1120 3288 1177 revelabitur.
3330 1121 3497 1191 Quod
3529 1121 3679 1177 dicit
3704 1119 3764 1176 20

2160 1209 2371 1265 cubitus
2428 1207 2750 1278 altitudinis,
2799 1211 3063 1282 parietem
3116 1213 3384 1284 signiﬁcat
3446 1213 3764 1278 cedrinum,

2160 1303 2253 1373 qui
2270 1302 2570 1370 oraculum,
2600 1303 2652 1358 id
2681 1310 2782 1371 est,
2814 1313 3001 1362 sancta
3028 1313 3342 1362 sanctorum
3362 1305 3438 1362 ab
3465 1305 3596 1362 aede
3623 1314 3765 1360 exte-

2160 1396 2302 1452 riore
2328 1396 2663 1469 segregabat.
2689 1395 2978 1454 Oraculum
3009 1411 3163 1467 vero,
3192 1400 3285 1456 ubi
3307 1409 3435 1455 erat
3467 1415 3639 1465 arca,
3667 1402 3761 1454 ba-

2158 1488 2320 1544 bebat
2338 1488 2559 1544 vicenos
2585 1489 2797 1545 cubitos
2819 1488 2877 1545 in
2919 1489 3256 1564 longitudine
3281 1498 3339 1547 et
3375 1490 3691 1545 latitudine
3714 1500 3765 1544 et

2160 1579 2462 1647 altitudine,
2493 1581 2548 1637 id
2566 1589 2675 1650 est,
2701 1597 2800 1654 per
2837 1583 3125 1653 quadrum,
3152 1584 3279 1656 quia
3309 1582 3365 1639 in
3397 1598 3658 1655 superna
3683 1583 3765 1638 illa

2159 1672 2354 1741 patria,
2375 1670 2469 1727 ubi
2483 1686 2666 1744 regem
2687 1671 2961 1729 Christum
2988 1673 3042 1728 in
3059 1676 3253 1732 decore
3273 1689 3373 1731 suo
3393 1674 3604 1729 vident
3628 1674 3765 1729 ouili

2160 1771 2493 1829 sanctorum,
2531 1764 2645 1820 sola
2690 1765 2828 1820 visio
2869 1765 3153 1821 cbarttatis
3182 1764 3377 1822 divina:
3402 1780 3476 1821 ac
3505 1764 3765 1820 fratem

2160 1870 2257 1926 per
2282 1855 2464 1911 omnia
2508 1854 2694 1927 fulget.
2734 1856 2889 1924 Quod
2933 1856 3285 1929 sequentibus
3324 1872 3553 1928 quoque
3588 1857 3768 1911 verbis

2064 1923 2135 1983 ’Β
2161 1923 2443 2015 astruitur,
2474 1923 2855 2005 cum'dicitur:
2889 1948 2959 2003 Et
2998 1923 3211 2005 laminis
3240 1923 3418 2004 aureis
3456 1923 3599 2004 texit
3631 1964 3765 2003 eam.

2161 2041 2315 2110 Quod
2340 2047 2425 2096 est
2449 2049 2634 2113 aperte
2673 2042 2877 2109 dicere,
2909 2040 3035 2114 quia
3062 2056 3310 2112 supernae
3354 2041 3551 2096 munia
3588 2042 3770 2096 chari-

2161 2115 2289 2189 tatis
2317 2134 2575 2206 implevit.
2614 2134 2769 2202 Quod
2820 2142 3000 2189 autem
3045 2133 3311 2199 subditur,
3341 2134 3506 2206 quasi
3550 2132 3769 2187 talentis

2158 2226 2432 2293 sexcentis,
2464 2227 2519 2280 in
2549 2225 2731 2282 talenti
2770 2226 3009 2293 nomine,
3051 2241 3159 2297 quo
3187 2224 3455 2296 perfectio
3502 2225 3770 2295 ponderis

2159 2319 2580 2385 demonstratur,
2614 2318 2785 2388 ipsius
2806 2318 3091 2375 charitatis
3119 2317 3370 2389 perfectit
3414 2315 3597 2390 (sicut
3638 2318 3769 2373 etin

2157 2412 2435 2484 sexcentis)
2467 2412 2791 2481 insinuatur,
2833 2413 2927 2469 ubi
2961 2410 3310 2469 centonarius
3348 2424 3637 2467 numerus
3676 2427 3769 2482 per

2158 2496 2429 2563 senarium
2459 2502 2848 2576 multiplicatus
2867 2511 3100 2561 constat.

2174 2648 2177 2651 .
2230 2598 2338 2655 Sed
2359 2608 2405 2654 et
2435 2597 2605 2653 clavos
2635 2598 2755 2670 fecit
2784 2614 2990 2665 aureos,
3022 2596 3095 2651 ita
3132 2604 3189 2650 ut
3214 2592 3411 2666 singuli
3436 2592 3584 2649 clari
3612 2592 3770 2647 siclos

2155 2692 2545 2766 quinquagenos
2585 2690 2927 2763 appenderent
2950 2708 2970 2758 ;
3013 2689 3385 2761 cwnaculaque
3424 2690 3567 2744 terit
3612 2707 3767 2743 auro.

2156 2783 2629 2855 Quinquagenario
2651 2798 2886 2853 namque
2908 2797 3137 2843 numero
3178 2781 3315 2837 solet
3350 2781 3408 2835 in
3452 2778 3771 2851 Scripturis

2156 2874 2407 2930 remissio
2434 2882 2804 2946 peccatorum,
2842 2882 2896 2929 et
2942 2873 3119 2945 gratia
3178 2871 3417 2943 Spiritus
3467 2872 3685 2937 sancti,
3722 2880 3771 2927 et

2155 2969 2373 3038 requies
2398 2974 2599 3022 aeterna
2652 2966 2894 3036 ﬁgurari.
2946 2966 3013 3020 Et
3043 2964 3562 3036 quinquagenorum
3608 2970 3771 3017 erant

2154 3042 2411 3115 siclorum
2448 3058 2585 3114 clavi
2618 3057 2836 3129 singuli,
2894 3057 3089 3128 quibus
3125 3056 3340 3112 lamina:
3395 3057 3526 3110 auri
3572 3055 3767 3125 allige-

2154 3152 2355 3208 bantur
2382 3151 2436 3206 in
2463 3151 2764 3223 parietibus
2796 3151 2989 3206 domus
3035 3148 3269 3215 Domini,
3318 3146 3451 3219 quia
3493 3148 3766 3202 nimirum

2155 3248 2321 3303 verba
2345 3246 2611 3312 cmicstia,
2639 3245 2834 3317 quibus
2862 3247 2918 3301 in
2961 3258 3149 3300 amore
3179 3240 3325 3298 bono
3364 3256 3614 3313 operum
3644 3254 3767 3312 pro-

2168 3292 2321 3303 .-.“
2351 3292 2611 3312 πωπω,
2642 3292 2833 3317 κρυ-η
2961 3292 3146 3300 πη--
3181 3292 3318 3298 η---
3375 3292 3497 3313 -,-_
3518 3292 3614 3296 --η
3650 3292 3703 3312 Γ
3724 3292 3737 3295 ν

2079 3292 2127 3358 C
2157 3336 2369 3391 ﬁcimus
2414 3342 2471 3390 et
2515 3348 2924 3400 conservamur,
2977 3333 3191 3387 veniam
3235 3328 3394 3385 nobis
3430 3329 3768 3400 promittunt

2154 3435 2499 3501 peccatorum
2543 3440 2643 3498 per
2683 3424 2916 3498 gratiam
2947 3423 3184 3495 Spiritus
3238 3420 3437 3485 sancti,
3480 3428 3543 3475 et
3580 3416 3769 3475 sabba-

2158 3523 2379 3578 tismum
2404 3522 2459 3577 in
2496 3520 2679 3576 futuro
2721 3518 3046 3593 pollicentur
3079 3525 3341 3574 aeternum
3390 3512 3567 3587 (Isai.
3598 3512 3765 3581 un}.

2155 3616 2223 3671 Et
2252 3615 2308 3670 bi
2339 3615 2559 3686 quidem
2595 3622 2721 3675 sunt
2763 3612 3251 3681 clavidilectionis.
3301 3608 3447 3665 Sunt
3478 3621 3632 3663 vero
3683 3604 3765 3660 alii

2156 3709 2294 3764 clavi
2323 3706 2560 3773 timoris,
2587 3708 2785 3778 quibus
2823 3705 3144 3777 incipientes
3179 3704 3401 3775 quique,
3432 3712 3490 3758 et
3533 3702 3769 3759 necdum

2156 3801 2223 3855 ad
2256 3799 2644 3870 perfectionem
2671 3798 2970 3865 venientes,
3015 3796 3303 3853 illecebras
3345 3794 3632 3851 vitiorum
3665 3808 3773 3848 car-

2156 3892 2467 3962 naliumque
2514 3892 2850 3963 voluptatum
2910 3889 3240 3947 mortificant
3267 3930 3281 3955 ,
3336 3886 3448 3943 illis
3502 3886 3771 3943 videlicet

2156 3985 2499 4041 sermonibus
2547 3982 2797 4039 veritatis
2849 3980 3070 4050 conﬁxi,
3120 3995 3351 4053 quorum
3412 3979 3769 4035 institutione

2154 4095 2366 4135 carnem
2392 4086 2628 4135 nostram
2661 4077 2964 4149 cruciﬁgere
3007 4093 3125 4130 cum
3152 4072 3287 4131 ritiis
3306 4082 3356 4129 et
3380 4073 3767 4144 concupiscen-

2154 4171 2242 4226 tiis
2290 4172 2581 4226 edocemur
2630 4166 2770 4242 (Gal.
2809 4152 2885 4239 v)‘.
2948 4167 3094 4236 Quos
3147 4166 3348 4222 habere
3405 4165 3767 4220 desiderabat

2152 4263 2445 4333 Propheta,
2473 4277 2594 4317 cum
2619 4262 2731 4315 ait:
2761 4258 2977 4331 Conﬁge
2994 4257 3157 4312 clavis
3184 4273 3217 4310 a
3242 4256 3430 4310 timore
3452 4267 3549 4309 tuo
3582 4272 3766 4309 carnes

2152 4370 2334 4420 meas;
2367 4371 2398 4409 a
2415 4352 2637 4421 judiciis
2676 4351 2813 4406 enim
2852 4352 2955 4405 tuis
2995 4350 3146 4404 timui
3186 4346 3359 4421 (Psal.
3386 4347 3618 4418 cxvm).
3669 4345 3763 4415 Qui

2153 4461 2369 4501 rursum
2391 4446 2457 4500 ad
2489 4441 2817 4516 perfectiora
2840 4442 3164 4513 perveniens
3184 4440 3314 4495 dicit
3336 4439 3402 4494 de
3435 4437 3608 4495 clavo
3640 4440 3763 4493 diie~

2151 4537 2383 4592 ctionis:
2428 4536 2559 4589 Mihi
2603 4544 2777 4589 autem
2805 4534 3074 4589 adhterere
3118 4530 3220 4586 Deo
3247 4531 3440 4585 bonum
3470 4540 3552 4585 est
3581 4528 3758 4603 (Psal.

2151 4625 2347 4698 LXXII).
2397 4623 2552 4693 Quod
2608 4633 2787 4680 autem
2853 4623 3134 4679 ccenacula
3179 4636 3395 4693 quoque
3445 4629 3599 4678 tecta
3656 4622 3761 4677 sint

450 4715 586 4784 xiv).
616 4713 683 4769 Et
717 4714 857 4770 sicut
887 4715 1015 4771 alibi
1041 4716 1213 4771 dicit:
1249 4717 1363 4789 Ego
1400 4678 1519 4772 sua:
1558 4678 1782 4785 ostium;
1827 4678 1922 4790 ρξ’-
1960 4734 2046 4775 me
2070 4678 2127 4744 D
2155 4678 2690 4781 auro,’ad~eumdem
2742 4730 2961 4771 sensum
3013 4678 3252 4783 respicit.
3288 4710 3444 4767 Sicut
3471 4711 3629 4765 enim
3680 4712 3757 4764 in.

449 4806 497 4859 si
516 4806 632 4873 quis
658 4796 943 4875 intrvicrit,
985 4808 1297 4875 satoabitur,
1328 4819 1375 4863 et
1420 4811 1764 4881 ingredietur,
1810 4819 1860 4866 et
1886 4827 2037 4883 egre—

446 4898 642 4967 dietur,
667 4908 717 4954 et
743 4914 943 4971 pascua
966 4902 1191 4956 inveniet
1218 4902 1400 4974 (Joan.
1422 4902 1500 4973 ι).

519 4994 590 5049 Et
614 4994 817 5051 calceis
859 4996 1126 5051 cherubim
1152 4997 1211 5051 in
1240 4997 1551 5069 parietibus.
1584 4997 1698 5053 Hoc
1744 5004 1847 5063 est,
1878 5010 2045 5067 ange-

438 5082 610 5140 licam
634 5088 1104 5143 conversationem
1124 5087 1376 5144 formavit
1395 5090 1449 5144 in
1466 5090 1743 5145 hominum
1773 5090 2038 5156 moribus,

444 5183 507 5231 ut
523 5176 663 5232 sicut
686 5176 756 5231 ab
777 5178 983 5249 angelis
1008 5179 1112 5234 sibi
1151 5179 1492 5236 laudabiliter
1519 5182 1754 5236 servitur
1769 5183 1827 5235 in
1863 5181 2035 5247 coctis,

444 5269 521 5325 ita
548 5277 605 5324 et
637 5268 705 5324 ab
736 5269 1047 5328 hominibus
1069 5272 1261 5329 devote
1300 5276 1407 5330 sibi
1455 5274 1724 5329 serviatur
1770 5274 1823 5328 in
1854 5274 2032 5329 terris.

518 5358 667 5417 Fecit
690 5378 895 5435 quoque
933 5363 1147 5418 domum
1184 5368 1354 5421 sancti
1395 5375 1717 5430 sanctorum,
1748 5364 2039 5435 longitudi-

446 5468 582 5520 nem,
604 5452 765 5525 ῥυείη
808 5453 1143 5511 latitudinem
1181 5458 1389 5523 domus,
1416 5458 1708 5511 cubitorum
1750 5457 1954 5528 uiginti,
1982 5466 2037 5512 et

444 5544 775 5601 latitudinem
818 5548 1059 5604 similiter
1098 5550 1282 5620 viginti
1342 5549 1628 5604 cubitorum
1658 5589 1674 5615 ,
1724 5559 1774 5603 et
1822 5549 2033 5605 (trutinis

445 5641 619 5694 aureis
655 5641 778 5695 texit
802 5657 939 5709 eam,
966 5644 1120 5715 quasi
1147 5643 1355 5699 talentis
1400 5648 1672 5702 sexcentis.
1721 5646 1858 5702 Hinc
1897 5661 2033 5717 quo-

443 5745 550 5800 que
576 5731 629 5786 in
658 5729 865 5804 Regmn
892 5733 967 5788 ita
990 5734 1254 5803 scriptum
1278 5743 1364 5790 est
1388 5756 1400 5790 :
1436 5733 1605 5791 Porro
1627 5737 1900 5793 oraculum
1939 5739 2034 5792 lm-

446 5821 595 5876 bcbat
623 5821 697 5877 ΞΟ
720 5824 923 5879 subitos
950 5823 1316 5894 longitudinis,
1347 5836 1394 5879 et
1433 5826 1505 5880 99
1543 5829 1743 5883 cubitus
1790 5828 2032 5883 latitudi-

447 5913 546 5979 nis,
574 5924 623 5969 et
652 5915 723 5970 90
745 5916 943 5970 cubitus
968 5914 1267 5970 altitudinis
1298 5915 1422 5986 (III
1452 5916 1581 5989 Reg.
1613 5921 1709 5989 νε).
1736 5920 2029 5980 Oraculum

2154 4809 2325 4864 terior
2348 4808 2563 4876 domus,
2594 4814 2783 4862 sancta
2818 4814 3156 4871 sanctorum,
3190 4803 3283 4859 ubi
3321 4810 3440 4857 erat
3483 4817 3645 4864 arca,
3674 4802 3752 4853 iu-

2155 4910 2364 4957 ternam
2389 4908 2699 4954 sanctorum
2722 4898 2892 4953 vitam
2931 4898 2986 4952 in
3020 4903 3311 4965 conspectu
3335 4894 3416 4949 sui
3445 4892 3755 4948 conditoris

2152 5006 2208 5052 et
2264 4994 2622 5066 redemptoris
2668 4993 2953 5066 signiﬁcat,
3005 4990 3157 5060 juxta
3215 4987 3345 5043 illud
3392 4984 3751 5045 Psalmistm:

2150 5089 2448 5145 Abscondes
2485 5104 2572 5144 eos
2605 5088 2661 5143 in
2702 5086 2880 5140 abdito
2924 5082 3098 5139 vultus
3142 5081 3221 5135 tui
3262 5097 3295 5134 ο
3345 5079 3755 5134 conturbatione

2149 5180 2418 5237 hominum
2444 5178 2616 5253 (Psat.
2647 5177 2778 5249 xxx)
2805 5195 2819 5244 ;
2851 5176 2926 5231 ita
2953 5172 3231 5230 cenacula
3264 5172 3317 5226 in
3349 5169 3458 5226 alto
3496 5172 3749 5227 eamdem

2148 5273 2342 5337 vitam,
2370 5272 2476 5325 hoc
2502 5278 2604 5334 est,
2643 5269 2697 5322 in
2737 5266 2889 5324 caelis
2921 5279 3064 5330 esse,
3090 5272 3149 5320 et
3176 5278 3282 5319 non
3320 5262 3378 5317 in
3406 5263 3514 5319 hoc
3544 5264 3749 5318 mundo

2148 5364 2460 5433 designant,
2486 5361 2698 5415 dicente
2725 5357 2985 5430 Apostolo
3010 5372 3024 5411 :
3056 5355 3190 5422 Qua:
3219 5371 3428 5411 sursum
3449 5364 3576 5411 sunt
3602 5370 3750 5426 quc-

2146 5458 2269 5521 ritc,
2298 5456 2387 5509 ubi
2413 5453 2649 5508 Christus
2693 5460 2791 5518 est,
2831 5451 2886 5504 in
2933 5449 3152 5503 dextera
3193 5446 3292 5502 Dei
3338 5447 3548 5502 sedens.
3608 5444 3747 5512 Qte—

2144 5564 2357 5604 sursum
2390 5555 2509 5601 sunt
2540 5545 2725 5615 sapite,
2756 5558 2861 5596 non
2898 5556 3017 5613 qua
3045 5555 3203 5613 super
3224 5548 3421 5595 terram
3449 5535 3590 5608 (Col.
3628 5537 3739 5611 nt).

2213 5638 2365 5693 Fecit
2398 5638 2559 5694 etiam
2602 5637 2659 5690 in
2701 5634 2860 5689 domo
2906 5632 3075 5687 sancti
3122 5636 3427 5687 eam
3467 5629 3741 5684 cherubim

2140 5735 2249 5790 duo
2274 5748 2428 5804 opere
2451 5730 2730 5795 statuario,
2768 5736 2818 5783 et
2845 5727 2975 5782 texit
3004 5740 3095 5781 eos
3117 5739 3269 5780 auro.
3316 5722 3432 5779 Αιω
3468 5721 3742 5778 rbmbia

2143 5826 2324 5901 viginti
2351 5825 2540 5880 cubitis
2567 5822 2997 5885 emtendebantur,
3050 5819 3126 5874 ita
3169 5825 3227 5872 ut
3272 5833 3377 5873 una
3404 5816 3490 5870 ala
3519 5815 3737 5869 habent

2144 5922 2339 5977 cubitus
2366 5918 2590 5990 quinque
2634 5924 2683 5970 et
2741 5921 2974 5985 tangeret
3026 5913 3274 5984 parietem
3324 5909 3531 5971 domus,
3562 5916 3606 5960 τε
3640 5904 3735 5959 αὕη
