3920 6478
118 533 222 599 189

1036 526 1390 589 COMMENT.
1429 526 1497 585 IN
1535 521 2092 591 PARALIPOMENA.
2130 553 2202 563 —
2238 521 2367 578 LIB.
2408 520 2494 578 III.

3290 521 3398 579 450

117 607 282 706 altera
304 661 533 720 quinque
552 645 753 701 cubitos
778 660 993 713 nauem,
1034 646 1180 703 alam
1205 656 1439 719 tangeret
1481 646 1700 704 alterius
1725 651 1781 714 Α
1803 644 1938 711 suis,
1970 642 2241 716 diligendo
2264 650 2318 699 et
2342 641 2622 714 proximos
2658 648 2917 711 tanquam
2944 637 3172 713 seipsos.
3211 641 3397 699 rleni-

115 737 330 796 cherub.
356 735 612 793 Similiter
645 737 836 792 cherub
858 736 1075 795 alterius
1103 738 1192 795 ala
1227 739 1453 812 quinque
1481 739 1701 795 habebat

116 829 337 895 cubitus,
359 830 666 901 ettengebat
692 832 959 901 parietem,
990 841 1038 888 et
1064 830 1154 889 ala
1193 832 1311 903 ejus
1339 830 1509 891 altera
1551 832 1703 904 quiu-

115 942 211 1000 que
227 924 526 983 cubitorum
545 923 688 979 alam
710 924 901 982 cherub
922 924 1137 981 alterius
1160 925 1506 997 contingebat.
1528 924 1703 998 Igitur

116 1021 214 1077 ale
240 1022 518 1088 utriusque
542 1019 732 1077 cherub
758 1035 1001 1091 exponam
1022 1027 1171 1075 erant
1208 1029 1257 1079 et
1295 1019 1703 1077 mentiebantur

112 1128 201 1184 per
223 1111 427 1166 cubitus
455 1110 548 1178 20,
574 1111 676 1182 ipsi
719 1121 894 1169 autem
937 1113 1145 1169 stabant
1181 1112 1365 1169 erectis
1390 1112 1628 1183 pedibus,
1651 1120 1700 1167 et

115 1204 273 1272 facies
317 1220 503 1259 eorum
540 1221 705 1260 verum
743 1205 988 1261 erantad
1025 1207 1334 1263 exteriorem
1360 1206 1592 1263 domum.
1624 1204 1703 1261 De

113 1297 211 1353 hoc
256 1313 479 1368 quoque
516 1296 731 1369 plenius
776 1298 833 1354 in
868 1298 1006 1354 libro
1043 1298 1253 1369 Regum
1296 1306 1570 1365 narratur,
1607 1297 1701 1355 ubi

110 1392 182 1447 ita
209 1394 478 1465 scriptum
505 1390 629 1451 est:
663 1394 817 1461 Quod
846 1395 967 1465 fecit
990 1394 1047 1450 its
1070 1394 1286 1451 oraculo
1308 1396 1415 1453 duo
1434 1394 1701 1453 cherubim

110 1483 171 1538 de
193 1482 347 1555 lignis
380 1483 645 1539 olivarum
665 1485 841 1541 decem
864 1484 1160 1543 cubitorum
1188 1484 1501 1543 altitudinis.
1533 1484 1702 1554 Quin-

107 1590 203 1645 que
234 1574 534 1630 cubitorum
562 1574 652 1631 ala
684 1576 877 1632 cherub
907 1593 1036 1643 una,
1056 1586 1107 1633 et
1144 1578 1371 1649 quinque
1406 1578 1701 1635 cubitorum

107 1666 191 1721 ala
228 1667 423 1721 clm-ub
459 1666 650 1734 altera,
681 1668 739 1724 id
785 1676 884 1735 est,
933 1670 1109 1727 decem
1153 1670 1353 1727 subitos
1395 1669 1642 1729 habentes
1666 1688 1700 1727 a

106 1758 399 1812 summitate
447 1757 551 1813 alw
596 1775 761 1829 usque
799 1760 871 1815 ad
923 1759 1026 1816 alae
1057 1760 1275 1817 alterius
1323 1763 1696 1821 summitatem.

106 1847 288 1903 Decem
331 1865 542 1921 quoque
585 1851 883 1907 cubitorum
927 1862 1043 1909 erat
1090 1854 1281 1910 cherub
1328 1857 1608 1925 secundus,
1642 1858 1731 1915 in-

104 1958 346 1999 mensum
368 1945 516 2013 pari,
549 1954 597 2001 et
625 1963 757 2017 opus
787 1963 949 2003 unum
973 1958 1087 2004 erat
1107 1951 1163 2005 in
1180 1950 1383 2007 duobus
1412 1952 1695 2020 cherubim,

1802 736 1929 791 tudo
1958 737 2102 793 enim
2142 734 2271 809 legis
2302 734 2533 791 charitas
2573 742 2649 789 est
2700 731 2878 808 (Rom.
2901 734 3047 809 xm).
3078 732 3398 793 Proximum

1801 836 1982 885 autem
2003 843 2190 887 eorum
2214 834 2267 887 et
2291 825 2393 903 ipsi
2418 824 2485 881 ad
2506 820 2736 885 invicem
2761 826 3130 903 suntangelici
3153 827 3397 903 spiritus,

1799 926 1855 974 et
1882 919 2128 976 homines
2158 917 2336 984 electi,
2365 932 2553 973 eorum
2581 931 2734 991 atque
2761 916 3034 975 concives.
3075 917 3230 975 Unde
3255 926 3400 977 utra-

1800 1025 1905 1079 que
1951 1009 2036 1067 ala
2065 1009 2270 1066 cherub
2299 1008 2540 1081 ejusdem
2588 1024 2859 1067 mensura:
2913 1026 3036 1068 esse
3080 1011 3399 1087 perhibetur

1801 1094 1990 1169 (Hebr.
2013 1104 2136 1176 xu),
2166 1106 2291 1175 quia
2321 1106 2574 1164 videlicet
2590 1109 2784 1167 eadem
2811 1109 2927 1180 ipsa
2949 1109 3257 1179 devotione,
3286 1126 3396 1185 qua

1799 1209 1918 1254 sese
1938 1195 2256 1255 alterutrum
2285 1198 2339 1253 in
2383 1199 2495 1259 Deo
2537 1200 2782 1275 diligunt,
2821 1208 3061 1262 nostram
3091 1216 3305 1273 quoque
3327 1202 3398 1259 ad

1798 1303 1861 1346 se
1885 1291 2298 1348 ascendentium
2319 1293 2636 1351 societatem
2657 1293 2986 1355 desiderant.
3018 1293 3217 1367 Sicque
3237 1292 3397 1351 simul

1801 1383 1899 1441 alae
1924 1386 2111 1443 decem
2141 1386 2354 1443 cubitos
2382 1386 2675 1459 complent,
2717 1403 2841 1447 cum
2866 1389 2922 1447 in
2957 1388 3171 1463 gemina
3216 1386 3398 1445 chari-

1801 1477 1927 1533 tatis
1951 1476 2283 1537 exhibitione
2312 1478 2487 1553 angeli
2538 1479 2604 1535 dc
2637 1480 2934 1539 conditoris
2974 1480 3058 1537 sui
3110 1480 3399 1553 praesentia

1798 1568 2069 1633 laetantur.
2099 1571 2298 1633 Decem
2324 1587 2537 1644 quoque
2567 1573 2873 1633 cubitorum
2915 1582 3036 1635 erat
3076 1574 3162 1630 ala
3188 1573 3396 1635 cherub

1808 1662 2050 1729 secundi,
2075 1678 2332 1721 mensura
2361 1664 2503 1734 pari,
2532 1671 2589 1720 et
2614 1679 2749 1737 opus
2773 1680 2940 1723 unum
2968 1665 3164 1723 eratin
3190 1664 3401 1723 duobus

1801 1757 2101 1815 cherubim.
2142 1758 2259 1814 Duo
2288 1765 2446 1815 erant
2482 1756 2626 1813 facta
2677 1758 2957 1818 cherubim
3003 1767 3227 1833 propter
3271 1773 3401 1815 con-

1775 1849 2029 1905 .sortium
2058 1847 2324 1919 ejusdem,
2356 1850 2422 1905 de
2447 1865 2556 1923 quo
2600 1849 2891 1923 loquimur,
2919 1850 3207 1911 charitatis
3235 1848 3400 1925 signi-

1800 1937 2096 2008 ﬁcandum,
2121 1940 2252 2013 quia
2278 1939 2464 1997 minus
2475 1956 2639 2012 quam
2667 1942 2803 1998 inter
2834 1942 2967 1998 duos
2992 1942 3231 2003 Charitas
3254 1950 3402 2000 stare

104 2035 158 2088 id
188 2044 281 2102 est,
321 2034 663 2091 altitudinem
691 2038 912 2095 habebat
942 2058 1077 2097 unus
1106 2043 1295 2099 cherub
1345 2044 1520 2101 decem
1543 2045 1693 2101 cubi—
1722 2031 1770 2091 B
1796 2049 1907 2091 non
1934 2043 2130 2106 ροιθει.
2164 2034 2316 2097 Unde
2334 2042 2390 2091 et
2421 2033 2671 2093 Salvator
2712 2035 2870 2092 binos
2894 2036 2962 2091 ad
2991 2034 3397 2107 praedicandum

106 2133 292 2191 torum,
319 2136 369 2180 et
412 2126 665 2183 similiter
687 2129 881 2186 clter
922 2132 1205 2191 secundus.
1247 2132 1537 2206 Posuitque
1576 2135 1698 2191 che—

105 2217 270 2271 rubim
293 2218 352 2273 in
393 2218 573 2275 medio
598 2220 779 2290 templi
803 2223 1086 2281 interioris.
1134 2224 1497 2281 Eatendebant
1525 2237 1701 2283 autem

105 2304 214 2361 aias
248 2324 375 2363 suas
401 2309 695 2378 cherubim,
722 2319 773 2366 et
812 2312 1057 2384 tangebat
1101 2313 1190 2371 ala
1220 2331 1327 2375 una
1351 2318 1624 2387 parietem,
1650 2327 1700 2376 et

104 2397 188 2453 ala
214 2401 406 2456 cherub
455 2404 674 2459 secundi
720 2406 963 2477 tangebat
1001 2409 1254 2478 parietem
1282 2408 1548 2479 alterum;
1597 2410 1700 2468 alte

104 2501 273 2547 autem
294 2493 483 2549 altera
503 2496 562 2550 in
590 2497 764 2552 media
792 2507 941 2568 parte
961 2498 1137 2571 templi
1162 2517 1220 2561 se
1244 2501 1461 2557 inuicem
1496 2503 1700 2559 contin-

105 2583 304 2653 gebant.
352 2585 508 2641 Tesit
543 2605 747 2659 quoque
781 2590 1049 2647 cherubim
1101 2608 1234 2649 auro
1275 2591 1397 2669 (III
1438 2595 1567 2666 Reg.
1597 2597 1695 2667 vt).

104 2672 425 2744 Cberubim,
476 2679 619 2735 sicut
674 2679 927 2739 Ezechiel
964 2692 1149 2753 aperte
1197 2684 1442 2745 declarat
1476 2684 1695 2758 (Eaech.

103 2765 160 2836 ι)
187 2769 448 2838 angelica
494 2772 776 2843 dignitatis
829 2777 1153 2837 vocabulum
1205 2787 1311 2846 est,
1363 2795 1700 2850 amnemque

104 2856 365 2928 singulari
393 2864 589 2919 eherub
608 2865 830 2932 dicitur,
858 2867 1053 2938 plurali
1073 2870 1360 2931 cherubim.
1393 2870 1545 2931 Unde
1574 2880 1701 2943 apte

103 2948 156 3005 in
183 2950 372 3024 ﬁguris
397 2956 706 3026 cherubim,
727 2974 849 3029 qum
875 2970 1035 3018 erant
1058 2963 1115 3021 in
1142 2964 1363 3023 oraculo
1388 2965 1565 3034 facete,
1595 2982 1697 3027 an-

102 3044 266 3114 gelica
290 3049 620 3118 ministeria,
653 3069 775 3123 quae
799 3056 1066 3115 conditori
1097 3073 1198 3115 suo
1220 3059 1278 3119 in
1305 3058 1700 3133 cmlis'semper

100 3136 382 3207 assistunt,
413 3152 639 3211 possunt
664 3145 911 3218 intelligi.
968 3148 1073 3215 Qui
1124 3158 1276 3207 recte
1304 3151 1371 3207 de
1400 3151 1565 3224 lignis
1597 3152 1699 3208 oliv

100 3241 293 3288 varum
322 3232 455 3291 facti
484 3251 606 3292 esse
632 3239 1009 3307 perhibentur,
1036 3244 1163 3312 quia
1192 3244 1450 3305 nimirum
1472 3245 1698 3305 virtutes

97 3323 358 3393 angelica:
386 3328 559 3396 gratia
589 3326 825 3398 Spiritus
848 3332 1043 3397 sancti,
1064 3349 1134 3389 ne
1162 3350 1401 3404 unquam
1427 3336 1696 3395 abamore

1803 2129 2095 2200 discipulos
2142 2130 2360 2187 mittere
2408 2129 2621 2187 curavit
2671 2128 2986 2203 (Marc.v1;
3041 2129 3172 2191 Luc.
3203 2129 3282 2202 χ),
3336 2137 3397 2186 ιιι

1804 2222 1971 2279 tacite
1999 2224 2217 2291 doceret
2243 2221 2325 2281 eis
2351 2221 2445 2293 qui
2474 2221 2856 2292 verbumﬁdei
2896 2222 3261 2293 prmdicarent
3286 2222 3396 2276 vir-

1800 2320 1976 2373 tutem
2006 2313 2313 2371 dilectionis
2342 2322 2469 2371 ante
2492 2314 2677 2373 omnia
2702 2326 2823 2371 esse
2854 2314 3165 2370 tenendam.
3202 2312 3398 2371 Unius-

1801 2423 1909 2479 que
1934 2422 2205 2464 mensurae
2253 2414 2310 2465 et
2337 2407 2520 2479 operis
2572 2413 2729 2463 erant
2772 2406 2877 2465 duo
2913 2404 3219 2473 cherubim,
3275 2403 3406 2477 quia

1801 2500 2136 2572 disparilitas
2158 2500 2500 2558 voluntatum
2524 2501 2640 2559 sive
2673 2500 3059 2574 cogitationum
3087 2499 3143 2559 in
3169 2513 3405 2571 superna

1800 2594 1977 2665 patria
2003 2594 2148 2650 nulla
2174 2604 2279 2663 est,
2305 2595 2397 2653 ubi
2434 2610 2627 2655 omnes
2656 2609 2764 2651 una
2806 2593 3107 2667 eademque
3133 2592 3232 2651 Dei
3256 2607 3401 2667 prae-

1800 2686 1973 2741 sentis
1993 2686 2202 2742 visione
2229 2694 2285 2743 et
2321 2686 2494 2759 gloria
2525 2684 2892 2744 illustrantur.
2940 2683 3237 2754 Posuitque
3275 2684 3405 2741 che-

1800 2777 1981 2837 l‘ubim
2010 2777 2065 2833 in
2097 2779 2276 2835 medio
2313 2777 2500 2848 templi
2545 2778 2845 2835 interioris.
2887 2777 3266 2834 Extendebant
3309 2793 3405 2834 au-

1807 2877 1919 2923 tem
1946 2868 2065 2924 alas
2087 2883 2216 2924 suas
2253 2868 2559 2934 cherubim,
2584 2876 2639 2924 et
2679 2868 2936 2941 tangebat
2978 2867 3064 2922 ala
3091 2881 3198 2927 una
3224 2866 3407 2937 parie-

1804 2965 1941 3026 tem,
1969 2967 2024 3014 et
2052 2959 2139 3016 ala
2175 2960 2382 3017 cherub
2429 2958 2652 3019 secundi
2695 2959 2951 3031 tangebat
2979 2958 3247 3031 parietem
3274 2952 3408 3015 alte-

1802 3064 1945 3106 rum.
1989 3049 2103 3106 Ala:
2143 3061 2323 3108 autem
2359 3051 2544 3108 altera:
2591 3052 2646 3111 in
2691 3051 2871 3109 medio
2896 3051 3106 3122 pariete
3135 3050 3321 3125 templi
3347 3066 3407 3107 se

1802 3141 2037 3204 invicem
2064 3144 2469 3217 contingebant.
2523 3143 2869 3200 Manifestum
2916 3152 3003 3200 est
3049 3160 3118 3200 ex
3170 3144 3257 3199 his
3285 3157 3407 3215 quae

1800 3237 2063 3309 praedicta
2085 3249 2234 3307 sunt,
2284 3255 2455 3311 quare
2485 3239 2769 3297 cherubim
2796 3240 2851 3299 in
2881 3241 3062 3297 medio
3108 3241 3293 3312 templi
3319 3241 3404 3297 in-

1756 3392 1767 3405 :
1802 3330 2023 3387 terioris
2050 3332 2163 3388 sint
2186 3333 2372 3404 positi,
2420 3349 2654 3405 quorum
2682 3334 2948 3393 habitatio
2991 3350 3210 3405 semper
3233 3344 3318 3392 est
3350 3336 3406 3393 in

94 3415 194 3471 Dei
221 3430 500 3487 arescant,
540 3431 718 3479 unctae
746 3432 893 3481 sunt.
938 3425 1138 3483 Decem
1179 3400 1362 3489 autem
1386 3438 1515 3493 sunt
1540 3432 1694 3487 cubip
1724 3400 1770 3466 C
1799 3424 1977 3485 (uelis.
2009 3400 2389 3489 Extendebant
2418 3400 2601 3483 autem
2630 3427 2746 3483 alas
2789 3400 3284 3499 cherubim-quasi
3336 3428 3407 3485 ad

97 3514 281 3564 torum
311 3509 635 3580 altitudinis,
664 3515 790 3585 quia
836 3517 1063 3576 denario
1095 3520 1220 3579 vitae
1266 3530 1485 3581 alterum
1513 3522 1700 3583 fruun—

98 3603 206 3665 tur,
239 3600 508 3660 habentes
533 3604 847 3665 inviolatam
877 3608 934 3665 in
964 3625 1024 3667 se
1049 3611 1133 3666 sui
1176 3613 1476 3675 conditoris
1504 3615 1701 3689 imagi—

101 3703 245 3754 nem,
273 3701 491 3749 servata
521 3705 782 3767 perpetuo
812 3701 1126 3769 sanctitate,
1148 3710 1205 3759 et
1225 3702 1459 3774 iustitia,
1482 3716 1539 3765 et
1563 3709 1703 3768 veri-

104 3787 230 3846 tate,
258 3796 423 3850 quam
468 3786 643 3854 prima
678 3790 988 3849 conditione
1014 3784 1395 3866 perceperunt.
1432 3798 1703 3855 Denarius

105 3884 337 3942 namque
360 3875 546 3933 decem
567 3878 745 3937 obolis
788 3890 1023 3950 constat,
1052 3893 1110 3941 et
1137 3888 1417 3947 continere
1442 3889 1498 3946 in
1527 3906 1587 3947 se
1610 3906 1704 3947 no-

105 3976 223 4055 tuen
253 3967 401 4039 regis
451 3977 508 4027 et
561 3971 854 4045 imaginem
907 3978 1210 4035 consuevit.
1264 3979 1604 4055 Quapropter
1647 3992 1707 4041 et

109 4054 286 4126 ﬁguras
314 4063 470 4134 regni
499 4066 742 4125 cmlestis
782 4070 1061 4141 aptissime
1092 4075 1369 4145 congruit,
1412 4054 1504 4133 ubi
1532 4086 1588 4135 et
1607 4095 1705 4135 an-

108 4150 203 4218 geli
229 4156 402 4213 sancti
444 4158 499 4213 in
538 4160 773 4233 imagine
809 4166 894 4222 sui
921 4168 1242 4238 conditoris,
1273 4171 1341 4229 ad
1369 4188 1534 4243 quam
1576 4173 1705 4235 facti

112 4252 253 4344 sunt,
280 4262 499 4320 semper
544 4263 789 4323 manent,
824 4266 882 4314 et
925 4260 1084 4317 electi
1131 4264 1380 4322 homines
1409 4266 1705 4340 imaginem

112 4347 244 4430 eius,
276 4356 442 4411 quam
470 4348 752 4414 peccando
775 4349 1095 4417 amiserant,
1141 4354 1426 4425 recipiunt.
1459 4357 1707 4430 Quinque

116 4428 413 4491 «datorum
441 4435 527 4492 ala
552 4438 756 4497 cberub
785 4457 915 4509 una,
942 4451 1000 4501 et
1023 4445 1264 4515 quinque
1290 4447 1596 4504 cubitorum
1618 4428 1706 4506 ala

115 4519 310 4581 cherub
336 4527 533 4596 altera,
585 4531 639 4587 id
695 4543 795 4599 est,
858 4536 1044 4594 decem
1094 4538 1307 4597 cubitus
1352 4539 1615 4599 habentes
1650 4542 1706 4601 in

117 4619 417 4678 summitate
462 4623 562 4679 alte
597 4641 772 4697 usque
802 4626 869 4683 ad
912 4629 1011 4685 clm
1053 4630 1275 4691 alterius
1315 4635 1701 4693 summitatem.

118 4703 221 4798 Alae
254 4726 377 4769 cum
406 4715 462 4771 in
510 4728 823 4775 sanctorum
868 4721 1145 4780 hominum
1196 4724 1370 4797 ﬁgura
1406 4736 1702 4798 ponuntur,

122 4797 336 4860 virtutes
364 4807 676 4879 signiﬁcant
700 4826 891 4869 eorum
922 4814 1118 4883 quibus
1155 4817 1224 4873 ad
1268 4797 1513 4875 ctnlestia
1560 4835 1705 4877 sem-

122 4901 209 4955 Pel‘
229 4897 407 4956 volare
432 4910 598 4972 atque
644 4904 701 4961 in
751 4905 836 4960 his
875 4910 1339 4967 conversationem
1386 4912 1702 4985 angelorum

124 4995 382 5049 Ponuntur
406 4992 530 5060 alae,
558 4996 691 5065 quid
717 4999 958 5067 apertius
995 5015 1159 5071 quam
1209 5004 1439 5073 gratiam
1480 5006 1705 5065 demon-

124 5079 291 5136 ωωι
307 5094 584 5154 perpetua:
607 5095 664 5141 et
689 5087 1027 5151 indeiectivm
1055 5091 1330 5151 felicitatis
1376 5111 1568 5153 eorum
1609 5100 1703 5169 qui

127 5176 326 5237 mpnf
344 5173 398 5230 in
426 5177 741 5241 caelestibus
768 5180 825 5235 in
850 5181 1152 5241 ministerio
1177 5185 1260 5240 sui
1290 5187 1589 5256 persistunt
1615 5206 1709 5247 au-

130 5260 321 5316 ctoris?
350 5264 447 5321 Vel
470 5276 638 5335 certe,
664 5270 793 5339 quia
816 5270 1034 5329 levitate
1054 5274 1319 5345 spiritalis
1342 5284 1552 5340 natura:
1578 5289 1709 5341 sunt

132 5351 350 5447 Ρφᾱίιὶ,
402 5358 479 5417 ita
522 5368 583 5417 ut
632 5362 939 5433 ubicunque
983 5366 1273 5437 voluerint,
1313 5370 1499 5429 statim
1548 5374 1710 5447 quasi

133 5440 359 5541 “laudo
398 5455 768 5523 prmveniant;
820 5458 1001 5519 ethic
1054 5476 1179 5520 cum
1223 5462 1325 5521 alis
1382 5440 1624 5541 ﬁgurati,
1652 5475 1711 5529 et

136 5536 394 5601 Prophetis
440 5559 565 5601 cum
608 5544 709 5601 alis
747 5549 1003 5606 ostensi.’
1036 5549 1183 5609 Bene
1230 5536 1439 5613 autem?
1690 5600 1705 5626 ,

138 5626 545 5706 macieque.
566 5638 875 5697 cubitorum
917 5641 1005 5698 ah
1056 5645 1264 5703 cherub
1300 5663 1427 5716 una,
1452 5658 1509 5709 et
1542 5652 1706 5722 quin-

141 5722 238 5809 ille
265 5723 565 5787 cubitorum
613 5729 699 5789 ala
744 5732 949 5793 obsum
1004 5734 1200 5804 altera,
1248 5741 1507 5809 quoniam
1536 5742 1711 5801 virtu-

146 5808 483 5909 les
534 5822 706 5896 [Qesn
759 5825 878 5893 Dei,
909 5844 1031 5899 qua:
1076 5830 1133 5884 in
1166 5808 1405 5903 quinque
1432 5833 1585 5892 libris
1617 5838 1708 5895 de-

364 5918 464 5976 est,
486 5913 753 5974 indefessa
775 5916 1063 5977 devotione
1084 5922 1414 5990 custodiunt,
1437 5924 1711 5997 diligendo

151 5990 378 6055 Videlicet
398 6000 683 6062 Dominum
720 6005 889 6065 Deum
931 6025 1086 6068 suum
1116 6029 1183 6070 ex
1215 6016 1467 6074 omnibus
1502 5990 1709 6076 viribus

1804 3515 2141 3585 velandum,
2201 3519 2329 3589 quia
2383 3519 2610 3590 spiritus
2657 3520 2887 3591 angelici
2941 3536 3157 3591 semper
3203 3522 3409 3579 habent

1804 3607 2051 3665 animum
2094 3610 2164 3666 ad
2204 3610 2528 3681 obsequium
2557 3612 2753 3668 divinae
2802 3612 3098 3669 voluntatis
3132 3623 3404 3685 paratum.

1804 3699 1959 3769 Quod
1989 3715 2119 3756 vero
2156 3701 2245 3759 ala
2286 3717 2389 3759 una
2420 3703 2677 3774 tangebat
2714 3703 2976 3775 parietem
3004 3710 3059 3761 et
3085 3702 3171 3759 ala
3200 3705 3407 3762 cherub

1802 3795 2027 3851 secundi
2061 3795 2290 3853 alterum
2312 3799 2600 3869 parietem,
2631 3799 2702 3853 ad
2738 3797 2884 3855 illam
2912 3798 3201 3856 charitatis
3228 3798 3404 3855 admi-

1809 3884 2213 3956 nistrationem,
2237 3904 2401 3959 quam
2425 3890 2583 3947 nobis
2603 3890 2864 3947 exhibent
2884 3888 3082 3960 angeli,
3106 3891 3404 3963 pertinent.

1808 3974 1961 4045 Quod
1989 3978 2088 4035 alae
2116 3980 2302 4037 altera:
2350 3982 2408 4036 in
2439 3981 2619 4038 medio
2648 3997 2709 4038 se
2736 3982 2970 4038 invicem
2998 3981 3408 4054 contingebant,

1809 4085 1932 4131 eam
1956 4071 2260 4129 dilectionis
2283 4074 2536 4145 gratiam,
2575 4090 2682 4146 qua
2721 4091 2782 4131 se
2808 4074 3132 4132 alterutrum
3167 4075 3405 4149 comple-

1809 4171 2049 4230 ctuntur,
2081 4166 2356 4236 exprimit.
2394 4166 2541 4222 Bene
2566 4176 2748 4223 autem
2779 4167 3028 4238 sequitur
3053 4186 3065 4223 :
3101 4166 3251 4227 Temit
3277 4185 3411 4241 quo-

1807 4269 1910 4324 que
1927 4252 2195 4309 cherubim
2222 4273 2374 4322 auro,
2402 4257 2531 4326 quia
2565 4265 2622 4312 et
2646 4250 2896 4315 naturam
2924 4274 3116 4319 eorum
3148 4259 3411 4317 Conditor

1809 4341 2106 4399 immortali
2125 4346 2395 4403 charitate
2422 4344 2750 4411 sublimavit,
2780 4356 2837 4402 et
2862 4358 3102 4405 mentem
3128 4365 3257 4404 vera
3284 4349 3412 4407 dile-

1811 4439 2007 4497 ctionis
2042 4449 2205 4511 atque
2258 4441 2581 4499 humilitatis
2635 4442 2759 4497 luce
2803 4441 3051 4515 replevit.
3099 4436 3407 4501 Notandum

1810 4544 1966 4597 sane,
1997 4532 2141 4602 quod
2163 4531 2396 4605 Moyses,
2424 4534 2552 4591 dum
2593 4534 2999 4591 tabernaculum
3032 4533 3250 4602 faceret,
3282 4535 3411 4590 fecit

1809 4633 1871 4680 et
1887 4623 2023 4679 duos
2070 4624 2354 4683 cherubim
2396 4640 2611 4693 aureos,
2660 4640 2798 4697 quos
2822 4626 3007 4699 posuit
3048 4626 3102 4682 in
3143 4626 3407 4703 propitia-

1810 4720 1972 4784 torio,
2004 4720 2151 4790 quod
2175 4728 2297 4775 erat
2323 4735 2488 4791 super
2509 4735 2691 4777 arcam
2741 4720 2938 4795 (Exod.
2974 4718 3207 4794 xxxvii).
3259 4719 3411 4776 Salo-

1811 4826 1939 4867 mon
1966 4819 2146 4866 autem
2177 4811 2383 4868 addidit
2412 4812 2547 4869 alios
2585 4812 2721 4869 duos
2769 4813 2939 4869 multo
2966 4814 3223 4886 majores,
3276 4829 3412 4882 quos

1812 4905 1871 4961 in
1902 4903 2102 4974 templo
2127 4912 2374 4976 poneret,
2406 4905 2508 4961 sub
2547 4920 2779 4976 quorum
2803 4904 2903 4960 alis
2932 4918 3117 4959 arcam
3149 4907 3203 4959 in
3230 4903 3411 4958 medio

1810 5009 2043 5075 poneret
2094 5015 2216 5055 cum
2260 5000 2641 5072 propitiatorio
2685 5010 2740 5057 ct
2787 5000 3069 5057 cherubim
3112 4999 3405 5072 prioribus.

1815 5088 2016 5162 Sicque
2063 5088 2264 5147 factum
2296 5098 2381 5147 est
2406 5100 2465 5147 ut
2506 5092 2561 5147 in
2592 5090 2940 5149 tabernaculo
2969 5089 3186 5161 quidem
3229 5098 3414 5145 essent

1816 5184 2099 5243 cherubim
2126 5187 2253 5252 duo,
2286 5186 2341 5243 in
2372 5187 2574 5259 templo
2611 5196 2790 5242 autem
2834 5194 3088 5257 quatuor.
3117 5186 3200 5242 Ad
3245 5201 3410 5241 unam

1817 5293 1951 5336 vero
1980 5278 2334 5350 eamdemque
2364 5280 2811 5352 signiﬁcationem
2856 5279 3073 5351 utrique
3117 5280 3405 5350 pertinent.

1818 5367 1930 5426 Sed
1954 5371 2245 5441 repetitum
2278 5381 2362 5428 est
2388 5386 2524 5443 opus
2559 5380 2723 5441 atque
2756 5371 3036 5444 augustius
3071 5370 3271 5427 factum
3316 5388 3413 5444 per

1819 5462 2188 5531 Salomonem,
2231 5471 2292 5519 ut
2317 5463 2496 5538 typice
2519 5464 2807 5521 doceretur
2847 5463 3013 5534 quod,
3058 5462 3411 5536 multiplicata

1817 5562 1944 5629 post
1995 5555 2429 5612 incarnationem
2498 5552 2834 5611 Dominicam
2903 5555 3147 5612 Ecclesia
3180 5596 3196 5627 ,
3252 5554 3411 5609 latius

1817 5656 1962 5705 esset
1986 5645 2241 5718 gentibus
2263 5645 2567 5723 sublimitas
2589 5646 2710 5703 coeli
2749 5649 2947 5704 civium
2985 5646 3286 5717 pandenda,
3320 5644 3411 5715 qui

1817 5737 1902 5792 sic
1926 5735 2278 5793 Conditorem
2306 5736 2373 5793 de
2398 5736 2597 5795 collato
2644 5737 2746 5794 sibi
2796 5754 3020 5799 munere
3062 5735 3412 5794 beatitudinis

1818 5835 2149 5903 collaudant,
2181 5841 2241 5891 ut
2263 5832 2334 5892 de
2374 5844 2560 5893 nostra
2599 5851 2815 5909 quoque
2851 5835 3129 5909 ereptione
3154 5842 3317 5902 atque
3343 5830 3411 5885 ad

1817 5929 2066 5987 eamdem
2118 5928 2508 5990 beatitudinem
2564 5929 2964 5985 introductionc
3012 5924 3405 5998 congaudeant.

1750 6090 1769 6107 ρ
1805 6019 2135 6104 ,Εχιωιιάυιιι
2193 6021 2340 6076 enim
2411 6018 2527 6079 alas
2589 6020 2893 6078 adinviccm
2955 6033 3118 6089 super
3171 6030 3358 6072 arcam
3388 6052 3409 6086 ,
