3920 6530
481 461 582 521 451

1128 451 1193 509 Β.
1234 448 1492 508 MBAN!
1527 448 1750 507 MAURI
1787 444 2112 505 ARCHIEP.
2154 441 2465 504 MOGUNT.
2505 443 2794 504 OPERUM
2829 443 3011 501 PARS
3046 444 3092 501 Ι.

3665 444 3773 502 652

477 594 606 639 cum
631 578 702 634 ad
743 572 962 631 laudem
1012 570 1230 629 Domini
1281 554 1582 628 Salvatoris
1633 570 1881 628 referunt
1906 569 2072 625 bene-
2098 569 2154 630 Α
2174 581 2306 639 ergo
2329 568 2611 625 cherubim
2658 568 2946 625 interiores
2988 580 3151 639 super
3193 580 3377 623 arcam
3426 581 3490 622 se
3531 565 3784 624 invicem

475 674 663 731 ﬁcium
722 669 848 726 vitae
914 675 1274 741 perceptum;
1340 666 1641 721 extendunt
1695 664 1893 720 alteras
1958 662 2071 717 alas

475 768 547 824 ad
586 764 825 838 parietes
880 761 1117 827 oraculi,
1169 773 1294 815 cum
1343 767 1561 815 sanctos
1588 768 1598 827 ῖ
1607 757 1772 815 etiam
1820 757 2068 813 homines

472 872 660 915 secum
684 855 872 913 videre
894 853 1164 918 laetantur,
1196 865 1400 922 eosque
1430 850 1579 907 velut
1603 849 1811 906 alarum
1841 848 2069 905 summi-

471 949 679 1007 tatibus
727 954 987 1018 tangunt,
1046 959 1184 1016 quos
1234 952 1514 1002 consortes
1562 950 1723 1012 atque
1766 940 2068 996 imitatores

470 1043 641 1099 fuisse
667 1042 725 1097 in
761 1041 866 1097 hac
892 1040 1006 1095 vita
1035 1053 1147 1094 sua:
1169 1036 1421 1108 puritatis
1447 1035 1741 1091 exsultant.
1792 1034 1938 1090 Duos
1975 1039 2088 1088 au-'

468 1140 580 1189 tem
621 1146 777 1202 aeque
810 1130 1047 1200 parietes
1089 1127 1191 1181 alis
1227 1125 1340 1182 suis
1380 1132 1609 1196 tangunt
1648 1124 1681 1196 ε]
1706 1123 1852 1194 quod
1886 1121 2070 1178 ﬁdeles

469 1223 756 1292 utriusque
780 1220 962 1293 populi
988 1261 1004 1287 ,
1036 1217 1206 1274 Judaei
1229 1227 1285 1273 et
1312 1218 1540 1289 gentiles
1557 1258 1573 1286 ,
1600 1230 1951 1289 possessores
1978 1230 2068 1270 se-

470 1332 596 1373 cum
622 1296 829 1371 habent
855 1313 991 1369 aula:
1017 1311 1254 1368 ccelestis
1285 1328 1298 1364 :
1327 1326 1439 1367 non
1488 1310 1632 1381 quod
1671 1311 1728 1365 in
1772 1308 1859 1364 illa
1893 1307 2070 1378 patria

392 1382 430 1492 ’ξ
469 1409 747 1467 distinctio
796 1408 868 1464 sit
905 1406 1094 1464 localis
1132 1405 1274 1461 inter
1317 1413 1609 1475 utrumque
1648 1403 1925 1474 populum,
1975 1401 2069 1458 sed

410 1497 421 1511 ⁵
470 1504 603 1575 quia
656 1500 831 1571 major
878 1500 975 1556 ﬁat
1019 1499 1290 1556 festivitas
1334 1498 1563 1554 internae
1603 1496 1956 1554 beatitudinis
2004 1496 2070 1552 de

468 1595 744 1653 consortio
783 1595 1036 1650 adunataa
1070 1593 1128 1647 in
1173 1593 1284 1647 Deo
1317 1589 1700 1648 fraternitatis.
1756 1588 2070 1644 Extendunt

465 1702 601 1762 ergo
626 1685 911 1743 cherubim
945 1685 1015 1740 ad
1054 1691 1357 1754 utrumque
1396 1682 1661 1754 parietem
1711 1680 1919 1737 oraculi
1954 1680 2070 1736 alas

463 1791 614 1843 suas,
644 1776 772 1848 quia
795 1775 1041 1831 laetantes
1064 1774 1121 1829 in
1148 1773 1360 1830 caelesti
1387 1771 1756 1844 patriajustos
1786 1772 2070 1842 utriusque

461 1867 650 1938 populi
676 1868 885 1924 visione
903 1879 1118 1938 quoque
1139 1880 1252 1921 suae
1265 1864 1449 1937 gloriae
1477 1864 1545 1920 ad
1569 1862 1785 1919 laudem
1806 1862 1891 1918 sui
1916 1877 2070 1917 crea-

2171 664 2573 736 contingebant,
2608 664 2732 733 quia
2752 663 3098 719 Testamenta
3123 661 3243 732 pari
3271 662 3339 718 de
3367 660 3613 717 Domino
3636 669 3784 719 atte-

2171 758 2410 815 statione
2456 756 2821 814 consentiunt.
2885 754 3019 811 Item
3076 753 3177 811 alis
3237 752 3617 810 exterioribus
3684 751 3787 807 istc

2169 866 2338 907 unum
2364 850 2648 921 parietem,
2670 848 2760 904 ille
2778 840 3026 903 alterum
3060 844 3473 918 contingebant,
3499 842 3645 915 quia
3682 842 3786 899 Ve-

2173 953 2259 1001 tus
2304 944 2711 1001 Testamentum
2755 937 3115 1012 propric‘est
3157 939 3378 1009 antiquo
3432 936 3539 992 Dei
3583 934 3786 1008 popqu

2171 1039 2456 1109 scriptum,
2495 1036 2706 1093 Novum
2739 1049 2870 1103 vero
2912 1034 3089 1100 nobis,
3137 1033 3227 1103 qui
3264 1038 3388 1102 post
3435 1028 3786 1086 incarnatio—

2171 1146 2297 1189 nem
2334 1131 2675 1187 Dominicam
2704 1129 2775 1185 ad
2810 1128 2971 1184 ﬁdem
3004 1126 3274 1183 venimus.
3314 1124 3384 1180 Et
3413 1123 3679 1180 secundo
3704 1137 3790 1194 pa-

2170 1225 2297 1280 rieti
2319 1265 2336 1292 ,
2390 1225 2495 1280 hoc
2551 1231 2670 1290 est,
2718 1220 3127 1294 septentrionali
3169 1228 3315 1277 recte
3366 1233 3787 1290 comparamur,

2171 1316 2368 1389 quibus
2385 1326 2509 1389 post
2534 1316 2739 1389 frigora
2768 1331 2832 1372 ac
2855 1314 3108 1371 tenebras
3128 1311 3677 1371 idololatriae-lucem
3700 1324 3789 1365 ve-

2173 1410 2350 1467 ritatis
2391 1424 2720 1482 cognoscere
2758 1409 2944 1464 datum
2978 1414 3080 1463 est.
3141 1405 3343 1462 Versas
3369 1404 3597 1459 habent
3628 1401 3790 1457 facies

2170 1502 2455 1560 cherubim
2476 1501 2544 1558 ad
2570 1501 2901 1558 exteriorem
2927 1500 3168 1565 domum,
3206 1496 3336 1568 quia
3363 1495 3555 1551 nostri
3587 1493 3785 1565 gratia,

2172 1596 2267 1667 qui
2294 1596 2472 1652 adhuc
2494 1595 2629 1652 foris
2654 1586 2886 1657 stamus,
2913 1605 3091 1663 neque
3125 1604 3187 1646 re
3226 1588 3364 1660 ipsa,
3400 1586 3509 1643 sed
3531 1602 3639 1656 spe
3669 1584 3788 1639 satis

2171 1687 2303 1758 facti
2341 1704 2523 1743 sumus
2572 1685 2746 1759 (Rom.
2789 1685 2944 1758 vni);
2993 1682 3163 1739 divini
3209 1689 3339 1738 sunt
3375 1680 3511 1736 libri
3562 1678 3788 1742 conditi,

2172 1780 2301 1851 quia
2334 1779 2631 1850 scriptores
2656 1793 2845 1835 eorum
2876 1776 2989 1847 jam
3039 1782 3329 1848 regnantes
3371 1790 3507 1830 cum
3558 1772 3790 1829 Domim

2172 1869 2433 1941 illumque
2472 1870 2842 1926 collaudantes
2886 1869 2944 1924 in
2994 1868 3165 1934 ccelis,
3213 1880 3401 1922 curam
3450 1872 3678 1920 nostra:
3704 1878 3788 1935 ge-

463 1960 602 2015 toris
634 1960 913 2027 excitant;
938 1974 1041 2017 nec
1065 1958 1241 2015 solum
1267 1958 1336 2012 de
1355 1956 1591 2021 illarum,
1615 1970 1753 2026 quos
1772 1970 1956 2012 secum
1982 1954 2062 2011 in-

2175 1972 2306 2020 runt
2331 1939 2540 2031 salutis,
2574 1980 2784 2037 proque
2808 1963 3011 2019 nostris
3038 1961 3309 2019 erratibus
3343 1958 3495 2030 apud
3525 1957 3661 2028 ejus
3688 1955 3791 2028 pie-

463 2058 553 2105 tus
598 2050 836 2118 habent,
880 2051 1163 2107 hominum
1202 2049 1476 2121 justorum
1513 2046 1777 2103 felicitate
1818 2046 2070 2103 lmtantur

462 2142 685 2214 agmina
712 2143 982 2212 emicstia,
1003 2158 1195 2199 verum
1216 2143 1385 2198 etiam
1417 2141 1611 2209 nostri,
1640 2141 1735 2213 qui
1773 2141 1865 2198 hic
1892 2140 2070 2197 adhuc

459 2235 627 2305 positi
646 2226 722 2291 de
751 2235 1035 2307 profundis
1063 2236 1134 2291 ad
1173 2234 1464 2291 Dominum
1499 2233 1829 2301 clamamus,
1879 2248 2069 2289 curam

461 2336 662 2399 gerunt
690 2327 955 2383 sedulam.
1002 2326 1159 2382 Unde
1198 2327 1338 2382 bene
1366 2326 1435 2382 de
1467 2325 1677 2382 eisdem
1705 2325 1989 2381 cherubim
2012 2325 2070 2379 in

459 2419 587 2475 libri
616 2421 902 2490 praesentis
925 2420 1156 2477 historia
1179 2420 1443 2491 scriptum
1477 2438 1490 2474 :
1522 2419 1637 2490 Ipsi
1658 2428 1832 2474 autem
1858 2419 2068 2474 stabant

460 2512 644 2566 erectis
664 2511 904 2582 pedibus,
933 2520 983 2566 et
1018 2510 1183 2582 facies
1218 2528 1401 2567 eorum
1440 2527 1604 2567 versa:
1633 2521 1783 2565 erant
1828 2511 1896 2565 ad
1928 2510 2069 2565 exte-

462 2602 656 2656 riorem
681 2602 898 2658 domum
921 2619 940 2659 :
961 2603 1091 2673 quia
1123 2618 1223 2659 nos
1252 2603 1321 2659 ab
1347 2601 1509 2671 hujus
1536 2618 1781 2659 aerumna
1820 2602 2069 2675 peregri-

378 2743 382 2746 .
468 2695 704 2751 nationis
732 2703 947 2752 erectos
973 2696 1043 2751 ad
1071 2711 1231 2752 suum
1255 2696 1566 2752 desiderant
1599 2695 1887 2767 pervenire
1929 2711 2064 2751 con-

463 2789 714 2845 sortium.
756 2788 849 2845 Sic
876 2805 1005 2863 ergo
1026 2791 1255 2861 pedibus
1279 2798 1426 2847 stant
1446 2790 1665 2856 erectis,
1693 2791 1771 2846 sic
1797 2790 1912 2847 alas
1938 2805 2066 2846 suas

460 2898 595 2939 auro
633 2891 809 2939 tectas
846 2883 917 2939 ad
939 2884 1145 2939 oraculi
1173 2884 1414 2955 parietes
1448 2884 1764 2949 extendunt,
1806 2892 1867 2939 ut
1897 2882 2067 2941 facies

459 2975 700 3032 habeant
730 2976 800 3031 ad
829 2977 1050 3033 domum
1070 2967 1271 3033 versas
1305 2978 1652 3045 exteriorem,
1692 2978 1819 3048 quia
1854 2978 1933 3033 sic
1962 2993 2066 3033 an-

460 3067 566 3139 geli
605 3084 762 3126 suam
802 3079 1067 3141 perpetuo
1109 3072 1479 3128 innocentiam
1513 3079 1860 3137 conservant,
1889 3071 1969 3126 sic
1997 3070 2065 3126 de

460 3159 765 3216 animarum
801 3169 1114 3217 sanctarum
1162 3163 1217 3217 in
1261 3163 1415 3219 caelis
1464 3163 1800 3219 beatitudine
1830 3178 2063 3235 congau-

462 3250 614 3315 dent,
639 3261 701 3306 ut
726 3251 805 3307 eis
830 3267 1065 3324 quoque,
1086 3268 1223 3324 quos
1250 3254 1309 3309 in
1337 3254 1500 3309 terris
1521 3254 1697 3310 adhuc
1723 3254 2063 3325 peregrinari

2172 2063 2342 2112 tatem
2373 2054 2740 2127 interpellant.

2244 2145 2396 2202 Fecit
2424 2163 2628 2219 quoque
2660 2145 2830 2202 velum
2857 2161 2923 2201 ea:
2945 2145 3253 2217 hyacintho,
3275 2159 3548 2214 purpura,
3581 2142 3787 2196 coccina

2172 2247 2221 2294 et
2257 2238 2425 2310 bysso,
2468 2248 2518 2292 et
2551 2238 2773 2293 intexuit
2811 2237 2873 2292 ei-
2896 2236 3181 2292 cherubim.
3230 2233 3346 2290 Hoc
3388 2232 3546 2304 quod
3597 2232 3692 2286 hic
3728 2231 3791 2286 de

2171 2332 2291 2388 velo
2320 2340 2447 2387 ante
2471 2330 2750 2387 oraculum
2779 2335 2986 2396 narrat,
3013 2329 3071 2383 in
3096 2327 3308 2400 Regum
3346 2324 3787 2397 praetermissum

2171 2434 2286 2491 est;
2326 2423 2422 2480 sed
2470 2422 2546 2478 ibi
2589 2432 2867 2487 narratur,
2895 2420 3041 2492 quod
3067 2419 3158 2475 hic
3191 2434 3302 2475 non
3325 2417 3579 2473 habetur
3608 2433 3627 2471 :
3652 2413 3789 2486 quod

2172 2516 2229 2571 in
2253 2515 2504 2586 ingressu
2529 2508 2739 2569 craculi
2761 2512 2955 2569 fecerit
2978 2511 3175 2568 ostiola
3203 2511 3271 2567 de
3298 2509 3468 2581 lignis
3495 2508 3788 2570 aliva

2169 2614 2461 2679 postesque
2490 2604 2814 2678 angulorum
2839 2601 3098 2675 quinque,
3130 2611 3188 2658 et
3213 2602 3319 2658 duo
3339 2601 3489 2657 ostia
3520 2602 3596 2656 de
3631 2599 3790 2670 lignis

2170 2700 2437 2757 olivarum
2484 2697 2605 2772 (III
2652 2697 2778 2770 Reg.
2822 2696 2921 2769 vr).
2952 2692 2957 2699 ’
2987 2696 3095 2752 Sed
3143 2695 3320 2752 velum
3364 2695 3517 2750 istud
3572 2692 3791 2749 decoris

2170 2793 2391 2864 quidem
2415 2792 2589 2864 gratia
2613 2789 2820 2847 factum
2849 2796 2955 2856 est,
2983 2797 3046 2844 ut
3064 2789 3204 2844 inter
3223 2788 3469 2860 parietes
3489 2786 3790 2843 deanratos

2170 2885 2335 2941 etiam
2360 2885 2430 2941 ob
2455 2884 2693 2942 sericum
2724 2882 2978 2954 fulgeret,
3011 2881 3107 2938 sed
3142 2882 3199 2937 in
3236 2881 3489 2952 ejusdem
3514 2877 3787 2951 mysterii,

2170 2979 2327 3051 cujus
2347 2986 2404 3036 et
2440 2977 2656 3039 ostiola,
2682 2990 2921 3046 congrua
2951 2971 3353 3046 signiﬁcatione
3391 2986 3591 3027 arcam
3630 2981 3789 3040 atque

2169 3074 2475 3145 ingressum
2521 3070 2729 3128 oraculi
2768 3084 3088 3141 appensum,
3129 3076 3201 3124 .ut
3243 3068 3388 3124 sicut
3414 3066 3629 3123 ostiola
3655 3079 3783 3121 eon-

2168 3173 2321 3245 gruis
2348 3169 2501 3227 horis
2530 3166 2935 3241 aperiebantur,
2974 3165 3055 3222 sic
3095 3173 3152 3220 et
3187 3162 3371 3247 velum
3410 3161 3786 3223 revelat-erm,

2169 3265 2382 3335 quoties
2395 3262 2735 3327 advenirent,
2762 3260 2959 3331 quibus
2978 3258 3036 3313 in
3059 3258 3260 3314 Sancta
3284 3265 3621 3312 sanctorum
3651 3262 3788 3310 esset

440 3343 826 3413 conspiciunt,
858 3343 1049 3399 electis
1069 3359 1231 3415 opem
1258 3344 1404 3400 ferre
1440 3360 1550 3400 non
1581 3345 1852 3413 desinant,
1895 3347 2067 3402 donec
2094 3345 2139 3408 C
2172 3355 2607 3429 ingrediendum.
2662 3351 2834 3421 Hujus
2858 3365 2987 3420 ergo
3012 3349 3115 3405 veli
3154 3348 3339 3406 sedula
3382 3346 3666 3410 revelatio
3712 3361 3786 3401 se-

455 3440 513 3487 et
560 3433 680 3488 illos
721 3434 790 3488 ad
834 3434 1114 3490 ctelestem
1163 3436 1402 3507 patriam
1448 3436 1818 3492 introducant.
1872 3435 2062 3492 Omnes

2172 3432 2410 3505 nitidum
2435 3446 2611 3519 legem
2636 3444 2976 3516 apertionem
3003 3441 3274 3513 signiﬁcat
3305 3440 3464 3510 regni
3519 3439 3781 3499 caelestis,

456 3524 603 3578 enim
652 3532 774 3578 sunt
838 3524 1278 3580 administratorii
1330 3527 1546 3596 spiritus
1598 3528 1656 3582 in
1711 3529 2067 3584 ministerium
2170 3556 2291 3612 qua;
2320 3539 2620 3609 nobis-per
2662 3530 3345 3594 incarnationem'Domini
3376 3540 3435 3588 et
3475 3530 3785 3587 Salvawris

456 3615 603 3670 πιέεδὶ
653 3625 864 3688 Propter
908 3635 995 3673 eos
1048 3619 1139 3689 qui
1204 3617 1564 3673 ἰτετεάίιαιεπι
1616 3622 1829 3691 capiunt
1876 3622 2064 3676 δαιαιίε
2168 3634 2342 3692 nostri
2378 3634 2576 3690 donata
2613 3639 2716 3689 est.
2761 3630 2919 3687 Unde
2956 3636 3013 3684 et
3052 3627 3328 3698 baptizato
3350 3639 3419 3680 eo
3448 3623 3586 3679 eteli
3614 3622 3785 3694 aperti

459 3708 620 3782 (Heb.
648 3710 711 3783 ι).
754 3711 990 3768 Possunt
1024 3714 1193 3768 etiam
1218 3728 1317 3784 per
1345 3713 1481 3768 duos
1509 3715 1790 3770 cherubim
1821 3715 1926 3771 duo
1969 3715 2067 3771 Te-
2170 3736 2318 3797 δυηι,
2347 3735 2410 3782 ιη
2432 3725 2818 3793 ostenderetur
2849 3724 2974 3795 quia
3000 3738 3101 3794 per
3125 3720 3431 3790 baptisma,
3484 3717 3643 3789 quod
3694 3732 3783 3770 n0-

457 3809 730 3858 stamenta
778 3802 1002 3876 ﬁgurari
1035 3824 1048 3857 :
1080 3805 1175 3875 qui
1215 3804 1474 3860 nimirum
1518 3807 1798 3863 cherubim
1842 3808 1896 3862 in
1934 3823 2062 3863 ora-

456 3894 581 3951 culo
622 3902 750 3951 sunt
790 3895 920 3952 facti
943 3938 958 3964 ,
1007 3897 1135 3967 quia
1162 3897 1217 3952 in
1243 3898 1467 3953 consilio
1490 3899 1687 3954 divinae
1710 3901 2061 3971 provisionis,

456 3988 616 4043 nobis
646 3988 837 4059 utique
888 3988 1255 4046 inaccessibili
1300 3999 1462 4061 atque
1503 3992 2056 4063 incomprehensibili,

457 4088 587 4135 ante
614 4079 811 4135 saecula
837 4080 1158 4151 dispositum
1186 4091 1290 4149 est,
1320 4074 1539 4153 quando
1569 4092 1625 4138 et
1645 4084 1899 4154 qualiter,
1936 4086 2060 4155 qui-

453 4171 629 4227 busve
675 4172 988 4228 auctoribus
1040 4187 1198 4229 sacra
1250 4172 1530 4244 Scriptura
1581 4174 1925 4231 conderetur.
1983 4174 2062 4230 De

456 4263 620 4335 lignis
647 4264 915 4321 olivarum
942 4273 1072 4323 sunt
1102 4266 1254 4333 facti,
1283 4267 1413 4337 quia
1431 4266 1610 4322 lucem
1631 4268 1787 4322 nobis
1818 4267 2061 4323 scientia:

456 4355 722 4425 tribuunt,
738 4356 964 4427 juvante
984 4356 1202 4414 ﬂamma
1223 4358 1506 4414 charitatis
1526 4359 1644 4425 Dei,
1678 4374 1798 4430 quae
1818 4375 1915 4430 per
1936 4359 2060 4431 Spi-

453 4450 624 4506 ritum
653 4438 903 4507 sanctum
929 4450 1251 4506 diffunditur
1276 4451 1333 4506 in
1362 4451 1618 4508 cordibus
1642 4452 1845 4507 nostris
1874 4451 2054 4523 (Rom.

452 4545 532 4617 v).
591 4545 793 4601 Decem
820 4544 1016 4601 cubitis
1044 4555 1171 4601 sunt
1198 4545 1314 4611 alti,
1346 4546 1474 4616 quia
1506 4561 1606 4618 per
1653 4547 2058 4603 observantiam

454 4637 699 4708 decalogi
742 4638 878 4710 legis
933 4638 1047 4696 Deo
1101 4640 1447 4696 serviendum
1503 4640 1818 4710 praedicant.
1899 4639 2055 4698 Unde

2166 3823 2252 3878 bis
2297 3823 2414 3893 ipse
2456 3820 2820 3885 consecravit,
2854 3817 3077 3890 januam
3114 3814 3306 3886 patriae
3333 3810 3592 3866 celestis
3629 3810 3787 3865 debe—

2167 3932 2352 3972 remus
2379 3913 2589 3987 ingredi
2614 3911 2831 3985 (Matth.
2861 3909 2967 3983 Ill).
2992 3909 3078 3975 Et,
3102 3906 3369 3963 moriente
3390 3902 3492 3959 illo
3518 3902 3580 3957 in
3601 3916 3782 3963 cruce,

2167 4009 2311 4064 idem
2352 4007 2528 4063 velum
2575 4004 2805 4060 scissum
2832 4008 2938 4057 ’cst
2984 4001 3224 4056 medium
3264 4014 3297 4053 a
3340 4010 3570 4052 summo
3612 4005 3785 4062 usque

2165 4102 2419 4157 deorsum
2446 4098 2661 4170 (Matth.
2709 4094 2906 4167 xxvii),
2945 4103 3006 4149 ut
3042 4078 3231 4164 aperte
3269 4090 3596 4156 doceretur,
3641 4087 3782 4158 quod

2164 4193 2353 4264 ﬁgurae
2381 4190 2584 4262 legales
2604 4189 2720 4260 jam
2742 4197 2875 4243 tunc
2901 4187 2970 4243 ad
2998 4186 3161 4241 ﬁnem
3194 4183 3497 4248 venissent,
3538 4197 3609 4236 ac
3637 4181 3777 4237 veri-

2164 4293 2248 4341 tas
2290 4281 2570 4354 Evangelii
2614 4295 2923 4350 arcanaque
2968 4276 3236 4344 coelestia,
3286 4283 3342 4331 et
3385 4275 3509 4343 ipse
3538 4273 3671 4329 caeli
3698 4290 3776 4328 tn-

2163 4391 2385 4450 gressus
2428 4391 2537 4432 non
2584 4374 2763 4430 adhuc
2797 4369 3206 4444 prophetandus
3242 4383 3307 4423 ac
3350 4366 3673 4438 ﬁguraliter
3704 4367 3775 4422 si-

2162 4470 2503 4541 gniﬁcandus
2520 4510 2536 4537 ,
2565 4465 2787 4537 sedjam
2805 4465 3029 4537 jamque
3058 4469 3205 4518 esset
3231 4457 3482 4532 proxime
3522 4460 3777 4516 omnibus

2162 4563 2508 4636 aperiendus,
2541 4560 2634 4632 qui
2661 4560 2729 4616 ab
2760 4557 2920 4614 initio
2942 4554 3131 4611 mundi
3150 4568 3323 4623 usque
3343 4551 3416 4606 ad
3431 4552 3489 4608 id
3512 4552 3775 4623 temporis

2163 4656 2217 4711 in
2244 4655 2353 4711 ﬁde
2374 4652 2624 4710 veritatis
2670 4652 2736 4708 de
2775 4648 2978 4705 mundo
3020 4645 3377 4701 transierunt.
3428 4641 3591 4698 Bene
3638 4642 3774 4697 idem

454 4730 568 4787 Deo
593 4732 827 4789 ﬁdeliter
864 4735 1164 4791 servientes
1205 4735 1430 4792 denario
1466 4734 1896 4789 remunerandos
1934 4748 2057 4789 esse
2081 4729 2138 4790 D
2162 4749 2365 4815 velum,
2406 4746 2509 4803 sub
2528 4759 2637 4816 quo
2672 4743 2728 4798 in
2771 4740 3052 4798 oraculum
3074 4736 3403 4802 intrabatur,
3440 4750 3514 4789 ex
3546 4736 3773 4806 hyacin-

451 4833 608 4905 regni
638 4834 886 4905 perpetui
908 4836 1202 4891 ostendunt
1235 4832 1453 4907 (Matth.
1491 4832 1605 4905 xx).
1666 4833 1924 4889 Geminas
1952 4832 2055 4887 ha-

450 4925 585 4982 bent
616 4925 749 4995 alas,
788 4926 915 4997 quia
954 4941 1227 4984 memores
1268 4926 1578 4982 testamenti
1625 4927 1708 4983 sui
1746 4925 2056 4982 Conditoris

452 5032 551 5088 per
601 5032 795 5092 aSpera
840 5034 995 5090 aeque
1043 5029 1106 5075 ut
1146 5033 1410 5090 prospera
1461 5019 1735 5077 indefesso
1776 5021 2056 5091 proposito

455 5125 671 5182 semper
706 5112 776 5167 ad
811 5112 1056 5170 ctelestia
1090 5112 1392 5168 tetendisse
1419 5127 1485 5168 ac
1520 5112 1840 5183 pervenisse
1864 5124 1925 5166 se
1953 5111 2052 5167 de-

454 5203 686 5271 clarant,
734 5204 829 5275 qui
861 5190 963 5260 (hic
1001 5204 1147 5261 idem
1200 5204 1535 5262 auditoribus
1584 5206 1698 5261 suis
1742 5203 2054 5260 faciendum

455 5311 577 5355 esse
604 5299 995 5357 demonstrant.
1030 5299 1280 5372 Quinque
1298 5302 1605 5358 cubitorum
1624 5302 1709 5357 ala
1730 5302 2052 5368 cherubina,

454 5399 514 5447 et
553 5391 794 5463 quinque
842 5393 1148 5450 cubitorum
1191 5394 1277 5451 ala
1315 5396 1521 5473 cherub
1574 5395 1765 5465 altera,
1816 5396 1943 5467 quia
1998 5396 2053 5451 in

455 5487 607 5544 omni
652 5486 950 5544 labentium
996 5506 1181 5547 rerum
1224 5493 1490 5549 varietate
1547 5493 1721 5549 sancti
1768 5493 2053 5550 universos

456 5580 543 5634 sui
574 5581 818 5652 corporis
843 5597 1034 5640 sensus
1063 5583 1117 5639 in
1145 5584 1467 5655 obsequium
1506 5582 1592 5641 sui
1620 5584 1930 5643 Conditoris
1961 5603 2054 5644 ex-

454 5673 704 5730 tendunt.
751 5674 819 5729 Et
854 5691 990 5745 opus
1022 5692 1188 5730 unum
1224 5685 1342 5732 erat
1387 5679 1442 5733 in
1486 5678 1697 5735 duobus
1744 5679 2050 5748 cherubim,

457 5767 586 5838 quia
614 5767 899 5840 utriusque
937 5770 1271 5826 Testamenti
1299 5773 1592 5843 scriptores
1614 5789 1724 5829 una
1753 5773 2053 5842 eademque

457 5862 707 5919 castitate
727 5863 929 5934 operis,
953 5871 1009 5920 et
1036 5864 1318 5920 charitatis
1338 5865 1625 5922 devotione
1650 5868 1763 5922 Deo
1786 5867 2047 5923 serviunt.

459 5953 578 6012 Una
606 5964 662 6012 et
687 5970 926 6013 consona
949 5955 1162 6013 Domini
1196 5972 1325 6035 voce
1351 5973 1413 6015 ac
1443 5957 1545 6016 ﬁde
1575 5960 1890 6030 praedicant.
1937 5959 2051 6019 Αιω

2164 4843 2281 4909 tho,
2312 4854 2575 4913 purpura,
2605 4836 2829 4894 coccino
2867 4842 2923 4889 et
2960 4834 3124 4904 bysso
3155 4829 3358 4885 factum
3384 4842 3534 4891 esse,
3563 4827 3619 4882 ei
3646 4841 3775 4897 quo-

2164 4952 2272 5008 que
2311 4934 2593 4991 cherubim
2619 4931 2812 4988 intexti
2831 4943 2954 4986 esse
2980 4933 3377 4983 memorantur.
3428 4919 3775 4991 Hyacinthus

2140 5026 2383 5099 quippe,
2414 5025 2509 5096 qui
2542 5023 2668 5080 cteli
2696 5021 2934 5079 colorem
2962 5018 3240 5085 imitatur,
3272 5027 3653 5086 supernorum
3677 5014 3769 5067 de-

2161 5118 2378 5176 sideriis
2425 5126 2549 5187 apte
2593 5120 2960 5185 comparatur.
3005 5110 3287 5182 Purpura,
3333 5123 3459 5179 quae
3497 5107 3772 5177 sanguine

2160 5208 2569 5280 conchyliorum
2591 5204 2898 5271 conﬁcitur,
2928 5209 2986 5258 et
3010 5200 3364 5272 sanguineam
3396 5198 3515 5268 ipsa
3546 5196 3773 5270 prefer-1.

2160 5302 2419 5375 speciem,
2458 5315 2569 5356 non
2592 5296 2866 5354 immerito
2897 5301 3301 5351 sacramentum
3338 5288 3649 5345 Dominica:
3689 5286 3767 5342 si-

2159 5406 2291 5473 gnat
2329 5396 2618 5469 passionis,
2667 5392 2812 5464 quod
2859 5405 2960 5447 nos
3003 5387 3231 5454 imitari,
3270 5398 3493 5442 crucem
3514 5389 3769 5437 nostra:

2156 5491 2445 5566 portando,
2496 5488 2775 5545 debemus.
2829 5482 3082 5546 Coccina,
3145 5479 3290 5551 quod
3352 5477 3521 5532 rubeo

2157 5561 2500 5647 llammescit,
2543 5589 2782 5649 congrue
2820 5575 2995 5630 virtus
3047 5570 3378 5641 imprimitur
3423 5565 3658 5631 amoris,
3693 5561 3771 5620 de

2160 5692 2269 5748 quo
2293 5674 2554 5730 mirantes
2580 5668 2768 5725 dixere
2794 5663 3040 5738 quicum
3074 5653 3306 5718 Domino
3342 5657 3771 5715 ambulaverm

2161 5768 2409 5841 discipuli
2437 5785 2450 5822 :
2477 5765 2669 5820 Nonne
2693 5778 2784 5817 cor
2812 5770 3050 5816 nostrum
3088 5756 3278 5813 ardens
3325 5762 3439 5810 erat
3478 5752 3536 5806 iit

2160 5838 2626 5932 dum—loqueretur
2647 5857 2705 5911 in
2730 5854 2837 5922 via,
2875 5862 2925 5909 et
2962 5850 3187 5923 aperiret
3222 5846 3369 5904 nobis
3402 5838 3773 5913 Scriptum!

2162 5957 2313 6030 (Luc.
2345 5952 2523 6027 xxrv.)
2560 5951 2783 6023 Byssus,
2823 5961 2945 6019 qua:
2978 5945 3046 6004 de
3078 5953 3219 5999 terra
3260 5938 3456 5996 virenti
3506 5934 3771 6007 germine
