3920 6462
169 394 280 453 433

1091 386 1444 446 ΟΟΜΗΕΝΤ.
1482 387 1551 444 ΙΝ
1588 380 2143 443 PARALIPOMENA.
2185 412 2253 423 -
2291 384 2418 440 LIB.
2459 385 2546 441 ΠΙ.

3342 391 3449 448 454

171 511 441 579 nascitur,
471 517 528 567 et
556 509 717 582 longo
741 508 1009 565 artiﬁcum
1038 508 1296 564 exercitio
1332 507 1577 563 nativum
1605 504 1757 560 exuit
1781 506 1837 566 Α
1859 511 2083 559 cunctos
2132 504 2404 575 spiritales
2448 506 2759 578 signiﬁcant
2781 498 2809 575 ,’
2835 509 3004 567 fortes
3040 510 3297 569 nimirum
3344 515 3451 573 ﬁde

171 609 430 669 virorem,
480 609 644 672 atque
698 601 767 656 ad
821 600 1089 657 albentem
1138 598 1453 671 perducitur
1500 599 1760 670 speciem,

171 709 412 767 congrue
440 693 850 765 castigationem
886 692 1069 749 carnis
1094 700 1295 747 nostrae
1321 691 1579 757 insinuat,
1608 690 1763 761 cujus

172 786 332 860 quasi
359 785 646 840 humorem
672 784 979 857 ingenitum
998 783 1262 840 exsiccari
1277 782 1434 853 jubet
1452 782 1762 855 Apostolus,

174 880 358 937 dicens
390 894 404 930 :
436 872 755 945 Mortiﬁcate
796 873 1027 931 membra
1068 882 1238 930 vestra
1286 890 1403 945 qua:
1441 883 1564 929 sunt
1610 889 1767 945 super

173 980 369 1027 terram
399 985 413 1021 :
449 966 864 1038 fornicationem,
895 966 1302 1030 immunditiam,
1334 964 1620 1031 libidinem,
1647 981 1770 1018 con-

175 1060 549 1132 cupiscentiam
594 1057 812 1124 malam,
857 1067 904 1113 et
948 1058 1249 1123 avaritiam,
1281 1074 1399 1129 qua:
1433 1067 1508 1111 est
1549 1055 1768 1112 simula-

173 1169 385 1208 crorum
420 1150 639 1206 servitus
676 1147 815 1223 (Col.
857 1148 963 1223 ιιι).
1013 1149 1097 1205 Ad
1124 1156 1383 1219 quantam
1410 1164 1539 1205 vero
1567 1148 1768 1205 cando-

174 1247 249 1302 ris
291 1244 526 1318 gratiam
561 1244 705 1300 hanc
736 1242 868 1299 velit
908 1244 1149 1315 perduci,
1200 1244 1335 1299 alias
1380 1244 1636 1309 ostendit,
1687 1242 1768 1298 di-

173 1353 301 1397 cens
326 1356 341 1393 :
371 1337 599 1393 Obsecro
625 1354 736 1404 vos,
760 1336 972 1406 fratres,
1014 1355 1105 1409 per
1131 1337 1546 1393 misericordiam
1582 1336 1679 1391 Dei
1709 1344 1769 1390 ut

173 1432 459 1488 exhibeatis
486 1447 706 1503 corpora
735 1441 903 1486 vestra
933 1432 1160 1486 hostiam
1199 1432 1469 1496 viventem,
1507 1439 1763 1496 sanctam,

172 1523 283 1579 Deo
300 1522 616 1594 placentem,
639 1522 950 1578 rationabile
980 1524 1283 1597 obsequium
1317 1530 1542 1577 vestrum
1587 1519 1763 1594 (Rom.

173 1615 292 1687 xu).
344 1616 667 1673 lntexuntur
690 1631 821 1672 vero
852 1616 1156 1682 cherubim,
1192 1616 1504 1686 eisdemque
1537 1623 1769 1692 quatuor

171 1708 392 1764 eximiis
426 1708 696 1765 coloribus
736 1707 1116 1773 conﬁciuntur,
1162 1724 1285 1764 cum
1326 1707 1600 1773 universa,
1649 1720 1771 1777 quae

170 1802 255 1872 pie
289 1800 528 1870 agimus,
554 1814 586 1853 a
609 1798 892 1854 venenatis
924 1798 1227 1854 daemonum
1252 1798 1374 1853 telis
1399 1812 1496 1869 per
1527 1796 1770 1867 angelica

1864 604 2027 667 atque
2048 610 2231 666 opere,
2259 604 2315 651 et
2351 599 2803 670 contemplatione
2840 602 2908 657 ad
2948 617 3178 673 superna
3213 616 3448 665 erectos.

1864 691 1993 746 Duae
2035 692 2181 747 enim
2230 699 2375 757 sunt,
2428 701 2489 746 ut
2536 702 2590 748 et
2636 703 2842 765 gentes,
2887 707 2944 751 et
2980 698 3452 757 circumcisionem

1864 785 2207 858 praedicando
2246 785 2301 841 in
2351 785 2649 841 Ecclesiam
2693 787 3060 846 introducant.
3119 789 3351 849 Stabant
3396 792 3455 849 in

1863 877 2076 948 porticu
2121 884 2248 933 ante
2283 876 2429 933 fores
2480 877 2684 947 templi,
2728 886 2783 932 et
2824 879 3125 951 ingressum
3169 881 3315 939 illius
3355 897 3455 939 suo

1866 970 2062 1026 decore
2090 985 2154 1026 ac
2176 969 2575 1041 pulchritudine
2602 985 2669 1024 ex
2694 979 2925 1041 utraque
2949 981 3104 1042 parte
3131 973 3458 1031 mirabiliter

1866 1060 2153 1117 ornabant.
2209 1059 2421 1116 Ostium
2457 1068 2637 1115 autem
2676 1060 2860 1132 templi
2883 1062 3146 1119 Dominus
3171 1073 3257 1119 est
3278 1082 3298 1117 τ
3328 1064 3458 1135 quia

1868 1168 2028 1209 nemo
2056 1153 2205 1210 venit
2230 1155 2297 1209 ad
2319 1153 2559 1220 Patrem,
2588 1153 2691 1209 nisi
2728 1168 2828 1223 per
2874 1156 3050 1226 ipsum
3088 1155 3270 1227 (Joan.
3318 1157 3457 1230 xrv).

1868 1242 1935 1298 Et
1958 1242 2099 1299 sicut
2122 1242 2251 1298 alibi
2275 1244 2408 1299 dicit
2432 1258 2448 1297 :
2474 1241 2589 1314 Ego
2612 1261 2729 1298 sum
2770 1244 2961 1299 ostium
2990 1261 3009 1300 :
3040 1262 3133 1316 per
3161 1264 3244 1301 me
3271 1249 3318 1302 si
3345 1249 3462 1320 quis

1868 1334 2165 1399 introierit,
2230 1333 2518 1389 salvabitur
2592 1335 2773 1407 (Joan.
2846 1335 2925 1411 ιι).
2994 1336 3148 1404 Quod
3210 1339 3466 1397 videlicet

1869 1427 2068 1483 ostium
2110 1424 2371 1481 columna:
2419 1427 2486 1482 ab
2534 1434 2766 1497 utroque
2818 1427 2989 1483 latere
3036 1443 3228 1483 eorum
3273 1430 3465 1500 positae

1870 1518 2243 1583 circumstant,
2277 1534 2400 1573 cum
2438 1518 2670 1573 ministri
2712 1520 2978 1576 sermonis
3011 1522 3230 1592 utrique
3267 1522 3467 1593 populo

1871 1611 2151 1667 introitum
2196 1611 2346 1682 regni
2383 1610 2620 1666 cmlestis
2657 1611 2971 1679 ostendunt,
3012 1620 3074 1666 ut
3112 1612 3226 1668 sive
3266 1628 3300 1667 a
3345 1613 3466 1670 luce

1873 1703 2113 1759 scientize
2145 1702 2333 1773 legalis
2370 1702 2617 1772 quisque,
2670 1716 2766 1757 seu
2806 1717 2874 1757 ex
2921 1703 3100 1774 rigore
3151 1701 3471 1774 gentilitatis

1875 1796 1942 1851 ad
1968 1795 2128 1850 ﬁdem
2156 1793 2431 1864 Evangelii
2462 1794 2694 1859 venerit,
2723 1794 2922 1849 habeat
2957 1800 3178 1865 paratos
3214 1809 3330 1865 eos,
3373 1794 3468 1873 qui

171 1890 445 1963 praesidia,
484 1889 712 1946 Domino
751 1890 1003 1956 donante,
1044 1889 1395 1959 protegimus.
1449 1887 1769 1942 lntexuntur
1794 1874 1844 1935 Β
1874 1887 1977 1942 sibi
2005 1887 2110 1941 iter
2142 1885 2331 1941 salutis
2363 1892 2415 1939 et
2452 1886 2621 1941 verbo
2650 1885 3022 1941 demonstrent
3074 1895 3130 1941 et
3170 1887 3418 1959 exemplo
3449 1901 3465 1942 :

170 2001 297 2042 vero
317 1985 625 2050 cherubim,
640 2000 765 2041 cum
788 1985 843 2039 in
866 1985 1025 2041 bonis
1038 2000 1160 2055 quae
1180 1984 1410 2054 agimus,
1428 1983 1772 2038 multitudine

171 2077 455 2150 sapientia:
501 2076 874 2133 indesinenter
920 2076 1144 2141 utimur,
1176 2074 1530 2145 respicientes
1559 2088 1774 2144 semper

170 2172 235 2227 ad
255 2171 476 2243 eloquia
492 2171 694 2237 divina,
710 2180 783 2237 et,
806 2186 877 2226 ne
898 2170 1036 2227 forte
1055 2186 1087 2226 a
1116 2171 1376 2226 virtutum
1400 2169 1537 2225 colle
1558 2170 1775 2225 aberre-

168 2278 309 2330 mus,
329 2264 530 2319 horum
555 2262 752 2317 intuitu
774 2262 1033 2319 continuo
1048 2263 1276 2334 vestigia
1297 2272 1485 2318 nostra
1512 2262 1768 2333 regimus.

234 2350 393 2409 Fecit
423 2354 581 2409 etiam
617 2362 736 2407 ante
770 2354 910 2423 fores
940 2353 1118 2426 templi
1148 2354 1283 2409 duas
1324 2353 1617 2417 columnas,
1657 2370 1775 2425 qua:

172 2443 393 2520 triginta
418 2459 468 2505 et
490 2451 716 2522 quinque
738 2450 940 2505 cubitos
960 2450 1219 2505 habebant
1248 2451 1562 2506 altitudinis.
1604 2448 1774 2504 Porro

173 2543 345 2613 capita
392 2560 576 2598 earum
610 2544 835 2614 quinque
871 2542 1163 2597 cubitorum
1181 2559 1214 2620 ;.
1246 2559 1338 2597 nec
1378 2559 1482 2596 non
1528 2552 1575 2597 et
1623 2540 1775 2613 quasi

173 2633 445 2689 catenulas
484 2635 541 2689 in
575 2634 810 2701 oraculo,
853 2644 902 2689 et
943 2634 1273 2705 superposuit
1296 2650 1386 2713 eqs
1409 2634 1665 2700 capitibus
1694 2650 1779 2687 co-

175 2718 501 2775 lumnarum.
550 2719 923 2793 Malogranata
948 2724 1107 2776 etiant
1131 2732 1359 2787 centum,
1382 2738 1499 2792 qua:
1521 2720 1778 2775 catenulis

175 2813 506 2884 interposuit.
549 2814 704 2885 Ipsos
729 2832 931 2887 quoque
962 2813 1235 2879 columnas
1255 2814 1428 2884 posuit
1450 2814 1506 2867 in
1528 2810 1778 2867 vestibulo

176 2905 376 2974 templi,
417 2924 579 2962 unam
619 2925 654 2961 a
697 2906 919 2974 dextris,
952 2916 1002 2962 et
1040 2907 1262 2962 alteram
1286 2925 1320 2960 a
1346 2906 1594 2961 sinistris.
1639 2903 1780 2959 Eam

175 3015 294 3069 qua:
314 3016 349 3054 a
372 2998 571 3055 dextris
595 3007 731 3066 erat,
760 3000 961 3055 vocavit
988 2998 1202 3065 Jachin,
1243 2999 1339 3052 hoc
1389 3007 1464 3052 est
1506 2997 1735 3067 ﬁrmitas
1758 3011 1779 3062 ;

173 3099 224 3145 et
251 3108 372 3162 qua
396 3092 465 3146 ad
495 3092 702 3158 laevam,
726 3090 892 3159 Booz,
932 3092 1029 3145 hoc
1077 3100 1173 3157 est,
1227 3091 1281 3144 in
1318 3089 1519 3144 robore.
1569 3088 1627 3143 In
1672 3086 1783 3142 Re-

174 3197 305 3253 gum
349 3197 499 3249 vero,
550 3180 647 3237 ubi
682 3183 748 3238 de
771 3182 1026 3237 adventu
1052 3181 1239 3236 Hiram
1273 3180 1499 3235 artiﬁcis
1529 3179 1597 3234 ad
1625 3176 1781 3233 Salo-

175 3288 399 3331 monem
435 3282 711 3340 narratur,
741 3274 807 3329 de
835 3273 922 3328 his
947 3272 1212 3328 columnis
1249 3272 1325 3327 ita
1352 3272 1617 3342 scriptum
1646 3278 1730 3327 est
1761 3288 1774 3326 :

178 3366 287 3433 Qui
331 3382 450 3420 cum
486 3368 707 3421 venisset
750 3370 817 3420 ad
857 3382 1028 3437 regem
1059 3363 1421 3429 Salomonem,
1460 3363 1582 3433 fecit
1629 3378 1781 3418 omne

178 3473 312 3528 opus
328 3459 466 3529 ejus,
491 3467 540 3514 et
561 3458 715 3528 ﬁnxit
741 3457 875 3512 duas
898 3456 1168 3512 columnas
1189 3472 1375 3522 cereas,
1400 3455 1577 3510 decem
1596 3465 1647 3510 et
1663 3465 1779 3509 octo

174 3548 476 3604 cubitorum
500 3548 795 3603 altitudinis
806 3547 1116 3615 ,columnam
1140 3563 1321 3614 unam,
1344 3554 1393 3602 et
1415 3545 1555 3601 linea
1577 3543 1778 3599 duode-

178 3638 283 3692 cim
317 3640 611 3694 cubitorum
642 3638 936 3710 ambigebat
974 3637 1273 3693 columnam
1314 3645 1613 3708 utramque.
1660 3634 1782 3690 Duo

178 3743 384 3799 quoque
402 3726 646 3799 capitella
673 3728 815 3799 fecit,
842 3744 961 3799 qua:
979 3736 1295 3799 ponerentur
1313 3742 1470 3797 super
1493 3726 1669 3796 capita
1694 3742 1782 3779 co-

182 3817 507 3887 lumnarum,
536 3820 681 3891 fusili
708 3837 830 3877 tere.
874 3820 1118 3891 Quinque
1154 3820 1447 3875 cubitorum
1484 3818 1783 3873 altitudinis

185 3911 484 3982 capitellum
513 3929 699 3980 unum,
728 3922 777 3968 et
800 3914 1026 3985 quinque
1048 3912 1340 3967 cubitorum
1367 3911 1664 3966 altitudinis
1695 3927 1784 3965 ca-

183 4003 419 4073 pitellum
440 4004 685 4072 alterum,
713 4015 762 4061 et
788 4006 943 4077 quasi
976 4007 1033 4060 in
1067 4005 1281 4059 modum
1322 4005 1444 4060 retis
1480 4012 1526 4057 et
1566 4012 1782 4058 catena-

188 4111 303 4151 rum
327 4098 429 4153 sibi
451 4098 668 4153 invicem
702 4100 839 4153 miro
870 4114 1026 4170 opere
1051 4105 1436 4152 contextorum.
1497 4093 1787 4167 Utrumque

188 4187 485 4257 capitellum
510 4188 875 4244 columnarum
903 4187 1061 4259 fusile
1098 4197 1231 4243 erat.
1286 4185 1512 4259 Septena
1540 4202 1786 4242 versuum

189 4278 443 4334 retiacula
474 4281 528 4335 in
559 4279 802 4352 capitella
832 4297 962 4346 uno,
1005 4290 1054 4336 et
1092 4289 1303 4351 septena
1334 4278 1588 4334 retiacula
1614 4279 1670 4334 in
1692 4296 1786 4334 ca-

187 4368 361 4438 pitella
396 4370 580 4426 altero.
632 4370 702 4425 Et
740 4371 955 4443 perfecit
1001 4370 1273 4426 columnas
1311 4379 1358 4426 et
1398 4371 1530 4425 duos
1578 4370 1787 4425 ordines

189 4476 277 4530 per
314 4463 595 4519 circuitum
639 4461 1014 4518 retiaculorum
1050 4461 1412 4533 singulorum,
1460 4470 1517 4515 ut
1564 4468 1789 4532 tegerent

1876 1977 1961 2033 vel
1985 1985 2153 2042 certe,
2181 1978 2324 2047 quod
2353 1975 2421 2031 de
2450 1976 2655 2031 eisdem
2686 1975 2950 2032 columnis
2978 1976 3033 2031 in
3065 1976 3296 2032 historia
3328 1994 3472 2049 prae-

1877 2070 2035 2139 senti,
2061 2072 2167 2127 hoc
2180 2078 2284 2137 est,
2306 2069 2752 2140 Paralipomenon
2774 2070 2851 2125 ita
2877 2072 3142 2140 scriptum
3166 2080 3249 2129 est
3275 2091 3288 2127 :
3316 2072 3471 2145 Ipsus

1877 2183 2077 2238 quoque
2120 2164 2390 2219 columnas
2433 2164 2606 2235 posuit
2645 2165 2701 2218 in
2736 2164 2985 2219 vestibulo
3021 2165 3220 2237 templi,
3250 2183 3413 2222 unam
3438 2184 3473 2222 a

1878 2258 2093 2323 dextris,
2123 2266 2173 2312 et
2204 2257 2425 2311 alteram
2452 2273 2485 2310 a
2514 2256 2741 2311 sinistris
2767 2269 2785 2309 :
2812 2256 2935 2312 ideo
2983 2266 3110 2313 sunt
3148 2258 3268 2313 dum
3314 2257 3475 2315 factas

1879 2352 2161 2417 columnae,
2193 2360 2358 2422 atque
2382 2352 2459 2406 ita
2493 2352 2767 2421 disposita:
2785 2393 2799 2418 ,
2826 2360 2886 2407 ut
2910 2351 3069 2407 nobis
3087 2360 3143 2407 et
3162 2353 3218 2408 in
3246 2368 3473 2425 prospe-

1878 2443 1956 2498 ris
1995 2453 2049 2497 ct
2076 2444 2321 2498 adversis
2352 2444 2653 2515 ingressum
2683 2442 2875 2513 patriae
2902 2443 3144 2499 cmlestis
3174 2452 3302 2499 ante
3350 2460 3475 2500 ocu-

1878 2534 1960 2589 los
1994 2534 2197 2590 mentis
2219 2534 2528 2590 habendum
2554 2550 2677 2591 esse
2704 2536 2953 2592 doceant.
3004 2535 3313 2592 Notandum
3343 2552 3475 2593 sane

1879 2626 1933 2680 in
1973 2626 2077 2681 bac
2113 2626 2386 2681 sententia
2426 2625 2892 2698 Paralipomenon,
2945 2630 3089 2700 quod
3125 2645 3190 2686 ea
3232 2633 3480 2703 porticus

1879 2717 2066 2787 templi
2088 2717 2253 2772 etiam
2275 2717 2603 2773 vestibulum
2640 2719 2826 2789 templi
2865 2722 3191 2790 vocabatur;
3232 2731 3287 2779 et
3331 2724 3478 2794 quod

1880 2811 1937 2866 in
1962 2812 2241 2882 prophetis
2270 2812 2521 2884 legimus,
2544 2813 2687 2882 quod
2710 2814 2855 2870 inter
2880 2815 3208 2871 vestibulum
3230 2824 3287 2871 et
3307 2816 3482 2874 altare

1880 2906 2113 2961 orabant
2138 2907 2469 2971 sacerdotes,
2520 2906 2664 2962 inter
2690 2907 2961 2978 porticum
2995 2916 3051 2963 et
3082 2908 3254 2964 altare
3280 2909 3480 2965 debere

1881 2998 2128 3071 intelligi.
2188 2998 2335 3054 Bene
2384 3007 2566 3055 autem
2620 3009 2855 3071 utraque
2891 3002 3145 3059 columna
3184 3003 3370 3060 decem
3426 3010 3483 3059 et

1881 3098 2007 3146 octo
2029 3090 2241 3146 cubitos
2272 3090 2571 3146 altitudinis
2605 3092 2810 3148 habere
2842 3101 3200 3149 memoratur.
3243 3094 3351 3150 Ter
3375 3102 3483 3151 ete-

1883 3185 1998 3253 nim
2020 3185 2136 3240 seni
2162 3184 2349 3239 decem
2384 3192 2439 3238 et
2465 3191 2590 3239 octo
2618 3182 2841 3241 faciunt.
2901 3184 3027 3240 Tria
3048 3201 3182 3242 vero
3215 3186 3283 3240 ad
3318 3185 3478 3242 ﬁdem

1882 3273 2159 3347 pertinere
2178 3281 2401 3345 propter
2419 3282 2665 3330 sanctam
2703 3273 3061 3344 Trinitatem;
3110 3291 3207 3333 sex
3246 3277 3315 3332 ad
3353 3292 3484 3348 ope-

1883 3368 2168 3431 rationem,
2212 3368 2357 3437 quod
2401 3366 2457 3421 in
2498 3383 2564 3423 eo
2606 3368 2817 3424 dierum
2864 3384 3094 3425 numero
3144 3372 3380 3427 mundus
3413 3370 3487 3427 sit

1884 3458 2079 3524 factus,
2125 3458 2242 3513 luce
2286 3457 2487 3513 clarius
2517 3465 2602 3514 est
2646 3456 2800 3530 (Gen.
2840 3458 2923 3533 ιι).
2970 3459 3039 3514 Et
3086 3460 3189 3515 tria
3230 3475 3331 3531 per
3386 3476 3484 3516 sex

1885 3549 2333 3622 multiplicantur,
2364 3565 2489 3605 cum
2506 3549 2685 3621 justus
2713 3557 2768 3606 et
2790 3550 2898 3620 ﬁde
2920 3551 3046 3606 vivit
3071 3550 3238 3624 (Hab.
3277 3549 3360 3624 ιι),
3393 3568 3487 3608 co.

1885 3641 2305 3714 gnationemque
2366 3641 2470 3711 piae
2529 3641 2867 3698 credulitatis
2928 3643 3280 3700 exsecutione
3326 3644 3483 3702 bonae

1885 3736 2114 3792 actionis
2144 3735 2468 3792 accumulat.
2523 3734 2894 3808 Columnaque
2934 3745 3062 3795 ante
3112 3738 3259 3795 fores
3302 3741 3488 3811 templi

1887 3831 2072 3887 decem
2103 3838 2159 3885 et
2182 3837 2305 3885 octo
2331 3827 2527 3885 cubitis
2553 3829 2664 3884 alta
2690 3838 2794 3898 est,
2822 3846 2949 3886 cum
2972 3831 3301 3902 praedicator
3334 3833 3485 3903 quis-

1886 3936 1994 3992 que
2018 3920 2269 3992 egregius
2309 3920 2488 3991 palam
2525 3921 2736 3977 cunctis
2779 3921 3040 3988 insinuat,
3087 3937 3219 3988 non,
3251 3923 3357 3977 nisi
3389 3937 3491 3993 per

1888 4012 2051 4070 ﬁdem
2071 4020 2127 4068 et
2158 4028 2322 4084 opera
2346 4012 2593 4084 iustitiae,
2622 4027 2723 4069 nos
2748 4013 2818 4067 ad
2852 4028 3090 4084 superna
3116 4014 3312 4085 gaudia
3359 4014 3491 4070 vita:

1887 4122 2049 4178 posse
2068 4109 2373 4178 pervenire.
2419 4107 2575 4177 Quod
2601 4116 2785 4164 autem
2813 4109 3013 4165 dicitur
3034 4110 3089 4165 in
3119 4108 3490 4181 Paralipome-

1890 4217 1998 4257 non
2037 4202 2182 4272 ipsas
2204 4202 2485 4258 columnas
2508 4202 2727 4274 triginta
2759 4211 2816 4258 et
2845 4205 3086 4275 quinque
3125 4220 3247 4262 esse
3279 4205 3491 4263 cubito-

1890 4308 2037 4359 rum,
2087 4292 2372 4365 allegorica
2423 4294 2817 4365 signiﬁcatione
2860 4296 3113 4352 similiter
3151 4298 3325 4368 ipsam
3365 4313 3490 4368 per-

1893 4382 2180 4439 fectionem
2236 4383 2439 4438 indicat
2487 4384 2893 4455 magistrorum.
2952 4384 3306 4455 Septenarius
3357 4402 3491 4460 ergo

1893 4491 2153 4532 numerus
2180 4476 2224 4531 si
2256 4491 2355 4546 per
2376 4474 2709 4546 quinarium,
2747 4475 2835 4533 vel
2863 4476 3147 4549 quinarius
3183 4478 3231 4534 si
3270 4493 3368 4550 per
3406 4494 3493 4536 se-

192 4554 454 4624 capitella,
485 4572 601 4627 qua:
625 4563 790 4621 erant,
809 4571 965 4627 super
1008 4555 1361 4609 summitatem
1397 4552 1780 4624 malogranato-

801 4648 823 4665 ρ
966 4655 999 4665 Α.
1630 4643 1757 4665 μμ.

1894 4569 2200 4642 pteuarium
2249 4568 2677 4639 multiplicentur
2700 4610 2715 4635 ,
2760 4569 3100 4645 tricesimum
3145 4577 3202 4626 et
3238 4548 3532 4654 quintum:

192 4660 322 4700 rum.
374 4645 580 4702 Eodem
606 4646 760 4702 modo
793 4648 914 4717 fecit
951 4655 1000 4701 et
1044 4644 1285 4717 capitella
1324 4644 1572 4699 secundo.
1627 4643 1789 4714 Capi-

193 4736 313 4792 tella
354 4748 557 4806 autem,
607 4756 724 4812 qua:
764 4748 912 4794 erant
971 4755 1129 4809 super
1171 4740 1348 4809 capita
1401 4736 1787 4806 columnarum,

192 4832 338 4898 Quasi
387 4848 541 4901 opere
588 4830 687 4885 lilii
732 4830 993 4900 fabricata
1025 4837 1175 4885 erant
1212 4830 1267 4884 in
1298 4829 1527 4900 porticu,
1562 4836 1793 4900 quatuor

198 4919 531 4989 cubitorum;
559 4931 609 4977 et
639 4939 848 4977 rursum
886 4921 995 4976 alia
1028 4919 1271 4992 capitella
1295 4922 1353 4975 in
1379 4908 1677 4976 summitate
1705 4938 1793 4976 co.

201 5008 499 5068 lamnarum
537 5014 758 5086 desuper
795 5015 955 5085 juxta
992 5029 1296 5068 mensuram
1323 5012 1581 5068 columna:
1611 5022 1796 5069 contra

205 5106 478 5161 retiacula.
552 5107 1044 5179 Malogranatorum
1101 5113 1276 5159 autem
1317 5105 1532 5161 ducenti
1586 5107 1797 5162 ordines

206 5210 345 5254 erant
372 5202 429 5256 in
453 5201 677 5255 circuitu
708 5198 938 5270 capitelli
962 5198 1199 5264 secundi,
1230 5204 1337 5253 etc.
1371 5197 1489 5270 (111
1522 5198 1654 5270 Reg.
1672 5198 1794 5272 vn).

208 5288 297 5349 liae
324 5305 449 5352 sunt
474 5297 758 5363 columnae,
795 5295 865 5351 de
893 5295 1089 5366 quibus
1116 5294 1321 5352 Paulus
1348 5295 1425 5351 ait
1449 5315 1461 5350 :
1485 5295 1719 5352 Iacobus
1737 5300 1797 5361 et

211 5385 406 5460 Cephas
451 5399 498 5446 et
539 5389 774 5445 Joannes
800 5430 815 5457 ,
869 5389 960 5461 qui
1003 5388 1311 5444 videbantur
1355 5389 1612 5445 columna:
1656 5408 1796 5459 esse,

214 5476 417 5536 dextras
444 5480 697 5536 dederunt
725 5480 854 5535 mihi
873 5488 919 5534 et
942 5478 1203 5535 Barnabw
1223 5482 1483 5536 societatis
1505 5494 1524 5534 :
1544 5488 1603 5535 ut
1628 5498 1722 5537 nos
1743 5484 1801 5539 in

216 5573 465 5642 gentibus,
486 5573 567 5627 illi
590 5582 765 5628 autem
792 5574 848 5628 in
871 5573 1265 5629 circumcisione
1293 5571 1435 5646 (Gal.
1466 5575 1552 5646 ιι).
1591 5574 1798 5643 Quibus

217 5664 389 5722 verbis
418 5666 573 5739 quasi
616 5681 887 5739 exponere
921 5666 1136 5721 videtur
1172 5666 1487 5739 mysterium
1522 5668 1799 5725 columna-

221 5767 337 5811 rum
360 5759 740 5827 materialium,
778 5767 835 5815 et
869 5756 1001 5830 quid
1042 5758 1291 5815 videlicet
1325 5758 1699 5829 ﬁguraverint,
1744 5768 1800 5817 et

224 5859 384 5913 quare
407 5853 524 5910 dua:
550 5851 658 5908 sint
685 5852 860 5909 factae.
894 5849 1181 5922 Apostolos
1210 5863 1448 5923 namque
1469 5861 1528 5909 et
1548 5853 1801 5912 doctores

1897 4674 2185 4715 numerum
2214 4658 2607 4731 adimplebunt,
2631 4667 2687 4715 et
2715 4659 2998 4730 quinarius
3032 4667 3257 4732 propter
3294 4658 3529 4804 ἤπια-ξ

1898 4753 2152 4804 teuchum
2199 4752 2368 4804 Movsi
2414 4752 2585 4804 leuem
2620 4760 2875 4804 -veterem
2896 4795 2911 4804 .
2973 4753 3315 4804 septenarius
3360 4768 3495 4804 vero

1898 4753 2153 4809 teuchum
2199 4752 2368 4825 Moysi
2414 4752 2585 4822 legem
2620 4760 2875 4810 veterem
2896 4795 2911 4820 ,
2973 4753 3315 4824 septenarius
3360 4768 3495 4810 vero

1897 4854 2120 4916 propter
2161 4844 2533 4917 septiformem
2566 4843 2829 4915 Spiritum
2868 4846 2926 4900 in
2964 4843 3098 4901 ﬂore
3137 4846 3338 4902 radicis
3370 4861 3496 4902 esse
3518 4840 3564 4914 εἰ

1900 4944 2209 4991 manentem
2235 4977 2250 5001 ,
2299 4933 2651 5006 Evangelium
2700 4934 3009 5005 exprimere
3049 4933 3283 4989 videtur.
3338 4932 3496 4990 Unde

1898 5026 2159 5082 Dominus
2182 5025 2308 5080 alibi
2334 5024 2573 5095 quinque
2597 5023 2828 5095 panibus
2854 5022 3095 5093 quinque
3118 5022 3290 5078 millia
3311 5022 3494 5078 homi-

1900 5132 2028 5171 num
2052 5115 2268 5188 (Matth.
2298 5115 2436 5187 xxv),
2479 5122 2534 5170 et
2568 5113 2696 5170 alibi
2736 5120 2946 5184 septem
2987 5111 3219 5182 panibus
3258 5121 3497 5183 quatuor

1899 5200 2066 5264 millia
2119 5210 2362 5264 virorum
2421 5206 2635 5277 pavisse
2684 5206 2741 5260 in
2796 5204 3093 5276 Evangelia
3166 5204 3498 5262 describitur

1900 5299 2118 5373 (Matth.
2154 5300 2267 5373 xv).
2319 5297 2593 5355 Columna:
2624 5311 2754 5369 ergo
2790 5296 3065 5369 praedicta:
3094 5297 3316 5370 triginta
3338 5299 3498 5371 quin-

1900 5405 2007 5463 que
2062 5391 2274 5447 cubitos
2331 5389 2637 5454 habebant,
2686 5396 2747 5442 ut
2802 5387 3170 5457 insinuarent,
3223 5390 3497 5462 apostolos

1901 5481 2104 5539 Christi
2150 5490 2205 5537 et
2264 5480 2512 5535 doctores
2566 5477 2842 5551 Evangelii
2908 5480 3248 5551 geminorum
3299 5480 3495 5537 Testa-

1904 5581 2213 5630 mentorum
2268 5569 2509 5644 perfecte
2552 5570 2753 5627 habere
2797 5572 3099 5627 scientiam.
3152 5571 3358 5638 Quibus
3394 5568 3498 5626 Do-

1904 5665 2084 5720 minus
2133 5665 2189 5718 in
2242 5662 2534 5734 Evangelio
2587 5662 2664 5716 ait
2710 5676 2725 5716 :
2788 5660 2946 5717 Vobis
2988 5663 3173 5717 datum
3221 5669 3298 5717 est
3344 5675 3497 5714 nosse

1905 5758 2209 5830 mysterium
2265 5758 2409 5829 regni
2456 5756 2598 5826 Dei,
2650 5757 2851 5812 cazteris
2897 5764 3072 5811 autem
3120 5756 3177 5809 in
3227 5752 3496 5831 parabolis

1909 5852 2102 5926 (Marc.
2136 5851 2248 5924 1v);
2280 5859 2337 5908 et
2354 5851 2549 5922 quibus
2567 5852 2682 5924 ipse
2707 5859 2832 5923 post
2862 5849 3312 5907 resurrectionem
3338 5862 3496 5903 suam
