3920 6548
441 402 550 465 455

1084 397 1147 452 Β.
1188 394 1443 453 BABANI
1480 392 1705 453 MHR]
1737 391 2059 451 ARCHIEP.
2101 392 2415 457 HOGUNT.
2453 391 2742 452 OPEBUII
2774 392 2959 451 PARS
2993 395 3034 450 l.
3645 397 3725 459 ιω

438 518 642 592 aperuit
659 529 885 579 sensum,
901 522 956 567 ut
977 509 1320 585 intelligerent
1345 507 1648 581 Seripturas
1667 508 1819 584 (Luc.
1841 507 2023 581 xxxv):
2054 512 2107 576 Δ
2130 510 2303 584 ﬁgura
2328 513 2655 573 sacramenti
2682 512 2739 570 in
2758 513 3073 573 abscondito
3110 522 3242 581 est,
3280 524 3474 585 quare
3499 514 3731 576 (hoordi.

436 616 684 670 tribuens
712 610 791 667 cis
818 607 1081 683 Spiritum
1112 613 1380 672 sanctum,
1416 604 1511 677 qui
1544 603 1652 665 illis
1688 601 1873 661 omnia
1912 615 2030 658 ma-

438 706 740 772 nifestavit,
796 703 937 761 sicut
987 701 1103 772 ipse
1158 698 1408 773 promisit
1444 697 1559 766 eis,
1604 697 1831 757 dicens:
1859 694 2032 751 Para-

440 797 594 853 clitus
625 804 798 851 autem
836 791 1069 867 Spiritus
1095 799 1329 857 sanctus,
1357 806 1511 865 quem
1561 788 1726 843 mittet
1774 784 1936 841 Pater
1972 785 2031 840 in

438 890 646 945 nomine
674 903 811 953 meo,
838 885 928 940 ille
954 902 1046 940 vos
1074 883 1274 938 docebit
1305 881 1503 950 omnia,
1540 891 1587 936 et
1626 889 1864 953 suggeret
1890 878 2030 936 vobis

438 981 653 1049 omnia,
701 995 1026 1055 quwcunque
1068 977 1250 1032 dixero
1294 976 1434 1031 vobis
1489 974 1671 1048 (Joau.
1720 975 1854 1047 XIV).
1918 975 2034 1031 Duo

437 1089 654 1151 quoque
684 1072 932 1145 capitello
958 1071 1106 1139 fecit,
1142 1085 1262 1142 quae
1284 1077 1613 1139 ponerentur
1659 1083 1822 1139 super
1854 1066 2033 1139 capita

436 1170 836 1235 columnarum,
867 1166 1013 1223 fusili
1050 1182 1175 1222 tere.
1230 1165 1477 1239 Quinque
1511 1165 1816 1223 cubitorum
1851 1165 2032 1219 altitu-

439 1262 583 1319 dinis
627 1262 935 1336 capitellum
957 1276 1144 1326 unum,
1172 1268 1225 1319 el.
1253 1259 1493 1330 quinque
1522 1258 1829 1315 cubitorum
1854 1257 2036 1313 altitu-

439 1355 582 1411 dinis
629 1353 940 1425 capitellum
979 1354 1230 1413 alterum.
1283 1351 1472 1422 Capita
1514 1352 1714 1408 etenim
1756 1350 2032 1406 columna—

438 1462 583 1513 rum,
613 1445 719 1501 hoc
746 1453 847 1512 est,
874 1459 1124 1515 suprema
1149 1458 1277 1514 pars
1311 1430 1518 1505 earum,
1566 1441 1864 1513 praecordia
1912 1445 2036 1494 sunt

439 1539 678 1594 ﬁdelium
713 1539 1019 1606 doctorum,
1049 1553 1281 1609 quorum
1305 1536 1417 1592 Deo
1444 1534 1653 1591 devotis
1696 1531 2036 1606 cogitationi-

436 1630 538 1686 bus
565 1674 578 1697 ,
620 1633 759 1687 sicut
793 1631 971 1701 capite
1010 1630 1253 1689 membra
1278 1670 1293 1697 ,
1336 1628 1408 1683 ita
1461 1628 1704 1699 ipsorum
1747 1624 1931 1681 omnia
1981 1630 2035 1679 et

438 1739 603 1793 Opera
657 1723 982 1791 diriguntur,
1027 1732 1082 1780 et
1132 1723 1318 1778 verba.
1372 1722 1487 1777 Duo
1534 1728 1716 1775 autem
1761 1717 2033 1788 capitella,

438 1830 556 1885 quae
580 1814 665 1868 bis
688 1815 956 1887 capitibus
981 1821 1136 1873 erant
1157 1813 1519 1885 superposita,
1544 1813 1652 1868 duo
1687 1820 1817 1867 sunt
1846 1810 2034 1866 Testa-

2134 620 2231 662 nes
2256 606 2367 661 sint
2388 604 2792 673 retiaculorum,
2831 620 2955 661 cum
2995 612 3235 663 constet
3285 605 3536 677 gemina:
3575 610 3734 670 discre-

2133 698 2294 755 tionis
2320 712 2442 755 esse
2469 698 2727 755 virtutem
2752 697 3075 767 dilectionis,
3101 698 3361 769 quando
3392 698 3642 756 videlicet
3659 702 3734 759 Do-

2133 789 2341 847 minum
2374 808 2441 848 ex
2474 799 2588 848 toto
2616 792 2795 857 corde,
2840 799 2952 849 tota
2973 793 3193 857 extima,
3234 799 3369 848 tota
3393 792 3611 858 virtute,
3636 809 3730 866 pro-

2132 891 2341 947 ximum
2369 893 2624 957 tanquam
2654 886 2904 956 nosipsos
2928 900 3119 942 amare
3164 885 3555 958 praecipimur
3591 887 3731 958 (Deut.

2133 982 2233 1055 vr).
2290 980 2398 1038 Sed
2441 991 2668 1055 uterque
2702 982 2833 1037 ordo
2878 980 2969 1036 ille
3015 991 3244 1050 septem
3300 978 3484 1033 habet
3526 993 3732 1037 versuum

2136 1073 2418 1140 retiacula,
2445 1074 2571 1143 quia
2600 1088 2702 1130 nec
2726 1074 2866 1129 Deus
2894 1072 3099 1143 absque
3133 1072 3343 1142 gratia
3379 1070 3616 1140 Spiritus
3640 1088 3732 1127 sas-

2136 1167 2207 1223 cti
2235 1175 2415 1236 potest
2443 1167 2638 1233 amari,
2675 1182 2776 1223 nec
2812 1167 3116 1236 proximus.
3187 1164 3382 1220 Facta
3428 1174 3559 1220 sunt
3592 1174 3730 1222 autem

2136 1259 2396 1316 retiacula
2417 1261 2552 1324 haec,
2576 1268 2636 1314 ut
2665 1267 2909 1331 tegerent
2931 1258 3227 1330 capiteila,
3255 1258 3374 1312 hoc
3406 1264 3519 1324 est,
3541 1258 3731 1327 undique

2136 1349 2190 1405 in
2213 1365 2345 1421 gyro
2366 1350 2787 1417 circumdarent,
2823 1351 2953 1420 quia
2980 1350 3169 1405 omnis
3216 1348 3542 1419 Scriptura:
3573 1359 3727 1405 sancta

2134 1445 2352 1517 pagina,
2400 1460 2524 1500 cum
2573 1453 2720 1500 recte
2764 1444 3103 1507 intelligitur,
3151 1443 3420 1515 gratiam
3462 1456 3562 1512 per
3587 1445 3727 1498 omnia

2138 1537 2417 1595 charitatis
2438 1546 2594 1592 sonat
2619 1554 2684 1592 ac
2711 1537 2882 1607 pacis.
2930 1534 3211 1606 Lapitella
3242 1533 3471 1589 etenim
3506 1532 3721 1589 volumina

2136 1629 2441 1684 divinorum
2466 1628 2823 1698 eloquiorum,
2859 1627 3119 1682 retiacula
3154 1635 3307 1681 sunt
3332 1625 3555 1680 vincula
3573 1633 3726 1680 mutua

2137 1721 2459 1776 dilectionis.
2525 1720 2592 1775 Et
2638 1718 2914 1776 retiaculis
2968 1727 3242 1789 teguntur
3295 1716 3595 1788 capitolia,
3636 1732 3723 1772 cum

2140 1828 2296 1867 sacra
2331 1811 2565 1883 eloquia,
2600 1816 2653 1864 ut
2689 1811 2764 1866 ita
2792 1809 3041 1875 dixerim,
3086 1811 3248 1864 dono
3283 1808 3582 1863 chariutis
3605 1808 3721 1863 undi-

437 1919 645 1979 menta,
669 1927 897 1982 quorum
933 1911 1271 1969 meditationi
1323 1921 1484 1983 atque
1532 1912 1889 1967 observantia:
1942 1910 2036 1965 do-
2063 1901 2111 1963 Β
2138 1918 2243 1974 que
2267 1904 2568 1972 probantur
2593 1917 2712 1957 esse
2732 1900 2952 1957 vestita.
2997 1900 3139 1955 Nam
3180 1908 3245 1956 et
3293 1900 3353 1954 in
3402 1899 3508 1966 eis,
3557 1914 3656 1969 qua:
3684 1900 3721 1955 in

437 2013 619 2060 ctores
662 2005 835 2060 sancti
887 2013 1000 2060 toto
1044 2013 1099 2061 et
1145 2006 1328 2060 animo
1370 2006 1673 2061 subduntur
1698 2013 1752 2060 et
1786 2019 2030 2075 corpore.

440 2097 595 2153 Unde
650 2099 789 2155 bene
831 2108 1125 2169 utrumque
1176 2099 1484 2170 capitolium
1533 2100 1771 2170 quinque
1823 2099 2035 2157 cubitos

437 2188 674 2246 habebat
727 2191 1065 2259 altitudinis,
1110 2193 1237 2263 quia
1287 2194 1542 2251 nimirum
1588 2197 1826 2266 quinque
1881 2196 2035 2252 libris

437 2284 707 2355 scriptura
750 2283 1000 2343 Mosaicae
1041 2283 1178 2355 legis
1217 2287 1604 2356 comprehensa
1648 2296 1753 2352 est,
1798 2290 2036 2359 quinque

435 2377 601 2432 etiam
641 2377 822 2433 smculi
847 2386 1037 2433 aetates
1065 2378 1279 2433 Veteris
1303 2379 1650 2434 lnstrumenti
1682 2380 1850 2435 series
1884 2396 2033 2437 com-

434 2467 592 2547 plexa
623 2476 726 2525 est.
778 2468 988 2525 Novum
1016 2484 1147 2540 ergo
1173 2469 1578 2525 Testamentum
1606 2486 1712 2527 non
1745 2471 1901 2527 nobis
1932 2471 2035 2527 alia

437 2560 703 2633 prmdicat
744 2576 907 2632 quam
931 2575 1049 2629 quae
1071 2559 1282 2633 Moyses
1304 2561 1647 2632 praedicanda
1666 2576 1764 2631 per
1790 2563 1893 2617 hoc
1918 2576 2038 2618 esse

436 2651 767 2723 praedixerat
787 2660 843 2707 et
866 2651 1164 2724 propheta-2.
1222 2652 1290 2708 Et
1314 2653 1471 2725 quasi
1501 2654 1557 2711 in
1582 2653 1802 2711 modum
1829 2655 1959 2710 retis
1985 2660 2041 2711 et

439 2750 779 2811 catenarum,
830 2745 934 2801 sibi
978 2746 1211 2805 invicem
1256 2746 1397 2803 miro
1430 2762 1596 2819 opere
1635 2756 2035 2815 contextarum,

436 2841 729 2905 utrumque
764 2836 1073 2908 capitellum
1112 2837 1487 2895 columnarum
1516 2838 1670 2895 fusile
1690 2847 1827 2897 erat.
1882 2839 2038 2896 Unde

439 2926 691 2998 superius
716 2927 771 2982 in
813 2927 1041 2985 historia
1067 2929 1329 3001 scriptum
1354 2937 1453 2994 est,
1488 2930 1633 3002 quod
1670 2928 1859 2987 Hiram
1895 2928 2040 2987 fece—

441 3026 530 3074 rat
566 3021 723 3091 quasi
769 3021 1049 3083 eatenulas
1100 3024 1157 3081 in
1208 3023 1448 3090 oraculo,
1483 3033 1539 3079 et
1566 3024 1909 3095 superposuit
1944 3040 2040 3083 eas

440 3111 713 3182 capitibus
748 3113 1147 3173 columnarum.
1190 3114 1409 3186 Species
1451 3131 1686 3186 namque
1720 3125 2038 3173 catenarum

439 3208 494 3256 et
523 3202 820 3259 similitudo
846 3206 976 3267 retis
1004 3206 1058 3261 in
1089 3207 1358 3278 capitellis
1392 3207 1625 3263 varietas
1658 3216 1743 3263 est
1774 3208 2036 3263 virtutum

441 3296 806 3368 Spiritualium
840 3298 895 3352 in
921 3275 1246 3366 sanctis,vde
1287 3315 1394 3375 qua
1432 3300 1661 3356 Domino
1694 3308 1949 3357 cantatur
1983 3301 2037 3356 in
2065 3275 2113 3341 (ἶ

438 3385 664 3456 psalmis
685 3385 895 3443 :Astitit
912 3390 1089 3460 regina
1111 3408 1142 3445 a
1155 3390 1352 3447 dextris
1367 3392 1471 3447 tuis
1488 3392 1542 3445 in
1557 3391 1742 3446 vestitu
1759 3391 2038 3459 deaurato,

441 3477 769 3532 circumdata
800 3481 1052 3535 varietate
1077 3481 1417 3541 diversorum
1443 3482 1835 3538 charismatum
1865 3480 2037 3553 (Paai.

440 3566 612 3637 πων).
661 3566 760 3625 Vel
808 3579 959 3625 certe
1005 3570 1287 3640 multiplex
1323 3574 1596 3630 contextio
1638 3582 1954 3629 catenarum
1989 3581 2044 3628 et

444 3656 578 3710 retis
606 3656 868 3726 expansio
908 3657 1233 3717 multifarias
1270 3659 1567 3719 electorum
1612 3678 1872 3733 personas
1914 3664 2045 3721 insi-

444 3757 577 3804 nuat
611 3767 624 3803 :
652 3765 771 3820 quae
798 3766 923 3808 cum
951 3751 1134 3811 verbis
1173 3759 1487 3811 sanctorum
1525 3756 1943 3825 prmdicatorum
1981 3755 2045 3812 ﬁ-

446 3841 641 3897 deliter
668 3843 1025 3907 auscultando
1047 3852 1210 3917 atque
1229 3846 1531 3907 obediendo
1557 3848 1858 3915 adhaerent,
1888 3850 2045 3920 quasi

446 3931 819 3989 columnarum
846 3935 1113 4006 capitibus
1140 3938 1400 4010 apposita:
1427 3939 1559 3995 retis
1579 3949 1633 3996 et
1654 3940 1915 3997 catenulai
1944 3941 2048 3997 mi-

446 4028 692 4084 raculum
716 4045 828 4084 suae
856 4032 1212 4089 connexionis
1238 4035 1450 4093 cunctis
1478 4038 1881 4106 aspectantibus
1909 4052 2048 4107 pree-

445 4118 592 4176 bcnt.
642 4119 879 4195 Septena
909 4125 1128 4194 quidem
1151 4143 1406 4187 versuum
1430 4131 1687 4187 retiacula
1715 4132 1769 4187 in
1795 4133 2048 4203 capitello

447 4228 582 4281 uno,
618 4222 672 4268 et
702 4223 926 4289 septena
964 4217 1224 4275 retiacula
1273 4220 1329 4279 in
1370 4223 1620 4292 capitello
1661 4224 1830 4279 altero
1867 4235 2043 4282 erant.

452 4304 771 4376 Septenario
824 4325 1058 4383 namque
1114 4328 1344 4371 numero
1397 4316 1632 4387 Spiritus
1683 4320 1859 4375 sancti
1915 4320 2051 4379 solet

449 4396 622 4468 gratia
656 4397 949 4471 designari,
965 4400 1175 4461 Joanne
1196 4413 1484 4463 attestante
1506 4409 1560 4463 in
1580 4409 1922 4482 Apocalypsi.
1944 4410 2049 4478 Qui

449 4503 571 4542 cum
603 4490 800 4547 vidisse
828 4507 888 4549 se
914 4493 1121 4551 diceret
1152 4513 1347 4571 agnum
1376 4501 1668 4559 habentem
1712 4519 1913 4560 cornua
1959 4522 2047 4561 se-

448 4588 616 4651 ptem,
659 4592 713 4637 et
748 4585 935 4642 oculos
964 4596 1193 4669 septem,
1228 4607 1353 4647 mox
1373 4596 1695 4664 exponendo
1722 4595 2002 4666 subjunxit
2030 4619 2042 4655 :

452 4670 558 4738 Qui
583 4682 703 4731 sunt
726 4687 919 4748 septem
943 4682 1158 4753 spiritus
1194 4682 1293 4736 Dei
1319 4685 1463 4738 missi
1509 4685 1565 4740 in
1606 4688 1899 4743 uniuersam
1937 4700 2043 4744 ter-

2138 1995 2436 2066 Scripturis
2465 2010 2571 2051 non
2600 1994 2971 2064 intelligimus,
2999 1996 3262 2051 Charitas
3297 1994 3463 2059 latet,
3497 2002 3552 2049 et
3583 1994 3628 2048 in
3647 1995 3719 2059 eis,

2137 2104 2257 2159 qua:
2282 2088 2652 2160 intelligimus,
2679 2088 2922 2145 Charitas
2943 2089 3050 2143 late
3074 2097 3263 2159 patet.
3317 2090 3473 2143 Bene
3493 2098 3654 2144 autem
3675 2090 3719 2143 de

2136 2182 2338 2242 eisdem
2354 2181 2629 2239 retiaculis
2649 2182 2762 2238 sive
2787 2182 3052 2252 capitellis
3072 2182 3442 2255 adjungitur:
3475 2182 3598 2248 Qua
3609 2192 3716 2236 erant

2137 2292 2293 2345 super
2306 2275 2661 2334 summitatem
2673 2274 3187 2346 malogranatorum.
3212 2275 3593 2346 Malograuata
3607 2288 3719 2327 nam-

2138 2383 2263 2437 que,
2302 2380 2532 2436 quorum
2571 2373 2769 2421 natura
2805 2374 2892 2422 est
2917 2381 3024 2420 uno
3055 2365 3196 2422 foris
3225 2367 3451 2422 cortice
3478 2362 3629 2420 multa
3655 2362 3712 2417 in-

2138 2458 2309 2514 terius
2344 2471 2511 2529 grana
2538 2455 2902 2521 circumdare,
2935 2465 3058 2527 apte
3100 2458 3158 2513 in
3204 2456 3400 2529 ﬁgura
3433 2465 3621 2512 sanctae
3642 2467 3714 2523 po-

2140 2560 2343 2606 nuntur
2364 2550 2642 2617 Ecclesiae,
2668 2566 2788 2621 quas
2818 2551 3088 2607 catholico
3108 2552 3285 2607 unius
3314 2550 3447 2606 ﬁdei
3469 2547 3713 2604 munimine

2139 2646 2425 2703 innumera
2450 2643 2746 2701 electorum
2779 2645 2996 2715 agmina
3037 2645 3181 2701 solet
3214 2644 3528 2701 includere.
3575 2640 3713 2695 Potest

2141 2745 2323 2797 autem
2360 2746 2417 2792 et
2460 2736 2886 2809 uniuscujusque
2922 2737 3027 2793 viri
3074 2737 3257 2795 vitam
3293 2747 3578 2806 moresque
3600 2730 3702 2787 desl

2141 2850 2330 2907 gnere,
2371 2834 2463 2905 qui
2488 2834 2636 2890 velut
2660 2834 2894 2904 plurima
2925 2850 3035 2891 uno
3060 2836 3280 2892 cortice
3308 2850 3503 2908 grana,
3527 2834 3711 2889 circum-

2139 2927 2386 2999 plectens
2406 2925 2547 2983 mala
2570 2927 2957 2999 cogitationum
2980 2930 3371 3000 virtutumque
3393 2923 3700 2999 spiritualium

2140 3020 2394 3090 insignia,
2419 3034 2490 3075 ne
2516 3018 2656 3074 forte
2684 3019 2944 3087 deﬂuant,
2971 3019 3126 3076 ﬁrma
3157 3022 3296 3078 ﬁdei
3340 3029 3401 3078 et
3438 3015 3704 3075 humilitatis

2142 3121 2296 3170 curat
2322 3112 2525 3170 vallare
2550 3113 2818 3168 custodia.
2874 3113 2942 3169 Et
2963 3124 3090 3184 apto
3113 3130 3354 3186 prorsus
3377 3110 3617 3186 mysterio
3638 3122 3699 3161 ca-

2140 3206 2255 3275 pita
2278 3203 2661 3276 malogranatis
2684 3211 2844 3259 erant
2870 3204 2926 3258 in
2952 3220 3087 3277 gyro
3107 3205 3485 3268 circumdata,
3505 3198 3616 3272 quia
3631 3197 3699 3251 d0-

2143 3304 2323 3352 ctores
2346 3302 2566 3353 sanctos
2598 3309 2824 3351 necesse
2847 3302 2932 3351 est
2962 3297 3205 3367 priorum
3228 3298 3405 3352 vitam
3424 3292 3634 3349 fidelium
3652 3285 3698 3340 ad

2145 3387 2464 3444 memoriam
2508 3401 2807 3452 revocare,
2853 3402 3152 3460 eorumque
3213 3401 3441 3460 semper
3494 3379 3699 3451 exemplis

2142 3487 2296 3535 actus
2321 3494 2448 3534 suos
2470 3494 2535 3536 ac
2550 3494 2829 3535 sermones
2846 3495 2915 3536 ex
2936 3487 3092 3550 parte
3103 3481 3260 3536 omni
3275 3477 3613 3535 communire,
3633 3483 3693 3531 ne.

2145 3569 2190 3624 si
2206 3568 2347 3625 forte
2360 3569 2540 3635 aliter,
2554 3585 2717 3640 quam
2732 3569 2946 3626 illorum
2967 3572 3133 3627 habet
3156 3572 3375 3644 regula,
3403 3567 3616 3624 vixerint
3633 3562 3696 3614 aut

2145 3661 2448 3727 docuerint,
2463 3671 2667 3717 errent.
2683 3663 2817 3719 Cum
2836 3677 2967 3719 vero
2984 3664 3186 3719 dictum
3207 3665 3285 3721 sit
3302 3665 3371 3719 de
3383 3656 3641 3720 retiaculis,
3656 3656 3693 3705 ut

2147 3761 2393 3825 tegerent
2403 3754 2676 3824 capitolia,
2690 3770 2811 3826 qua:
2824 3766 2982 3811 erant
2995 3770 3159 3827 super
3169 3755 3539 3812 summitatem
3562 3744 3692 3803 malo-

2145 3854 2515 3916 granatorum,
2528 3845 2906 3915 videturjuxta
2916 3846 3161 3904 ordinem
3182 3848 3373 3920 operis
3392 3845 3568 3917 ipsius,
3588 3832 3691 3908 quo“

2146 3940 2517 4011 malogranata
2542 3938 2761 3996 fuerunt
2785 3938 2927 3995 l‘acta
2958 3941 3013 3996 in
3041 3932 3277 3996 circuitu
3311 3934 3646 4010 capitellorum
3668 3940 3689 3979 a

2145 4042 2301 4105 parte
2316 4033 2594 4101 inferiore,
2606 4042 2770 4104 atque
2779 4048 2848 4088 ex
2859 4032 3061 4088 eisdem
3077 4029 3468 4106 malogranatis
3477 4024 3692 4081 orirentur

2146 4124 2430 4191 retiacula,
2447 4126 2645 4196 quibus
2663 4123 2912 4195 capitolia
2937 4138 3003 4180 ex
3028 4131 3183 4194 parte
3208 4124 3393 4194 aliqua
3416 4119 3684 4189 tegerentur-

2148 4219 2412 4289 Patetque
2428 4217 2598 4289 figura
2615 4218 2883 4289 mysterii,
2896 4232 3063 4288 quare
3079 4216 3345 4274 retiacuia
3359 4225 3514 4284 super
3524 4199 3688 4263 summi

2154 4323 2318 4369 tatem
2372 4311 2575 4367 fuerint
2631 4310 3129 4383 malogranatorum
3206 4322 3438 4369 annexa,
3494 4314 3597 4372 qua:
3637 4290 3681 4346 ad

2149 4419 2315 4459 tinam
2369 4418 2508 4475 pene
2555 4401 3006 4474 significationem
3056 4402 3175 4458 sive
3229 4406 3572 4473 personarum
3617 4397 3682 4440 se"

2151 4497 2409 4552 virtutum
2436 4496 2713 4566 pertinent
2732 4494 3077 4565 spiritalium.
3105 4494 3325 4550 Scimus
3351 4488 3487 4546 enim
3506 4481 3679 4539 virtutes

2151 4592 2218 4646 de
2237 4590 2530 4646 virtutibus
2550 4590 2719 4655 nasci,
2753 4597 2810 4644 et
2845 4598 3052 4644 sanctos
3074 4587 3349 4643 ambulare
3374 4584 3436 4639 de
3464 4581 3620 4672 virtute
3643 4567 3678 4672 ἕξ

2151 4686 2421 4750 virtutum,
2448 4684 2611 4737 donec
2639 4683 2880 4738 videatur
2904 4683 3043 4738 Deus
3067 4683 3287 4737 deorum
3325 4682 3379 4735 in
3405 4658 3523 4734 Sion
3545 4658 3671 4741 (P‘al'

2154 4776 2386 4849 Lxxxm)
2414 4794 2428 4830 :
2467 4791 2575 4845 qua
2598 4776 2802 4831 virtute
2823 4774 2967 4830 nulla
2990 4781 3171 4845 potest
3201 4772 3377 4844 major
3401 4762 3543 4824 adiri.
3565 4751 3675 4815 Unde

2155 4876 2212 4923 et
2234 4867 2526 4939 Apostolus
2559 4886 2571 4923 :
2606 4867 2863 4934 Seientes,
2916 4867 3112 4938 inquit,
3160 4868 3289 4939 quia
3334 4855 3573 4919 tribulatio
3607 4862 3671 4918 Ρ⁶⁴

2155 4963 2391 5017 tientiam
2417 4947 2683 5034 Operatitr,
2717 4961 2970 5032 patientia
3005 4971 3181 5015 autem
3208 4958 3559 5032 probationem,
3583 4957 3671 5015 μεθ’
3814 5032 3815 5035 η

2153 5053 2293 5107 batio
2323 5069 2441 5108 vero
2468 5069 2610 5124 spem
2636 5052 2814 5123 (Rom.
2836 5052 2914 5125 v).
2944 5052 3208 5123 Capitella
3239 5060 3410 5108 autem
3436 5058 3540 5116 qum
3557 5036 3667 5091 ml"
3814 5046 3817 5123 i

2153 5157 2318 5214 super
2336 5144 2515 5213 capita
2558 5143 2959 5210 columnarum,
2989 5144 3144 5213 quasi
3172 5159 3334 5213 opere
3358 5139 3447 5195 lilii
3467 5127 3666 5190 fabricata

2152 5243 2312 5290 erant
2339 5237 2392 5291 in
2418 5236 2633 5305 porticu
2677 5244 2911 5306 quatuor
2945 5236 3271 5293 cubitorum.
3309 5234 3438 5304 Quid
3463 5225 3578 5283 enim
3598 5227 3665 5287 ρετ

2156 5328 2288 5393 lilia,
2319 5330 2425 5383 nisi
2454 5344 2703 5400 supernae
2741 5329 3005 5385 claritatis
3034 5331 3233 5402 patria,
3270 5337 3423 5399 atque
3446 5317 3661 5408 immortt-
3812 5342 3817 5408 η

2156 5421 2326 5478 litatis
2351 5421 2573 5478 ﬂoribus
2614 5422 2862 5478 redolens
2900 5422 3140 5494 paradisi
3170 5423 3468 5495 designatur
3487 5404 3660 5495 εωφηί·

2158 5514 2275 5569 tas?
2335 5513 2475 5580 Quid
2529 5527 2631 5585 per
2680 5492 2918 5584 quatuor
2958 5515 3194 5581 cubitos,
3245 5492 3347 5569 nisi
3393 5492 3658 5589 evangelictts

2160 5578 2369 5669 sermo,
2384 5606 2475 5675 qui
2514 5578 2794 5665 introitum
2839 5606 2995 5662 nobis
3023 5578 3239 5661 aeternae
3267 5604 3399 5660 illius
3441 5578 3657 5651 beatitudi-

2160 5701 2246 5757 nis
2285 5700 2574 5767 promittit,
2630 5705 2686 5755 et
2735 5699 2859 5765 iter,
2914 5714 3022 5770 quo
3069 5699 3137 5755 ad
3190 5700 3328 5755 hanc
3368 5680 3652 5774 perveniatur.

2160 5794 2433 5849 ostendit?
2462 5793 2596 5849 Cum
2625 5808 2756 5865 ergo
2782 5767 2956 5850 saucii
2997 5793 3251 5851 doctores
3273 5785 3507 5878 promi-‘35"

2159 5886 2365 5941 lumina
2407 5887 2558 5959 regni
2607 5858 2848 5945 calcatis
2886 5888 2942 5945 in
2992 5899 3225 5963 quatuor
3267 5858 3506 5957 Evangelii
3537 5858 3645 5924 “5m

449 4780 566 4818 ram
590 4763 774 4839 (Apoc.
798 4765 875 4841 v).
931 4768 1084 4838 Quod
1120 4774 1383 4844 propheta
1414 4776 1581 4831 Isaias
1609 4778 1847 4847 apertius
1880 4781 2048 4852 expli-

451 4865 559 4921 cat,
590 4872 717 4915 cum
745 4859 811 4915 de
841 4863 1118 4921 nascituro
1145 4863 1199 4921 iu
1229 4881 1393 4921 carne
1417 4866 1648 4924 Domino
1682 4869 1909 4939 loquens
1935 4889 1947 4926 :
1975 4872 2047 4927 Et

451 4951 752 5022 requiescet,
779 4953 975 5027 inquit,
1001 4972 1159 5027 super
1181 4973 1299 5013 eum
1328 4959 1543 5030 spiritus
1565 4961 1797 5029 Domini,
1828 4964 2046 5034 spiritus

451 5042 743 5113 sapientiae,
760 5055 809 5100 et
831 5046 1145 5114 intellectus,
1159 5049 1376 5120 spiritus
1400 5051 1607 5106 consilii
1627 5062 1672 5107 et
1696 5053 2046 5122 fortitudinis,

450 5133 665 5205 spiritus
686 5137 919 5193 scientiw
942 5147 991 5193 et
1014 5140 1243 5208 pietatis,
1267 5150 1315 5195 et
1343 5141 1555 5211 repiebit
1582 5159 1699 5197 eum
1738 5145 1955 5211 spiritus
1986 5146 2050 5197 ti-

452 5224 612 5278 moris
635 5223 852 5281 Domini
875 5227 1030 5302 (Isai.
1058 5230 1157 5301 χι).
1213 5230 1447 5301 Septena
1493 5250 1623 5305 ergo
1665 5250 1918 5289 versuum
1964 5249 2049 5290 re-

455 5311 653 5369 tiacula
682 5324 840 5371 erant
865 5317 919 5373 in
950 5321 1197 5389 capitello
1224 5331 1477 5394 utroque,
1499 5325 1625 5395 quia
1650 5325 2050 5394 patresptrius-

456 5421 563 5478 que
579 5404 914 5466 Testamenti
936 5426 1034 5482 per
1060 5414 1291 5484 gratiam
1320 5418 1479 5473 unius
1504 5418 1854 5488 ejusdemque
1880 5419 2051 5488 Spiri-

365 5540 403 5589 Ί
456 5506 545 5553 tus
570 5497 920 5570 septiformis,
951 5510 1012 5559 ut
1032 5506 1411 5578 essentelecti,
1432 5519 1775 5580 acceperunt.
1820 5512 1888 5567 Et
1924 5528 2048 5583 per-

376 5592 402 5674 !
455 5590 587 5648 fecit
614 5594 896 5651 columnas
923 5604 978 5652 et
1006 5598 1141 5655 duos
1169 5601 1389 5660 ordines
1426 5619 1525 5674 per
1559 5605 1847 5661 circuitum
1880 5607 2049 5662 retia-

376 5662 405 5707 ἶ
457 5683 701 5740 culorum
729 5686 1083 5761 singulorum,
1115 5702 1176 5748 ut
1204 5662 1447 5765 tegereni
1473 5698 1740 5768 capitello.
1794 5700 1911 5756 Duo
1938 5702 2052 5771 qui-

381 5823 391 5855 .»
459 5772 582 5830 dem
611 5775 833 5835 ordines
859 5792 1020 5837 erant
1044 5786 1426 5841 retiaculorum
1463 5788 1518 5849 in
1541 5806 1675 5861 gyro
1702 5793 1959 5864 capitelli,
1990 5803 2053 5848 ut

458 5881 678 5926 rursum
716 5870 777 5929 in
815 5873 1056 5949 seipsum
1092 5878 1250 5957 quasi
1286 5880 1489 5939 circulo
1511 5882 1656 5943 facto
1682 5886 1903 5943 rediret.
1939 5886 2050 5943 Nec

3807 5597 3812 5757 κ

3806 5842 3811 5991 5

3806 6034 3809 6127 γ

3807 5597 3813 5757 ς

3807 5884 3811 5969 η
