3920 6462
168 419 278 479 85⁸1

1020 414 1026 422 ’
1061 409 1416 474 MT.
1452 411 1525 470 IN
1558 407 2113 471 ιιΔιιΑιιΡωιιζΝΑ.
2154 434 2223 457 -ι-
2258 413 2390 471 LIB.
2423 413 2515 473 ill.

3324 418 3434 484 ιω

170 534 493 602 ostendunt,
525 534 679 613 quasi
703 526 883 604 capita
906 531 1277 591 eolummrum
1302 548 1440 605 opus
1478 533 1535 590 in
1564 546 1625 590 se
1651 531 1749 588 lilii
1774 531 1831 595 Λ
1853 529 2075 602 Mystice
2100 538 2279 587 autem
2303 533 2444 590 sicut
2468 536 2839 593 centenarium
2869 546 3151 595 numerum
3179 534 3432 611 praedixi»

172 634 417 703 quatitur
437 625 744 683 cubitorum
791 625 1067 681 exhibent.
1108 622 1210 681 Ubi
1248 625 1567 692 notandum,
1594 624 1748 695 juxta

171 722 445 786 litteram,
463 718 590 789 quia
609 731 733 773 cum
751 732 888 787 opus
905 716 1008 772 lilii
1036 717 1092 773 in
1116 716 1384 787 capitoliis
1406 722 1640 787 quatuor
1658 730 1754 771 cu-

171 813 421 871 bitorum
446 822 570 867 esse
593 816 949 875 mentm-Itur,
976 824 1157 880 neque
1185 808 1425 876 additur,
1458 807 1751 863 latitudinis

172 912 268 961 aut
287 901 610 967 altitudinis,
632 899 850 956 lectoris
888 899 1075 969 utique
1094 899 1319 970 judicio,
1343 906 1525 954 utrum
1556 900 1612 954 in
1633 894 1754 953 alti-

174 996 386 1060 tudine,
439 1010 509 1049 an
552 994 609 1049 in
639 991 921 1048 latitudine
961 992 1184 1064 intelligi
1238 993 1451 1059 debeat,
1504 992 1751 1048 relictum

170 1096 275 1144 est.
321 1086 551 1143 Constat
576 1093 754 1142 autem
797 1086 1001 1157 absque
1034 1086 1142 1140 ulla
1179 1101 1401 1156 prorsus
1430 1086 1749 1142 dubietate:

170 1181 299 1251 quia
326 1179 601 1244 columna,
631 1194 793 1248 quam
820 1179 1101 1235 duodecim
1124 1179 1428 1235 cubitorum
1452 1179 1616 1234 restis
1638 1192 1753 1233 am-

169 1276 353 1329 biebat
377 1308 396 1341 ,
466 1282 701 1345 quatuor
767 1274 977 1331 cubitus
1040 1273 1275 1329 habebat
1352 1272 1749 1345 grossltudlnis.

169 1368 361 1424 Omnis
390 1368 538 1422 enim
586 1367 822 1422 circulus
866 1375 1126 1438 quantum
1158 1369 1323 1423 habet
1366 1369 1525 1438 epatii
1552 1368 1605 1421 in
1640 1366 1753 1422 dia-

168 1468 365 1522 metro,
418 1466 630 1514 tantum
682 1458 846 1513 habet
899 1468 982 1514 ter
1033 1462 1087 1514 in
1125 1474 1276 1531 gyro.
1322 1459 1567 1530 Denique
1603 1474 1752 1516 mare

168 1562 400 1616 mneum,
430 1552 561 1621 quia
591 1552 911 1608 diametrum
942 1552 1175 1607 habebat
1203 1553 1387 1608 decem
1424 1554 1749 1621 cubitorum,

168 1642 309 1695 utin
355 1642 715 1711 sequentibus
785 1644 998 1715 legitur,
1067 1655 1464 1715 consequenter
1516 1646 1751 1702 habebat

165 1735 388 1805 triginta
418 1737 633 1793 cubitus
678 1738 733 1791 in
773 1752 924 1809 gyro.
961 1739 1160 1794 Verum
1187 1741 1331 1810 quod
1360 1741 1575 1809 dicitur,
1615 1754 1752 1814 opus

1852 636 1974 677 mus
2016 629 2272 677 aeternam
2316 621 2705 683 beatitudinem
2737 628 2992 701 ﬁgurare,
3020 638 3076 685 et
3099 631 3428 689 ducentenad

1851 716 1993 771 rium
2006 714 2286 785 utrimque
2307 713 2890 790 Testamenti'populos
2917 722 3117 779 ibidem
3132 720 3189 777 in
3209 722 3431 780 Christo

1852 806 2183 875 adunandos,
2208 807 2285 862 ita
2320 817 2373 866 et
2405 816 2858 879 nunctestamur,
2886 820 2988 885 per
3011 816 3431 889 quadringenis.

1850 900 2065 958 narium
2113 908 2347 970 quatuor
2400 898 2692 973 Evangelia
2745 905 2991 961 eamdem
3041 906 3427 962 beatitudinem

1849 991 2100 1047 omnibus
2145 992 2249 1046 rite
2290 990 2345 1047 in
2392 991 2563 1047 Deum
2607 993 2958 1050 credentibus
2999 1002 3057 1051 et
3080 996 3224 1053 hanc
3264 997 3429 1055 tidem

1849 1078 2009 1136 bonis
2048 1080 2304 1152 operibus
2338 1096 2514 1153 usque
2557 1082 2614 1138 in
2653 1083 2815 1138 tinem
2851 1084 2979 1140 vitae
3022 1086 3287 1158 condigne
3314 1102 3428 1143 sero

1849 1173 2102 1229 vantibus
2130 1174 2416 1243 spondere,
2451 1189 2481 1229 a
2522 1174 2790 1231 bonorum
2815 1176 3055 1232 omnium
3093 1177 3351 1251 largitore
3372 1179 3428 1233 in

1851 1265 2060 1322 cmlesti
2086 1281 2254 1338 regno
2278 1268 2644 1325 tribuendam.
2671 1269 2740 1323 Et
2766 1272 2969 1336 statuit,
3001 1271 3201 1342 inquit,
3225 1270 3428 1326 colum-

1850 1377 1948 1416 uas
1998 1361 2133 1417 duas
2177 1362 2233 1415 in
2262 1363 2467 1433 porticu
2495 1361 2692 1433 templi.
2735 1361 2869 1418 Cum
2916 1364 3199 1419 statuisset
3221 1364 3429 1420 colum-

1850 1469 1977 1509 nam
2004 1452 2303 1520 dexteram,
2328 1454 2539 1510 vocavit
2564 1470 2685 1510 eam
2712 1454 2932 1510 nomine
2951 1455 3167 1523 Jachin,
3192 1458 3294 1512 hoc
3322 1466 3424 1522 est,

1849 1546 2094 1616 ﬁrmitas.
2146 1546 2409 1602 Similiter
2457 1547 2635 1603 erexit
2673 1548 2980 1605 columnam
3023 1550 3339 1616 secundam,
3376 1556 3431 1605 et

1848 1641 2067 1697 vocavit
2121 1656 2319 1697 nomen
2386 1641 2503 1712 ejus
2556 1641 2734 1709 Boos,
2784 1644 2889 1699 hoc
2936 1652 3055 1710 est,
3106 1641 3163 1698 in
3223 1642 3428 1698 robore.

1851 1737 2084 1792 Dextera
2127 1736 2400 1803 columna,
2426 1743 2489 1791 ut
2524 1751 2687 1807 supra
2716 1737 2971 1804 diximus,
3003 1736 3218 1793 illorum
3246 1735 3430 1806 expri.

167 1826 264 1882 lilii
293 1837 538 1898 quatuor
566 1828 734 1885 fuisse
760 1832 1088 1898 cubitorum,
1126 1833 1239 1888 sive
1266 1833 1625 1901 latitudinem,
1655 1851 1749 1891 seu
1786 1900 1807 1901 ﬂ
1852 1828 1952 1883 mit
1983 1828 2207 1901 ﬁguram
2237 1827 2539 1893 doctorum,
2572 1827 2662 1896 qui
2693 1828 3027 1897 primitivum
3070 1827 3125 1882 in
3174 1825 3432 1883 Hieroso-

169 1918 417 1987 designet
478 1920 833 1985 altitudinem,
890 1923 1245 1979 nihilominus
1287 1926 1428 1981 ratio
1469 1928 1751 1997 perspicua

1867 1920 2015 1991 lymis
2034 1900 2322 1974 instituere
2362 1918 2696 1985 Ecclesiam;
2733 1919 2967 1973 secunda
3003 1933 3213 1983 eorum,
3241 1916 3333 1987 qui
3361 1915 3432 1971 ad

167 2016 269 2076 est,
303 2011 437 2082 quia
491 2027 599 2067 non
647 2014 751 2069 nisi
794 2030 891 2084 per
939 2014 1314 2090 Evangelium,
1350 2021 1757 2090 exoptatissima

166 2102 255 2158 illa
284 2119 390 2159 vox
425 2105 667 2161 insonuit
696 2124 709 2159 :
743 2107 1115 2164 Pmnitentiam
1143 2112 1301 2181 agite,
1326 2106 1758 2185 appropinquablt

166 2190 302 2245 enim
341 2202 563 2262 regnum
589 2192 834 2248 calorum
867 2194 1082 2264 (Matth.
1112 2197 1218 2268 ιιι).
1244 2198 1399 2264 Quod
1427 2214 1557 2254 vero
1578 2199 1759 2270 sequi-

168 2287 255 2337 tur
286 2298 301 2337 :
334 2282 408 2337 Et
434 2300 648 2341 rursum
677 2284 784 2341 alia
809 2286 1048 2356 capitella
1074 2289 1131 2343 in
1156 2291 1454 2344 summitate
1484 2290 1758 2346 columna-

167 2392 283 2429 rum
315 2376 546 2447 desuper
560 2378 721 2447 juxta
744 2395 1048 2435 mensuram
1081 2382 1338 2437 calumnia
1376 2393 1561 2438 contra
1594 2386 1755 2442 retia-

165 2466 308 2531 culo,
331 2465 496 2536 juxta
518 2483 827 2525 mensuram
849 2472 1113 2527 columna:
1149 2475 1282 2529 dicit
1310 2484 1474 2531 tantae
1502 2476 1753 2547 amplitu—

167 2556 329 2623 dinis,
352 2570 561 2629 quanta
598 2571 717 2618 erat
743 2570 799 2619 et
822 2563 1090 2619 columna.
1115 2563 1283 2634 Cujus
1319 2574 1501 2622 tamen
1530 2566 1755 2623 altitudo

166 2657 369 2717 quanta
396 2652 581 2717 fuerit,
604 2653 825 2709 minime
845 2662 1121 2711 narratur.
1153 2657 1285 2724 Quae
1307 2658 1494 2723 etiam,
1519 2664 1577 2713 ut
1607 2674 1753 2728 reor,

166 2755 412 2810 prtesens
440 2742 672 2801 historia
699 2747 753 2801 in
781 2748 1152 2817 sequentibus,
1200 2750 1294 2805 ubi
1329 2749 1594 2806 facturam
1620 2761 1756 2806 tem-

165 2832 243 2903 pli
273 2848 377 2903 per
415 2835 659 2907 singulas
687 2838 897 2909 species
942 2848 1244 2906 enumerat,
1279 2841 1526 2922 epistylia
1575 2842 1753 2898 nomi-

108 2952 120 2959 ~
174 2931 292 2981 nat.
321 2923 433 2982 Sed
477 2928 595 2984 huic
620 2929 867 2999 capitolia
890 2931 1289 3003 qualiacunque
1317 2941 1375 2988 et
1416 2942 1754 3004 quantacun-

169 3029 278 3084 que
304 3015 511 3073 iuerint
533 3022 661 3088 (non
688 3020 834 3076 enim
864 3035 1117 3079 mensura
1160 3034 1351 3082 eorum
1385 3036 1572 3095 aperte
1602 3026 1750 3085 Scri-

168 3114 326 3191 ptura
347 3108 617 3181 designat)
642 3128 792 3168 more
809 3113 1046 3171 liberum
1066 3117 1323 3173 videntur
1340 3133 1464 3175 esse
1483 3121 1751 3191 apposita.

166 3197 246 3255 De
277 3216 511 3269 quorum
556 3203 767 3262 factura
789 3207 838 3263 si
862 3208 991 3276 quid
1018 3211 1305 3281 mysticum
1339 3211 1615 3282 inquirere
1655 3214 1752 3271 de-

163 3290 357 3358 lectat,
391 3294 540 3351 illam
567 3298 720 3367 regni
745 3301 1000 3369 perennis
1026 3304 1413 3361 sublimitatem
1436 3314 1618 3377 potest
1644 3320 1753 3365 non

164 3381 475 3456 incongrue
492 3387 797 3460 designare,
833 3392 960 3463 quia
984 3412 1077 3450 nec
1104 3396 1291 3453 oculus
1317 3399 1468 3467 uidit,
1494 3417 1587 3455 nec
1609 3403 1729 3457 auri

165 3481 397 3548 audivit,
427 3500 525 3540 nec
563 3486 619 3541 in
651 3503 743 3543 oar
768 3489 997 3544 hominis
1015 3493 1272 3559 «condit,
1290 3508 1411 3564 qua
1436 3492 1756 3567 pra'paravit

165 3574 315 3631 Deus
358 3577 697 3650 diligentibus
723 3599 779 3636 se
804 3582 858 3655 (Ι
885 3574 1008 3639 Cor.
1039 3586 1124 3657 ιι).
1166 3587 1367 3643 Verum
1402 3590 1528 3659 quia
1563 3592 1752 3647 eadem

167 3684 533 3740 supernorum
573 3675 806 3731 societas
834 3676 1033 3733 civium
1057 3678 1338 3751 utriusque
1375 3683 1557 3753 pepuli
1584 3682 1756 3739 ﬁdeli-

169 3761 272 3818 bus
319 3765 602 3834 tribuitur,
645 3777 793 3825 recte
824 3770 1169 3843 subiungitur
1213 3792 1226 3827 ε
1262 3773 1752 3847 Malogranatorum

174 3865 347 3911 autem
391 3858 603 3914 ducenti
642 3862 852 3918 ordines
894 3866 1127 3920 erantin
1165 3866 1389 3921 circuitu
1415 3869 1645 3939 capitem
1676 3886 1755 3923 se-

175 3951 351 4005 eundi.
383 3952 631 4010 Diximus
667 3956 834 4022 enim,
859 3952 1226 4029 malogranata
1253 3961 1338 4016 vel
1362 3962 1527 4017 totius
1555 3966 1755 4018 sanctae

175 4038 447 4108 Ecclesia,
474 4045 558 4099 vel
579 4047 913 4118 singulorum
933 4057 1272 4123 quorumque
1296 4053 1536 4110 fidelium
1565 4062 1751 4126 typum

178 4138 376 4187 tenere.
404 4133 763 4195 Centenarius
789 4152 921 4194 vero
949 4150 1230 4211 numerus,
1253 4145 1346 4215 qui
1377 4146 1448 4201 ad
1474 4147 1751 4202 dexteram

176 4238 392 4280 manum
414 4231 682 4299 pervenit,
706 4240 1091 4303 nonnunquam
1132 4236 1189 4291 in
1211 4245 1428 4294 alterum
1464 4239 1753 4294 beatitudi-

178 4315 259 4371 nis
300 4318 475 4390 tigura
521 4320 649 4390 poni
701 4325 998 4380 consuevit.
1048 4326 1366 4397 Duplicatur
1420 4338 1606 4384 autem
1660 4331 1751 4385 hic

176 4421 428 4466 numerus
480 4412 971 4485 malogranatorum
1024 4418 1080 4472 in
1107 4418 1340 4475 circuitu
1380 4420 1619 4491 capitelli
1661 4436 1749 4477 se-

178 4500 351 4566 cundi,
376 4512 437 4569 ut
469 4502 777 4561 insinuetur
801 4509 1140 4578 mysterium,
1165 4512 1308 4581 quod
1334 4511 1616 4582 utriusque
1648 4511 1750 4568 Te-

1854 2010 2253 2083 przedicandum
2324 2009 2576 2080 gentibus
2620 2008 2878 2063 destinati
2927 2016 3072 2063 sunt.
3126 2006 3224 2063 Vel
3286 2013 3434 2063 certe

1856 2103 2046 2159 dextra
2070 2102 2319 2158 columna
2339 2116 2434 2158 eos
2475 2101 2746 2173 significat
2765 2102 2855 2171 qui
2876 2109 3162 2158 venturum
3190 2101 3246 2156 in
3266 2115 3434 2157 carne

1855 2196 2145 2251 Dominum
2194 2195 2566 2266 prophetando
2606 2194 2967 2265 prtedixerant
2992 2213 3007 2250 :
3032 2194 3268 2251 secunda
3309 2194 3435 2252 illos

1855 2290 1947 2360 qui
1974 2289 2118 2344 hunc
2137 2287 2247 2358 jam
2290 2290 2524 2356 venisse,
2552 2297 2607 2345 et
2636 2291 2895 2345 mundum
2937 2305 3039 2346 suo
3061 2290 3323 2363 sanguine
3348 2304 3434 2346 re-

1854 2381 2091 2437 demisse
2136 2388 2425 2437 testantur.
2476 2381 2544 2435 Et
2587 2388 2711 2451 apte
2754 2380 2920 2436 simili
2964 2380 3227 2437 vocabulo
3260 2381 3443 2447 ambae.

1854 2474 2219 2530 censebantur
2240 2473 2525 2540 columnas,
2553 2487 2675 2528 cum
2697 2486 2829 2537 una,
2854 2471 3080 2541 ﬁrmitas
3105 2489 3125 2538 ,-
3155 2471 3349 2537 altera,
3374 2471 3430 2525 in

1854 2565 2059 2632 robore,
2110 2566 2252 2621 dicta
2293 2575 2377 2620 est
2421 2583 2433 2619 :
2467 2572 2528 2619 ut
2556 2580 2664 2620 una
2693 2563 2817 2619 fidei
2847 2572 2903 2617 et
2945 2562 3127 2634 operis
3174 2561 3434 2617 fertimdo

1853 2657 2065 2712 cunctis
2097 2657 2277 2714 inesse
2326 2657 2638 2713 doctoribus
2689 2663 3106 2721 monstraretur,
3153 2653 3435 2722 nostrique

1854 2750 2116 2820 temporis
2154 2750 2351 2805 inertia
2409 2750 2572 2805 tacite
2617 2758 2903 2805 notaretur
2932 2765 2948 2802 :
2976 2748 3071 2803 ubi
3105 2762 3165 2803 se
3191 2743 3432 2801 nonnulli

1854 2840 2105 2897 doctores
2132 2842 2441 2897 sacerdotes
2487 2849 2542 2896 et
2576 2840 2856 2898 columnas
2899 2839 3091 2895 domus
3133 2836 3229 2893 Dei
3257 2832 3431 2891 videri

1855 2939 2020 3001 atque
2047 2932 2301 3003 appellari
2326 2931 2538 2998 volunt,
2567 2946 2691 2987 cum
2732 2930 2805 2986 nil
2834 2932 2889 2985 in
2928 2946 2989 2986 se
3011 2942 3241 3000 prorsus
3262 2924 3435 2981 ﬁrma!

1853 3024 1980 3079 ﬁdei
2007 3025 2075 3079 ad
2105 3025 2528 3081 contemnendus
2550 3024 2731 3079 saeculi
2763 3038 3007 3095 pompas,
3037 3037 3103 3077 ac
3122 3019 3436 3076 desideran-

1855 3114 1926 3171 da
1965 3116 2105 3171 bona
2134 3116 2452 3183 invisibilia,
2485 3116 2622 3171 nihil
2651 3116 2888 3171 habeant
2918 3113 3128 3170 roboris
3152 3113 3222 3169 ad
3259 3110 3434 3167 corri-

1857 3208 2081 3279 gendos,
2108 3209 2185 3264 nil
2207 3209 2487 3265 industriae
2511 3208 2703 3264 saltem
2729 3210 2798 3265 ad
2820 3206 3199 3279 intelligendos
3217 3202 3431 3270 eorum,

1855 3299 2051 3371 quibus
2074 3300 2281 3371 przelatl
2303 3309 2451 3367 sunt,
2480 3312 2700 3356 errores

2462 3414 2690 3472 CAPUT
2738 3413 2827 3471 Π.

1856 3505 1936 3564 De
1957 3506 2123 3563 altare
2163 3508 2489 3573 holocausti;
2517 3507 2582 3561 de
2610 3505 2748 3560 mari
2790 3519 2955 3571 mneo,
2983 3510 3032 3557 et
3064 3502 3230 3556 bubus
3275 3514 3433 3573 super

1964 3596 2066 3654 uos
2076 3580 2247 3654 ipsum
2280 3572 2507 3651 positum
2525 3586 2680 3654 erat;
2713 3577 2777 3632 de
2801 3577 2979 3654 decens
2999 3573 3210 3630 conchis
3312 3572 3434 3654 qui-

1964 3667 2022 3705 us
2049 3643 2290 3722 lavanda?
2315 3660 2464 3706 erant
2514 3648 2751 3722 hostia;
2779 3648 2843 3704 de
2888 3645 3063 3722 decent
3105 3643 3435 3722 candelabri;-

1929 3721 2101 3775 aureis
2132 3732 2178 3775 ei
2234 3718 2407 3775 decem
2446 3721 2672 3784 mensis;
2712 3712 2781 3772 de
2818 3715 2969 3770 atriis
2997 3716 3182 3770 domus
3220 3712 3435 3784 Domini

1928 3800 1981 3865 et
1994 3863 2001 3865 Α
2021 3790 2351 3865 distinctione
2374 3806 2586 3865 eorum;
2614 3782 2681 3865 de
2714 3788 2931 3865 diversis
2961 3787 3097 3865 casis
3139 3800 3257 3865 qua:
3279 3782 3435 3865 ﬁnxit

1929 3861 2119 3916 Hiram
2142 3861 2411 3917 Saiemom'
2434 3862 2488 3916 in
2519 3856 2724 3931 regione
2747 3858 3020 3931 Iordanis,
3044 3856 3281 3931 fundens
3297 3870 3361 3908 ea
3378 3856 3436 3909 in

1929 3933 2159 4004 argilosa
2185 3943 2344 3988 terra.
2373 3932 2451 3987 De
2470 3925 2628 4004 altari
2665 3945 2854 4004 aureo,
2875 3929 2972 3983 hoc
2996 3925 3434 4004 estatltymiama-

1927 3994 2018 4073 tis',
2048 4011 2095 4057 et
2131 4020 2308 4057 mensa
2339 4001 2723 4073 propositionis,
2776 3994 2941 4073 atque
2976 3994 3289 4073 candelabro
3317 4008 3436 4073 cuin

1929 4058 2153 4128 lucernis
2198 4058 2349 4136 διώ(
2380 4058 2444 4126 δι’
2478 4073 2679 4126 cwleris
2706 4058 3318 4124 uasis'ministerialibus.
3357 4058 3438 4119 De

1929 4145 2112 4199 bestiis
2141 4143 2317 4215 templi
2346 4142 2679 4197 interioribus
2708 4150 2756 4195 et
2782 4138 3147 4196 exterioribus.

1928 4234 2078 4290 Fecit
2105 4244 2308 4306 quoque
2350 4234 2518 4289 altare
2545 4248 2748 4288 tensum
2789 4233 2970 4303 viginti
3000 4231 3293 4285 cubitorum
3313 4225 3453 4317 me.

1856 4328 2128 4399 gitudinis,
2163 4336 2213 4382 et
2251 4326 2436 4397 uiginti
2480 4326 2777 4379 cubitorum
2818 4323 3137 4388 latitudinis,
3166 4324 3215 4385 et
3257 4321 3433 4373 decem

1856 4418 2153 4472 cubitorum
2182 4415 2496 4470 altitudinis.
2529 4415 2804 4486 Scriptum
2846 4420 2929 4469 est
2958 4414 3014 4467 in
3042 4407 3436 4481 posterioribus

1858 4511 2001 4582 quod
2033 4508 2287 4566 Salomon
2316 4508 2507 4592 fecerit
2528 4508 2711 4563 omnia
2736 4521 2866 4561 vasa
2896 4504 3091 4561 domm
3132 4500 3250 4568 Dei,
3281 4508 3337 4555 et
3356 4498 3434 4554 al-

176 4591 419 4646 statnenti
466 4593 695 4664 populus
732 4595 1047 4653 adunandus
1091 4598 1144 4653 in
1190 4598 1430 4665 Christo,
1480 4609 1642 4671 atque
1677 4603 1744 4657 ad
1773 4640 1827 4703 Β
1857 4614 1976 4660 tare
2000 4617 2248 4669 aureum,
2274 4609 2329 4657 et
2366 4591 2582 4657 mensas
2610 4610 2664 4656 et
2696 4612 2859 4671 super
2886 4613 2980 4654 eas
2998 4611 3169 4668 panes
3186 4592 3436 4666 proposi-

178 4686 427 4737 teternam
450 4683 580 4740 vitae
616 4685 688 4741 sit
710 4687 1130 4747 introducendus
1155 4706 1433 4747 coronam.
1459 4689 1611 4759 Quod
1650 4708 1747 4747 au-

180 4776 280 4826 tem
306 4774 509 4833 dicitur
528 4778 581 4834 in
602 4782 997 4851 posterioribus
1026 4784 1184 4855 hujus
1211 4785 1453 4842 historias
1480 4786 1629 4853 locis,
1670 4789 1750 4842 in-

179 4869 259 4917 ter
285 4874 483 4925 cetera
521 4887 642 4941 qua:
670 4872 953 4932 fabricavit
980 4874 1167 4932 Hiram
1217 4878 1411 4934 artifex
1444 4882 1556 4952 regi
1588 4879 1744 4937 Salo-

181 4958 318 5012 moni
366 4961 420 5019 in
455 4964 685 5020 aedilicio
726 4968 936 5037 templi,
964 4968 1155 5025 fecisse
1200 4971 1566 5040 malogranata
1614 4989 1745 5043 qua-

183 5045 476 5122 dringents,
533 5062 589 5111 et
651 5058 911 5114 retiacuia
955 5060 1084 5126 duo,
1144 5062 1218 5115 ita
1268 5071 1330 5117 ut
1373 5061 1485 5118 bini
1531 5064 1749 5121 ordines

186 5140 667 5212 inalogranatorum
735 5149 962 5220 singulis
1028 5152 1306 5208 retiacuiis
1361 5154 1749 5225 iungerentur,

187 5242 297 5297 (ιιιω
323 5245 665 5309 protegerent
704 5242 965 5314 epystylia
997 5253 1053 5299 et
1076 5245 1323 5314 capitolia
1352 5246 1747 5315 columnarum,

187 5316 283 5407 boc
318 5341 421 5382 non
454 5329 730 5387 historica!
765 5333 1063 5390 narrationi
1094 5334 1203 5391 ullo
1240 5336 1419 5401 modo,
1466 5351 1641 5407 neque
1669 5338 1751 5394 al-

186 5405 409 5509 legorice
458 5423 645 5481 setisui
695 5424 1039 5492 adversatur,
1093 5428 1220 5499 quia
1261 5428 1417 5498 juxta
1465 5405 1750 5486 historiam

188 5506 320 5594 sicut
339 5506 456 5565 duae
474 5512 737 5573 columnis
761 5523 817 5571 et
841 5518 967 5574 bina
995 5518 1263 5587 capitolia,
1287 5521 1521 5591 binaque
1544 5523 1751 5594 episty-

190 5589 275 5661 lia,
306 5597 375 5655 ita
403 5612 455 5658 et
483 5606 740 5663 retiacula
768 5609 876 5664 duo
900 5607 1121 5666 fuerunt
1148 5625 1247 5680 per
1276 5589 1517 5684 singulas
1542 5589 1749 5669 colum-

190 5697 285 5744 nas
327 5692 563 5767 singula,
592 5709 648 5755 et
687 5701 802 5757 bini
826 5702 1049 5759 ordines
1093 5703 1610 5775 malogranatorum,
1644 5706 1747 5762 hoc

188 5786 286 5878 fil.
316 5785 539 5878 ducenta
579 5792 947 5866 malograna’ta
995 5796 1223 5866 singulis
1264 5796 1540 5853 retiacuiis
1557 5796 1745 5869 junge-

189 5864 394 5937 bantur.
425 5868 512 5943 Bis
567 5886 711 5946 enim
729 5864 955 5947 ducenti
1008 5864 1433 5963 quadringentos
1482 5864 1742 5948 alliciunt.

1854 4698 2037 4761 tionis,
2086 4703 2190 4751 etc.
2239 4694 2436 4766 (Exod.
2494 4692 2727 4767 xxxvii.)
2756 4694 2824 4749 Et
2850 4691 3068 4763 quidem
3112 4688 3286 4744 altare
3312 4686 3435 4758 thy-

1854 4786 2124 4844 miamatis
2173 4784 2381 4856 Moyses
2432 4781 2561 4839 fecit
2611 4785 2664 4838 in
2693 4798 2903 4848 eremo,
2957 4781 3165 4837 habens
3190 4777 3433 4833 cubitum

1852 4876 2223 4949 longitudinis,
2252 4884 2308 4930 et
2345 4875 2574 4929 alterum
2614 4872 2937 4938 latitudinis,
2981 4879 3038 4925 et
3059 4870 3196 4926 duos
3217 4865 3432 4922 cubitus

1852 4973 1908 5027 in
1935 4970 2236 5025 altitudine.
2266 4967 2492 5035 Quanta:
2535 4974 2715 5022 autem
2758 4962 3147 5037 magnitudinis
3194 4961 3299 5016 hoc
3332 4957 3435 5013 Sa-

1853 5064 2036 5118 lomon
2065 5060 2276 5128 fecerit,
2301 5059 2582 5130 Scriptura
2611 5058 2819 5129 Regum
2846 5058 2962 5112 sive
2984 5053 3433 5123 Paralipomenon

1854 5172 1964 5212 non
1985 5156 2135 5220 dicit,
2184 5154 2281 5209 sed
2332 5160 2541 5208 tantum
2592 5152 2736 5222 quod
2788 5164 3013 5204 aureum
3042 5146 3237 5202 fecerit
3279 5143 3433 5199 dicit;

1853 5249 2081 5306 Constat
2101 5255 2283 5302 autem
2304 5246 2446 5317 quod
2468 5252 2678 5300 tantum
2702 5243 2883 5299 facere
2904 5256 3011 5296 non
3059 5238 3237 5311 potuit
3259 5252 3434 5309 quan-

1854 5351 1968 5397 tum
2015 5340 2144 5396 fecit
2182 5339 2479 5396 boiocausti
2510 5356 2524 5393 :
2577 5338 2705 5408 quia
2733 5337 2778 5392 si
2807 5336 2997 5392 decem
3026 5334 3334 5401 cubitorum
3378 5330 3437 5386 in

1852 5433 2188 5505 longitudine
2216 5440 2272 5489 et
2304 5432 2587 5487 latitudine
2609 5428 2814 5485 factum
2842 5435 3009 5494 esset,
3047 5434 3218 5483 totam
3245 5422 3434 5492 templi

1857 5524 2195 5581 latitudinem
2238 5522 2589 5593 implevisset.
2623 5519 2837 5588 Quanto
2874 5534 3007 5592 ergo
3051 5516 3289 5574 exterius
3317 5520 3438 5569 erat

1853 5618 2090 5689 pbsitum
2115 5616 2285 5670 altare
2311 5614 2612 5669 hoiocausti
2654 5628 2819 5685 quam
2857 5612 3088 5678 incensi,
3142 5615 3432 5679 quantum-

1853 5722 1961 5777 que
1990 5720 2189 5776 genere
2215 5703 2521 5768 ablationis,
2552 5720 2617 5759 ac
2653 5704 2859 5758 vilitate
2908 5700 3113 5758 metalli
3143 5696 3432 5769 ignobilius

1804 5871 1808 5876 .
1850 5795 1976 5862 fuit,
2008 5802 2215 5850 tantum
2245 5794 2545 5863 quantitate
2567 5807 2854 5857 mensurae,
2885 5799 2941 5847 et
2976 5790 3278 5846 hostiarum
3324 5783 3432 5876 fre-

1849 5888 2070 5961 quentia
2112 5888 2417 5960 praestabat.
2449 5886 2583 5954 Quia
2610 5884 2869 5943 nimirum
2891 5882 3076 5954 plures
3105 5889 3233 5936 sunt
3254 5875 3426 5933 multo
