3920 6466
563 402 670 458 459

1201 398 1261 454 Β.
1304 397 1558 454 RABANI
1591 394 1813 455 MAURI
1848 391 2168 450 ARCHIEP.
2209 391 2519 453 HOGUNT.
2561 395 2848 455 OPERUM
2885 344 3066 453 ΡΑέὸ
3102 395 3146 452 ῐ.
3669 407 3735 466 ω

562 518 761 590 quibus
791 515 1001 573 dicatur
1029 533 1042 569 :
1075 513 1133 570 Si
1162 515 1236 570 vis
1264 515 1333 568 ad
1363 517 1517 569 vitam
1559 514 1783 584 ingredi,
1812 527 1958 567 serva
1992 526 2144 565 man-
2174 515 2229 575 Α
2253 518 2465 566 constat
2509 527 2697 568 omnes
2729 511 2930 568 electos
2961 510 3138 582 typice
3168 509 3222 564 in
3277 509 3558 582 Scripturis
3598 525 3736 582 vocari,

563 612 693 666 data
721 625 740 662 .'
772 624 934 679 quam
979 622 1116 678 quos
1145 607 1336 663 audire
1365 607 1640 662 delectet:
1677 603 1736 659 Si
1766 605 1843 659 vis
1892 602 2151 673 perfectus

564 722 695 768 esse,
753 703 915 769 vade,
956 701 1119 757 vende
1173 715 1290 772 qua:
1341 699 1536 764 habes,
1595 705 1644 752 et
1712 696 1783 750 da
1832 694 2149 767 pauperibus

565 792 780 865 (Matth.
814 790 952 862 XIX).
991 788 1103 846 Nec
1127 797 1313 846 tamen
1339 789 1501 858 hujus
1542 802 1795 844 mensura
1823 785 2007 841 altaris
2034 799 2151 856 my—

563 885 698 941 stica
741 884 956 938 ratione
983 891 1134 938 caret
1185 890 1241 937 et
1266 897 1514 937 numero.
1541 879 1717 934 Habet
1761 879 1909 934 enim
1957 875 2151 946 viginti

563 978 776 1032 cubitos
820 977 1190 1047 longitudinis,
1223 986 1277 1032 et
1319 976 1544 1031 totidem
1581 973 1793 1030 cubitos
1827 971 2148 1036 latitudinis,

561 1079 616 1125 et
640 1070 828 1126 decem
850 1071 1066 1126 cubitos
1097 1069 1418 1124 altitudinis.
1450 1067 1527 1122 De
1549 1082 1655 1137 quo
1677 1067 1895 1136 quidem
1924 1079 2152 1120 numero

561 1177 727 1231 supra
754 1163 809 1216 in
833 1163 1168 1232 expositione
1190 1162 1376 1233 templi
1399 1169 1454 1218 et
1472 1160 1728 1216 vestibuli
1748 1161 1866 1230 ejus
1891 1159 2148 1214 diximus.

564 1252 672 1309 Sed
695 1262 749 1309 et
775 1271 920 1309 nunc
945 1255 1232 1311 dicendum
1274 1255 1530 1321 breviter,
1557 1254 1684 1325 quia
1707 1254 1754 1307 si
1794 1252 1964 1308 altare
2002 1253 2154 1308 holo-

561 1348 737 1402 causti
784 1348 1001 1404 illorum
1031 1350 1086 1403 in
1131 1349 1374 1403 Ecclesia
1405 1356 1593 1419 typum
1643 1356 1812 1411 tenet,
1849 1347 1941 1416 qui
1996 1361 2151 1401 suum

561 1454 761 1510 corpus
781 1448 836 1494 et
865 1441 1102 1495 animam
1128 1441 1238 1495 Deo
1268 1455 1591 1495 consecrare
1619 1455 1718 1510 per
1749 1440 1927 1510 ignem
1952 1437 2151 1492 amoris

561 1532 707 1588 illius
735 1543 1002 1603 quaerunt,
1028 1535 1432 1604 perseverantia
1464 1535 1661 1589 horum
1708 1534 1762 1588 in
1790 1533 1932 1588 bona
1957 1547 2150 1602 opera-

562 1624 709 1679 tione
735 1641 832 1694 per
870 1625 1261 1696 longitudinem
1293 1626 1502 1690 altaris,
1540 1625 1839 1696 amplitudo
1882 1626 1937 1679 in
1975 1624 2153 1680 chari-

561 1721 671 1768 tate
719 1714 813 1770 Dei
867 1725 921 1770 et
970 1717 1205 1787 proximi
1255 1733 1355 1786 per
1410 1717 1935 1787 latitudinem,’spes
1966 1716 2022 1770 in
2061 1731 2154 1771 ex-

559 1809 896 1877 spectatione
928 1811 1122 1866 divinze
1160 1811 1490 1866 visitationis
1517 1828 1614 1882 per
1639 1812 1984 1866 altitudinem
2021 1811 2152 1882 ﬁgu-

2251 621 2315 660 eo
2365 607 2505 676 quod
2547 605 2657 660 sint
2711 607 2958 662 membra
3003 605 3202 660 summi
3245 609 3551 674 sacerdotis,
3593 610 3737 672 Domini

2251 700 2422 754 nostri
2449 697 2576 754 Jesu
2600 699 2824 754 Christi.
2858 699 2927 754 Et
2947 707 3097 755 recte
3116 699 3244 755 huic
3265 701 3382 756 vasi
3408 700 3648 773 Scriptura
3667 725 3737 764 ma

2252 791 2328 845 ris
2380 803 2577 847 nomen
2632 791 2843 857 indidit,
2902 791 2957 846 in
3003 791 3324 847 memoriam
3363 793 3594 851 videlicet
3632 805 3737 857 maris

2252 882 2421 938 Rubri
2448 882 2502 938 in
2541 898 2650 953 quo
2674 883 2826 954 prius
2853 899 2952 953 per
2982 884 3404 941 exstinctionem
3428 884 3736 958 Egyptiornm,

2253 982 2308 1030 et
2329 974 2510 1046 populi
2535 975 2630 1030 Dei
2658 975 3035 1031 liberationem
3061 976 3319 1047 baptismi
3353 975 3520 1033 forma
3545 986 3737 1050 praecessit

2253 1066 2449 1139 (Exod.
2474 1067 2608 1140 xw),
2639 1077 2941 1138 exponente
2979 1068 3240 1139 Apostolo
3285 1061 3370 1124 eis
3401 1070 3623 1127 dicente:
3647 1073 3736 1139 Quo-

2251 1158 2395 1212 niam
2428 1167 2603 1230 patres
2632 1162 2797 1213 nostri
2827 1176 3002 1214 omnes
3030 1161 3125 1214 sub
3153 1161 3287 1214 nube
3319 1159 3540 1229 fuerunt,
3569 1173 3607 1216 et
3628 1181 3737 1220 omne:

2250 1265 2396 1302 mare
2429 1235 2766 1313 transierunt,
2797 1259 2846 1304 et
2870 1266 3045 1304 omnes
3070 1251 3122 1304 in
3157 1249 3340 1320 Moyse
3367 1249 3739 1320 baptizatimtii

2254 1343 2385 1396 nube
2417 1351 2465 1395 et
2504 1344 2561 1397 in
2611 1345 2746 1397 mari
2804 1341 2856 1415 (Ι
2893 1341 3015 1398 Cor.
3057 1345 3136 1414 x).
3187 1344 3584 1402 Sacramentum
3626 1360 3737 1405 autem

2252 1434 2508 1505 baptismi
2553 1445 2608 1494 et
2649 1438 2774 1493 vitae
2812 1439 2971 1493 nobis
3023 1439 3350 1494 munditiam
3392 1441 3570 1510 quaerit
3607 1442 3649 1496 in
3680 1444 3738 1498 hoc

2255 1528 2473 1595 saeculo,
2519 1536 2574 1583 et
2604 1529 2729 1584 vita:
2755 1529 2911 1584 nobis
2960 1538 3180 1585 :eternae
3210 1530 3440 1602 gloriam
3488 1532 3737 1602 promittitin

2253 1619 2456 1675 futuro.
2489 1618 2640 1687 Quod
2665 1628 2958 1690 utrumque
3000 1622 3055 1676 in
3085 1622 3224 1676 mari
3257 1623 3363 1678 hoc
3404 1638 3542 1678 teneo
3566 1639 3647 1678 una
3666 1640 3738 1678 sea-

2255 1716 2422 1771 tentia
2471 1717 2801 1787 designatur,
2840 1732 2962 1772 cum
3009 1731 3132 1772 esse
3155 1717 3347 1772 decem
3377 1717 3640 1772 cubitorum
3661 1719 3738 1771 ala-

2255 1809 2345 1862 bio
2395 1809 2462 1863 ad
2512 1809 2714 1864 labium
2767 1809 3106 1879 perhibetur.
3163 1809 3366 1866 Decem
3421 1824 3626 1878 namque
3665 1825 3740 1879 prs-

560 1910 735 1956 ratur.
788 1902 940 1969 Quod
1003 1911 1183 1959 autem
1244 1905 1521 1974 longitudo
1575 1913 1629 1959 et
1680 1905 1904 1960 latitudo
1966 1891 2228 1959 altarisB
2257 1901 2428 1972 ceptis
2475 1901 2527 1954 in
2578 1900 2696 1972 lege
2747 1901 3013 1957 Dominus
3053 1902 3258 1968 omnia,
3292 1917 3414 1971 qua:
3446 1901 3603 1956 facere
3622 1900 3740 1955 debes-

559 1994 876 2048 vieenorum
928 2003 1046 2049 erat
1082 1996 1411 2061 cubitorum,
1453 2011 1704 2067 magnam
1750 1996 1936 2065 utique
1977 1995 2154 2066 perfe-

559 2086 797 2140 ctionem
836 2085 1081 2158 designat
1127 2087 1369 2158 ejusdem
1396 2086 1682 2142 indefessae
1722 2087 2152 2156 longanimitatis

559 2193 625 2233 ac
646 2178 873 2234 sincerae
887 2178 1213 2245 dilectionis,
1242 2196 1363 2250 quae
1385 2195 1482 2251 per
1505 2180 1791 2250 utriusque
1816 2180 2149 2236 Testamenti

559 2269 715 2324 nobis
770 2271 1174 2326 observantiam
1214 2273 1493 2327 tribuitur.
1543 2272 1749 2340 Quater
1805 2273 1950 2327 enim
1999 2271 2150 2341 quini

545 2362 893 2440 ovicenarium
917 2379 1204 2418 numerum
1230 2364 1523 2434 complent.
1549 2363 1800 2435 Quinque
1822 2372 2005 2418 autem
2025 2363 2151 2417 libri

557 2449 808 2512 Mosaicae
832 2456 990 2529 legis,
1014 2466 1248 2530 quatuor
1270 2464 1453 2512 autem
1484 2467 1610 2512 sunt
1633 2457 1958 2528 evangelica:
1989 2457 2152 2512 liber-

555 2550 706 2605 tatis.
757 2549 977 2606 Etcum
1026 2553 1093 2606 ad
1147 2551 1561 2622 intelligentiam
1613 2559 1775 2621 atque
1846 2551 2150 2606 custodiam

554 2642 691 2712 legis
719 2644 1041 2713 spiritalem,
1074 2644 1378 2699 illustrante
1428 2643 1706 2712 Evangelii
1737 2644 1933 2715 gratia,
1965 2657 2156 2713 perve-

557 2736 757 2802 nimus,
791 2739 1131 2793 vicenarium
1171 2736 1416 2809 profecto
1466 2751 1754 2792 numerum
1798 2736 2148 2808 perﬁcimus;

557 2825 726 2897 ﬁtque
765 2827 909 2883 idem
940 2844 1201 2883 numerus
1227 2830 1286 2884 in
1307 2829 1640 2900 longitudine
1669 2835 1726 2884 et
1768 2826 2052 2882 latitudine
2079 2827 2154 2881 al-

557 2919 718 2983 taris,
751 2936 876 2974 cum
905 2921 1071 2975 corda
1097 2921 1418 2986 electorum,
1451 2921 1682 2977 docente
1700 2928 1934 2990 utroque
1957 2919 2150 2974 Testa-

559 3017 766 3073 mento,
793 3019 847 3064 et
875 3009 1166 3080 adjuvante
1197 3012 1314 3082 ipso
1342 3026 1452 3066 uno
1498 3011 1785 3080 utriusque
1817 3008 2151 3064 Testamenti

557 3107 806 3165 auctore,
837 3108 891 3156 et
913 3103 1378 3172 perseverantiam
1406 3103 1533 3159 boni
1554 3103 1735 3174 operis
1763 3103 1929 3158 etiam
1953 3103 2008 3158 in
2036 3119 2154 3174 per-

555 3194 925 3252 secutionibus
950 3206 1188 3262 servant,
1222 3205 1277 3252 et
1297 3197 1630 3252 hilaritatem
1657 3197 1963 3252 dilectionis
1988 3197 2154 3252 etiam

555 3285 612 3341 in
658 3301 751 3343 eos
792 3289 885 3360 qui
940 3286 1360 3362 persequuntur,
1397 3292 1675 3347 exhibent.
1713 3291 1949 3345 Denario
2003 3291 2149 3345 enim
2183 3261 2228 3324 Ο

552 3396 783 3436 numero
812 3398 937 3452 spes
964 3385 1271 3441 cmlcstium
1301 3384 1652 3455 prazmiorum
1692 3382 1829 3438 solet
1852 3382 2148 3452 designari,

555 3473 787 3528 Domino
818 3475 1145 3544 aﬁirmante,
1175 3493 1299 3534 cum
1321 3493 1435 3543 eos,
1475 3479 1567 3547 qui
1594 3478 1754 3532 vinea
1777 3477 1959 3549 magni
1982 3477 2152 3548 patris

554 3563 791 3622 familias
814 3568 1086 3636 laborant,
1111 3572 1340 3626 denario
1378 3572 1812 3627 remunerandos
1837 3587 1958 3627 esse
1986 3578 2154 3626 testa-

556 3665 647 3712 tur
695 3658 913 3729 (Matth.
967 3662 1082 3735 xx).
1142 3663 1208 3718 Et
1259 3663 1402 3719 idem
1458 3664 1652 3731 altare,
1700 3664 1844 3735 quod
1882 3664 1936 3718 in
1976 3663 2151 3735 figura

555 3749 762 3806 factum
792 3762 876 3808 est
923 3754 1242 3820 electorum,
1277 3753 1348 3811 ob
1390 3756 1803 3827 signiﬁcandam
1835 3771 2026 3810 eorum
2066 3757 2152 3810 vi-

553 3852 668 3900 tam
712 3856 1033 3918 perpetuam
1063 3849 1249 3904 decem
1297 3849 1496 3904 cubitis
1522 3848 1694 3904 altum
1719 3863 1840 3904 esse
1865 3857 2144 3904 narratur.

573 3963 576 3966 ι
630 3937 782 3994 Mare
835 3943 993 3994 etiam
1024 3941 1183 4010 fusile
1229 3941 1405 3996 decem
1437 3941 1626 3995 cubitis
1655 3960 1688 3995 a
1715 3940 1857 3995 labia
1889 3957 2054 4012 usque
2081 3941 2150 3995 ad

553 4029 776 4095 labium,
843 4031 1128 4084 rotundum
1177 4048 1269 4102 per
1316 4033 1616 4097 circuitum,
1675 4031 1903 4102 quinque
1953 4030 2151 4085 cubitos

553 4119 777 4174 habebat
825 4120 1141 4185 altitudinis,
1197 4132 1246 4176 et
1293 4122 1562 4190 funiculus
1606 4121 1824 4192 triginta
1855 4120 2151 4175 cubitorum

556 4209 818 4284 ambiebat
859 4230 1045 4284 gyrum
1082 4215 1218 4284 ejus.
1259 4212 1564 4269 Similitudo
1596 4228 1800 4284 quoque
1855 4209 2011 4265 boum
2039 4220 2152 4265 erat

541 4279 734 4358 .subter
771 4279 927 4372 illud,
977 4318 1026 4362 et
1071 4279 1248 4362 decem
1296 4307 1492 4379 cubitis
1540 4279 1784 4377 qutedam
1829 4309 2151 4362 extrinsecus

556 4394 823 4452 caelatura:
847 4399 997 4469 quasi
1037 4398 1240 4452 duobus
1270 4399 1501 4453 uersibus
1538 4397 1714 4452 alvum
1737 4399 1899 4452 maris
1929 4399 2154 4454 circum:

552 4490 720 4545 ibant.
744 4491 911 4548 Boves
933 4502 1107 4547 autem
1136 4502 1288 4546 erant
1319 4491 1522 4561 fusiles,
1555 4500 1603 4545 et
1628 4493 1800 4564 ipsum
1832 4510 1976 4548 mare
1998 4509 2154 4562 super

554 4583 832 4637 duodecim
879 4585 1026 4638 boves
1056 4585 1358 4654 impositum
1402 4592 1514 4637 erat
1548 4596 1813 4654 :quorum
1843 4592 1948 4638 tres
1983 4585 2148 4654 respi-

555 4673 759 4752 ciebant
807 4675 875 4728 ad
917 4675 1235 4746 aquilonem,
1285 4683 1332 4729 et
1359 4674 1452 4728 alii
1478 4685 1583 4729 tres
1625 4675 1968 4741 occidentem,
1992 4692 2150 4745 porro

554 4763 651 4819 alii
685 4774 787 4819 tres
808 4767 1100 4832 meridiem,
1130 4777 1178 4822 et
1205 4778 1308 4823 tres
1343 4770 1432 4839 qui
1462 4768 1649 4838 reliqui
1672 4777 1846 4833 erant,
1873 4769 2146 4835 orientem,

554 4873 701 4912 mare
726 4858 973 4913 habentes
1004 4861 1410 4932 superpositum.
1458 4859 1763 4914 Posteriora
1793 4869 1968 4914 autem
1994 4859 2149 4914 boum

553 4959 706 5004 erant
733 4951 1052 5006 intrinsecus
1077 4952 1174 5006 sub
1200 4953 1356 5006 mari.
1388 4950 1563 5006 Porro
1594 4955 1810 5007 vastitas
1839 4953 1956 5023 ejus
1985 4952 2148 5007 habe-

555 5043 644 5098 bat
674 5061 977 5100 mensuram
1006 5045 1195 5116 palmi,
1231 5054 1279 5099 et
1312 5045 1511 5099 labium
1558 5044 1702 5099 illius
1733 5054 1845 5099 erat
1870 5046 2024 5114 quasi
2070 5043 2150 5097 la-

554 5137 696 5192 bium
723 5138 924 5204 calicis,
959 5138 1034 5192 vel
1075 5139 1295 5208 rependi
1324 5137 1443 5192 lilii.
1473 5137 1722 5210 Cupiebat
1763 5154 1967 5209 quoque
2001 5153 2149 5191 men-

553 5245 694 5283 sura:
723 5231 829 5284 tria
874 5227 1046 5284 millia
1077 5239 1340 5284 metretas.
1377 5230 1503 5286 Haec
1555 5230 1745 5286 eadem
1783 5229 1840 5284 in
1867 5229 2008 5283 libro
2035 5226 2145 5282 Re-

554 5336 684 5391 gum
715 5322 1084 5387 continentur,
1109 5322 1238 5376 licet
1277 5325 1566 5379 commisto
1589 5323 1781 5377 ordine
1811 5321 2143 5377 referantur.

561 5413 712 5469 Unde
744 5429 809 5469 ea
839 5429 960 5485 quae
1015 5415 1089 5470 ibi
1121 5415 1174 5470 in
1195 5416 1441 5487 ejusdem
1477 5416 1582 5471 loci
1612 5415 1949 5486 expositione
2002 5414 2146 5469 dicta

556 5512 704 5572 sunt,
735 5506 826 5561 hic
877 5508 1110 5562 maxima
1140 5525 1207 5565 ex
1252 5519 1408 5579 parte
1441 5508 1570 5579 poni
1615 5507 1811 5578 placet.
1842 5507 1988 5562 Mare
2021 5507 2142 5577 qui-

557 5599 680 5653 dem
707 5599 812 5653 hoc
855 5598 1014 5655 fusile
1046 5601 1099 5655 in
1125 5600 1357 5673 ﬁguram
1402 5601 1602 5655 lavacri
1631 5600 1908 5665 salutaris,
1938 5614 2046 5670 quo
2089 5600 2143 5654 in

558 5693 935 5749 remissionem
984 5705 1335 5765 peccatorum
1382 5697 1759 5761 emundamur,
1802 5697 2004 5752 factum
2038 5704 2141 5752 est.

558 5784 800 5860 Namque
845 5791 1155 5844 sacerdotes
1187 5790 1240 5844 in
1268 5805 1333 5845 eo
1355 5789 1692 5859 lavabantur,
1723 5799 1783 5846 ut
1810 5789 1990 5846 Verba
2016 5790 2141 5844 Die-

562 5894 680 5932 rum
732 5880 785 5934 in
831 5881 1181 5952 sequentibus
1235 5889 1522 5938 testantur.
1580 5883 1904 5939 Sacerdotes
1957 5891 2142 5936 autem

2175 4633 2230 4694 D

2255 2007 2399 2058 mus,
2430 1993 2697 2063 expressit
2733 1992 2932 2071 (Exod.
2957 1993 3073 2064 xx).
3103 1993 3341 2048 Denario
3364 2008 3510 2064 teque
3531 1991 3738 2054 mercedem

2253 2083 2661 2142 benefactorum
2700 2086 2952 2158 signavit,
2978 2102 3102 2141 cum
3133 2088 3282 2142 hunc
3311 2088 3366 2142 in
3392 2087 3540 2144 vinea
3575 2086 3739 2141 laboran-

2254 2181 2399 2235 tibus
2445 2181 2679 2236 dandum
2711 2194 2829 2235 esse
2876 2181 3128 2250 praedixit
3155 2179 3378 2252 (Matth.
3403 2180 3513 2251 xx).
3542 2179 3645 2234 Erat
3669 2192 3740 2246 ergo

2254 2287 2406 2327 mare
2452 2271 2641 2328 decem
2689 2271 2998 2326 cubitorum
3035 2288 3066 2326 a
3114 2272 3263 2328 labio
3313 2287 3479 2342 usque
3501 2273 3559 2326 ad
3599 2271 3738 2334 labium,
3814 2337 3815 2344 γ

2253 2366 2380 2435 quia
2419 2379 2449 2418 a
2476 2364 2653 2434 primo
2676 2363 2950 2434 baptizato
2975 2366 3029 2419 in
3051 2365 3274 2419 nomine
3295 2363 3423 2420 Jesu
3447 2364 3620 2420 Christi
3640 2379 3740 2432 usque

2256 2458 2323 2512 ad
2349 2457 2623 2522 ultimum,
2675 2455 2768 2526 qui
2819 2457 2872 2510 in
2901 2456 3006 2510 ﬁne
3035 2457 3226 2512 mundi
3248 2456 3546 2512 crediturus
3567 2465 3610 2510 et
3638 2456 3740 2522 bapti-

2255 2550 2461 2604 zandus
2510 2558 2614 2615 est,
2657 2549 2835 2604 omnis
2869 2549 3107 2604 ﬁdelium
3143 2551 3349 2606 chorus
3376 2565 3529 2606 unam
3561 2548 3739 2605 eamdem-

2255 2659 2360 2713 que
2384 2644 2529 2697 viam
2559 2642 2808 2698 veritatis
2843 2642 3076 2712 ingredi,
3109 2651 3164 2698 et
3193 2658 3529 2698 communem
3550 2658 3576 2696 a
3599 2640 3741 2696 Domino

2255 2737 2418 2791 debet
2467 2749 2727 2790 coronam
2772 2749 2994 2803 sperare
3018 2732 3274 2801 iustitiae.
3311 2733 3596 2790 Rotundum
3614 2731 3739 2786 eratin

2256 2828 2510 2894 circuitu,
2551 2836 2613 2882 ut
2640 2828 2789 2884 orbis
2836 2828 3120 2883 universus
3161 2828 3216 2882 in
3261 2843 3394 2901 gyro
3422 2827 3606 2883 lavacro
3625 2825 3739 2878 vita:

2255 2922 2414 2978 sorde
2437 2930 2787 2994 peccatorum
2823 2923 3205 2994 designaretur
3231 2938 3355 2979 esse
3380 2922 3678 2978 mundandus.
3699 2916 3739 2970 De

2256 3030 2362 3086 quo
2420 3017 2556 3070 bene
2610 3015 2860 3071 subditur
2908 3034 2921 3068 :
2974 3016 3203 3086 quinque
3263 3015 3543 3069 cubitorum
3600 3008 3739 3065 altitudo

2257 3105 2404 3176 ejus;
2432 3106 2558 3175 quia
2591 3105 2848 3160 nimirum
2878 3106 3140 3177 quidquid
3162 3107 3307 3174 visu,
3348 3105 3585 3177 quidquid
3609 3102 3737 3160 auditu,

2260 3201 2521 3272 quidquid
2558 3200 2783 3265 olfactu,
2825 3199 3088 3270 quidquid
3147 3208 3332 3272 gustu,
3392 3197 3620 3270 quidquid
3656 3201 3738 3248 tactu

2261 3293 2610 3365 deliquimus,
2646 3301 2818 3348 totum
2846 3293 2951 3347 hoc
2979 3292 3138 3347 nobis
3168 3294 3348 3364 gratia
3375 3291 3466 3346 Dei
3493 3303 3575 3360 per
3595 3283 3737 3342 ablutio-

2259 3401 2383 3439 nem
2422 3383 2620 3438 viviﬁci
2645 3382 2811 3438 fontis
2852 3383 3079 3437 relaxat.
3114 3383 3223 3438 Sed
3257 3399 3363 3439 non
3400 3380 3574 3438 suﬂicit
3602 3384 3737 3448 prater-

2259 3475 2455 3530 itornm
2495 3473 2744 3530 remissio
2783 3481 3156 3544 peccatorum,
3207 3474 3257 3530 si
3283 3489 3391 3530 non
3418 3469 3627 3544 quisquis
3657 3465 3738 3520 dein»

2258 3584 2386 3638 ceps
2440 3567 2597 3622 bonis
2639 3567 2908 3622 studuerit
2960 3568 3212 3623 insistere
3260 3567 3527 3640 operibus.
3575 3557 3736 3627 Alioqui!l

2257 3660 2527 3726 diabolus,
2559 3660 2650 3730 qui
2677 3661 2874 3716 exierit
2903 3660 2972 3715 de
2999 3662 3242 3727 homine,
3273 3661 3320 3716 si
3347 3661 3485 3714 hunc
3507 3672 3536 3711 a
3558 3651 3671 3709 bonis
3690 3661 3737 3696 tr

2256 3765 2382 3806 care
2422 3749 2677 3820 operibus
2729 3749 2947 3815 viderit,
2997 3749 3355 3819 multiplicius
3399 3746 3546 3809 redit,
3589 3738 3738 3803 facili“e

2256 3843 2540 3898 novissima
2567 3843 2793 3897 hominis
2838 3842 2982 3897 illius
3031 3843 3214 3913 pejora
3246 3841 3503 3912 prioribus
3529 3835 3646 3909 (Luc.
3682 3837 3735 3892 Ill-

2256 3933 2413 3991 Unde
2434 3941 2560 4005 apte
2581 3933 2829 3989 subditur
2866 3953 2878 3988 :
2918 3932 2988 3987 Et
3015 3933 3289 4002 funiculus
3313 3933 3520 4003 triginta
3537 3926 3736 3982 cubitem
3816 3926 3817 3972 γ

2255 4025 2517 4081 ambiebat
2553 4042 2740 4098 gyrum
2768 4026 2882 4096 ejus
2912 4039 2930 4077 .'
2959 4039 3059 4096 per
3087 4023 3391 4082 funiculum
3415 4034 3614 4092 namque
3637 4010 3736 4069 disci-

2254 4119 2401 4188 plina
2447 4126 2840 4189 praaceptorum
2881 4117 3206 4183 cmlestium,
3229 4134 3342 4189 qua
3364 4132 3395 4172 a
3425 4112 3598 4172 nostris
3618 4106 3736 4160 volun-

2256 4211 2462 4266 tatibus
2491 4211 2806 4283 religamur,
2853 4217 3034 4282 potest
3074 4218 3266 4281 aperte
3314 4207 3524 4282 signari,
3550 4200 3735 4269 Scriptura

2255 4303 2471 4359 dicente
2518 4322 2530 4356 :
2577 4302 2717 4369 Quia
2770 4303 3038 4373 funiculus
3092 4302 3286 4374 triplex
3327 4300 3519 4374 diﬁcile
3565 4289 3735 4359 rumpit"

2220 4429 2224 4432 -
2257 4396 2428 4468 (Eccl.
2458 4395 2537 4468 1v)
2576 4415 2590 4452 :
2635 4397 2761 4466 quia
2812 4396 3067 4452 nimirum
3115 4396 3422 4452 observatio
3462 4386 3732 4447 mandatorum

2256 4489 2372 4554 Dei,
2407 4505 2528 4560 quae
2571 4491 2625 4544 in
2668 4490 2920 4546 cordibus
2970 4490 3269 4547 electorum
3325 4490 3446 4554 ﬁde,
3475 4499 3556 4556 spe
3591 4488 3632 4536 et
3657 4473 3733 4530 dile-

2257 4582 2436 4637 ctione
2471 4596 2719 4651 supernae
2748 4583 3122 4638 retributionis
3159 4583 3374 4637 ﬁrmata
3403 4588 3498 4645 est,
3518 4573 3632 4632 nullo
3649 4578 3732 4622 tem-

2255 4673 2523 4744 poralium
2565 4689 2745 4729 rerum
2784 4682 2963 4744 potest
3011 4675 3292 4731 obstaculo
3334 4669 3552 4730 dissolvi.
3576 4653 3729 4755 Ει

2254 4776 2415 4838 ptura
2431 4767 2619 4823 subter
2643 4766 2847 4822 labium
2876 4767 3252 4822 circumdabat
3271 4767 3399 4823 illud
3425 4765 3587 4820 decem
3607 4750 3730 4810 cubitis

2255 4859 2503 4914 ambiens
2531 4873 2701 4914 mare.
2733 4858 2849 4914 Duo
2878 4858 3099 4914 ordines
3121 4857 3506 4929 sculpturarum
3537 4842 3728 4929 histrial-‘Ij

2253 4969 2376 5007 rum
2405 4963 2563 5008 erant
2610 4951 2815 5007 fusilcs.
2863 4951 2998 5006 Cum
3051 4925 3368 5021 praedictum
3399 4949 3465 5003 sit
3493 4953 3621 5011 supra
3643 4925 3727 5002 0"“!

2256 5045 2514 5101 resticula
2549 5045 2770 5115 triginta
2816 5042 3120 5098 cubitorum
3175 5057 3326 5096 mare
3383 5027 3667 5094 circumieril,
3698 5024 3726 5069 τί

2253 5153 2396 5192 nunc
2425 5135 2642 5190 additur
2667 5134 2810 5205 quod
2841 5134 3117 5205 sculptura
3151 5134 3257 5189 hoc
3295 5131 3470 5188 subter
3497 5121 3652 5178 labium
3672 5124 3726 5180 ΡΟ·

2252 5234 2356 5289 sita
2385 5233 2576 5288 decem
2606 5231 2803 5286 cubitis
2834 5230 3106 5297 ambicrit,
3143 5238 3293 5301 patet
3322 5243 3384 5284 ex
3415 5231 3606 5290 utraque
3643 5207 3725 5265 rth‘

2255 5327 2420 5391 tione,
2453 5325 2580 5396 quia
2607 5340 2704 5380 vas
2731 5333 2849 5380 erat
2878 5325 2932 5379 in
2970 5325 3190 5380 modum
3224 5322 3412 5396 phialae
3439 5311 3723 5396 repandumsc

2252 5391 2526 5480 diﬁ‘usum,
2556 5428 2664 5484 quo
2695 5430 2725 5468 a
2768 5414 2990 5486 triginta
3019 5391 3516 5473 cubitis-circuitus,
3551 5411 3650 5473 quos
3669 5391 3722 5444 bii

2251 5507 2414 5564 bebat
2439 5508 2495 5562 in
2530 5506 2696 5581 labio,
2728 5521 2901 5576 usque
2928 5508 2996 5563 ad
3025 5508 3211 5562 decem
3245 5516 3326 5562 est
3352 5503 3538 5560 cubitos
3561 5491 3721 5585 com.”

2251 5611 2386 5656 tum.
2443 5599 2731 5670 Sculptura
2772 5608 2957 5656 autem
2987 5601 3237 5656 histriata
3281 5609 3378 5665 est,
3425 5608 3528 5667 quae
3549 5585 3719 5642 hislomS

2250 5708 2434 5748 rerum
2481 5693 2688 5764 aliquas
2725 5692 2990 5748 imitatur.
3021 5693 3174 5750 Unde
3204 5701 3349 5750 recte
3391 5701 3478 5762 per
3508 5674 3719 5764 sculllw"?s

2250 5756 2802 5856 histriatasiquibus
2865 5802 3015 5843 mare
3075 5786 3506 5844 circumdabatur,
3550 5756 3716 5856 exempli

2251 5887 2377 5935 sunt
2403 5851 2646 5948 priorum
2672 5887 2980 5950 temporum
3019 5880 3316 5954 designata,
3349 5889 3456 5947 qua:
3483 5851 3716 5925 nece-95”“
