3920 6530
218 431 335 512 ssi

1108 440 1461 505 COMMENT.
1501 443 1573 504 IN
1606 437 2167 502 PARALIPOMENA.
2205 472 2278 487 --
2311 442 2441 502 LIB.
2476 444 2567 502 Ill.

3388 454 3497 513 449

215 586 327 629 nos
369 568 599 627 solerter
626 565 843 635 intueri,
870 572 932 624 ut
967 564 1271 632 videamus,
1311 566 1508 635 quibus
1552 563 1809 647 operibus
1833 561 2079 623 Astahit
2110 581 2123 617 :
2155 562 2245 647 sic,
2261 571 2317 620 et
2341 565 2555 622 animus
2605 566 2904 625 electorum
2930 568 3081 627 nullo
3134 534 3495 635 mutationum

218 663 401 720 sancti
430 661 544 718 Deo
568 658 874 734 placuerint
902 658 971 714 ab
1005 656 1182 723 initio,
1212 671 1320 727 qua
1358 655 1724 711 obstinatione
1752 646 1810 709 in

217 756 525 816 sceleribus
540 754 906 828 perdurarint,
932 760 1135 823 quanta
1155 748 1478 805 infelicitate
1501 748 1571 805 ob
1600 747 1811 804 scelera

215 850 490 924 perierint
524 849 760 921 reprobi.
790 847 859 902 Et
893 846 1074 903 stabat
1115 860 1279 916 super
1303 843 1586 899 duodecim
1620 842 1811 909 boves,

216 959 254 999 e
286 942 481 1014 quibus
506 950 619 998 tres
645 939 1013 1012 respiciebant
1052 938 1120 994 ad
1146 937 1474 1009 aquilonem,
1505 943 1564 991 et
1602 943 1717 991 tres
1740 933 1812 990 ad

214 1035 580 1101 occidentem,
615 1040 671 1089 et
708 1040 821 1088 tres
850 1031 918 1086 ad
955 1029 1258 1096 meridiem,
1307 1037 1363 1084 et
1393 1035 1507 1085 tres
1534 1027 1601 1083 ad
1629 1026 1813 1082 orien-

216 1132 357 1180 tem.
400 1124 694 1180 Duodecim
725 1138 855 1179 vero
874 1122 1040 1178 boves
1068 1120 1355 1177 duodecim
1396 1130 1524 1176 sunt
1554 1119 1807 1190 apostoli,

212 1226 279 1271 et
299 1231 488 1272 omnes
512 1215 604 1285 qui
628 1215 747 1270 vice
763 1230 952 1270 eorum
981 1213 1273 1287 regendam
1294 1212 1351 1268 in
1377 1212 1597 1269 Christo
1626 1225 1812 1268 susce-

210 1316 420 1377 perunt
467 1307 771 1363 Ecclesiam
835 1314 1100 1363 sanctam.
1174 1304 1280 1374 Qui
1308 1303 1593 1360 'nimirum
1641 1304 1809 1359 boves

210 1418 375 1457 mare
430 1403 530 1458 sibi
563 1384 1039 1474 superimpositum
1102 1407 1342 1473 portant,
1399 1414 1522 1455 cum
1577 1396 1807 1468 apostoli

210 1493 701 1564 apostolorumque
735 1508 1080 1549 successores
1116 1492 1421 1563 injunctum
1450 1490 1553 1545 sibi
1582 1503 1810 1560 evange-

210 1584 420 1639 lizandi
443 1584 679 1641 cilicium
702 1593 953 1657 prompta
974 1585 1199 1655 implere
1219 1584 1504 1640 devotione
1530 1589 1805 1656 satagunt.

212 1677 465 1748 Tresque
510 1678 577 1733 ad
629 1678 955 1750 aquilonem,
1001 1685 1058 1733 et
1101 1685 1214 1733 tres
1242 1678 1310 1732 ad
1353 1676 1711 1741 occidentem,
1753 1683 1811 1732 et

211 1776 332 1823 tres
374 1770 442 1825 ad
469 1770 773 1835 meridiem,
814 1777 870 1825 et
898 1778 1011 1825 tres
1048 1768 1117 1823 ad
1171 1769 1439 1824 orientem
1484 1768 1805 1838 respiciunt,

210 1874 344 1914 cum
375 1849 645 1915 universis
675 1860 930 1930 quadrati
955 1860 1106 1917 orbis
1130 1861 1376 1932 partibus
1422 1860 1585 1915 ﬁdem
1614 1860 1809 1933 przcdi-

1912 669 2140 710 occursu
2190 671 2221 710 a
2248 663 2395 711 statu
2436 672 2549 713 sua;
2594 659 2935 718 rectitudinis
2976 669 3160 733 potest
3219 666 3489 727 inclinari.

1910 745 2170 817 Cupiebat
2193 759 2345 802 mare
2375 747 2480 802 tria
2508 747 2676 804 millia
2715 759 2996 821 metretas,
3027 770 3153 811 cum
3183 772 3496 817 sacramen-

1915 845 2026 894 tum
2062 839 2402 911 baptismatis
2443 841 2499 896 in
2554 839 2662 897 ﬁde
2708 844 2929 900 sanctae
2950 845 3232 906 Trinitatis
3281 851 3492 922 datum,

1911 928 2286 986 remissionem
2314 931 2555 987 omnium
2596 942 2943 1003 peccatorum
2974 937 3031 995 in
3051 954 3111 995 se
3136 940 3336 999 ablutis
3357 958 3492 1000 con-

1910 1020 2057 1077 ferre
2084 1022 2366 1093 probatur.
2388 1022 2540 1079 Alias
2572 1033 2758 1083 autem
2788 1036 2940 1084 mare
2974 1032 3225 1103 capiebat
3246 1034 3353 1091 duo
3373 1036 3492 1091 mil-

1910 1112 1985 1168 lia
2011 1114 2186 1169 batos.
2230 1114 2394 1171 Batus
2435 1131 2667 1187 namque
2703 1116 3056 1175 Hebraeorum
3090 1138 3347 1180 mensura
3386 1132 3492 1193 est,

1910 1220 2073 1275 quam
2102 1205 2207 1276 ipsi
2233 1206 2355 1261 both
2394 1208 2700 1276 nominant,
2738 1208 2947 1266 habens
2977 1213 3191 1269 modios
3215 1222 3346 1271 tres.
3371 1215 3494 1287 Ipsa

1908 1304 1991 1352 est
2030 1305 2086 1352 et
2115 1298 2255 1368 ephi,
2283 1300 2426 1368 quod
2470 1300 2547 1354 illi
2587 1301 2721 1371 epha
2750 1316 3084 1374 nuncupant.
3116 1304 3223 1363 Sed
3263 1310 3387 1379 ephi
3423 1310 3495 1365 ad

1908 1404 2221 1446 mensuram
2243 1391 2479 1460 pertinet
2499 1392 2715 1465 frugum
2746 1398 3041 1465 variarum,
3067 1399 3255 1467 tritici,
3278 1401 3493 1470 hordei,

1907 1481 2269 1554 leguminum;
2321 1484 2481 1541 batus
2516 1501 2648 1542 vero
2693 1495 2777 1544 est
2827 1489 2884 1546 in
2936 1492 3223 1561 speciebus
3251 1492 3492 1564 liquidis,

1907 1577 2054 1645 vino,
2096 1577 2238 1646 oleo,
2277 1594 2438 1652 aqua.
2481 1581 2671 1653 Itaque
2706 1585 2884 1651 batus,
2931 1586 3060 1658 quia
3101 1595 3250 1644 certa
3302 1604 3495 1646 norma

1907 1685 2172 1727 mensurae
2200 1681 2301 1738 est,
2339 1689 2505 1745 opera
2553 1675 2803 1747 designat
2856 1678 3131 1748 aequitatis
3165 1688 3219 1735 et
3245 1679 3492 1749 justitize,

1908 1764 2103 1835 quibus
2149 1762 2206 1818 hi
2246 1765 2339 1834 qui
2393 1766 2452 1821 in
2490 1766 2870 1823 remissionem
2924 1780 3275 1840 peccatorum
3309 1770 3492 1841 bapti-

1912 1864 2124 1923 zantur,
2153 1872 2376 1913 necesse
2420 1859 2624 1915 habent
2651 1860 2883 1916 institui.
2926 1861 3092 1919 Batos
3124 1864 3323 1935 quippe
3347 1862 3497 1921 mille

208 1964 347 2012 cant
375 1966 577 2012 sancta:
605 1956 912 2013 Trinitatis.
946 1955 1189 2024 Quorum
1218 1955 1521 2027 posteriora
1551 1932 1805 2011 universa
1832 1932 1883 1995 Β
1910 1950 2154 2021 capiebat
2173 1965 2345 2017 mare,
2372 1968 2495 2007 cum
2515 1967 2655 2023 aqua
2681 1955 3026 2023 baptismatis
3044 1932 3496 2025 plebem'Judteo-

208 2047 548 2103 intrinsecus
582 2048 891 2104 latitabant.
940 2048 1274 2104 intrinsecus
1309 2062 1542 2118 namque
1590 2047 1807 2103 latitant

205 2139 472 2195 universa
499 2140 663 2195 boum
697 2139 1017 2212 posteriora,
1060 2139 1190 2211 quia
1217 2154 1323 2210 qua
1350 2140 1602 2195 mercede
1632 2139 1806 2195 sancti

202 2232 602 2302 przedicatores
625 2233 681 2288 in
710 2240 1032 2304 perpetuum
1061 2231 1353 2300 donentur,
1381 2233 1581 2288 interni
1615 2233 1806 2288 arbitri

204 2324 470 2380 examine
490 2325 605 2397 jam
634 2322 959 2396 dispositum
1001 2333 1116 2393 est;
1157 2325 1252 2381 sed
1292 2324 1470 2390 nobis,
1496 2324 1591 2395 qui
1632 2324 1807 2380 adhuc

205 2414 350 2471 foris
384 2432 590 2486 sumus,
622 2425 807 2472 manet
861 2416 1190 2473 omnimodis
1235 2414 1506 2471 occultum
1561 2433 1576 2471 :
1608 2416 1806 2488 quibus

208 2519 396 2566 tamen
426 2511 530 2567 hoc
573 2526 694 2567 esse
748 2510 1020 2568 occultum
1067 2511 1375 2566 nullatenus
1403 2518 1602 2580 potest,
1661 2511 1805 2582 quod

206 2604 391 2658 omnis
433 2604 526 2674 qui
558 2604 832 2659 lavacrum
872 2603 1127 2675 baptismi
1160 2603 1227 2659 ad
1254 2603 1484 2659 salutem
1526 2602 1726 2673 accipit
1752 2609 1808 2657 et

205 2696 402 2763 vitam,
428 2696 612 2764 fidem,
640 2711 789 2768 spem
816 2705 871 2752 et
910 2697 1233 2752 charitatem
1259 2696 1420 2751 debet
1444 2695 1672 2760 habere,
1706 2709 1805 2750 nec

204 2792 332 2847 sine
373 2792 461 2847 his
505 2792 679 2848 tribus
708 2791 1002 2847 virtutibus
1042 2790 1292 2862 quisquis
1313 2788 1646 2859 aliquidjam
1679 2803 1807 2858 ope-

206 2884 350 2951 rari,
381 2900 560 2955 neque
594 2884 800 2940 intrare
829 2884 898 2939 ad
923 2885 1091 2938 vitam
1115 2882 1285 2937 valet.
1320 2880 1474 2938 Unde
1508 2882 1565 2936 in
1594 2880 1805 2951 Regum

206 2974 354 3030 libro
405 2983 552 3032 recte
602 2974 944 3047 subjungitur
988 2973 1343 3030 :Grossitudo
1392 2981 1569 3027 autem
1622 2971 1805 3026 luteris

205 3066 372 3119 trium
405 3050 683 3120 unciarum
729 3076 842 3120 erat
875 3065 961 3137 (ΙΙ
998 3064 1122 3136 Reg.
1159 3064 1281 3136 vn).
1328 3064 1650 3120 Grossitudo
1693 3072 1807 3118 ete-

206 3159 328 3211 nim
352 3158 543 3214 luteris
566 3158 620 3212 in
650 3159 786 3212 mari
808 3157 1039 3212 firmitas
1066 3165 1152 3213 est
1172 3158 1391 3213 virtutis
1412 3157 1468 3211 in
1493 3157 1800 3226 baptismo;

204 3257 268 3300 ct
298 3246 460 3301 trium
489 3248 773 3301 unciarum
810 3256 894 3302 est
930 3247 1045 3302 haec
1073 3247 1401 3319 grossitudo,
1433 3247 1563 3302 dum
1606 3247 1802 3302 robore

206 3338 340 3393 ﬁdei
362 3348 417 3395 et
447 3339 563 3410 spei
612 3348 667 3395 et
692 3340 1000 3396 dilectionis
1028 3341 1305 3412 perceptio
1353 3340 1610 3412 baptismi
1655 3356 1803 3396 com-

206 3428 477 3483 munitur.
524 3427 713 3501 Neque
741 3430 899 3485 aliter
926 3431 1231 3503 proﬁcuum
1269 3445 1391 3486 esse
1412 3430 1804 3500 accipientibus

205 3521 539 3588 ostenditur,
596 3522 703 3578 nisi
764 3524 958 3579 harum
1010 3522 1168 3588 ﬁrma
1215 3523 1484 3579 certitudo
1539 3510 1803 3578 virtutum

207 3620 454 3669 mentem
482 3614 863 3686 accipientium
893 3616 1055 3672 simul
1096 3624 1150 3672 et
1170 3629 1339 3688 opera
1367 3615 1671 3672 continuet.
1699 3615 1821 3671 Pro'

208 3718 281 3760 eo
307 3714 488 3761 autem
515 3708 663 3777 quod
706 3708 761 3763 in
792 3708 1003 3779 Regum
1030 3704 1179 3765 libro
1217 3717 1475 3765 narratur
1501 3709 1669 3764 trium
1697 3696 1803 3765 un-

209 3797 423 3861 ciarum
458 3813 579 3854 esse
606 3800 916 3871 grossitudo
954 3802 1168 3867 luteris,
1217 3802 1308 3857 hic
1339 3803 1395 3857 iu
1433 3801 1803 3873 Paralipome-

210 3903 323 3944 non
354 3904 625 3947 mensurae
649 3892 815 3964 palmi
842 3893 1041 3950 dicitur
1085 3894 1256 3965 ipsius
1290 3909 1411 3950 esse
1430 3896 1680 3952 vastitas.
1705 3894 1806 3950 Cui

212 3997 432 4053 quoque
458 3985 755 4040 concordat
782 3985 1073 4057 Josephus,
1100 3987 1305 4053 dicens,
1351 3994 1587 4057 quatuor
1611 3987 1805 4058 digito-

210 4091 337 4131 rum
378 4091 498 4132 esse
548 4079 970 4134 crassitudinem
1016 4078 1134 4149 eius
1184 4098 1197 4133 :
1249 4080 1538 4137 manifeste
1588 4081 1807 4137 demon-

211 4178 398 4229 strans
426 4188 547 4244 quae
589 4174 754 4231 fuerit
780 4176 1093 4248 magnitudo
1140 4177 1310 4247 ipsius
1346 4176 1534 4246 palmi.
1575 4174 1682 4230 Sed
1736 4173 1805 4229 ad

213 4264 463 4321 eumdem
490 4281 710 4322 sensum
758 4267 1046 4338 allegorice
1071 4266 1265 4324 referri
1307 4268 1425 4323 haec
1466 4267 1650 4323 omnia
1681 4281 1807 4337 pos-

213 4364 359 4421 sunt,
394 4357 521 4427 quia
550 4356 795 4427 quisquis
828 4357 956 4424 ﬁde,
987 4373 1080 4430 spe
1129 4364 1184 4412 et
1207 4357 1474 4412 charitate
1504 4357 1806 4411 secundum

212 4457 450 4519 quatuor
496 4451 898 4523 evangeliorum
937 4450 1245 4507 doctrinam
1293 4465 1459 4521 opera
1491 4450 1625 4506 facit
1646 4449 1807 4520 justi—

215 4541 324 4608 tiaa,
359 4549 575 4599 aeternae
616 4544 742 4599 vita:
772 4544 1080 4600 mercedem
1124 4544 1181 4599 in
1205 4543 1412 4600 caelesti
1439 4558 1609 4617 regno
1635 4544 1809 4615 perci-

211 4634 347 4707 piet.
375 4633 717 4706 Labiumque
744 4635 860 4705 eius
888 4636 1045 4707 quasi
1066 4635 1271 4692 labium
1293 4635 1482 4692 calicis
1518 4642 1574 4692 et
1605 4636 1801 4691 solium
1830 4669 1885 4730 D

214 4728 442 4797 repandi
464 4728 579 4784 lilii.
615 4727 720 4784 Per
740 4728 945 4785 labium
970 4729 1168 4800 quippe
1192 4729 1379 4784 calicis
1407 4735 1598 4800 gustus
1620 4727 1805 4783 Domi-

214 4825 356 4878 nicze
382 4824 683 4893 passionis;
734 4839 835 4895 per
888 4822 1073 4880 folium
1112 4824 1337 4894 repandi
1387 4823 1485 4878 lilii
1529 4821 1807 4893 patefacta

216 4913 437 4970 claritas
509 4915 923 4971 resurrectionis
1001 4916 1345 4987 exprimitur.
1437 4915 1807 4984 Capiebatquc

217 5023 488 5064 mensurae
521 5009 626 5062 tria
657 5008 822 5063 millia
859 5017 1140 5074 metretas,
1180 5008 1287 5074 vel,
1311 5008 1465 5078 juxta
1506 5007 1713 5078 Regum
1738 5007 1804 5061 li-

217 5102 369 5168 bros,
409 5100 515 5157 duo
560 5100 731 5156 millia
772 5101 949 5157 batos.
977 5099 1310 5156 Millenarius
1351 5114 1589 5169 namque
1617 5115 1808 5155 nume-

219 5210 312 5250 rus
360 5209 458 5265 pro
512 5194 909 5266 signiﬁcatione
985 5190 1335 5263 perfectionis
1391 5190 1532 5245 solet
1573 5191 1702 5261 poni
1754 5191 1809 5247 in

219 5288 538 5362 Scripturis,
584 5290 712 5360 quia
742 5288 1001 5344 nimirum
1028 5288 1315 5343 denarium
1354 5301 1641 5341 numerum
1669 5300 1807 5356 qua-

221 5384 440 5439 dratum
485 5384 716 5441 solidum
742 5383 893 5439 facit.
946 5383 1143 5438 Decem
1185 5380 1385 5452 quippe
1430 5380 1609 5436 decies
1649 5379 1810 5436 ducta

222 5487 440 5535 centum
461 5479 686 5535 faciunt.
730 5478 861 5546 Quae
896 5476 1150 5532 videlicet
1180 5475 1352 5547 ﬁgura
1370 5472 1486 5544 jam
1516 5475 1807 5545 quadrata,

223 5576 319 5631 sed
342 5575 518 5631 adhuc
544 5574 708 5647 plana
729 5581 833 5629 est.
860 5573 1063 5628 Verum
1089 5579 1148 5626 ut
1172 5572 1232 5626 in
1256 5570 1595 5626 altitudinem
1621 5576 1810 5638 surgat

226 5675 281 5723 ct
320 5667 491 5722 solida
535 5666 817 5733 efﬁciatur,
850 5664 1169 5737 multiplica'
1192 5675 1411 5719 centum
1446 5677 1543 5734 per
1597 5663 1808 5729 decem,

225 5773 281 5820 et
315 5763 452 5817 lium
480 5762 646 5819 mille.
674 5763 789 5830 Quo
820 5760 1063 5832 profecto
1092 5774 1319 5815 numero
1348 5758 1555 5814 stabilis
1575 5766 1630 5813 et
1655 5758 1809 5813 insu-

178 5848 181 5853 ’
227 5854 487 5927 perabilis
505 5864 561 5911 et
586 5855 734 5912 velut
774 5856 1144 5926 conquadrata
1164 5851 1436 5922 justorum
1468 5851 1806 5907 conscientia

232 5944 565 6018 designatur.
611 5947 944 6020 Quocunque
993 5946 1142 6003 enim
1179 5946 1413 6002 verteris
1456 5947 1809 6015 quadratum,

1909 2056 2030 2095 rum
2082 2041 2325 2107 abluens,
2361 2043 2429 2097 ad
2456 2058 2686 2114 regnum
2715 2044 2939 2100 caeleste
2980 2047 3302 2102 transmisit.
3331 2046 3493 2104 Reci-

1905 2133 2090 2202 piebat
2143 2142 2199 2189 et
2230 2133 2366 2190 alios
2405 2134 2569 2201 mille,
2606 2151 2732 2192 cum
2776 2138 2941 2193 etiam
2986 2138 3177 2195 turbas
3214 2141 3495 2196 nationum

1907 2227 2097 2282 eodem
2126 2225 2275 2282 fonte
2304 2236 2544 2295 renatas,
2572 2237 2629 2284 et
2664 2231 2922 2300 operibus
2943 2222 3172 2302 iustitiae
3205 2234 3497 2288 confirma-

1907 2327 2013 2386 tas,
2046 2320 2289 2389 ejusdem
2325 2312 2493 2392 regni
2523 2324 2781 2394 perennis
2829 2322 2961 2380 fecit
3012 2340 3132 2381 esse
3178 2327 3494 2397 participes.

1981 2408 2131 2465 Fecit
2172 2428 2376 2485 quoque
2418 2414 2643 2473 conchas
2688 2413 2897 2480 decem,
2953 2423 3003 2469 et
3056 2417 3228 2487 posuit
3272 2417 3499 2489 quinque

1906 2520 1940 2558 a
1984 2503 2202 2571 dextris,
2253 2514 2300 2559 et
2341 2505 2570 2578 quinque
2613 2522 2647 2559 a
2681 2505 2931 2573 sinistris,
2974 2515 3033 2561 ut
3065 2506 3299 2563 lavarent
3339 2509 3397 2563 in
3424 2510 3497 2564 eis

1905 2598 2086 2654 omnia
2115 2613 2234 2668 qua:
2267 2598 2323 2651 in
2355 2596 2723 2652 holocaustum
2760 2596 2992 2652 oblaturi
3028 2607 3198 2654 erant.
3240 2598 3411 2653 Porro
3441 2600 3499 2654 in

1907 2692 2045 2747 mari
2087 2691 2381 2747 sacerdotes
2432 2690 2766 2746 lavabantur.
2827 2690 3106 2759 Quomodo
3150 2692 3235 2747 hae
3275 2693 3499 2748 conchae

1907 2786 2064 2841 factae
2093 2784 2315 2849 fuerint,
2344 2783 2559 2854 plenius
2595 2783 2652 2838 in
2686 2782 2828 2839 libro
2853 2782 3063 2854 Regum
3100 2792 3379 2851 narratur,
3406 2782 3500 2839 ubi

1907 2878 1983 2933 ita
2009 2878 2272 2948 scriptum
2296 2884 2380 2931 est
2405 2894 2418 2931 :
2442 2875 2512 2930 Et
2538 2876 2661 2946 fecit
2682 2877 2828 2931 bases
2855 2862 3032 2932 decem
3061 2892 3247 2945 cereas,
3271 2886 3503 2948 quatuor

1907 2971 2201 3026 cubitorum
2236 2970 2581 3041 longitudinis
2622 2971 2771 3025 bases
2798 2969 3058 3042 singulas,
3086 2978 3134 3026 et
3156 2980 3387 3042 quatuor
3410 2986 3502 3025 cu-

1908 3064 2133 3118 bitorum
2168 3063 2486 3129 latitudinis,
2539 3073 2589 3119 et
2624 3065 2786 3120 trium
2831 3065 3128 3120 cubitorum
3180 3064 3497 3120 altitudinis.

1906 3153 1976 3208 Et
2014 3154 2182 3223 ipsum
2222 3171 2351 3226 opus
2388 3155 2593 3211 basium
2628 3157 2688 3210 in
2724 3165 2865 3211 terra
2907 3155 3064 3226 fusile
3103 3166 3234 3222 erat,
3271 3165 3319 3212 et
3356 3156 3500 3213 scul-

1906 3254 2076 3316 ptura:
2112 3247 2250 3301 inter
2281 3248 2589 3318 juncturas,
2629 3257 2680 3303 et
2723 3250 2863 3304 inter
2901 3249 3181 3305 coronulas
3219 3259 3269 3305 et
3307 3250 3504 3319 plectas

1906 3337 2080 3392 leones
2122 3346 2169 3392 et
2195 3338 2345 3394 boves
2384 3349 2433 3394 et
2460 3339 2831 3406 cherubim,’et
2861 3341 2918 3396 in
2945 3342 3218 3412 juncturis
3261 3342 3506 3397 similiter

1907 3430 2152 3501 desuper,
2193 3441 2243 3486 et
2283 3450 2441 3504 super
2474 3432 2648 3489 leones
2685 3443 2734 3491 et
2769 3434 2919 3491 boves
2956 3438 3112 3508 quasi
3152 3436 3267 3492 lora
3304 3453 3370 3492 ea:
3398 3452 3503 3493 tere

1907 3516 2275 3597 dependentia,
2308 3536 2359 3582 et
2391 3537 2622 3599 quatuor
2657 3537 2787 3585 rota:
2829 3546 2924 3601 per
2965 3531 3113 3585 bases
3153 3530 3412 3603 singulas,
3453 3539 3504 3586 et

1906 3634 2032 3673 axes
2097 3620 2238 3685 arei,
2297 3629 2348 3675 et
2399 3638 2492 3692 per
2542 3629 2772 3693 quatuor
2815 3630 2993 3693 partes
3036 3622 3189 3694 quasi
3240 3619 3502 3678 humeruli

1906 3711 2084 3767 subter
2120 3711 2339 3768 laterem
2366 3712 2572 3783 fusiles,
2606 3723 2790 3770 contra
2818 3731 2873 3769 se
2899 3715 3119 3770 invicem
3147 3715 3499 3787 respicientes.

1908 3804 1982 3858 0s
2021 3821 2224 3876 quoque
2259 3804 2445 3861 lateris
2473 3806 2789 3861 intrinsecus
2824 3817 2936 3862 erat
2969 3808 3025 3862 in
3065 3807 3253 3879 capitis
3280 3806 3502 3862 summi-

1907 3905 2046 3963 tate;
2077 3905 2125 3953 et
2156 3898 2297 3968 quod
2335 3897 2631 3967 forinsecus
2674 3899 2959 3969 apparebat
2995 3900 3154 3953 unius
3197 3899 3358 3956 cubiti
3387 3908 3503 3953 erat

1906 3997 2073 4044 totum
2116 3989 2435 4057 rotundum,
2473 3991 2774 4061 pariterque
2811 3988 3032 4056 habebat
3071 4005 3236 4043 unum
3268 3988 3501 4042 cubitant

1905 4091 1955 4138 et
1988 4082 2285 4137 dimidium.
2331 4081 2402 4137 In
2442 4080 2651 4153 angulis
2699 4091 2875 4137 autem
2919 4080 3287 4136 columnarum
3342 4078 3504 4134 uaria:

1906 4180 2173 4236 caelatum
2214 4190 2383 4245 erant,
2430 4189 2480 4236 et
2514 4180 2689 4235 media
2725 4180 2864 4234 inter
2902 4176 3173 4232 columnas
3212 4173 3501 4246 quadrata,

1907 4289 2011 4328 non
2036 4274 2283 4327 rotunda.
2316 4273 2559 4339 Quatuor
2583 4288 2790 4345 quoque
2827 4278 2979 4335 rotae,
3007 4284 3127 4339 qua:
3162 4283 3255 4338 per
3273 4272 3504 4345 quatuor

1908 4364 2128 4435 angulos
2173 4365 2312 4431 basis
2360 4373 2532 4430 erant,
2574 4340 2907 4418 cohaerebant
2946 4360 3124 4415 subter
3173 4358 3305 4412 basi.
3354 4340 3506 4410 Ι]ηᾶ

1908 4469 2024 4512 rota
2068 4458 2288 4511 habebat
2322 4456 2620 4511 altitudinis
2657 4455 2889 4509 cubitum
2919 4461 2967 4506 et
2998 4451 3174 4506 semis.
3212 4446 3366 4503 Tales
3401 4461 3502 4499 au-

1909 4561 2012 4606 tem
2049 4559 2176 4605 rota!
2203 4557 2374 4616 erant,
2410 4546 2591 4621 quales
2628 4544 2796 4602 solent
2824 4545 2883 4600 in
2918 4560 3079 4599 curru
3105 4541 3242 4612 fieri.
3278 4538 3347 4593 Et
3379 4553 3504 4592 axes

1910 4658 2116 4709 eorum,
2158 4650 2206 4697 et
2242 4640 2402 4706 radii,
2435 4648 2484 4694 et
2516 4639 2715 4705 canthi,
2748 4647 2798 4693 et
2817 4634 3057 4701 modioli,
3094 4633 3270 4688 omnia
3300 4629 3501 4702 fusilia.

1912 4734 2056 4789 Nam
2099 4744 2145 4789 et
2189 4731 2453 4788 humeruli
2497 4740 2727 4803 quatuor
2762 4728 2842 4784 illi
2873 4744 2967 4799 per
3003 4724 3236 4798 singulos
3282 4719 3504 4793 angulos

1912 4828 2051 4881 basis
2094 4826 2251 4880 unius
2293 4840 2358 4879 ex
2392 4824 2510 4895 ipsa
2558 4822 2670 4877 basi
2714 4819 2897 4891 fusiles
2931 4825 2982 4873 et
3021 4814 3291 4886 conjuncti
3332 4817 3502 4866 erant.

1918 4920 1978 4975 In
2016 4919 2316 4974 summitate
2361 4924 2535 4969 autem
2578 4914 2718 4968 basis
2757 4920 2870 4967 erat
2914 4908 3159 4981 quaedam
3206 4902 3505 4957 rotunditas

1912 5012 2068 5066 unius
2096 5020 2144 5065 et
2173 5007 2379 5063 dimidii
2412 5006 2572 5060 cubiti
2602 5006 2673 5058 ita
2702 5001 3019 5074 fabrefacta,
3041 5006 3099 5051 ut
3126 4995 3265 5048 luler
3285 4993 3508 5061 desuper

1911 5113 2079 5177 posset
2124 5100 2343 5172 imponi,
2393 5098 2590 5153 habens
2639 5094 2918 5151 crelaturas
2960 5105 3085 5145 suas
3120 5094 3170 5140 et
3207 5082 3505 5177 sculpturas

1911 5170 2087 5251 uarias
2121 5170 2512 5260 ex'semetipso.
2549 5185 2780 5256 Sculpsit
2817 5197 3021 5254 quoque
3057 5179 3111 5231 in
3144 5173 3336 5230 tabulis
3374 5170 3503 5236 illis,

1911 5302 2030 5359 quis
2054 5294 2207 5338 erant
2239 5298 2304 5336 ea:
2327 5297 2453 5346 wre,
2489 5287 2536 5333 et
2563 5278 2619 5331 in
2654 5271 2863 5345 angulis
2896 5267 3182 5333 cherubim,
3225 5273 3273 5319 et
3307 5262 3503 5327 leones,

1912 5355 1963 5435 et
2003 5376 2241 5450 palmas,
2284 5374 2435 5447 quasi
2479 5372 2535 5425 in
2575 5365 2976 5423 similitudinem
3019 5355 3502 5450 stantisgliominis,

1913 5479 1970 5524 ut
1994 5448 2099 5523 non
2127 5464 2337 5529 eiulatu,
2363 5461 2452 5517 sed
2479 5458 2720 5530 apposita
2744 5472 2836 5527 per
2865 5453 3144 5508 circuitum
3186 5448 3501 5503 viderentur.

1912 5564 1983 5619 In
2022 5562 2159 5616 hunc
2200 5557 2412 5613 modum
2460 5550 2797 5625 fecit'decem
2846 5549 2993 5603 bases
3040 5545 3229 5617 fusura
3273 5558 3413 5606 una,
3456 5545 3504 5591 et

1912 5673 2162 5713 mensura
2188 5652 2560 5723 sculpturaque
2592 5643 2873 5701 consimili.
2911 5640 3062 5698 Fecit
3096 5652 3301 5712 quoque
3327 5634 3503 5687 decem

1914 5752 2104 5805 lateres
2130 5762 2318 5803 (aneos.
2347 5741 2718 5812 Quadraginta
2737 5738 2886 5793 batos
2914 5732 3150 5806 capiebat
3177 5731 3315 5784 luter
3341 5737 3503 5788 unus,

1914 5852 2125 5914 eratque
2150 5841 2389 5911 iquatuor
2426 5832 2743 5887 cubitorum.
2791 5824 3041 5899 Singulos
3075 5814 3504 5914 quoque-lateres

1914 5959 2007 6015 per
2036 5907 2271 6010 singulas
2305 5933 2443 5991 idem
2468 5927 2818 5996 decembases
2843 5922 3041 5995 posuit,
3064 5925 3173 5974 etc.
3211 5908 3333 5984 (ΙΙΙ
3370 5907 3503 5978 Reg.
