3920 6524
448 427 557 485 4ιὸ

1078 418 1161 475 .B.
1199 414 1461 479 RABANI
1495 413 1717 475 MAUBI
1746 415 2071 477 ARCHIEP.
2107 414 2418 479 MOGUNT.
2456 412 2743 475 omni
2782 412 2964 473 PARS
2999 414 3043 470 ι.

3617 408 3742 474 ιιι

452 542 573 615 vn).
600 537 889 599 Multifarie
920 535 1215 607 multisque
1252 535 1428 592 modis
1449 551 1577 606 ,una
1608 536 1904 606 eademque
1929 550 2027 591 no-
2051 535 2106 603 Α
2127 544 2348 601 nentes,
2399 550 2494 592 cor
2545 535 2617 590 ab
2661 542 2901 607 appetitu
2946 532 3279 605 voluptatum
3324 540 3738 608 malum

452 643 583 691 atrae
606 630 798 689 salutis
824 636 1162 685 sacramenta
1202 626 1641 698 pmftgurantur.
1689 627 1827 683 Nam
1868 628 2033 684 iidem
2129 630 2395 700 justitiam
2441 630 2496 687 in
2538 629 2850 699 operatione
2896 633 3160 685 tenentes.
3210 627 3404 687 Trium
3457 643 3605 686 vero
3638 644 3741 688 el-

453 722 712 796 apostoli,
766 720 978 793 virique
1016 718 1345 792 apostolici,
1394 720 1489 790 qui
1539 735 1638 790 per
1677 720 1844 777 boves
1886 733 2035 777 mare

449 823 730 891 portantes
775 812 1045 886 designati
1091 821 1260 877 sunt,
1331 812 1681 882 designantur
1726 810 1891 866 etiam
1938 826 2036 880 per

450 911 646 977 bases,
693 923 815 980 qua:
863 904 1148 980 portandis
1190 912 1347 961 erant
1396 903 1658 959 lateribus
1700 912 2033 975 praeparatae,

451 1002 719 1075 quomodo
767 1000 871 1072 ipsi
931 999 1135 1055 luteres
1195 995 1439 1067 ejusdem
1496 995 1699 1051 lavacri
1754 996 2032 1067 spiritalis,

451 1098 604 1168 cujus
656 1110 807 1151 mare
860 1102 1044 1165 typum
1104 1092 1345 1164 gerebat.
1405 1090 1685 1160 Siquidem
1740 1093 1823 1163 (ut
1861 1091 2033 1146 Verba

451 1190 674 1246 Dierum
706 1187 951 1258 narrant)
984 1186 1165 1242 omnia
1193 1186 1245 1240 in
1285 1188 1364 1242 eis
1404 1202 1524 1256 qua:
1566 1188 1622 1242 in
1663 1186 2036 1242 holocaustum

450 1284 633 1341 oblata
673 1289 831 1337 erant
873 1279 1143 1335 lavabant.
1185 1277 1574 1335 Holocaustum
1614 1286 1793 1334 antetn
1826 1276 2037 1332 Domini

451 1373 776 1447 generaliter
804 1372 983 1429 omnis
1009 1370 1306 1426 electorum
1345 1371 1634 1427 multitudo
1666 1377 1844 1441 potest
1881 1368 2037 1423 intel-

457 1473 571 1544 ligi,
603 1486 724 1543 qua:
758 1470 912 1541 juxta
938 1483 1143 1525 vocem,
1161 1467 1519 1522 Prazcursoris
1547 1466 1819 1535 baptizata
1858 1473 1940 1520 est
1969 1462 2036 1520 ab

452 1565 572 1634 ipso
613 1562 667 1618 in
721 1560 925 1632 Spiritu
960 1568 1150 1616 sancto
1188 1568 1243 1615 et
1284 1558 1407 1627 igne
1466 1556 1680 1630 (Matth.
1735 1563 1840 1627 ut).
1886 1555 2037 1612 Sicut

448 1672 580 1722 ergo
627 1654 960 1718 sacerdotes,
1010 1651 1103 1720 qui
1152 1650 1209 1706 in
1256 1649 1392 1705 mari
1442 1649 1782 1714 lavabantur,
1811 1647 2037 1705 formam

448 1745 757 1816 exprimunt
782 1759 967 1799 eorum
988 1742 1079 1812 qui
1102 1756 1200 1811 per
1221 1740 1489 1811 baptisma
1518 1738 1820 1795 efﬁciuntur
1839 1738 2036 1794 sumini

406 1818 411 1823 ”
452 1845 733 1891 consortes
762 1834 1075 1897 sacerdotii,
1105 1832 1249 1902 quod
1279 1841 1362 1887 cst
1388 1832 1444 1886 in
1473 1832 1704 1887 Domino
1730 1829 1856 1885 Jesu
1880 1830 2034 1887 Chri-

2133 722 2369 781 bitorum
2412 722 2476 777 fit
2518 720 2743 776 altitudo
2789 718 2997 776 basium
3023 760 3037 785 ,
3092 733 3216 775 cum
3253 734 3354 792 per
3396 722 3739 782 exercitium

2134 814 2418 880 virtutum,
2448 826 2584 883 quas
2612 827 2737 868 cum
2759 809 3024 883 patientia
3058 810 3325 868 malorum
3344 818 3404 869 et
3427 812 3737 872 dilectione

2134 906 2401 962 bonorum
2429 912 2706 971 exercent,
2738 903 2993 960 continua
3029 902 3329 959 intentione
3355 904 3431 961 ad
3454 904 3737 962 visionem

2135 1006 2340 1054 sancta:
2393 996 2674 1052 Trinitatis
2728 994 3010 1067 pervenire
3064 1003 3335 1067 satagunt.
3422 994 3499 1051 Et
3556 996 3735 1065 ipsum

2134 1103 2269 1159 opus
2316 1088 2528 1144 basium
2578 1087 2885 1143 interrasile
2930 1095 3082 1152 erat,
3129 1094 3184 1141 et
3234 1085 3542 1156 sculptura:
3596 1087 3735 1140 inter

2130 1185 2432 1255 iuncturas.
2469 1184 2756 1241 Juncturas
2787 1185 3001 1241 videtur
3030 1183 3210 1241 dicere
3246 1200 3340 1240 eas
3368 1185 3586 1254 quibus
3623 1184 3705 1253 ἰμ-

2134 1279 2366 1337 luterum
2414 1279 2604 1336 tabula:
2641 1280 2855 1337 sibimet
2894 1280 3125 1334 invicem
3168 1293 3430 1335 connexa:
3472 1284 3645 1339 sunt,
3685 1284 3737 1327 ut

2137 1374 2343 1430 scilicet
2404 1382 2633 1443 quatuor
2694 1372 2807 1429 sive
2857 1372 3099 1441 quinque
3155 1370 3353 1426 tabulis
3402 1384 3521 1423 una
3586 1367 3737 1421 ﬁeret

2136 1468 2300 1524 basis.
2340 1466 2494 1534 Quod
2532 1466 2766 1536 aequales
2804 1474 2986 1522 autem
3008 1464 3329 1534 ‘sculpturas
3374 1466 3546 1519 bases
3594 1462 3737 1517 inter

2136 1560 2234 1617 has
2262 1559 2564 1630 juncturas,
2603 1558 2656 1614 id
2694 1566 2798 1623 est,
2845 1557 3124 1627 impressis
3161 1556 3274 1611 suis
3304 1554 3586 1609 lateribus
3616 1562 3737 1607 ante

2136 1663 2189 1710 et
2228 1664 2396 1719 retro,
2424 1654 2612 1709 dextra
2643 1661 2698 1709 et
2723 1653 2958 1714 sinistra,
2992 1661 3049 1708 et
3089 1666 3249 1721 supra
3275 1664 3500 1721 quoque
3528 1648 3739 1703 habue-

2138 1747 2268 1814 rint,
2311 1748 2590 1804 subdendo
2633 1747 2892 1817 aperitur,
2938 1761 3063 1803 cum
3098 1745 3297 1800 dicitur
3330 1758 3346 1797 :
3375 1742 3537 1796 Inter
3583 1758 3737 1796 σοῖσι

2138 1839 2291 1895 naias
2326 1849 2374 1894 et
2401 1838 2596 1909 plectas
2641 1838 2811 1893 lectica
2848 1846 2893 1893 et
2935 1838 3107 1902 boves,
3148 1845 3197 1891 et
3242 1835 3541 1897 cherubim,
3593 1843 3645 1887 et
3686 1831 3739 1887 is

449 1933 552 1991 sto,
592 1925 667 1980 ita
703 1926 870 1979 etiam
898 1922 1217 1979 holocausta
1260 1922 1578 1977 eorumdem
1605 1921 1835 1992 ﬁguram
1864 1920 2033 1990 aptis-
2064 1919 2111 1980 Β
2130 1930 2399 2001 juncturia
2448 1927 2692 1984 similiter
2730 1929 2971 1998 desuper.
3030 1926 3146 1983 Non
3202 1927 3346 1982 enim
3393 1925 3569 1997 plana
3622 1932 3740 1980 erat

448 2020 585 2076 sitne
633 2020 1003 2090 prudentium,
1056 2032 1179 2073 cum
1228 2024 1351 2086 post
1404 2015 1735 2070 ablutionem
1780 2014 2040 2084 baptismi

448 2114 623 2185 gratia
670 2112 905 2182 Spiritus
948 2112 1122 2166 sancti
1170 2109 1481 2179 implentur.
1529 2106 1769 2163 Lavatur
1810 2122 2042 2178 namque

448 2206 506 2261 in
544 2206 718 2260 lutere
765 2203 963 2269 hostia,
997 2218 1119 2258 cum
1154 2201 1277 2271 quis
1320 2200 1558 2257 ﬁdelium
1608 2215 1747 2271 aqua
1786 2199 2039 2269 baptismi

450 2296 809 2369 perfunditur.
866 2294 1105 2352 Olfertur
1148 2310 1280 2351 vero
1332 2294 1387 2350 in
1442 2294 1846 2361 holocaustum,
1914 2310 2039 2351 cum

449 2406 547 2461 per
594 2390 997 2461 impositioncm
1046 2403 1241 2444 manus
1282 2387 1520 2458 episcopi
1566 2387 1768 2442 donum
1804 2386 2039 2457 Spiritus

458 2480 633 2537 sancti
683 2480 901 2549 accipit.
950 2476 1102 2544 Quod
1157 2493 1288 2533 vero
1356 2476 1435 2547 ad}
1478 2477 1775 2549 portandos
1839 2477 2039 2534 luteres

454 2574 640 2629 decem
680 2580 807 2628 sunt
840 2572 1001 2627 bases
1040 2570 1216 2637 factae,
1252 2578 1433 2641 potest
1475 2572 1552 2626 ita
1594 2572 1825 2642 mystice
1868 2572 2039 2627 inter-

446 2664 651 2735 pretari
696 2680 708 2692 ·
762 2664 890 2733 quia
938 2662 1174 2719 ministri
1227 2662 1427 2719 lavacri
1474 2662 1658 2718 vitalis
1705 2664 1772 2718 ad
1824 2672 2039 2721 aeternae

446 2755 644 2826 gaudia
691 2754 1082 2821 beatitudinis,
1138 2769 1259 2825 quae
1317 2755 1537 2811 denario
1591 2754 1766 2810 solent
1811 2770 2037 2811 numero

446 2845 693 2917 ﬁgurari,
721 2860 817 2901 eos
844 2859 982 2916 quos
1024 2843 1273 2900 imbuant
1301 2851 1515 2901 vocent.
1556 2844 1757 2902 Verum
1803 2845 1931 2915 quia
1967 2845 2033 2901 de

445 2941 650 2998 eisdem
689 2940 956 2999 luteribus
997 2940 1252 2999 distincte
1298 2940 1354 2996 in
1396 2942 1857 3013 consequentibus
1898 2940 2037 2997 scri-

444 3041 598 3105 ptum
627 3041 734 3100 est,
776 3034 921 3105 quod
953 3033 1200 3090 videlicet
1226 3034 1467 3105 quinque
1509 3050 1576 3091 ex
1616 3036 1702 3092 his
1730 3035 1889 3107 positi
1926 3036 2035 3093 sint

446 3122 515 3177 ad
557 3123 834 3180 dexteram
882 3131 1093 3196 partem
1147 3124 1353 3197 templi,
1405 3135 1461 3182 et
1508 3127 1745 3197 quinque
1792 3128 1863 3185 ad
1902 3128 2034 3184 sini-

443 3223 635 3283 stram,
663 3217 838 3291 magis
871 3216 927 3274 in
960 3217 1040 3273 eis
1070 3217 1305 3288 quinarii
1349 3219 1561 3274 numeri
1599 3226 1726 3274 sunt
1771 3220 2031 3277 intuenda

446 3307 726 3381 mysteria.
770 3307 831 3365 In
864 3317 1096 3379 utraque
1131 3310 1333 3365 etenim
1371 3320 1528 3381 parte
1567 3310 1751 3382 templi
1786 3320 1914 3368 sunt
1939 3328 2036 3383 po—

446 3400 565 3456 sitae
591 3402 752 3457 bases
776 3401 1032 3470 laterum,
1059 3410 1121 3458 ut
1150 3405 1367 3473 utrique
1391 3403 1487 3459 Dei
1514 3406 1715 3476 populo
1744 3405 1885 3461 sacri
1914 3403 2035 3461 fon-

446 3492 519 3548 tis
549 3493 725 3565 gratia
764 3493 1143 3568 designaretur
1185 3510 1306 3553 esse
1346 3497 1650 3568 pandenda.
1691 3499 1760 3555 Et
1794 3498 2034 3569 quinque

444 3583 502 3640 in
525 3592 760 3655 utraque
787 3594 913 3641 sunt
936 3596 1114 3656 parte,
1145 3596 1205 3642 ut
1233 3588 1643 3659 interpositione
1668 3590 1853 3657 maris,
1887 3590 2032 3660 quod

444 3676 688 3747 quinque
714 3677 912 3731 cubitis
933 3678 1102 3732 altum
1131 3693 1253 3734 esse
1273 3677 1384 3747 jam
1411 3680 1666 3747 diximus,
1698 3682 2034 3737 demonstra-

444 3776 599 3823 retur
647 3768 821 3838 typice
867 3768 1119 3825 universa
1168 3770 1450 3839 ﬁdelibus,
1500 3789 1618 3845 qua:
1658 3791 1756 3844 per
1794 3774 2034 3844 quinque

443 3870 638 3916 scnsus
656 3858 899 3928 corporis
927 3859 1285 3932 deliquerant,
1314 3876 1409 3932 per
1436 3862 1713 3918 lavacrum
1737 3864 2035 3934 baptisma-

444 3946 517 4003 tis
540 3961 660 4003 esse
696 3948 1037 4005 remittenda.
1070 3949 1163 4004 Sic
1190 3966 1319 4023 ergo
1361 3952 1417 4007 in
1451 3968 1559 4008 uno
1587 3952 1724 4008 mari
1751 3952 2033 4009 duodecim

443 4039 622 4097 bubus
671 4042 1011 4112 superposito
1063 4043 1244 4100 unitas
1292 4046 1617 4116 exprimitur
1664 4046 2030 4116 baptismatis,

445 4147 564 4203 quae
601 4147 699 4203 per
734 4135 1003 4206 apostolos
1046 4144 1161 4192 toto
1195 4148 1316 4193 erat
1361 4139 1494 4195 orbe
1539 4138 1899 4210 prmdicanda.
1950 4139 2033 4201 lta

446 4226 611 4281 etiam
650 4241 749 4298 per
785 4230 919 4285 duos
958 4229 1180 4287 ordines
1222 4231 1531 4288 litterarum
1577 4234 1805 4306 mystice
1849 4244 2033 4291 osten-

440 4316 592 4373 ditur
618 4320 763 4389 quod
787 4320 1064 4392 gentilitas
1098 4338 1221 4377 cum
1246 4322 1431 4379 Iudaea
1465 4325 1516 4379 in
1552 4341 1719 4381 unum
1749 4326 1874 4382 ﬁdei
1905 4343 2032 4384 con-

445 4408 672 4463 sortium
726 4424 825 4480 per
877 4411 1222 4482 baptismatis
1269 4423 1389 4469 erat
1443 4416 1645 4473 undam
1706 4417 2028 4490 colligenda.

446 4496 601 4565 Quod
652 4509 832 4556 autem
890 4512 1125 4573 quatuor
1184 4505 1489 4563 cubitorum
1548 4507 1928 4579 longitudinis,
1977 4518 2033 4566 et

446 4598 680 4659 quatuor
731 4591 1039 4648 cubitorum
1095 4593 1439 4663 latitudinis,
1505 4598 1667 4654 trium
1722 4600 2026 4656 cubitorum

445 4679 742 4735 altitudinis
770 4682 929 4738 bases
958 4684 1185 4757 singula:
1214 4685 1387 4754 fuere,
1418 4687 1575 4745 facile
1605 4691 1881 4747 intellectu
1912 4702 2025 4750 est:

447 4771 725 4841 longitudo
765 4775 968 4829 etenim
1010 4777 1074 4830 ad
1100 4779 1416 4847 patientiam
1461 4782 1911 4855 longanituitatis,
1948 4785 2029 4840 la-

452 4863 621 4918 .itudo
657 4865 723 4937 ad
763 4863 1133 4923 dilatationem
1180 4869 1507 4939 dilectionis,
1539 4874 1766 4929 altitudo
1795 4877 2031 4946 pertinet

444 4955 511 5010 ad
537 4971 689 5027 spem
718 4972 967 5029 superna:
1007 4961 1399 5018 retributionis.
1428 4964 1670 5032 Quatuor
1693 4977 1873 5022 autem
1903 4977 2029 5024 sunt

442 5047 770 5120 principales
811 5049 1075 5119 virtutes,
1110 5055 1304 5126 quibus
1343 5066 1539 5113 caetera
1578 5059 1839 5113 virtutum
1884 5068 2029 5114 stru-

442 5147 597 5197 ctura
633 5143 917 5200 imminet:
949 5148 1234 5218 prudentia
1275 5151 1513 5215 scilicet,
1553 5150 1849 5217 fortitudo,
1890 5160 2027 5206 tem-

443 5234 712 5305 perantia,
733 5235 977 5306 justitia;
1011 5247 1065 5294 et
1100 5239 1219 5297 ideo
1245 5253 1634 5312 quaternorum
1671 5252 1788 5297 erat
1817 5244 2027 5299 cubito-

446 5343 568 5383 rum
604 5328 887 5401 longitudo
913 5340 970 5386 et
997 5332 1224 5391 altitudo
1251 5338 1485 5402 basium,
1518 5337 1646 5406 quia
1678 5338 1851 5392 sancti
1890 5354 2028 5408 prae-

447 5419 717 5475 dicatores
776 5422 892 5478 sive
946 5426 1170 5482 adversa
1226 5428 1455 5494 mundi,
1521 5435 1575 5483 et
1636 5427 2026 5499 longitudinem

444 5511 621 5568 exsilii
662 5528 728 5569 ac
768 5512 1015 5572 laborum
1052 5518 1570 5588 przesentium'foris
1616 5520 1881 5589 tolerent,
1933 5537 2027 5578 seu

446 5619 542 5658 cor
582 5603 638 5658 in
678 5604 965 5663 dilectione
1007 5610 1089 5665 sui
1137 5610 1433 5667 conditoris
1479 5627 1809 5686 suorumque
1848 5613 2033 5685 proxi-

447 5711 654 5752 morum
701 5699 915 5756 interna
957 5701 1321 5759 exsultatione
1363 5705 1608 5773 dilatent,
1642 5723 1859 5780 semper
1904 5722 2034 5776 ope-

447 5805 563 5847 rant
589 5791 717 5848 dare
740 5792 1034 5850 virtutibus
1056 5804 1268 5863 curant,
1295 5799 1587 5867 prudenter
1614 5800 1868 5856 videlicet
1893 5799 2034 5854 inter

449 5881 589 5944 bona
628 5892 685 5942 et
718 5884 861 5945 mala
897 5886 1293 5957 discernentes,
1336 5889 1553 5951 fortiter
1599 5891 1828 5950 adversa
1870 5891 2033 5949 susti-

2139 2021 2246 2077 ulla
2282 2036 2349 2077 ex
2386 2029 2543 2091 parte
2575 2020 2888 2089 superﬁcies
2930 2019 3164 2085 basium,
3214 2019 3308 2073 sed
3354 2018 3739 2088 undiquever-

2138 2130 2256 2173 sum
2293 2114 2536 2186 mysticis
2573 2114 2780 2186 sculpta
2819 2113 3024 2184 ﬁguris,
3053 2112 3180 2182 quia
3217 2121 3541 2168 sanctorum
3585 2124 3741 2166 men—

2139 2216 2240 2273 tes,
2286 2207 2393 2263 imo
2436 2208 2690 2263 universa
2737 2221 2927 2262 eorum
2978 2205 3317 2262 conversatio
3358 2203 3640 2258 virtutum
3682 2200 3737 2256 in

2138 2302 2392 2359 omnibus
2446 2302 2675 2371 gratiam
2736 2301 3063 2371 praetendit;
3130 2313 3305 2368 neque
3360 2297 3552 2367 aliqua
3618 2294 3738 2351 illos

2137 2395 2271 2451 hora
2314 2394 2492 2453 inanis
2528 2402 2582 2450 et
2619 2408 2790 2448 vacua
2824 2392 3096 2463 praeterit,
3143 2390 3198 2446 in
3234 2404 3340 2459 qua
3383 2389 3493 2458 piis
3528 2402 3735 2443 vacare

2138 2488 2414 2557 operibus,
2447 2486 2528 2542 vel
2570 2486 2931 2551 sermonibus,
2971 2485 3057 2540 vel
3088 2481 3538 2554 cogitationibus,
3587 2479 3738 2534 desi-

2138 2586 2302 2635 stant.
2331 2577 2634 2634 Coronulas
2661 2578 2859 2647 quippe
2904 2576 2958 2630 in
2995 2591 3052 2631 se
3083 2575 3322 2644 scalptas
3346 2573 3579 2637 habent,
3611 2586 3735 2625 cum

2137 2671 2195 2727 in
2236 2670 2504 2727 desiderio
2541 2670 2668 2726 vitae
2709 2668 2975 2735 coalestis,
3015 2683 3135 2737 quae
3178 2680 3397 2722 sursum
3431 2673 3543 2729 est,
3591 2679 3734 2717 nun-

2136 2776 2301 2832 quam
2348 2760 2602 2816 fraternte
2657 2758 2957 2825 societatis,
3009 2772 3128 2828 qua:
3167 2756 3324 2826 juxta
3359 2764 3469 2820 est,
3514 2752 3734 2809 vincula

2136 2853 2457 2911 dissolvunt.
2487 2852 2700 2908 Habent
2730 2850 2871 2906 inter
2897 2848 3183 2905 coronulas
3208 2858 3261 2903 et
3288 2849 3497 2921 plectas
3523 2847 3735 2912 leones,

2136 2959 2259 3001 cum
2301 2944 2375 3000 ita
2409 2944 2477 2998 ad
2514 2942 2780 3013 speranda
2820 2940 3064 2997 cmlestia
3105 2948 3344 2995 mentem
3379 2938 3628 3008 erigunt,
3664 2935 3735 2992 ita

2136 3038 2204 3092 ad
2251 3036 2551 3108 diligendos
2601 3035 2879 3105 prox-imos
2932 3033 3190 3099 dilatant,
3237 3041 3298 3088 ut
3346 3033 3404 3087 in
3438 3040 3736 3102 peccantes

2135 3142 2400 3199 quosque,
2438 3127 2532 3197 qui
2574 3125 2675 3183 sibi
2715 3125 2989 3181 commissi
3034 3133 3183 3190 sunt,
3215 3123 3491 3180 fervorem
3526 3137 3734 3192 aspera:

2139 3218 2571 3289 investigationis
2611 3231 2870 3273 exercere
2917 3230 3024 3271 non
3059 3215 3294 3270 tardent.
3350 3213 3581 3269 Habent
3608 3227 3733 3268 cum

2062 3285 2109 3350 θ
2139 3285 2387 3365 leonibus
2431 3309 2617 3373 boves,
2651 3308 2869 3380 quando
2917 3306 3091 3378 ipsam
3141 3305 3506 3362 invectionem
3559 3303 3733 3360 corri-

2134 3402 2316 3474 piendi
2343 3417 2467 3457 cum
2502 3400 2697 3471 spiritu
2728 3399 3156 3456 mansuetudinis
3196 3399 3481 3466 exhibent,
3513 3398 3735 3470 quando

2136 3496 2192 3552 in
2226 3492 2439 3551 [crvore
2476 3492 2738 3565 arguendi
2778 3507 3056 3563 nunquam
3097 3490 3300 3547 habere
3338 3490 3529 3545 lissam
3564 3504 3736 3561 ungu-

2134 3587 2243 3643 lam
2285 3587 2534 3643 discretze
2570 3584 2802 3639 actionis
2828 3583 2912 3639 vel
2942 3582 3191 3655 loquelas,
3236 3596 3519 3653 nunquam
3567 3582 3733 3635 verba

2135 3680 2331 3736 divinw
2354 3679 2602 3735 lectionis
2628 3678 2777 3733 velut
2805 3679 3128 3734 ruminando
3154 3677 3212 3732 in
3239 3691 3338 3732 ore
3360 3674 3589 3731 volvere
3612 3690 3731 3730 ces-

2134 3782 2276 3830 sant.
2317 3773 2387 3831 Et
2426 3788 2588 3843 super
2622 3772 2807 3829 leones
2842 3779 2899 3828 et
2938 3773 3106 3828 boves
3149 3772 3305 3842 quasi
3344 3770 3467 3826 lora
3513 3785 3586 3825 ex
3626 3784 3731 3823 aere

2135 3868 2517 3939 dependentia,
2556 3881 2719 3937 super
2753 3866 2942 3922 leones
2965 3865 3163 3937 quippe
3191 3872 3249 3921 et
3275 3865 3446 3921 boves
3480 3862 3601 3918 lora
3634 3864 3729 3917 de-

2132 3960 2400 4031 pendent,
2450 3958 2669 4030 quando
2713 3957 2887 4013 sancti
2935 3962 3188 4014 coctores
3228 3965 3287 4012 et
3327 3956 3383 4012 in
3431 3955 3731 4013 severitate

2134 4051 2511 4118 districtionis,
2539 4066 2646 4121 qua
2678 4056 2968 4121 peccantes
2993 4047 3263 4119 judicant,
3292 4057 3350 4104 et
3388 4049 3446 4103 in
3475 4063 3731 4104 mansue-

2134 4147 2320 4202 tudine
2358 4144 2627 4209 lenitatis,
2655 4159 2761 4215 qua
2798 4143 3191 4213 paenitentibus
3232 4143 3549 4206 remittunt,
3584 4139 3729 4208 judi-

2134 4238 2276 4294 cium
2320 4236 2403 4292 sui
2452 4236 2644 4289 timent
2686 4234 2949 4300 aucturis,
2986 4248 3057 4290 ne
3097 4232 3238 4289 forte
3272 4235 3478 4303 injuste
3508 4231 3725 4302 ligando

2134 4338 2228 4384 aut
2263 4327 2522 4384 solvendo
2555 4328 2889 4398 quempiam,
2911 4325 3021 4397 jam
3056 4325 3202 4399 juste
3232 4326 3388 4398 ligari
3428 4327 3535 4397 ipsi
3566 4327 3638 4381 ab
3662 4340 3726 4381 co

2132 4416 2285 4488 cujus
2309 4417 2572 4488 judicium
2602 4431 2789 4472 errare
2814 4415 3003 4487 nequit
3028 4424 3359 4472 mereantur.
3392 4416 3461 4472 Et
3487 4427 3725 4489 quatuor

2133 4520 2266 4567 rota:
2303 4526 2400 4581 per
2438 4511 2596 4567 bases
2632 4509 2894 4581 singulas,
2932 4520 2987 4566 et
3029 4525 3161 4566 axes
3196 4510 3348 4576 terei,
3380 4520 3437 4566 et
3464 4526 3567 4582 per
3596 4526 3723 4580 qua-

2137 4610 2260 4655 tuor
2292 4608 2480 4671 partes
2513 4600 2668 4671 quasi
2711 4600 2981 4654 humeruli
3025 4591 3214 4655 subier
3242 4600 3476 4655 luterem
3513 4600 3717 4665 fusiles,

2133 4701 2323 4747 contra
2353 4706 2412 4746 se
2438 4691 2671 4747 invicem
2701 4699 3089 4761 respectantes.
3128 4690 3371 4758 Quatuor
3402 4700 3562 4758 rotae,
3593 4708 3720 4761 qua-

2134 4794 2257 4840 tuor
2302 4792 2425 4839 sunt
2453 4782 2865 4853 Evangeliorum
2912 4783 3069 4849 libri,
3117 4783 3209 4853 qui
3255 4784 3542 4855 aptissime
3590 4786 3722 4840 rotis

2133 4882 2537 4946 comparantur,
2574 4875 2702 4944 quia
2748 4874 2889 4929 sicut
2919 4873 3228 4930 volubilitas
3273 4882 3405 4929 rota:
3453 4865 3719 4930 citissime

2132 4982 2294 5022 cursu
2330 4982 2651 5037 quocunque
2682 4966 2916 5032 ducitur,
2954 4967 3142 5032 currit,
3176 4966 3250 5020 ita
3279 4981 3463 5021 sermo
3488 4980 3721 5038 evange-

2130 5058 2287 5123 licus,
2323 5058 2545 5129 jubcnte
2577 5057 2835 5122 Domino,
2876 5071 2975 5127 per
3011 5056 3283 5127 apostolos
3331 5056 3622 5112 universas
3666 5056 3719 5111 in

2132 5152 2282 5207 brevi
2330 5150 2514 5206 mundi
2558 5148 2746 5221 plagas
2787 5148 3048 5220 implevit.
3100 5148 3252 5204 Sicut
3290 5156 3407 5204 rota
3445 5149 3718 5219 superim-

2134 5246 2366 5315 positum
2400 5244 2504 5299 sibi
2557 5258 2797 5303 currum
2829 5258 2860 5297 a
2891 5251 3035 5297 terra
3081 5242 3343 5309 sublevat,
3389 5251 3445 5298 et
3474 5242 3719 5298 subleva-

2136 5346 2247 5392 tum
2288 5353 2393 5408 quo
2426 5337 2610 5408 auriga
2649 5335 2832 5404 dirigit
2869 5344 3072 5408 portat,
3104 5335 3179 5391 ita
3220 5335 3534 5408 evangelica
3579 5350 3714 5407 pne-

2135 5429 2336 5484 dicatio
2374 5433 2581 5483 mentes
2615 5442 2646 5481 a
2687 5428 2920 5482 terrenis
2965 5427 3348 5497 cupiditatibus
3382 5427 3437 5481 in
3477 5426 3713 5481 ccclestia

2136 5520 2404 5579 desideria
2458 5520 2773 5589 suspendit,
2826 5533 2893 5573 ac
2943 5532 3235 5589 suspensas
3288 5517 3355 5573 ad
3411 5514 3712 5587 profecrum

2134 5612 2292 5666 bona:
2338 5610 2568 5666 actionis
2615 5610 2726 5665 sive
2769 5609 2837 5664 ad
2882 5609 3242 5665 ministerium
3291 5610 3710 5681 praedicationis,

2137 5718 2456 5774 quocunque
2494 5698 2758 5771 adjuvans
2793 5701 2968 5773 gratia
3000 5700 3237 5773 Spiritus
3264 5702 3513 5767 voluerit,
3546 5701 3708 5756 ducit.

2138 5796 2381 5867 Namque
2431 5794 2485 5851 in
2530 5794 2879 5866 sequentibus
2930 5793 3126 5850 dicitur
3172 5794 3316 5864 quod
3368 5792 3503 5848 tales
3558 5796 3713 5849 erant

2140 5898 2295 5959 rotae,
2325 5886 2514 5963 quales
2555 5886 2732 5946 solent
2763 5886 2820 5941 in
2861 5901 3023 5942 curru
3062 5885 3198 5942 fieri.
3234 5884 3490 5963 Legimus
3532 5893 3711 5940 autem
