3920 6460
88 401 197 463 ω

987 391 1341 453 ωυηκτ.
1378 390 1450 448 ΙΝ
1483 387 2039 451 ΡΔΜΗΙὋΙΙΒΝΔ.
2077 418 2149 435 --
2180 386 2308 449 LIB.
2344 385 2431 449 lli.

3266 401 3373 458 “6

93 519 165 577 de
184 512 645 576 mnctinCurrus
661 509 759 567 Dei
777 508 953 567 decent
970 508 1196 566 millium
1214 507 1692 583 multipla,millm
1718 516 1772 577 Α
1796 512 1942 568 tione
1966 509 2261 568 valeamus.
2292 510 2444 568 notat
2471 520 2689 585 quoque
2726 523 2837 573 uno
2862 520 2921 573 et
2945 508 3168 574 dimidio
3196 515 3376 578 cubito

94 608 400 671 latentium
425 602 579 676 (Issi.
608 601 797 675 uvn).
826 601 887 658 Si
911 616 1045 672 ergo
1064 602 1227 658 bases
1253 600 1490 656 laterum
1513 599 1692 659 sancti

95 706 226 759 sunt
264 694 545 757 doctores,
588 693 683 764 qui
703 692 981 747 lavacrum
1022 692 1179 748 nobis
1206 692 1331 747 vitae
1357 692 1688 758 ministrant,

96 798 154 851 et
198 797 335 845 rota:
385 794 666 858 quaternae
703 784 912 841 basium
951 792 1184 855 quatuor
1210 794 1338 841 sunt
1361 785 1485 841 libri
1516 785 1694 841 Evan-

98 886 389 958 geliorum,
422 880 553 952 quid
577 895 710 937 axes
736 888 1004 945 rotarum,
1030 880 1122 949 qui
1146 880 1303 936 bases
1324 886 1558 952 gestant,
1588 878 1695 934 nisi

99 978 214 1047 ipsa
257 971 583 1028 earumdem
635 980 765 1026 sunt
811 971 974 1027 corda
1017 970 1343 1026 doctorum?
1392 970 1522 1038 Qum
1568 972 1694 1027 dum

97 1068 387 1140 praeceptis
430 1065 764 1136 evangelicis
797 1064 981 1123 sedulo
1025 1065 1360 1122 intendentis
1389 1081 1484 1122 eos
1508 1065 1579 1119 ab
1608 1066 1693 1120 in-

98 1162 382 1217 iirtnoram
434 1158 675 1229 appetitu
721 1157 1033 1222 sustollant,
1080 1158 1227 1213 velut
1278 1158 1507 1214 immissi
1560 1157 1695 1213 rotis

99 1270 229 1310 axes
256 1252 427 1309 altius
452 1252 628 1308 basim
653 1266 687 1307 a
712 1260 858 1309 terra
884 1252 1185 1308 sabievant.
1210 1251 1381 1308 Porro
1404 1251 1696 1318 humeruli,

99 1352 187 1421 qui
231 1350 373 1405 rotis
404 1349 723 1419 antepositi,
777 1366 844 1406 ne
892 1351 961 1405 ab
1004 1351 1197 1406 axibus
1244 1351 1411 1408 dilabi
1456 1358 1695 1423 possent,

98 1443 488 1508 obsistebant,
536 1442 809 1512 prmeonia
856 1451 984 1498 sunt
1030 1445 1416 1513 prophetarum
1441 1484 1457 1512 ,
1504 1444 1699 1514 quibus

98 1532 409 1604 evangelica
453 1541 508 1589 et
534 1534 831 1604 apostolica
859 1533 1162 1606 Scriptura,
1196 1552 1264 1593 ne
1294 1537 1381 1592 cui
1408 1536 1697 1606 legentium

100 1629 152 1683 in
194 1627 425 1682 dubiam
474 1626 616 1684 forte
660 1628 865 1696 veniat,
897 1630 1271 1686 confirmatur.
1321 1631 1466 1686 Bene
1513 1640 1700 1687 autem

98 1716 297 1773 dicitur
359 1717 515 1789 quod
572 1718 862 1786 humeruli,
916 1720 1008 1790 qui
1068 1736 1166 1790 per
1228 1730 1464 1791 quatuor
1518 1730 1702 1794 partes

101 1814 288 1866 subter
325 1811 573 1869 laterum
601 1823 760 1871 erant
793 1815 976 1885 positi,
1003 1825 1194 1872 contra
1232 1833 1292 1871 se
1321 1818 1552 1874 invicem
1586 1819 1702 1875 fae-

1794 609 2208 671 mensurantur,
2253 606 2381 675 quia
2425 605 2705 679 Scriptura
2758 607 3008 667 lectionis
3053 610 3379 686 evangelicae

1792 696 2026 769 qualiter
2059 697 2116 752 hi
2152 698 2245 768 qui
2280 697 2502 769 perfecti
2541 712 2663 756 esse
2701 698 2888 771 velint,
2929 702 3116 761 vivere
3149 702 3381 765 debeant

1792 789 2044 855 ostendit,
2100 804 2360 862 spemque
2410 791 2567 847 nobis
2626 802 2845 851 aeterna:
2900 795 3279 856 retributiOnls
3326 799 3382 857 in

1791 888 2044 953 prmseau
2078 882 2436 947 demonstrat,
2475 885 2650 955 ipsam
2678 900 2812 943 vero
2836 887 3213 948 retributionis
3242 888 3384 948 illius

1795 974 2107 1046 qualitatem
2147 977 2202 1031 in
2234 976 2414 1032 futuro
2443 977 2600 1033 nonis
2626 979 2967 1049 pandendam
3013 983 3173 1039 simul
3202 993 3259 1040 et
3286 985 3385 1041 do—

1796 1070 2031 1124 nandam
2060 1081 2179 1125 esse
2208 1069 2497 1139 promittit.
2541 1070 2707 1127 Bases
2734 1072 2900 1128 etiam
2932 1073 3064 1145 ipsae
3088 1090 3254 1132 unum
3290 1078 3387 1133 ha-

1797 1158 1998 1214 bebant
2037 1160 2281 1217 cubitum
2332 1177 2398 1217 ac
2431 1162 2712 1219 semissem
2751 1165 3121 1238 amplitudinis
3160 1168 3214 1224 in
3242 1184 3390 1225 sum-

1796 1253 1985 1309 mitate
2012 1270 2117 1322 sm,
2143 1254 2237 1309 ubi
2264 1254 2466 1311 lateres
2501 1258 2822 1329 reciperent,
2852 1260 2979 1330 quia
3012 1259 3113 1330 ipsi
3143 1263 3390 1318 doctores

1797 1346 1993 1401 summi
2032 1361 2098 1400 ac
2136 1346 2371 1402 ministri
2410 1348 2613 1404 lavacri
2652 1350 2910 1406 salutaris
2955 1366 3121 1422 opere
3168 1348 3388 1423 quidem

1796 1436 2023 1508 perfecti
2049 1438 2103 1493 in
2129 1437 2229 1493 hac
2252 1439 2363 1493 vita
2391 1439 2680 1507 fulserunt,
2711 1443 2805 1498 sed
2830 1440 2950 1500 luce
2979 1444 3395 1517 contemplatio-

1798 1530 1885 1585 nis
1917 1545 1986 1586 ex
2021 1539 2175 1602 parte
2217 1540 2344 1587 sunt
2382 1531 2556 1588 fruiti.
2605 1533 2761 1590 Unde
2799 1541 2856 1590 et
2901 1534 3056 1591 aiant
3085 1553 3098 1590 :
3127 1521 3215 1591 Ea:
3245 1545 3394 1608 parte

1800 1626 1938 1679 enim
1978 1626 2359 1697 cognoscimus,
2383 1636 2433 1681 et
2476 1643 2540 1681 ea:
2575 1638 2724 1699 parte
2764 1627 3230 1700 prophetavimus;
3275 1645 3395 1684 cum

1801 1726 1977 1772 autem
2014 1718 2209 1774 uenerit
2245 1719 2385 1790 quod
2422 1720 2713 1790 perfectum
2752 1727 2849 1787 est,
2888 1721 3231 1776 evacuabitur
3256 1719 3396 1792 quod

1802 1825 1868 1865 ea:
1890 1821 2039 1865 narte
2059 1822 2133 1866 est
2155 1810 2205 1884 (l
2228 1810 2350 1867 Cor.
2373 1812 2521 1884 ml).
2546 1813 2603 1867 in
2628 1814 2773 1868 hunc
2799 1815 3017 1869 modum
3049 1813 3180 1870 fecit
3205 1812 3395 1869 decem

101 1910 223 1961 runt
256 1912 663 1974 respectantes,
710 1905 838 1975 quia
887 1906 1144 1963 nimirum
1188 1908 1366 1964 omnis
1416 1908 1695 1979 Scriptura
1723 1898 1772 1959 B
1797 1902 1958 1959 bases
1999 1904 2187 1960 fusura
2228 1920 2359 1970 una,
2393 1914 2449 1959 et
2486 1920 2739 1960 mensura
2789 1906 3175 1978 sculpturaque
3213 1903 3397 1961 consi-

102 1995 418 2068 propbetica
466 1996 684 2053 sibimet
723 1997 956 2054 invicem
987 2008 1353 2056 consentanea
1376 2008 1482 2067 est,
1512 2008 1700 2071 utpote

102 2104 208 2145 uno
245 2090 345 2146 Dei
374 2088 590 2161 Spiritu
629 2090 867 2148 condita.
918 2091 1166 2160 Quatuor
1204 2103 1385 2149 autem
1420 2094 1572 2149 fuere
1604 2107 1703 2164 per

104 2184 262 2241 bases
308 2184 565 2255 singulas
603 2185 895 2254 humeruli,
935 2187 1188 2244 videlicet
1218 2189 1375 2259 juxta
1417 2203 1702 2244 numerum

106 2286 375 2345 rotarum,
416 2294 531 2335 non
559 2279 688 2349 quia
718 2287 955 2350 quatuor
996 2290 1124 2336 sunt
1159 2287 1370 2336 tantum
1413 2280 1537 2336 libri
1577 2294 1705 2351 pro-

105 2369 331 2439 phetici,
369 2370 474 2426 sed
504 2370 630 2441 quia
664 2370 722 2427 in
756 2371 1010 2429 omnibus
1045 2388 1166 2443 qua:
1207 2372 1374 2429 locuti
1418 2380 1544 2429 sunt
1572 2387 1699 2443 pro-

108 2460 283 2531 pheta:
310 2470 369 2518 et
404 2461 621 2533 Moyses
659 2464 819 2520 dictis
849 2472 1085 2536 quatuor
1119 2464 1574 2537 evangelistamm
1627 2475 1708 2521 te-

110 2550 428 2608 stimonium
467 2553 767 2623 praebuere,
804 2561 862 2609 ut
898 2569 966 2609 ex
995 2569 1262 2611 consensu
1299 2556 1581 2626 atriusque
1605 2555 1709 2611 Te-

112 2643 370 2699 stamenti
403 2659 516 2699 una
542 2642 677 2700 ﬁdes
710 2652 765 2701 et
787 2644 1004 2703 dilectio
1024 2644 1225 2702 Christi
1254 2655 1440 2702 nostra
1463 2648 1707 2704 omnium

115 2733 275 2790 corda
298 2733 567 2791 ﬁrmaret.
597 2733 671 2791 Os
701 2749 911 2806 quoque
936 2736 1125 2793 lateris
1148 2738 1480 2794 intrinsecus
1505 2748 1625 2794 erat
1654 2740 1710 2794 in

115 2827 306 2897 capitis
349 2828 698 2894 summitate,
750 2836 806 2884 et
852 2830 994 2899 quod
1042 2828 1347 2888 forinsecus
1396 2833 1710 2903 apparebat,

114 2920 276 2976 unius
299 2920 473 2976 cubiti
509 2928 628 2977 erat
656 2930 828 2978 totum
859 2923 1170 2991 rotundum,
1203 2925 1518 2997 pariterque
1546 2926 1715 2982 habe-

114 3008 206 3065 bat
258 3028 436 3069 unum
486 3012 729 3069 cubitum
774 3022 831 3070 et
870 3016 1172 3072 dimidiam.
1217 3015 1291 3074 Os
1332 3018 1522 3074 lateris
1557 3019 1718 3074 unius

115 3114 233 3160 erat
279 3107 451 3163 cubiti
480 3117 701 3180 prepter
744 3111 1011 3166 anitatem
1058 3113 1416 3170 confessionis
1465 3123 1519 3168 et
1569 3114 1715 3181 ﬁdei,

1801 1994 1937 2049 mili.
1968 1994 2120 2050 Fecit
2149 2009 2364 2067 quoque
2395 1996 2583 2052 decem
2622 1996 2828 2052 lateres
2857 2012 3050 2053 terens.
3090 1995 3269 2063 Quare
3304 1996 3395 2051 de-

1801 2102 1920 2143 cem
1951 2088 2061 2143 sint
2084 2089 2244 2144 bases
2277 2088 2454 2155 laetae,
2486 2088 2823 2159 totidemque
2852 2090 2934 2145 eis
2964 2088 3291 2160 superpositi
3317 2087 3398 2143 lu-

1802 2184 1975 2245 teres,
2016 2194 2179 2250 supra
2214 2178 2330 2250 jam
2377 2180 2582 2235 dictum
2623 2189 2729 2236 est.
2776 2180 2930 2249 Quod
2970 2196 3099 2236 vero
3136 2196 3243 2236 una
3284 2188 3405 2237 erat

1804 2268 1988 2326 fusura
2023 2285 2387 2341 mensuraque
2419 2279 2475 2327 et
2510 2272 2784 2343 sculptura
2825 2269 3126 2327 consimilis
3158 2269 3403 2325 omnium

1804 2360 2020 2419 basium
2048 2365 2163 2421 sive
2188 2365 2441 2432 laterum,
2473 2381 2577 2421 non
2600 2366 2656 2421 in
2681 2381 2747 2421 ea
2776 2362 3171 2441 significatione
3196 2361 3401 2419 factum

1807 2466 1912 2524 est,
1944 2458 2089 2528 quod
2154 2459 2383 2530 aequalia
2427 2461 2638 2531 possint
2685 2472 2806 2515 esse
2856 2458 3048 2513 merita
3097 2457 3403 2523 doctorum,

1809 2549 1905 2605 sed
1945 2550 2001 2604 in
2034 2562 2099 2605 ea
2137 2551 2336 2621 potius,
2370 2552 2515 2624 quod
2550 2567 2657 2607 una
2686 2556 2767 2608 est
2795 2549 2932 2607 ﬁdes
2963 2549 3261 2623 Evangelii,
3298 2562 3407 2621 quo

1811 2642 2199 2711 instituantur;
2240 2658 2409 2699 unum
2457 2652 2541 2702 est
2586 2650 2987 2701 sacramentum
3038 2641 3405 2715 baptismatis,

1811 2746 1922 2805 quo
1963 2735 2287 2803 abluuntur;
2346 2750 2490 2793 unus
2545 2737 2797 2808 idemque
2848 2745 2932 2793 est
2976 2734 3242 2807 Spiritus,
3299 2746 3409 2803 quo

1813 2840 2002 2881 omnes
2019 2836 2405 2883 consecrantur
2423 2827 2580 2884 electi
2597 2844 2611 2895 ;
2640 2827 2855 2884 tametsi
2879 2826 3195 2883 donationes
3210 2824 3413 2881 habent

1815 2919 2061 2975 diversas
2109 2921 2163 2975 in
2209 2921 2327 2991 ipso
2357 2919 2584 2991 Spiritu,
2630 2920 2720 2992 qui
2765 2918 2951 2974 dividit
2994 2917 3215 2990 singulis
3256 2923 3412 2990 prout

1798 3000 1927 3066 uult
1957 3012 2009 3083 (1
2036 3010 2161 3067 Cor.
2201 3015 2320 3083 xu).
2367 3013 2738 3084 Quadraginta
2779 3012 2937 3067 batos
2971 3012 3219 3082 capiebat
3261 3002 3407 3065 later

1816 3120 1976 3163 unus.
2009 3108 2486 3180 Quadragenarius
2516 3122 2775 3163 numerus
2814 3106 2953 3163 solet
2988 3119 3197 3177 magna:
3232 3100 3413 3173 perfe-

114 3212 219 3267 qua
259 3214 458 3255 omnes
483 3200 538 3257 in
566 3200 905 3258 confessione
928 3202 1109 3259 Patris
1142 3212 1198 3259 et
1226 3203 1370 3270 Filii,
1397 3214 1453 3261 et
1480 3204 1716 3276 Spiritus
1757 3270 1786 3276 _
1821 3200 2015 3255 ctionls
2052 3211 2236 3272 typum
2270 3209 2474 3266 tenere,
2513 3199 2639 3270 quia
2676 3199 2937 3255 nimirum
2971 3191 3286 3267 quaterdeni
3328 3193 3412 3248 fa-

113 3290 290 3345 sancti
324 3290 675 3359 baptizantar
703 3291 918 3365 (Matth.
943 3292 1158 3365 xxvtu),
1187 3295 1399 3351 dicente
1422 3270 1712 3364 Apostolo:
1744 3270 1790 3336 Ο
1819 3293 1973 3347 ciant
1994 3270 2085 3345 i0;
2112 3293 2308 3347 Decem
2334 3300 2513 3346 autem
2543 3298 2669 3346 sunt
2692 3296 2985 3361 praecepta,
3017 3288 3212 3359 quibus
3237 3285 3417 3342 omnis

118 3379 271 3436 Unus
295 3381 580 3449 Dominus,
606 3400 710 3437 una
733 3384 885 3453 ﬁdes,
914 3400 1079 3440 unum
1110 3385 1393 3457 baptisma,
1418 3404 1557 3441 unus
1576 3386 1719 3442 Deus

114 3482 163 3531 ct
187 3471 363 3531 Pater
386 3476 622 3532 omnium
665 3476 882 3549 (Ephes.
909 3478 1007 3551 tv).
1039 3480 1108 3536 Et
1141 3480 1316 3550 ipsum
1342 3497 1406 3536 os
1439 3482 1495 3537 in
1526 3482 1720 3553 capitis

117 3574 238 3621 erat
268 3568 610 3637 summitate,
638 3577 702 3623 at
726 3569 794 3625 ad
822 3570 1065 3627 coelestia
1104 3572 1264 3628 nobis
1291 3588 1457 3645 regns
1485 3589 1584 3644 per
1621 3576 1718 3629 ba-

118 3658 319 3727 ptisma
360 3657 469 3713 iter
491 3674 615 3717 esse
641 3660 971 3730 patefactam
1007 3664 1247 3720 doceret.
1273 3663 1393 3734 ipse
1420 3676 1551 3720 vero
1577 3665 1723 3721 later

123 3750 178 3804 in
208 3750 569 3821 amplitudine
591 3753 834 3811 cubitum
868 3755 1100 3811 habebat
1131 3771 1299 3812 unum
1330 3766 1386 3812 et
1412 3756 1718 3825 dimidiam,

125 3858 219 3915 per
246 3845 434 3916 operis
463 3846 719 3902 nimirum
766 3847 1182 3918 perfectionem,
1227 3860 1283 3904 et
1327 3849 1541 3905 initium
1585 3867 1722 3907 con-

128 3938 514 4007 templationis.
551 3939 771 4012 integer.
793 3941 994 3997 etenim
1032 3943 1249 3999 cubitus
1283 3942 1339 3997 in
1378 3943 1552 3998 latere
1598 3958 1723 4015 per-

131 4027 419 4085 fectionem
472 4030 626 4087 bonae
678 4033 927 4104 designat
978 4034 1227 4089 actionis.
1285 4034 1459 4101 Quam
1516 4035 1723 4104 absque

131 4121 231 4176 ulla
268 4124 545 4180 dubietate
580 4125 815 4180 habebat
850 4125 941 4182 ille
977 4127 1045 4182 de
1069 4141 1178 4197 quo
1205 4127 1462 4183 tentatori
1501 4128 1722 4196 antiquo

134 4212 392 4271 Dominus
420 4216 640 4273 aiebat:
668 4216 923 4289 Nunquid
954 4218 1301 4273 considerasti
1320 4235 1527 4274 servum
1552 4232 1722 4275 meum

135 4305 262 4373 Job,
305 4307 449 4379 quod
495 4324 600 4363 non
652 4310 720 4364 sit
761 4311 807 4365 ei
856 4308 1045 4365 similis
1096 4327 1253 4381 super
1291 4320 1521 4375 terram,
1568 4311 1724 4364 homo

136 4396 347 4467 simplex
386 4409 435 4454 et
482 4409 654 4455 rectus
702 4417 764 4455 ac
804 4400 993 4456 timens
1015 4400 1330 4468 Dominum,
1382 4414 1431 4457 et
1479 4403 1723 4457 recedens

139 4506 167 4542 a
188 4494 320 4546 malo
342 4492 492 4566 (Job.
520 4494 562 4568 ι)
590 4495 612 4549 ‘l
643 4495 741 4550 Est
771 4510 902 4551 vero
938 4495 1078 4551 alter
1103 4496 1319 4551 cubitus
1344 4495 1541 4551 divinte
1561 4496 1725 4551 visio-

140 4582 235 4649 nis,
259 4588 351 4655 qui
380 4602 449 4643 ex
485 4595 640 4658 parte
678 4587 937 4645 nonnulla
976 4587 1143 4643 etiam
1176 4587 1230 4643 in
1259 4586 1361 4643 hac
1404 4587 1583 4642 adhuc
1612 4587 1723 4642 vita

1821 3394 2011 3443 nostra
2046 3386 2294 3457 operatio
2332 3385 2385 3440 in
2423 3385 2539 3456 lege
2570 3385 2749 3440 divina
2779 3384 2998 3456 praeﬁxa
3029 3391 3142 3450 est;
3182 3389 3417 3452 quatuor

1819 3494 1954 3535 vero
1978 3479 2393 3551 Evangeliorum
2422 3478 2569 3545 libri,
2600 3478 2652 3533 in
2684 3476 2904 3550 quibus,
2933 3488 3031 3549 per
3055 3475 3413 3547 dispensatio-

1821 3588 1947 3629 nem
1974 3573 2266 3629 Dominica:
2312 3570 2705 3629 incarnationis
2745 3566 2982 3627 cteiestis
3022 3570 3211 3642 patriae
3251 3567 3408 3625 nobis

1819 3674 1906 3724 est
1924 3668 2228 3739 patefactus
2258 3667 2532 3723 introitus.
2567 3666 2635 3721 Et
2660 3664 2783 3737 quia
2820 3678 3009 3722 omnes
3038 3665 3129 3737 qui
3157 3662 3225 3720 ad
3256 3662 3420 3720 mitti-

1823 3761 2052 3815 stcrium
2081 3759 2224 3815 sacri
2259 3758 2604 3831 baptismatis
2629 3756 2925 3833 pertinent,
2954 3772 3075 3813 cum
3104 3754 3208 3811 ﬁde
3241 3764 3294 3810 et
3324 3769 3416 3809 sa-

1823 3852 2119 3908 cramentis
2146 3848 2425 3922 Evangelii
2464 3849 2701 3906 fructum
2726 3850 2924 3905 debent
2955 3856 3119 3905 rectae
3148 3846 3421 3919 operatio-

1823 3946 1911 4000 nis
1946 3944 2256 4010 ostendere,
2286 3950 2411 4016 apte
2448 3944 2650 3999 luteres
2694 3942 2913 4015 singuli,
2956 3940 3009 3997 in
3043 3942 3241 4014 quibus
3272 3937 3422 3995 holo-

1823 4043 2013 4093 causta
2071 4035 2415 4103 lavabantur,
2474 4034 2835 4108 quadraginta
2890 4035 3047 4090 batos
3109 4031 3417 4105 capiebant.

1824 4130 1980 4198 Quod
2029 4142 2161 4185 vero
2208 4131 2455 4200 sequitur
2498 4148 2513 4184 :
2560 4126 2794 4201 Eratque
2832 4137 3062 4200 quatuor
3102 4127 3419 4193 cubitorum,

1826 4221 1941 4275 sive
1976 4220 2032 4275 in
2066 4221 2373 4288 altitudine,
2419 4222 2535 4277 sive
2568 4222 2623 4276 in
2666 4218 2948 4275 latitudine
2994 4214 3284 4292 signiﬁcet,
3331 4216 3439 4307 in-‘

1826 4312 2074 4366 tellectus
2104 4313 2350 4382 mysterii
2388 4313 2442 4365 in
2470 4319 2723 4382 promptu
2754 4317 2858 4365 cst.
2908 4308 3077 4365 Lutcr
3105 4310 3247 4364 enim
3280 4320 3420 4362 unus

1826 4412 2061 4474 quatuor
2091 4411 2213 4457 erat
2240 4403 2568 4467 cubitorum,
2601 4401 2683 4457 vel
2724 4410 2943 4471 propter
2979 4408 3214 4471 quatuor
3247 4397 3423 4454 sancti

1828 4490 2105 4565 Evangelii
2152 4491 2339 4558 libros,
2390 4492 2445 4548 in
2494 4488 2691 4563 quibus
2740 4491 2913 4547 forma
2961 4490 3121 4546 nobis
3168 4489 3423 4562 baptismi

1830 4589 2052 4658 praefixa
2078 4594 2188 4654 est;
2224 4585 2308 4642 vel
2332 4594 2554 4658 propter
2581 4595 2813 4657 quatuor
2841 4585 3146 4641 cardinales
3169 4585 3420 4651 virtutes,

470 4640 939 4736 ﬁdelibusdonari
976 4640 1281 4735 consuevit.
1321 4678 1390 4737 Ut
1426 4680 1572 4735 idem
1596 4678 1720 4746 Job,
1752 4640 1805 4702 Β
1831 4640 2028 4746 quibus
2078 4640 2308 4747 quisque
2332 4640 2549 4742 (fidelis,
2590 4640 2643 4731 Tsi
2693 4692 2800 4732 non
2846 4674 3047 4731 frustra
3094 4673 3267 4730 ﬁdelis
3315 4680 3419 4739 est,

144 4764 343 4823 devicto
368 4771 840 4838 adversario,cum
865 4771 1094 4827 Domino
1120 4771 1372 4842 loquens,
1400 4772 1508 4828 ait“:
1526 4774 1723 4827 Auditu

146 4859 280 4914 auris
320 4862 501 4917 audivi
543 4872 628 4930 te,
694 4881 831 4920 nunc
877 4873 1052 4919 autem
1091 4864 1275 4919 oculus
1316 4881 1460 4920 meus
1501 4865 1634 4920 videt
1675 4873 1726 4918 te

150 4946 283 5015 (Job.
314 4954 474 5027 xui).
531 4953 808 5026 Scriptum
846 4971 1083 5025 namque
1120 4966 1205 5011 est
1241 4956 1297 5011 ia
1342 4956 1720 5026 sequentibus:

153 5038 260 5097 Una
300 5057 410 5103 rota
450 5048 675 5103 habebat
712 5047 1006 5103 altitudinis
1048 5049 1279 5103 cubitum
1327 5058 1375 5104 et
1428 5050 1603 5103 semis.
1655 5048 1724 5103 Et

153 5134 300 5200 paulo
332 5146 495 5209 post:
523 5137 589 5193 In
617 5140 916 5193 summitate
945 5147 1121 5194 autem
1153 5138 1292 5194 basis
1332 5148 1443 5194 erat
1482 5139 1726 5209 quwdam

155 5228 439 5286 rotunditas
479 5231 638 5286 unius
675 5241 723 5285 et
767 5230 975 5285 dimidii
1005 5231 1167 5284 cubiti
1204 5231 1281 5285 ita
1322 5230 1634 5301 fabrefacta,
1673 5240 1729 5285 ut

156 5312 281 5370 tuter
317 5321 538 5393 desuper
574 5331 746 5396 posset
788 5321 1006 5392 imponi.
1049 5321 1308 5377 Laterum
1340 5322 1539 5394 quippe
1581 5340 1730 5379 mea-

157 5420 274 5465 sura
309 5414 467 5469 unius
499 5422 620 5470 erat
658 5414 826 5471 cubiti
864 5422 919 5470 et
948 5414 1177 5482 dimidii,
1209 5416 1334 5487 quia
1372 5416 1630 5472 nimirum
1665 5431 1732 5473 ea

159 5497 257 5557 ﬁde
298 5502 353 5561 in
390 5505 541 5563 fonte
580 5506 705 5563 vita:
748 5507 1016 5575 lavamur,
1068 5516 1129 5563 ut
1166 5523 1265 5579 per
1304 5523 1470 5579 opera
1508 5492 1735 5578 justiti-as

162 5592 225 5647 ad
244 5596 409 5656 vitam
444 5600 657 5658 intrare
699 5617 1024 5669 mereamur,
1068 5603 1318 5673 quamvis
1346 5604 1462 5660 sine
1484 5614 1732 5675 peccato,

164 5682 281 5743 dum
313 5694 400 5751 hic
424 5696 675 5763 vivimus,
718 5712 841 5752 esse
874 5711 1228 5767 nequeamus,
1261 5698 1433 5769 ipsam
1454 5713 1586 5753 vero
1607 5698 1735 5754 vitta

166 5780 388 5844 cmicsds
410 5789 746 5847 dulcedinem
777 5798 997 5862 gustare
1028 5805 1098 5847 ex
1126 5799 1301 5861 parte,
1338 5804 1402 5846 ac
1426 5789 1649 5862 diligere
1678 5791 1737 5846 in

171 5871 267 5935 hac
308 5881 519 5943 interim
556 5884 693 5953 vita,
735 5882 979 5958 perfecte
1016 5891 1201 5949 autem
1231 5884 1413 5945 videre
1460 5883 1611 5943 usus
1641 5898 1736 5942 rs-

1833 4770 1992 4831 debet
2034 4769 2280 4835 institui;
2350 4769 2435 4823 vel
2481 4777 2628 4824 certe
2674 4777 2898 4840 propter
2944 4776 3179 4839 quatuor
3235 4764 3422 4821 mandi

1830 4860 2039 4932 plagas,
2062 4862 2259 4931 quibus
2279 4860 2555 4915 lavacrum
2586 4847 2773 4915 salutis
2805 4859 3172 4923 ministratur,
3205 4857 3421 4914 dicente

1830 4952 2258 5024 Psalmographo
2296 4971 2307 5005 :
2340 4952 2486 5019 Quos
2528 4952 2743 5008 redemit
2784 4951 2849 5005 de
2885 4964 3048 5005 manu
3092 4948 3313 5014 inimici,
3357 4946 3423 5002 de

1832 5046 2132 5116 regionibus
2166 5047 2499 5118 congregavit
2532 5063 2641 5115 eos,
2668 5065 2700 5100 a
2733 5044 2860 5100 solis
2901 5054 3019 5097 ortu
3046 5052 3093 5097 et
3122 5058 3331 5107 occasu,
3357 5040 3421 5096 ab

1828 5135 2087 5207 Aquilone
2115 5146 2165 5191 et
2199 5139 2336 5192 muri
2361 5136 2533 5209 (Psal.
2565 5135 2673 5208 ογ).
2712 5135 2866 5204 Quod
2897 5146 3028 5189 vero
3058 5148 3221 5204 supra
3250 5131 3419 5187 dixit:

1833 5229 2144 5302 Pariterque
2181 5231 2403 5286 habebat
2449 5244 2614 5285 unum
2656 5227 2887 5283 cubitum
2928 5236 2977 5282 et
3015 5226 3323 5292 dimidium,
3370 5232 3451 5313 et.

1831 5338 2008 5393 neque
2048 5324 2121 5377 ibi
2160 5323 2498 5378 altitudinem
2538 5336 2608 5377 an
2651 5316 3058 5390 amplitudinem
3093 5315 3425 5391 signiﬁcaret

1834 5417 2052 5487 adjecit,
2097 5416 2314 5472 videtur
2356 5417 2482 5487 quia
2532 5413 2758 5485 fundam
2806 5412 2975 5485 ipsius
3022 5411 3213 5468 lateris
3260 5409 3422 5482 hujus

1835 5525 1958 5568 esse
1996 5511 2364 5582 amplitudinis
2409 5508 2641 5564 voluerit
2696 5506 2939 5580 intelligi.
2972 5506 3128 5576 Quod
3170 5521 3239 5561 ex
3273 5521 3395 5559 men

1836 5618 1962 5658 sura
2001 5604 2077 5676 (ni
2103 5601 2280 5672 fallor)
2325 5600 2490 5665 basis,
2538 5601 2593 5655 in
2632 5614 2739 5671 qua
2776 5600 2987 5671 positas
3029 5605 3148 5654 erat
3189 5595 3420 5666 quisque

1836 5696 1999 5761 later,
2043 5692 2296 5748 facillime
2339 5691 2648 5762 conjicitur,
2687 5707 2808 5762 quae
2848 5689 2922 5745 ita
2966 5687 3326 5744 describitur:
3355 5682 3421 5736 In

1836 5786 2132 5845 summitate
2183 5784 2325 5840 basis
2358 5793 2473 5838 erat
2512 5784 2758 5856 qutcdam
2811 5781 3107 5837 rotunditas
3163 5777 3322 5831 unius
3372 5780 3420 5828 et

1837 5879 2046 5939 desidit
2079 5877 2241 5937 cubiti
2276 5878 2357 5934 ita
2388 5877 2700 5950 fabrefacta,
2723 5883 2782 5933 ut
2812 5874 2948 5932 tuter
2985 5872 3209 5945 desuper
3242 5875 3419 5943 posset
