3920 6600
473 410 584 472 447

1149 403 1216 462 Β.
1252 398 1511 458 RABANI
1546 396 1771 457 MAURI
1802 395 2124 456 ARCHIEP.
2165 395 2476 456 MOGUNT.
2516 394 2804 456 OPERUI
2837 392 3022 454 PARS
3054 395 3100 453 l.

475 525 695 599 imponi.
733 520 987 581 Latime
1010 531 1140 590 ergo
1177 514 1335 599 fundi
1367 514 1424 570 in
1450 512 1717 569 luteribus
1753 510 1915 567 unius
1940 517 2061 567 erat
2086 514 2143 576 Α
2163 511 2232 566 ad
2265 511 2534 567 sinistram
2565 517 2750 566 contra
2781 508 3056 565 oraculum
3078 526 3143 565 ex
3169 526 3300 566 auro
3315 505 3525 582 primo,
3547 514 3779 582 “quasi

476 596 650 678 cubiti
686 630 752 671 ac
784 611 1014 679 dimidii,
1051 596 1335 681 ipsagvero'
1356 604 1628 677 capacitas
1667 603 1901 660 luterum
1929 616 2062 672 qna-

477 718 603 768 tuor
646 706 883 765 habebat
915 702 1159 768 cubitos;
1193 699 1289 755 sed
1326 705 1514 754 utrum
1557 697 1614 752 in
1652 695 1952 761 altitudine,
1989 709 2060 751 an

476 804 533 860 in
567 798 942 874 amplitudine,
968 812 1039 852 an
1076 796 1132 851 in
1155 791 1585 865 utraque,|dicat
1605 790 1698 861 qui
1723 788 1953 846 noverit.

545 896 618 950 Et
646 892 915 949 constituit
950 890 1128 945 decem
1157 887 1329 953 bases,
1363 894 1413 940 et
1446 885 1673 957 quinque
1698 884 1767 940 ad
1793 884 2061 939 dexteram

471 996 676 1061 partem
715 984 926 1056 templi,
966 992 1015 1038 et
1054 982 1279 1053 quinque
1315 978 1385 1033 ad
1429 979 1718 1033 sinistram.
1774 977 2061 1031 Dexteram

472 1091 683 1155 partem
714 1077 899 1149 templi
921 1085 978 1133 et
999 1075 1276 1131 sinistram
1301 1088 1409 1127 non
1433 1071 1582 1127 intus
1608 1070 1665 1125 in
1696 1071 1815 1140 ipso
1839 1067 2058 1137 templo,

473 1175 571 1231 sed
597 1181 723 1227 ante
761 1171 1023 1242 templum
1048 1168 1201 1234 dicit,
1242 1168 1310 1223 ad
1336 1163 1673 1223 Orientalem
1701 1164 1941 1235 plagam,
1979 1162 2061 1216 vi-

474 1267 669 1323 delicet
707 1267 763 1320 in
801 1266 941 1320 atrio
977 1264 1257 1329 interiore,
1288 1261 1433 1331 quod
1469 1260 1814 1316 sacerdotum
1845 1256 2062 1329 preprie

471 1359 789 1414 vocabatur.
830 1356 1082 1426 Quinque
1109 1362 1294 1409 autem
1324 1352 1508 1424 posuit
1534 1349 1600 1405 ad
1632 1350 1911 1405 dexteram
1939 1363 2063 1419 par-

476 1458 584 1504 tem
630 1448 817 1518 templi
858 1453 1082 1518 propter
1122 1442 1360 1510 Judazos,
1411 1443 1505 1513 qui
1546 1441 1658 1497 sole
1699 1440 1923 1509 justitiae
1964 1455 2063 1510 per

473 1540 777 1596 doctrinam
808 1539 941 1611 legis
977 1538 1275 1608 antiquitus
1313 1536 1396 1592 uti
1424 1535 1698 1600 solebant;
1739 1545 1796 1589 et
1825 1533 2062 1604 quinque

471 1634 540 1688 ad
583 1632 859 1688 sinistram
898 1639 1120 1703 propter
1164 1646 1291 1695 nos,
1342 1628 1435 1699 qui
1478 1642 1619 1683 caeco
1665 1627 1867 1683 diutius
1901 1626 2062 1681 corde

468 1724 716 1780 servituti
752 1725 1161 1780 adhaerebamus
1187 1722 1323 1791 ejus,
1354 1722 1446 1792 qui
1491 1722 1604 1777 ait:
1647 1718 1855 1776 Ponam
1889 1720 2061 1775 sedem

466 1833 639 1872 meam
681 1818 752 1872 ad
783 1817 1095 1888 Aquilonem
1143 1816 1301 1887 (Isai.
1346 1816 1481 1886 xlv).
1540 1814 1711 1883 Quod,
1742 1822 1827 1869 est
1873 1821 2059 1883 aperte

2162 603 2262 657 lilii
2289 604 2445 674 ﬂores
2475 611 2526 658 et
2560 602 3055 672 lucernas-desuper
3093 618 3282 657 aureas
3304 601 3430 674 (ΙΙΙ
3467 601 3615 674 Reg.
3654 604 3776 675 vn).

2163 696 2315 751 Sicut
2340 697 2485 753 enim
2515 709 2720 751 mensae
2747 695 2802 750 in
2844 703 2970 765 typo
3010 702 3211 751 sanctae
3250 693 3570 766 Scriptura:
3624 704 3779 752 recte

2160 796 2456 863 ponuntur,
2471 790 2598 860 quia
2617 797 2673 845 et
2696 788 3345 861 esurientibusjustitiam
3374 805 3592 862 panem
3620 791 3775 846 veri

2160 881 2259 939 Dei
2283 882 2613 947 ministrant,
2645 889 2702 937 et
2722 896 2852 937 vasa
2880 880 3065 937 ferunt
3088 882 3385 938 ministerii
3418 882 3709 947 celestis,
3727 883 3775 937 ﬂ

2160 982 2262 1041 est,
2283 974 2557 1043 justorum
2583 975 2741 1030 nobis
2773 983 2929 1031 actus
2972 975 3027 1030 in
3066 976 3379 1047 exemplum
3421 986 3772 1046 proponam,

2160 1067 2236 1122 ita
2264 1068 2429 1122 etiam
2457 1066 2739 1138 aptissime
2786 1080 2883 1135 per
2945 1064 3271 1122 candelabra
3314 1068 3526 1122 eadem
3587 1066 3773 1121 divina

2161 1157 2372 1229 eloquia
2418 1157 2738 1231 ﬁgurantur,
2764 1158 3016 1214 videlicet
3056 1158 3203 1230 quod
3242 1159 3427 1214 lucem
3482 1160 3771 1230 sapienti:

2160 1250 2468 1306 errantibus
2488 1250 2804 1321 praeferunt.
2838 1250 2977 1307 Hinc
3022 1252 3226 1307 etenim
3279 1249 3593 1306 Psalmista
3622 1265 3641 1303 :
3670 1249 3774 1303 Ls-

2160 1365 2335 1415 cerna,
2359 1349 2553 1420 inquit,
2579 1348 2793 1419 pedibus
2819 1349 2948 1404 meis
2995 1348 3205 1403 verbum
3254 1356 3407 1401 tuum
3430 1389 3447 1413 ,
3498 1358 3553 1402 et
3600 1347 3773 1400 tum

2159 1441 2358 1496 semitis
2385 1442 2513 1495 meis
2540 1439 2714 1512 (Psal.
2748 1440 2961 1512 cxvm).
2992 1440 3129 1495 Hinc
3156 1440 3359 1496 etenim
3401 1438 3687 1493 Salomon
3708 1440 3773 1491 ait

2160 1537 2304 1607 quod
2330 1537 2639 1592 mandatum
2677 1537 2893 1592 lucerna
2928 1546 3035 1603 est,
3064 1546 3113 1592 et
3167 1536 3251 1592 lea:
3294 1536 3394 1591 tua:
3444 1532 3650 1605 (Prae.
3680 1536 3769 1601 γι).

2161 1627 2329 1685 Recte
2352 1637 2534 1685 autem
2563 1630 2649 1686 bis
2674 1632 2841 1701 quina
2885 1638 3014 1687 sunt
3037 1630 3385 1696 candelabra,
3413 1645 3535 1684 non
3572 1628 3771 1692 solum,

2160 1722 2287 1791 quia
2339 1721 2615 1793 legislator
2671 1723 2910 1793 quinque
2952 1722 3226 1779 volumina
3275 1722 3531 1793 scripsit,
3587 1734 3772 1775 verum

2161 1813 2326 1868 etiam
2354 1813 2481 1883 quia
2518 1821 2633 1868 tota
2669 1813 3004 1870 Testamenti
3037 1814 3249 1870 Veteris
3298 1813 3480 1869 series
3530 1812 3773 1882 quinque

468 1909 649 1965 dicere
675 1927 689 1962 :
717 1909 829 1965 Illis
866 1910 923 1965 in
952 1909 1210 1965 cordibus
1250 1908 1596 1978 requiescere
1625 1906 1891 1971 desidero,
1921 1920 2059 1976 quos
2084 1894 2134 1954 Β
2160 1914 2350 1963 aetates
2377 1904 2775 1978 complectitur.
2804 1906 3125 1964 Geminatur
3154 1924 3285 1965 vero
3314 1924 3603 1963 numerus
3655 1905 3769 1977 qui-

468 2015 501 2055 a
531 2001 617 2055 via
655 2001 903 2057 veritatis
939 2009 996 2056 et
1030 2000 1248 2057 ﬂamma
1292 2001 1488 2055 divina:
1525 2000 1810 2056 cbaritatis
1855 2000 2058 2056 alienos

466 2108 587 2151 esse
635 2093 938 2149 considero.
1008 2093 1157 2149 Mare
1213 2102 1393 2150 autem
1439 2094 1620 2164 posuit
1668 2094 1735 2149 ad
1780 2093 2058 2149 dexteram

463 2193 677 2257 partem
719 2185 905 2256 templi
952 2193 1140 2242 contra
1192 2184 1470 2240 Orientem
1524 2185 1594 2240 ad
1636 2184 1956 2252 Meridiem;
2004 2192 2061 2240 et

464 2277 569 2332 hoc
604 2276 662 2330 in
688 2278 880 2332 eodem
920 2276 1063 2332 atrio
1087 2276 1324 2345 positum
1354 2282 1440 2331 est
1468 2275 1537 2329 ad
1562 2274 1859 2332 Orientem.
1903 2273 2059 2342 Quod

464 2377 646 2425 autem
683 2369 751 2426 ad
793 2369 1074 2426 dexteram
1108 2378 1321 2439 partem
1361 2369 1577 2440 templi,
1625 2369 1728 2425 hoc
1766 2376 1871 2435 est,
1914 2368 2060 2439 quod

463 2440 660 2530 repetit
722 2460 909 2516 dicens
954 2459 1023 2514 ad
1062 2459 1360 2516 Meridiem.
1419 2460 1855 2532 lngredientibus
1911 2460 2059 2515 enim

462 2553 664 2608 atrium
692 2554 758 2609 ab
782 2553 1006 2609 Oriente
1028 2552 1206 2623 primo
1241 2553 1617 2609 divertendum
1646 2561 1767 2609 erat
1794 2553 1864 2609 ad
1888 2553 2059 2609 meri-

463 2646 627 2712 diem,
656 2647 748 2702 ubi
777 2661 930 2702 mare
972 2646 1026 2702 in
1064 2646 1184 2718 ipso
1212 2647 1409 2719 angulo
1451 2648 1634 2704 stabat
1663 2648 1732 2702 ad
1772 2647 2061 2703 lavandum

463 2737 837 2794 sacerdotibus
872 2746 1145 2809 paratum.
1177 2739 1383 2795 Deinde
1412 2738 1886 2811 progredientibus
1915 2738 2060 2794 intro

462 2820 819 2885 occurrebant
857 2830 1060 2888 luteres
1085 2832 1154 2888 ad
1182 2832 1443 2888 lavandas
1468 2833 1697 2900 hostias,
1730 2833 1800 2889 ab
1829 2841 2060 2903 utraque

462 2929 620 2991 parte
667 2922 853 2991 positi.
903 2921 1051 2979 Intra
1095 2923 1196 2980 hos
1235 2923 1384 2980 basis
1429 2933 1551 2980 erat
1592 2939 1772 2990 aenea,
1819 2924 2062 2995 quinque

464 3012 771 3068 cubitorum
813 3013 1192 3085 longitudinis,
1231 3023 1288 3069 et
1321 3015 1486 3071 trium
1526 3016 1832 3072 cubitorum
1879 3016 2062 3072 latitu-

465 3102 631 3169 dinis,
663 3112 721 3159 et
746 3104 914 3160 trium
956 3106 1264 3162 cubitorum
1310 3106 1631 3175 altitudinis,
1674 3107 1732 3163 in
1768 3122 1876 3179 qua
1910 3115 2062 3164 stans

466 3194 723 3251 Salomon
764 3196 1048 3254 dedicabat
1080 3199 1362 3269 templum.
1404 3198 1610 3255 Deinde
1650 3198 1796 3255 ultra
1834 3214 2059 3271 progre—

462 3286 738 3344 dientibus
785 3290 1111 3346 occurrebat
1157 3291 1329 3347 altare
1372 3290 1673 3347 liolocausti
1724 3299 1915 3348 contra
1940 3306 2059 3347 me-
2088 3272 2133 3336 (ἶ

462 3378 611 3434 dium
642 3382 865 3437 atrium.
910 3382 1113 3438 Deinde
1144 3384 1386 3454 porticus
1429 3384 1619 3455 templi
1662 3385 1779 3441 sive
1822 3385 2063 3441 vestibu-

461 3471 597 3539 lum,
624 3474 682 3529 in
706 3489 815 3545 quo
844 3484 1002 3531 erant
1044 3475 1311 3533 columna),
1336 3491 1493 3533 area:
1527 3477 1676 3533 circa
1700 3477 1898 3534 ostium
1924 3485 2062 3532 tem-

461 3565 558 3636 pli.
608 3566 764 3632 Quod
810 3581 941 3637 ergo
984 3582 1138 3623 mare
1178 3568 1365 3640 posuit
1413 3570 1482 3625 ad
1527 3570 1811 3626 dexteram
1848 3577 2061 3641 partem

466 3656 739 3729 signiﬁcat
782 3672 884 3715 nos
930 3674 1031 3729 per
1072 3660 1351 3716 lavacrum
1397 3661 1652 3732 baptismi
1713 3662 1782 3717 ad
1835 3676 2062 3732 regnum

462 3748 709 3813 caeleste,
753 3750 900 3819 quod
941 3750 1066 3820 jure
1105 3750 1370 3807 vocabulo
1410 3752 1610 3807 dextra:
1659 3752 1939 3824 ﬁguratur,
1974 3753 2065 3807 de-

462 3841 595 3897 bere
636 3842 962 3914 pervenire:
1008 3842 1116 3910 Qui
1164 3845 1311 3901 enim
1361 3845 1642 3900 crediderit
1680 3854 1731 3899 et
1769 3845 2064 3917 baptizatus

463 3932 647 4002 fuerit,
676 3932 854 3990 salvus
892 3936 991 3990 erit
1032 3933 1229 4006 (Marc.
1257 3935 1392 4008 xvn).
1428 3935 1674 4008 Namque
1707 3938 1799 3992 ubi
1838 3937 2063 3993 dextera

463 4025 625 4082 simul
664 4034 723 4083 et
760 4027 985 4083 sinistra
1012 4027 1071 4083 in
1111 4028 1255 4084 bono
1288 4028 1651 4100 accipiuntur,
1680 4029 1767 4084 vel
1796 4028 2059 4098 Judaaam,

462 4118 550 4174 vel
573 4118 935 4189 gentilitatem
970 4119 1053 4193 (ut
1082 4120 1139 4177 in
1166 4121 1512 4193 expositione
1541 4123 1755 4179 basium
1781 4139 1948 4195 supra
1973 4124 2060 4179 di-

464 4210 665 4284 ximus)
701 4211 787 4267 vel
828 4221 1152 4283 prmsentem
1183 4214 1445 4273 Ecclesiae
1484 4214 1654 4271 vitam
1701 4224 1757 4272 et
1798 4214 2060 4284 futuram,

463 4302 549 4356 vel
575 4303 697 4358 lzeta
723 4304 907 4360 saeculi
945 4313 998 4361 et
1028 4306 1227 4373 tristia,
1263 4307 1352 4365 vel
1384 4307 1565 4377 aliqua
1598 4308 1846 4379 designat
1874 4309 2066 4379 hujus-

464 4391 632 4449 modi.
686 4392 791 4450 Ubi
831 4409 962 4451 vero
1008 4396 1253 4452 absolute
1293 4396 1519 4467 ponitur
1557 4397 1814 4463 dextera,
1857 4405 2063 4453 aeterna

464 4485 662 4557 saepius
675 4486 871 4558 gaudia
895 4488 1222 4543 demonstat.
1238 4488 1396 4557 Quod
1417 4503 1547 4544 vero
1570 4497 1761 4545 contra
1782 4488 2063 4547 Orientem

462 4578 646 4648 posuit
682 4593 855 4646 mare,
894 4579 963 4634 ad
999 4578 1249 4636 eamdem
1286 4594 1456 4651 prope
1486 4580 1939 4652 signiﬁcationem
1974 4596 2064 4638 re-

464 4669 623 4740 spicit
669 4688 683 4724 :
734 4670 882 4741 quod
928 4671 1184 4727 videlicet
1232 4688 1333 4743 per
1372 4672 1651 4730 lavacrum
1694 4675 1838 4731 sacri
1894 4674 2061 4732 fontis

465 4761 722 4832 Splendor
758 4762 915 4819 nobis
945 4765 1189 4833 aperitur
1225 4773 1443 4821 mterna:
1479 4768 1761 4823 claritatis.
1805 4767 1963 4836 Quod
1992 4769 2062 4824 ad

466 4851 826 4908 meridianum
871 4853 1009 4909 latus
1046 4855 1205 4923 atrii,
1243 4856 1516 4927 signiﬁcat
1552 4876 1650 4930 per
1689 4861 2061 4931 acceptionem

465 4942 640 4998 sancti
659 4941 898 5014 Spiritus
933 4945 1000 5000 ad
1026 4945 1369 5016 ﬂagrantiam
1395 4947 1573 5006 solere
1602 4965 1746 5007 verae
1775 4952 2060 5008 cbaritatis

464 5036 709 5091 accendi.
748 5035 955 5093 Fervor
983 5038 1185 5094 etenim
1215 5040 1505 5097 meridiani
1533 5041 1662 5098 solis
1691 5044 1974 5100 consuevit
2002 5044 2060 5100 in

466 5124 764 5197 Scripturis
801 5129 1054 5186 ardorem
1092 5130 1401 5188 dilectionis
1436 5143 1492 5189 et
1529 5133 1950 5192 illustrationem
1987 5138 2061 5193 si-

466 5217 725 5288 gniﬁcare
774 5221 947 5275 sancti
982 5223 1237 5293 Spiritus,
1284 5239 1385 5295 per
1410 5240 1572 5295 quem
1620 5228 1813 5285 eadem
1842 5228 2061 5286 dilectio

466 5308 784 5367 ditl'unditur
814 5313 869 5368 in
893 5315 1151 5374 cordibus
1175 5317 1475 5375 electorum
1505 5320 1687 5391 (Rom.
1713 5322 1790 5394 v).

468 5436 477 5464 ε
540 5400 690 5459 Fecit
707 5414 879 5459 autent
894 5417 942 5463 et
955 5409 1272 5467 candelabra
1286 5429 1448 5468 aurea
1463 5413 1639 5469 decem
1654 5415 1942 5470 secundum
1955 5433 2064 5489 spe-

467 5495 596 5552 ciem
611 5514 716 5570 qua
730 5498 886 5569 jussa
900 5513 1048 5557 erant
1061 5504 1203 5572 ﬁeri,
1216 5514 1266 5560 et
1276 5506 1453 5577 posuit
1467 5522 1528 5561 ea
1542 5506 1599 5561 in
1609 5506 1822 5578 templo,
1836 5510 2063 5581 quinque

468 5604 500 5642 a
523 5588 728 5643 dextris
746 5631 759 5653 ,
783 5602 831 5645 et
851 5594 1079 5666 quinque
1103 5614 1135 5651 a
1156 5596 1416 5663 sinistris;
1440 5614 1531 5653 nec
1553 5614 1658 5653 non
1679 5607 1728 5653 et
1748 5616 1955 5655 mensas
1973 5600 2066 5656 de-

470 5697 601 5749 cem,
625 5686 897 5758 posuitque
921 5706 1010 5745 eas
1036 5691 1092 5744 in
1118 5690 1333 5762 templo,
1362 5694 1591 5765 quinque
1619 5710 1653 5748 α
1671 5694 2064 5769 dextris,quin-

467 5792 566 5849 que
592 5796 623 5833 a
645 5779 872 5836 sinistris
891 5823 906 5849 ,
924 5790 1029 5840 etc.
1064 5783 1141 5839 De
1171 5784 1276 5841 hoc
1303 5784 1358 5840 in
1384 5784 1523 5842 libro
1553 5786 1762 5858 Regum
1798 5787 2065 5861 scriptum

468 5877 579 5929 est:
600 5871 669 5929 Et
681 5876 1000 5934 candelabra
1011 5893 1177 5935 aurea
1187 5881 1414 5953 quinque
1425 5881 1494 5937 ad
1505 5882 2071 5957 dextram,etQIinqu¢
2130 5935 2137 5942 .

2159 2000 2364 2067 uarius,
2393 2009 2447 2056 et
2474 2002 2714 2073 quinque
2737 2019 2770 2058 a
2802 2002 3040 2068 dextris,
3082 2009 3139 2058 et
3173 2002 3418 2073 quinque
3451 2016 3486 2055 a
3531 1999 3771 2054 sinistﬁs

2157 2100 2450 2161 ponuntur,
2468 2108 2591 2149 cum
2613 2102 2737 2164 post
2752 2092 3182 2149 incarnationem
3208 2090 3565 2147 Dominicam
3585 2090 3773 2145 eadm

2160 2186 2442 2257 Scriptura
2469 2185 2584 2241 sive
2613 2186 2829 2255 utrique
2858 2185 2955 2241 Dei
2978 2184 3195 2255 populo,
3225 2182 3418 2238 Iudaeo
3469 2181 3697 2239 scilicet
3724 2190 3771 2236 et

2157 2278 2365 2350 gentili,
2395 2279 2786 2346 committitur;
2841 2278 2956 2334 sive
2985 2276 3315 2349 evangelicis
3358 2275 3528 2347 plena
3584 2275 3768 2346 ﬁguris

2159 2371 2485 2437 ostenditur,
2509 2386 2630 2440 quae
2658 2373 2933 2441 quondam
2973 2371 3199 2441 antiquo
3234 2367 3438 2441 populo
3479 2368 3589 2424 Dei
3622 2367 3769 2437 juxta

2159 2462 2399 2518 litteram
2464 2461 2640 2518 solum
2699 2460 3045 2533 intelligenda
3094 2474 3215 2516 esse
3262 2461 3594 2531 putabatur.
3648 2459 3769 2514 Cum

2158 2571 2288 2611 vero
2308 2555 2565 2611 dixisset:
2584 2542 2812 2627 quinque
2828 2573 2862 2609 a
2882 2554 3101 2621 dextris,
3125 2563 3174 2609 et
3196 2555 3431 2626 quinque
3453 2572 3488 2607 a
3512 2555 3769 2616 sinistris,

2159 2648 2550 2705 convenienter
2612 2646 2819 2703 addidit
2881 2656 3065 2701 contra
3120 2644 3415 2700 oraculum.
3470 2642 3769 2700 Graculu-

2160 2755 2440 2812 namque,
2496 2740 2588 2796 ubi
2643 2747 2761 2795 erat
2809 2754 2937 2795 arca
2988 2739 3091 2812 (ut
3141 2754 3286 2810 saepe
3333 2739 3554 2794 dictum
3615 2737 3767 2809 est),
3876 2746 3877 2755 ‘

2161 2837 2381 2910 adytum
2433 2838 2680 2909 designat
2719 2838 2907 2908 patriae
2955 2836 3229 2903 caelestis,
3275 2836 3367 2890 ubi
3411 2834 3679 2890 Christus
3705 2845 3769 2889 est

2160 2931 2217 2985 in
2276 2929 2492 2984 dextera
2556 2928 2658 2984 Dei
2715 2928 2898 2984 sedens
2966 2926 3124 2999 (Col.
3185 2927 3332 3000 ιιι),
3404 2936 3767 2999 paternorum
3876 2938 3877 2945 ‘

2161 3024 2348 3093 utique
2393 3022 2646 3078 conscius
2716 3037 3061 3078 arcanorum.
3112 3022 3181 3078 Et
3248 3002 3589 3078 can'delabra
3647 3034 3770 3078 tem-

2161 3112 2237 3184 pli
2287 3127 2452 3168 aurea
2494 3122 2686 3168 contra
2735 3113 3017 3169 oraculum
3064 3122 3191 3169 sunt
3229 3114 3441 3184 posita,
3507 3114 3647 3185 quia
3701 3113 3769 3168 di-

2163 3204 2291 3259 vina
2318 3204 2533 3274 eloquia
2557 3219 2774 3276 semper
2811 3205 2878 3261 ad
2913 3205 3307 3261 habitationem
3337 3220 3610 3276 superna:
3647 3205 3767 3260 ciri-

2165 3298 2297 3354 tatis
2326 3305 2627 3368 aspectant,
2652 3306 2713 3353 ut
2734 3298 2896 3370 hujus
2940 3299 3269 3369 agnitionem
3320 3306 3378 3353 et
3430 3299 3764 3355 desiderium

2163 3392 2370 3448 nostris
2392 3391 2647 3448 cordibus
2673 3392 2985 3457 infundant,
3010 3400 3066 3447 et
3095 3406 3190 3447 eos
3223 3392 3316 3463 qui
3346 3391 3633 3463 originem
3665 3407 3765 3447 car-

2164 3486 2251 3542 nis
2279 3494 2543 3543 :eternam
2570 3486 2795 3552 habent,
2821 3486 2891 3540 ad
2917 3486 3273 3556 appetendam
3310 3486 3768 3555 promerendam-

2164 3592 2270 3649 que
2296 3578 2352 3634 in
2377 3578 2693 3635 caelestibus
2721 3577 2908 3635 sedem
2933 3588 3208 3649 perpetuae
3238 3577 3553 3633 mansionis
3582 3592 3766 3633 accen-

2164 3672 2313 3727 dant.
2343 3668 2403 3726 Si
2430 3676 2611 3726 autem
2642 3669 2841 3741 quaeris
2877 3668 3007 3740 quid
3053 3670 3199 3724 inter
3233 3668 3577 3724 candelabra
3609 3678 3669 3723 et
3701 3668 3769 3721 lu-

2165 3774 2360 3817 cernas
2383 3775 2573 3817 corum
2590 3761 2769 3832 typice
2791 3761 2975 3827 distet,
2989 3748 3280 3832 possumus
3294 3767 3445 3815 recte
3468 3760 3766 3829 intelligere

2163 3852 2416 3908 lucernas
2458 3868 2579 3909 esse
2603 3854 2753 3909 viros
2784 3862 3023 3921 sanctos,
3052 3854 3144 3924 qui
3172 3853 3293 3910 oleo
3321 3852 3576 3923 Spiritus
3601 3852 3768 3907 sancti

2165 3943 2330 3999 infusi
2354 3953 2411 4000 et
2432 3945 2536 4014 ipsi
2559 3945 2686 4017 igne
2707 3945 3015 4002 dilectionis
3043 3946 3239 4002 ardent
3269 3946 3326 4001 in
3353 3944 3553 4010 corde,
3569 3953 3627 3998 et
3651 3958 3766 4014 pre

2162 4038 2327 4096 simis
2355 4038 2532 4095 lucem
2567 4039 2810 4096 scientia:
2834 4039 3136 4110 praeferunt
3165 4040 3221 4095 in
3247 4039 3473 4110 lingua;
3522 4037 3767 4094 candela

2163 4130 2263 4186 bra
2289 4138 2472 4186 autem
2497 4146 2618 4200 qua:
2644 4131 2744 4187 has
2777 4132 3033 4187 lucernas
3079 4132 3136 4187 in
3184 4131 3419 4187 sublime
3468 4130 3689 4196 tollant,
3721 4141 3766 4185 ut

2163 4223 2322 4294 longe
2354 4221 2569 4292 lateque
2588 4222 2760 4279 videri
2793 4224 3007 4294 possint
3040 4223 3095 4278 in
3120 4223 3387 4290 Ecclesia,
3423 4220 3764 4294 Scripturam

2164 4330 2285 4371 esse
2311 4330 2560 4379 sacram,
2591 4332 2713 4385 quae
2737 4324 3054 4372 sanctorum
3089 4316 3249 4373 nobis
3286 4315 3527 4371 virtutes
3577 4326 3636 4372 et
3678 4317 3762 4370 de-

2164 4408 2398 4464 ctrinam
2423 4423 2520 4464 sua
2551 4408 2784 4464 lectione
2802 4409 3163 4465 demonstrat.
3192 4408 3291 4464 Cui
3318 4407 3592 4463 videlicet
3612 4408 3765 4462 inter

2162 4503 2454 4574 pretationi
2496 4502 2686 4558 annuit
2715 4517 2897 4559 sermo
2927 4502 3179 4568 Domini,
3203 4516 3311 4572 quo
3338 4501 3479 4557 dicit
3505 4501 3580 4557 de
3604 4499 3760 4555 Joan-

2085 4635 2141 4699 Β
2166 4608 2234 4649 ne
2259 4612 2273 4649 :
2299 4593 2401 4649 Ille
2427 4604 2540 4650 erat
2566 4594 2781 4650 lucerna
2807 4594 3000 4650 ardens
3025 4604 3073 4649 et
3101 4594 3279 4649 lucens
3310 4591 3371 4665 (1
3375 4611 3505 4648 oan.
3531 4596 3618 4667 v).
3650 4593 3763 4647 Siue

2164 4689 2444 4760 reciproco
2469 4689 2662 4744 ordine
2700 4703 2992 4760 possumus
3021 4688 3189 4743 etiam
3229 4688 3307 4743 ita
3355 4688 3650 4758 aptissime
3695 4688 3759 4739 di.

2161 4794 2310 4844 cere,
2338 4778 2482 4848 quod
2506 4779 2743 4836 lucernae
2770 4780 2954 4835 divina
2987 4788 3112 4837 sunt
3156 4780 3377 4852 eloquia
3402 4820 3419 4846 ,
3439 4780 3605 4850 juxta
3638 4778 3758 4833 illud

2161 4871 2482 4938 Psalmistm,
2512 4872 2655 4942 quod
2683 4880 2738 4927 et
2771 4886 2938 4943 supra
2976 4872 3257 4943 posuimus
3289 4889 3303 4924 :
3339 4871 3591 4925 Lucerna
3614 4869 3756 4940 pedi-

2163 4967 2258 5021 bus
2284 4967 2412 5021 meis
2441 4967 2650 5021 verbum
2672 4976 2841 5033 tuum,
2867 4965 3110 5030 Domine,
3130 4975 3180 5020 et
3209 4964 3387 5019 lumen
3408 4964 3613 5018 semitis
3642 4962 3757 5015 meis

2164 5057 2337 5131 (Psal.
2365 5058 2577 5129 cxvm).
2610 5057 2949 5114 Candelabra
2976 5064 3159 5113 autem
3188 5058 3385 5112 harum
3414 5054 3755 5110 lucernarum

2164 5152 2337 5208 sancti
2373 5160 2500 5205 sunt
2523 5165 2738 5217 omnes,
2760 5150 2855 5220 qui
2880 5166 2978 5205 sua
3006 5158 3064 5206 et
3088 5150 3255 5206 corda
3300 5157 3359 5204 et
3402 5161 3642 5217 corpora
3686 5144 3755 5197 fe-

2165 5246 2349 5302 rendis
2376 5245 2590 5301 Domini
2620 5244 2891 5301 mandatis
2934 5243 3123 5300 humili
3176 5256 3396 5315 semper
3459 5240 3757 5296 intentione

2165 5347 2494 5410 supponunt.
2526 5338 2781 5408 Quisquis
2807 5339 2951 5394 enim
2984 5339 3038 5394 in
3083 5338 3229 5395 nullo
3276 5336 3561 5409 propriam
3608 5334 3755 5404 sequi

2165 5440 2322 5489 curat
2343 5432 2697 5499 voluntatem,
2727 5447 2916 5489 verum
2943 5433 2996 5488 in
3019 5433 3295 5501 omnibus,
3322 5445 3448 5503 qua:
3470 5429 3753 5500 Scriptura

2171 5531 2359 5579 sancta
2379 5524 2545 5589 dicat,
2569 5524 2816 5589 attendit,
2841 5521 3064 5595 ejusque
3087 5539 3144 5580 se
3172 5523 3443 5594 subjicere
3470 5521 3749 5581 mandatis,

2171 5627 2288 5681 ejus
2309 5614 2510 5685 satagit
2537 5614 2843 5671 auscultare
2871 5615 3343 5686 promissis,quasi
3372 5612 3749 5670 candelabrum

2172 5702 2365 5759 domus
2386 5703 2480 5760 Dei
2504 5720 2749 5773 aureum,
2775 5721 2971 5763 aureas
2999 5707 3117 5779 ejus
3146 5715 3321 5780 gestat
3343 5707 3616 5770 lucernas,
3630 5703 3750 5775 quia

2174 5801 2325 5850 casta
2349 5798 2594 5869 corporis
2628 5799 2713 5855 sui
2748 5800 3014 5866 membra,
3048 5809 3229 5857 castas
3253 5799 3456 5857 mentis
3477 5795 3752 5870 cogitatio-

2173 5899 2277 5945 nes
2297 5888 2370 5949 ad
2394 5887 2644 5949 facienda
2671 5907 2792 5964 quae
2828 5892 2973 5951 Deus
2993 5893 3167 5966 jubet,
3197 5906 3497 5965 supponere
3534 5898 3750 5947 canten-

3396 6454 3459 6462 7——
3536 6450 3581 6461 -ι-
3634 6450 3780 6460 -ή
