3920 6472
229 429 351 486 449

1142 423 1495 484 COMMENT.
1535 424 1605 483 1N
1640 424 2195 485 PARALIPOMENA.
2233 457 2305 469 -
2337 426 2466 485 LIB.
2504 426 2589 486 Ill.

3400 427 3523 505 ,ιω

228 545 324 599 dit
351 563 364 597 :
397 551 452 598 et
478 543 583 599 hoc
617 550 728 599 tam
752 541 861 598 ﬁxa
886 541 1218 612 intentione,
1250 561 1415 618 quam
1441 545 1828 603 candelabrum
1854 549 1910 611 Α
1935 545 2215 618 Scriptum
2258 548 2455 615 refert,
2486 549 2947 621 thymiamateria,
2983 548 3284 618 tnuribula,
3313 559 3519 608 morta-

228 650 469 693 neccsse
494 645 597 703 est,
630 633 858 691 ﬁrmiter
890 635 956 691 ad
986 652 1223 708 superna
1244 647 1507 705 erectum,
1540 634 1824 709 impositas

227 732 345 787 sibi
387 732 641 787 lucernas
686 747 794 787 non
850 730 1024 788 solum
1071 733 1277 804 absque
1318 732 1496 799 ruina,
1524 732 1619 789 sed
1660 733 1825 788 etiam

229 824 450 893 absque
480 821 589 877 ulla
620 830 791 878 status
818 821 902 877 sui
939 823 1177 879 motione
1218 838 1456 880 servare.
1497 823 1651 892 Quod
1696 836 1826 878 vero

228 933 368 973 cum
389 916 651 973 dixisset:
680 915 752 970 Et
779 915 1096 972 candelabra
1122 934 1285 973 aurea
1307 919 1535 990 quinque
1559 918 1629 972 ad
1648 918 1825 973 dexte-

230 1026 380 1076 ram,
403 1018 451 1065 et
476 1011 703 1081 quinque
725 1010 794 1063 ad
815 1009 1084 1064 sinistram
1105 1019 1289 1065 contra
1310 1009 1584 1065 oraculum
1604 1027 1667 1065 ex
1692 1027 1824 1065 auro

225 1102 407 1172 primo
426 1142 442 1168 ,
466 1099 674 1157 addidit
701 1119 715 1153 :
746 1097 818 1154 Et
843 1102 996 1172 quasi
1024 1100 1124 1156 lilii
1148 1103 1305 1173 ﬂores
1326 1110 1376 1157 et
1402 1102 1644 1158 lucernas
1669 1103 1826 1159 desu-

224 1211 334 1264 per
378 1211 591 1260 aureas,
621 1192 867 1261 videtur,
888 1193 1044 1266 juxta
1092 1194 1360 1260 litteram',
1394 1196 1521 1266 quia
1573 1211 1826 1266 suprema

222 1302 365 1358 pars
388 1287 842 1343 candelabrorum
864 1286 920 1342 in
946 1287 1165 1343 modum
1192 1288 1264 1345 sit
1289 1287 1388 1343 lilii
1416 1287 1637 1359 repandi
1663 1286 1824 1344 eﬁ‘or-

222 1393 408 1450 mata,
438 1385 709 1455 quomodo
744 1385 801 1441 in
851 1386 1177 1443 candelabro
1220 1385 1560 1442 tabernaculi
1618 1384 1824 1441 factum

221 1492 361 1534 esse
385 1478 634 1550 legimus,
664 1477 818 1549 cujus
845 1488 902 1535 et
944 1481 1113 1550 stipes
1161 1478 1372 1535 medius
1415 1486 1472 1534 et
1519 1477 1713 1533 calami
1756 1493 1823 1534 ex

221 1568 355 1640 ipso
380 1571 736 1640 procedentes
765 1587 888 1627 cum
915 1571 1133 1644 scyphis
1154 1579 1209 1626 et
1237 1571 1520 1642 sphaerulis
1550 1569 1664 1627 lilia
1691 1570 1826 1627 scri-

216 1657 439 1714 buntur
462 1659 719 1717 habuisse
742 1661 1076 1733 perplurima
1121 1660 1318 1735 (Exod.
1355 1661 1589 1735 xxxvn).
1634 1660 1825 1718 Flores

217 1759 417 1806 autem
461 1750 562 1807 lilii
618 1751 703 1825 (ut
725 1768 866 1825 saepe
895 1754 1095 1810 dictum
1126 1754 1231 1826 est)
1280 1769 1550 1811 amoenam
1609 1768 1826 1826 semper

1931 638 2088 708 riola,
2118 647 2173 696 et
2217 649 2433 707 caetera,
2465 656 2585 711 quae
2614 641 2671 697 in
2702 642 3052 714 sequentibus
3079 642 3351 715 leguntur.
3380 642 3519 701 Nam

1927 732 2071 802 quod
2098 732 2258 802 paulo
2283 740 2407 803 post
2435 733 2491 789 in
2518 733 2708 791 eodem
2746 737 3038 792 verborum
3082 735 3356 792 volumine
3392 735 3521 791 sub-

1925 821 2158 879 infertur
2187 841 2201 879 :
2230 821 2479 897 Fecitque
2504 823 2756 883 Salomon
2783 829 2958 883 omnia
2979 846 3105 884 vasa
3124 829 3313 884 domus
3336 827 3521 887 Domii

1926 917 2001 983 ni,
2032 925 2083 971 et
2120 917 2288 974 altare
2316 935 2541 985 teneam,
2573 927 2622 973 et
2650 936 2878 987 mensas,
2924 929 2972 975 et
3020 937 3177 991 super
3217 937 3307 976 eas
3357 935 3519 990 panes

1925 1010 2317 1080 propositionis,
2341 1011 2426 1067 vel
2468 1011 2732 1086 pluralem
2779 1028 3064 1070 numerum
3112 1029 3213 1084 pro
3257 1012 3520 1085 singulari

1924 1101 2107 1171 posuit
2131 1116 2284 1159 more
2312 1102 2611 1175 Scripturis
2640 1105 3014 1172 usitatissimo,
3032 1112 3090 1159 ut
3108 1105 3164 1160 in
3182 1103 3311 1161 Jesu
3329 1103 3477 1160 Nave
3501 1122 3514 1159 :

1924 1192 2057 1249 Filii
2105 1205 2280 1251 autem
2318 1196 2490 1252 Israel
2548 1198 2880 1262 pravaricati
2927 1206 3048 1252 sunt
3095 1197 3440 1264 mandatum,
3469 1205 3518 1251 et

1927 1297 2309 1358 usurpaverant
2337 1288 2402 1344 de
2441 1290 2774 1345 anathemate
2819 1288 2957 1362 (los.
2988 1288 3113 1360 vn),
3158 1305 3282 1345 cum
3329 1288 3520 1344 Acban

1926 1376 2090 1444 solus,
2113 1386 2170 1434 et
2193 1393 2301 1435 non
2330 1378 2516 1449 plures
2538 1394 2604 1435 ex
2632 1379 2801 1436 Israel
2826 1380 2932 1435 hoc
2955 1377 3207 1435 fecerint.
3225 1377 3324 1433 Vel
3348 1386 3519 1445 certe,

1925 1469 2050 1540 quia
2072 1484 2241 1540 panes
2269 1470 2657 1541 propositionis
2684 1472 2930 1528 solebant
2970 1478 3096 1527 ante
3123 1468 3407 1528 sabbatum
3428 1484 3520 1524 co-

1925 1562 2040 1631 qui,
2070 1570 2131 1617 nt
2154 1563 2211 1617 in
2237 1563 2466 1620 sabbato
2491 1579 2618 1620 mox
2641 1565 2769 1636 poni
2797 1574 3020 1636 possent
3043 1565 3101 1620 in
3128 1579 3375 1620 mensam
3394 1578 3522 1634 pro-

1923 1656 2228 1726 positionis,
2258 1659 2436 1728 potuit
2473 1657 2592 1714 ﬁeri
2636 1666 2698 1714 ut
2752 1674 2922 1730 panes
2965 1660 3093 1715 novi
3126 1658 3336 1714 noviter
3377 1656 3520 1713 cocti

1925 1763 2052 1804 mox
2082 1748 2187 1804 illis
2211 1749 2415 1807 mensis
2444 1751 2870 1823 imponerentur,
2895 1751 3205 1821 ibidemque
3229 1757 3390 1807 nocte
3429 1748 3520 1804 illa

216 1842 463 1898 virentis
493 1852 656 1899 terrae
685 1842 1028 1914 iuventutem
1064 1846 1367 1918 designant,
1414 1845 1482 1901 de
1532 1861 1655 1919 qua»
1692 1845 1856 1919 dicit_
1928 1850 2278 1897 servarentur
2306 1843 2502 1912 aperti,
2539 1843 2713 1899 donec
2740 1843 2919 1914 primo
2945 1857 3127 1910 mane,
3153 1841 3350 1898 ablatis
3367 1848 3518 1898 vete-

216 1931 428 1990 beatus
454 1934 654 1991 Petrus
683 1953 696 1990 :
730 1934 1084 2009 Regeneratos
1109 1917 1202 1994 ηοξ
1244 1957 1277 1994 α
1320 1917 1566 1996 Domino"
1595 1940 1654 1995 ίη
1678 1956 1823 2011 spem
1848 1917 1898 1980 Β
1925 1930 2094 1997 ribus,
2113 1946 2277 2003 super
2297 1949 2540 1990 mensam
2568 1934 2955 2006 propositionis
2980 1942 3312 2006 ponerentur
3339 1933 3515 1990 calidi.

216 2024 428 2092 vivam,
460 2026 517 2081 in
542 2024 905 2082 hereditatem
929 2029 1377 2101 incorruptibilem
1418 2040 1469 2086 et
1504 2031 1822 2086 incontami-

214 2127 432 2184 natam,
490 2125 541 2173 et
588 2110 1108 2188 immarcessibilem,
1154 2132 1517 2179 conservatam
1568 2124 1626 2179 in
1681 2124 1821 2180 caelis

216 2207 282 2280 (Ι
307 2207 424 2264 Pet.
451 2209 513 2281 ι).
539 2209 609 2265 Ει
626 2210 763 2267 bene
785 2210 884 2266 lilii
906 2210 1066 2269 ﬂores
1094 2215 1246 2270 aurei
1271 2215 1327 2270 in
1351 2215 1679 2272 candelabro
1696 2225 1825 2273 sunt

216 2298 359 2354 facti
389 2300 582 2358 domus
616 2302 739 2370 Dei,
758 2304 886 2374 quia
914 2303 1198 2378 Scriptura
1229 2307 1434 2375 divina,
1458 2311 1657 2381 spretis
1689 2318 1825 2367 tem-

213 2392 505 2464 poralibus
555 2395 790 2467 gaudiis,
829 2398 899 2453 ad
941 2401 1243 2469 appetenda
1298 2417 1397 2458 nos
1440 2402 1583 2458 bona
1633 2404 1825 2475 patria:

219 2484 472 2541 cmlestis
495 2500 797 2556 provocare
824 2491 1131 2546 consuevit.
1181 2492 1250 2548 Et
1283 2497 1553 2564 quomodo
1581 2503 1823 2552 erectum

215 2580 284 2635 in
316 2581 598 2639 altitudine
626 2582 1015 2640 candelabrum
1042 2583 1143 2638 lilii
1170 2582 1331 2641 ﬂores
1362 2594 1420 2642 et
1447 2585 1699 2643 lucernas
1726 2588 1824 2643 ha-

213 2666 330 2729 bet
348 2690 542 2732 aureas
568 2675 626 2731 in
656 2668 857 2746 capite,
881 2675 958 2731 ita
987 2676 1147 2732 electi
1173 2693 1364 2734 omnes
1394 2665 1488 2749 qui
1535 2679 1587 2734 in
1633 2680 1822 2735 eadem

218 2763 511 2837 Scriptura
572 2783 732 2824 saera
785 2769 1165 2838 continentur,
1224 2779 1408 2827 erecto
1464 2773 1532 2829 ad
1587 2788 1824 2844 superna

218 2871 412 2926 sensu,
440 2858 687 2915 coelestia
708 2861 855 2917 bona
891 2878 922 2916 a
954 2861 1183 2918 Domino
1227 2864 1487 2933 quasisse
1534 2873 1591 2921 et
1636 2881 1826 2936 perce—

217 2949 370 3020 pisse
398 2954 721 3023 probantur.
768 2952 923 3022 Quod
955 2961 1137 3011 autem
1176 2970 1274 3025 per
1309 2956 1633 3013 candelabra
1681 2957 1826 3014 facta

221 3044 526 3104 demensis
553 3064 785 3104 numero
816 3048 1014 3119 plurali
1045 3049 1310 3119 scriptum
1337 3050 1562 3117 addidit,
1595 3050 1780 3108 dicens
1808 3070 1822 3107 :

220 3134 341 3189 Nec
390 3154 495 3193 non
542 3146 592 3193 et
624 3156 830 3194 mensas
861 3140 1070 3207 decem,
1099 3143 1376 3213 posuitque
1403 3159 1493 3198 eas
1519 3142 1577 3196 in
1610 3140 1824 3213 templo,

217 3231 454 3302 quinque
479 3250 513 3287 a
542 3233 763 3301 dextris,
788 3243 837 3289 et
859 3236 1087 3307 quinque
1136 3254 1170 3291 a
1216 3238 1466 3305 sinistris,
1511 3239 1570 3293 in
1614 3238 1825 3312 Regum

1923 2019 2043 2077 Non
2070 2032 2253 2080 autem
2279 2025 2364 2081 hae
2388 2040 2593 2083 mensae
2618 2026 2828 2094 decem,
2860 2042 2893 2082 a
2920 2025 3095 2098 ﬁgura
3122 2025 3286 2082 unius
3318 2040 3520 2082 mensae

1922 2117 2310 2189 propositionis
2332 2121 2665 2191 discrepant.
2694 2119 2831 2176 Nam
2853 2120 2994 2177 sicut
3019 2136 3129 2176 una
3159 2135 3354 2177 mensa
3386 2118 3519 2175 duo—

1923 2210 2098 2266 decim
2124 2210 2356 2281 panibus
2399 2219 2597 2268 onusta
2638 2214 2953 2269 unanimem
3004 2212 3173 2268 totius
3223 2212 3520 2283 Scriptura:
3622 2226 3627 2231 '

1923 2302 2218 2358 concordia
2245 2304 2578 2362 auctoritate
2611 2305 2908 2376 apostolica
2940 2307 3205 2361 munitam
3248 2303 3517 2375 designat,

1924 2393 1998 2448 ita
2026 2410 2133 2450 non
2154 2396 2432 2452 immerito
2460 2397 2651 2453 decem
2680 2412 2886 2453 mensa:
2928 2412 3107 2453 aureae
3151 2396 3334 2452 divina
3381 2395 3517 2468 legis

1922 2493 1978 2543 et
2000 2488 2387 2559 prophetarum
2412 2488 2627 2560 eloquia
2650 2488 2879 2560 ﬁgurate
2908 2489 3252 2555 denuntiant,
3285 2504 3405 2559 quae
3432 2488 3519 2543 vel

1922 2578 2278 2637 refectionem
2306 2582 2465 2639 nobis
2496 2581 2649 2638 verbi
2673 2566 2979 2653 Dei,'quasi
3000 2597 3169 2653 panes
3192 2580 3519 2652 pr0positio-

1922 2673 2033 2739 nis,
2055 2671 2324 2741 offerunt;
2368 2674 2457 2730 vel
2498 2674 2655 2731 nobis
2677 2673 2925 2744 exempla
2960 2673 3224 2740 ﬁdelium,
3246 2673 3402 2744 quasi
3426 2687 3521 2743 po-

1924 2765 2154 2820 sitorum
2180 2765 2236 2821 in
2263 2780 2325 2822 se
2360 2779 2625 2822 vasorum
2663 2766 2880 2823 Domini
2912 2766 3235 2833 claritatem,
3258 2775 3314 2822 et
3355 2766 3521 2820 mira-

1923 2858 2045 2913 cula
2072 2867 2402 2930 proponunt.
2433 2861 2613 2929 Quare
2654 2869 2838 2916 autem
2883 2861 3125 2931 quinque
3160 2876 3192 2915 a
3222 2859 3431 2916 dextris
3466 2865 3523 2914 et

1924 2949 2163 3021 quinque
2193 2966 2224 3005 a
2252 2951 2490 3006 sinistris
2528 2951 2718 3021 posita:
2747 2952 2860 3006 sint
2904 2966 3110 3008 mensae
3160 2965 3229 3007 ex
3268 2950 3355 3005 his
3401 2963 3529 3020 quae

1926 3045 1992 3098 de
2013 3044 2351 3101 candelabris
2375 3061 2539 3117 supra
2559 3046 2936 3116 tractavimus,
2954 3045 3212 3103 facillime
3245 3055 3416 3118 patet.

1999 3132 2151 3190 Fecit
2193 3137 2355 3192 etiam
2388 3139 2582 3193 atrium
2622 3140 2974 3206 sacerdotum,
2998 3147 3047 3194 et
3069 3138 3343 3194 basilicam
3368 3154 3524 3209 gran-

1927 3224 2069 3293 dem,
2093 3236 2141 3281 et
2169 3229 2305 3283 ostia
2331 3230 2389 3283 in
2423 3230 2808 3302 basilica,qute
2854 3234 2983 3286 texit
3028 3248 3149 3287 tere.
3200 3231 3277 3286 De
3318 3231 3423 3286 hoc
3470 3229 3527 3284 in

218 3322 559 3393 singularem
579 3341 869 3381 numerum
890 3326 1074 3393 habet,
1091 3328 1184 3384 ubi
1203 3344 1329 3384 cum
1354 3331 1420 3385 de
1448 3329 1609 3386 altari
1635 3346 1821 3399 aureo,

1931 3317 2068 3375 libro
2100 3319 2308 3393 Regum
2335 3323 2412 3377 ita
2441 3301 2709 3393 scriptum,
2729 3332 2814 3380 est
2847 3342 2860 3377 ε
2898 3324 2972 3378 Et
2995 3324 3276 3393 aediﬁcavit
3304 3339 3397 3378 rex
3422 3320 3521 3377 Sa-

220 3414 375 3483 quod
406 3414 534 3471 fecit
556 3415 836 3487 Salomon,
866 3418 1121 3486 refertur,
1149 3422 1389 3478 additum
1418 3430 1504 3479 est
1527 3422 1782 3480 continuo
1808 3440 1823 3479 :

219 3506 300 3559 Et
334 3524 592 3578 mensam,
624 3529 781 3583 super
803 3530 921 3585 qua:
946 3523 1266 3585 ponerentur
1283 3532 1444 3587 panes
1460 3517 1826 3588 propositionis

222 3616 449 3655 auream
496 3602 615 3675 (ΙΙΙ
650 3603 781 3676 Reg.
810 3605 931 3678 vn).
971 3607 1187 3675 Mensa,
1222 3616 1404 3665 autem
1447 3622 1632 3675 aurea,
1674 3607 1826 3664 Scri-

223 3700 391 3761 ptura
417 3701 503 3749 est
531 3710 707 3763 sacra,
728 3698 989 3768 spiritalis
1020 3700 1265 3756 scientiae
1295 3702 1546 3757 claritate
1573 3701 1824 3768 fecunda,

226 3784 297 3839 de
322 3801 429 3856 qua
453 3785 742 3843 Psalmista
770 3789 1000 3847 Domino
1031 3793 1208 3863 inquit
1238 3808 1252 3846 :
1287 3791 1503 3848 Parasti
1535 3795 1589 3848 in
1617 3810 1829 3864 conspe-

229 3886 320 3932 clu
361 3888 450 3934 tuo
478 3896 716 3936 mensam
743 3882 993 3939 adversus
1026 3901 1112 3940 eos
1140 3886 1232 3957 qui
1254 3886 1509 3941 tribulant
1539 3904 1620 3941 me
1649 3884 1824 3959 (Psal.

229 3969 434 4042 χχιιι).
463 3969 544 4027 Ne
569 3973 717 4027 enim
743 3989 842 4029 nos
869 3974 1169 4031 adversarii
1201 3975 1526 4033 tribulantes
1568 3978 1638 4032 ad
1678 3994 1830 4035 erro-

227 4076 349 4117 rem
376 4061 676 4132 inﬁcetant,
699 4080 945 4122 mensam
974 4068 1131 4124 nobis
1155 4066 1419 4125 Conditor
1446 4079 1632 4126 noster
1652 4071 1831 4127 scien-

227 4154 321 4208 tiae
347 4154 604 4221 caelestis,
632 4171 732 4228 per
755 4174 919 4229 quam
942 4158 998 4213 in
1024 4159 1131 4214 ﬁde
1158 4159 1406 4215 veritatis
1433 4160 1827 4229 confortemur,

226 4244 462 4314 paravit.
507 4244 686 4301 Panes
741 4261 978 4318 namque
1020 4248 1409 4319 propositionis
1465 4252 1645 4306 sancti
1706 4258 1832 4307 sunt

228 4336 502 4401 doctores,
530 4352 761 4407 quorum
792 4352 892 4408 per
922 4352 1088 4410 opera
1116 4339 1274 4394 nobis
1304 4339 1391 4394 vel
1424 4341 1593 4397 verba
1627 4340 1832 4397 saluta—

226 4428 313 4483 ria
341 4429 409 4484 ad
438 4428 749 4500 exemplum
778 4428 905 4485 vitae
958 4431 1240 4503 proposita
1290 4447 1507 4505 semper
1544 4433 1605 4489 in
1636 4435 1833 4490 divinis

228 4520 468 4592 paginis,
496 4522 743 4593 quisquis
768 4524 909 4579 bene
930 4524 1141 4594 quatrit,
1174 4525 1400 4582 invenit.
1446 4526 1599 4584 Unde
1647 4536 1834 4601 aperte

230 4614 399 4669 iidem
428 4630 598 4685 panes
617 4616 673 4671 in
698 4616 886 4673 Exodo
924 4618 1209 4674 duodecim
1248 4618 1366 4675 ﬁeri
1407 4622 1665 4691 praecepti
1706 4629 1834 4679 sunt

233 4706 434 4777 (Exod.
468 4706 622 4780 xxv),
648 4708 902 4765 videlicet
926 4718 1150 4781 propter
1192 4712 1464 4782 apostolos
1512 4713 1826 4784 duodecim,

231 4816 333 4871 per
380 4816 611 4871 quorum
638 4803 999 4859 ministerium
1051 4814 1105 4860 et
1160 4806 1317 4862 nobis
1366 4806 1647 4878 Scriptura
1690 4807 1830 4865 Novi

234 4891 572 4949 Testamenti
596 4895 816 4951 condita
840 4904 946 4965 est,
974 4905 1032 4953 et
1053 4897 1409 4955 lnstrumenti
1462 4898 1693 4969 Veteris,
1733 4901 1832 4957 do-

236 4992 401 5040 nante
422 4985 671 5055 Domino,
700 4988 937 5045 revelata
968 4990 1243 5061 mysteria.
1293 4991 1536 5060 Quorum
1570 4994 1830 5051 nimirum

240 5091 470 5133 numero
512 5094 621 5137 non
655 5086 868 5135 tantum
901 5079 1066 5136 iidem
1093 5082 1341 5153 apostoli,
1364 5084 1463 5139 sed
1485 5098 1676 5140 omnes
1703 5093 1833 5142 sunt

239 5169 529 5243 designati,
544 5172 638 5242 qui
660 5172 885 5229 verbum
906 5172 1251 5244 praedicando
1276 5174 1532 5245 pabulum
1556 5175 1836 5248 vitae§ﬁde-

236 5262 381 5319 libus
416 5267 749 5335 ministrant,
779 5266 910 5338 quia
939 5281 1129 5324 omnes
1156 5269 1345 5339 utique
1368 5269 1543 5341 ipsam
1572 5270 1835 5329 doctrina:

242 5354 472 5413 formam
508 5374 674 5431 quam
700 5375 733 5415 a
768 5359 999 5416 Domino
1033 5361 1261 5433 apostoli
1294 5378 1555 5434 accepere
1591 5379 1835 5436 sequun-

243 5455 350 5502 tur.
371 5446 527 5516 Quod
551 5466 683 5507 vero
703 5451 759 5507 in
771 5449 967 5507 Verbis
996 5453 1215 5509 Dierum
1246 5469 1411 5526 supra
1438 5454 1834 5527 legimus,quia

242 5538 375 5597 fecit
404 5538 660 5600 Salomon
684 5559 904 5601 mensas
932 5545 1141 5612 decem,
1161 5546 1447 5618 posuitque
1469 5563 1564 5605 eas
1592 5549 1650 5604 in
1690 5556 1833 5605 tem-

241 5633 355 5705 plo,
376 5633 613 5707 quinque
640 5651 672 5692 a
702 5636 927 5705 dextris,
944 5646 999 5693 et
1020 5638 1257 5709 quinque
1284 5655 1316 5694 a
1342 5638 1599 5706 sinistris,
1625 5640 1837 5713 phialas

245 5740 463 5798 quoque
486 5743 679 5786 aureas
701 5739 938 5799 centum,
957 5748 1065 5789 non
1085 5733 1186 5789 has
1204 5747 1421 5790 mensas
1446 5740 1556 5789 tam
1574 5734 1641 5790 ad
1664 5750 1836 5806 panes

247 5819 632 5890 propositionis
659 5839 822 5895 quam
850 5826 917 5880 ad
941 5840 1071 5883 vasa
1100 5825 1315 5882 Domini
1351 5828 1616 5897 portanda
1663 5826 1837 5886 factas

251 5924 373 5968 esse
393 5902 649 5971 credibile
666 5924 768 5985 est,
781 5916 991 5988 phialas
1010 5917 1261 5976 videlicet
1282 5934 1418 5991 quas
1437 5919 1644 5991 pariter
1665 5919 1837 5979 factas

1856 4670 1911 4731 D

1929 3410 2107 3465 lomon
2133 3414 2330 3466 atrium
2364 3413 2583 3468 interius
2620 3414 2784 3468 tribus
2815 3414 3089 3470 ordinibus
3144 3413 3383 3486 lapidum
3427 3429 3527 3485 po-

1930 3504 2177 3570 litorum,
2205 3517 2254 3560 et
2280 3523 2384 3561 uno
2414 3506 2599 3561 ordine
2626 3506 2889 3577 lignorum
2927 3507 3070 3562 cedri
3121 3505 3241 3579 (ΙΙΙ
3271 3505 3402 3577 Reg.
3426 3505 3526 3577 v1).

1930 3595 2008 3650 De
2041 3587 2304 3653 interiori
2354 3598 2496 3654 atrio
2554 3598 2794 3655 breviter
2849 3598 3108 3673 loquitur,
3148 3599 3216 3654 dc
3269 3597 3529 3654 exteriori

1928 3703 2156 3758 prorsus
2207 3696 2386 3745 tacere
2433 3690 2663 3745 videtur.
2715 3690 2919 3747 Verum
2969 3690 3026 3745 in
3073 3688 3270 3745 Verbis
3308 3689 3530 3745 Dierum

1928 3781 2218 3853 utriusque
2242 3781 2302 3836 ﬁt
2327 3782 2552 3837 mentio.
2580 3782 2796 3838 Atrium
2822 3798 2953 3856 ergo
2982 3782 3231 3849 interius,
3254 3781 3399 3852 quod
3428 3796 3530 3837 vo-

1932 3881 2090 3929 catur
2114 3874 2487 3939 sacerdotum,
2524 3889 2590 3931 co
2617 3873 2762 3945 quod
2790 3875 3101 3930 sacerdotes
3128 3882 3183 3929 et
3229 3873 3431 3929 Levitze
3473 3872 3531 3928 in

1931 3980 1997 4020 eo
2026 3965 2421 4032 ministrarent,
2453 3981 2522 4021 ex
2558 3968 2707 4022 omni
2739 3976 2894 4038 parte
2916 3973 3036 4023 erat
3066 3965 3268 4036 templo
3296 3965 3532 4020 circum-

1933 4058 2154 4125 datum;
2195 4059 2290 4115 sed
2331 4061 2402 4116 ab
2430 4059 2653 4117 Oriente
2673 4101 2688 4128 ,
2715 4060 2861 4116 unde
2888 4068 3007 4116 erat
3033 4062 3333 4132 ingressus,
3361 4057 3534 4113 multo

1932 4148 2144 4220 longius
2168 4168 2201 4207 a
2238 4153 2440 4225 templo
2472 4170 2637 4224 quam
2663 4170 2694 4209 a
2731 4156 2945 4212 caeteris
2965 4156 3142 4212 tribus
3162 4155 3339 4227 plagis
3358 4169 3534 4210 secre-

1932 4256 2072 4314 tum,
2102 4249 2229 4318 quia
2259 4251 2516 4305 nimirum
2542 4250 2599 4305 in
2626 4266 2689 4306 ea
2720 4250 2877 4323 plaga
2898 4293 2913 4318 ,
2935 4250 2991 4306 id
3014 4260 3128 4320 est,
3154 4251 3211 4306 in
3234 4250 3375 4307 facie
3403 4257 3535 4305 tem-

1932 4339 2008 4410 pli
2038 4339 2242 4396 ﬁebant
2271 4343 2573 4398 ministeria
2612 4351 2948 4398 sanctorum.
2992 4345 3069 4399 lbi
3116 4343 3288 4398 altare
3324 4357 3534 4397 aeneum

1936 4430 2006 4485 ad
2033 4430 2241 4488 hostias
2269 4431 2500 4489 Domino
2532 4432 2869 4500 offerendas;
2903 4434 2977 4488 ibi
3010 4434 3200 4489 decem
3230 4433 3433 4488 luteres
3463 4432 3531 4487 ad

1935 4523 2194 4580 lavandas
2222 4525 2441 4581 easdem
2479 4525 2717 4593 hostias;
2768 4526 2841 4580 ibi
2872 4540 3024 4582 mare
3048 4539 3260 4581 aeneum
3292 4532 3411 4579 erat
3438 4539 3535 4595 po-

1937 4617 2104 4673 situm
2126 4617 2196 4673 ad
2221 4617 2483 4673 lavandas
2510 4634 2705 4674 manus
2731 4619 3005 4691 pedesque
3026 4618 3391 4683 sacerdotum,
3409 4633 3534 4673 cum

1937 4709 2007 4765 ad
2059 4710 2481 4766 ministrandum
2537 4710 2829 4768 intrarent.
2888 4711 3138 4768 Habebat
3195 4720 3376 4767 autem
3430 4711 3535 4765 hoc

1938 4803 2139 4858 atrium
2168 4810 2279 4859 tres
2309 4803 2523 4859 cubitos
2549 4803 2847 4859 altitudinis
2867 4844 2883 4872 ,
2911 4812 2969 4858 ut
3008 4801 3275 4874 Iosephus
3322 4809 3531 4869 narrat,

1938 4908 2206 4970 quatenus
2228 4906 2285 4953 et
2311 4897 2380 4953 ab
2409 4898 2658 4968 ingressu
2679 4897 2863 4969 templi
2883 4904 3110 4954 caeteros
3132 4895 3466 4968 prohiberet,
3480 4900 3535 4949 et

1939 4989 2071 5046 solis
2100 4989 2477 5046 sacerdotibus
2522 4991 2626 5045 hoc
2676 4989 2844 5044 licere
2897 4988 3249 5060 signiﬁcaret.
3297 4986 3536 5056 Eratque

1938 5081 1989 5136 ei
2013 5079 2182 5151 janua
2210 5079 2279 5136 ad
2302 5080 2633 5138 Orientalem
2660 5082 2897 5155 plagam,
2928 5082 2997 5136 ad
3024 5097 3189 5152 quam
3224 5094 3397 5149 usque
3434 5093 3533 5151 po-

1937 5175 2098 5247 pulus
2123 5177 2333 5233 hostias
2362 5193 2489 5233 suas
2522 5186 2579 5233 et
2604 5175 2873 5233 sacriﬁcia
2900 5173 3188 5242 inferebat,
3213 5173 3339 5229 inde
3368 5172 3536 5229 susci-

1936 5271 2138 5341 pienda
2164 5287 2197 5327 a
2236 5271 2612 5328 sacerdotibus
2640 5278 2805 5341 atque
2848 5270 2917 5325 ad
2966 5268 3139 5323 altare
3185 5264 3530 5339 perferenda.

1937 5360 2016 5416 De
2039 5361 2303 5417 exteriori
2322 5375 2454 5418 vero
2475 5360 2638 5427 atrio,
2659 5361 2802 5430 quod
2816 5358 2992 5416 Verba
3006 5358 3228 5415 Dierum
3247 5356 3532 5413 basilicam

1936 5453 2200 5525 grandem
2224 5460 2441 5521 vocant,
2461 5454 2536 5509 ita
2565 5451 2756 5510 scribit
2777 5451 3044 5523 Josephus
3074 5470 3089 5507 :
3125 5469 3143 5503 ‹
3174 5450 3533 5507 Extrinsecus

1938 5558 2120 5605 autem
2142 5547 2305 5619 hujus
2329 5547 2517 5619 templi
2542 5547 2706 5603 aliam
2735 5546 3025 5605 aediﬁcavit
3050 5546 3233 5603 aulam
3254 5544 3531 5617 quadran-

1938 5640 2063 5712 gulo
2115 5641 2391 5696 schemate
2440 5638 2930 5712 factam,'erigens
2975 5640 3244 5695 maximas
3282 5630 3530 5707 porticus

1939 5740 2103 5803 atque
2125 5731 2281 5797 latas,
2314 5739 2369 5788 et
2392 5740 2580 5804 portas
2608 5731 2856 5789 excelsas
2882 5740 2939 5789 et
2958 5731 3165 5803 amplas
3182 5742 3280 5801 per
3298 5729 3533 5797 quatuor

1941 5825 2129 5885 mundi
2151 5835 2338 5898 partes
2365 5827 2422 5882 in
2448 5842 2514 5885 eo
2539 5827 2895 5894 constituens,
2920 5839 3151 5896 quarum
3188 5818 3415 5891 singulae
3458 5812 3533 5876 ad

1940 5934 2383 5993 unumquemque
2404 5929 2625 5980 ventum
2647 5928 2880 5994 quatuor
2922 5918 3133 5991 angulis
3156 5910 3533 5984 attendebant,
