3920 6532
502 487 604 546 451

1183 481 1244 536 Β.
1285 474 1540 537 RABANI
1576 476 1798 538 MAURI
1829 475 2149 535 ARClIlEP.
2187 472 2499 534 MOGUNT.
2539 470 2827 532 OPERUM
2862 472 3045 532 PARS
3079 472 3122 529 Ι.
3671 480 3743 538 432

503 607 599 665 ubi
619 618 814 665 aureas
830 614 1027 676 ,anuas
1068 593 1373 657 collocavit.
1410 620 1431 654 ι
1459 596 1529 654 Et
1555 597 1715 671 paulo
1751 605 1877 669 post
1907 613 1920 650 :
1947 589 1981 646 ἰ
2017 592 2076 650 In
2102 594 2158 656 Α
2178 598 2419 647 utamur.
2453 588 2768 647 Ediﬁcium
2799 603 2931 662 ergo
2967 585 3157 658 templi
3195 586 3357 644 intra
3381 589 3579 645 atrium
3608 608 3737 650 sacer.

503 700 611 757 hoc
637 695 934 755 sacrarium
957 709 1148 750 omnes
1173 690 1378 766 populi,
1400 691 1599 765 quibus
1634 690 1883 763 purgatio
1912 694 1965 744 et
1987 686 2083 743 ob-

503 789 737 847 servatio
762 786 1126 859 legitimorum
1161 784 1366 851 inerat,
1397 782 1715 840 introibant.
1756 802 1775 835 ›
1812 779 1923 837 Has
1948 794 2080 836 vero

500 884 742 957 porticus
763 881 1119 940 Cassiodorus
1146 891 1363 936 senator
1389 879 1444 935 in
1464 878 1674 949 pictura
1698 877 1904 949 templi,
1920 892 2084 946 quam

501 976 559 1033 in
595 975 859 1048 pandectc
895 973 1077 1046 posuit
1113 970 1194 1046 (ut
1223 971 1338 1044 ipse
1377 968 1431 1026 in
1475 967 1819 1043 psalmorum
1849 981 2084 1023 comme-

501 1066 702 1139 morat)
748 1065 949 1139 triplici
989 1064 1179 1121 ordine
1228 1062 1517 1121 distinxit:
1549 1061 1787 1133 primum
1835 1058 2086 1116 videlicet

499 1161 746 1217 ordinem
774 1176 983 1233 ponens
1009 1167 1162 1214 extra
1202 1157 1402 1213 atrium
1443 1156 1785 1212 sacerdotum
1820 1168 1888 1208 ex
1937 1152 2084 1209 omni

498 1259 653 1324 parte
679 1266 778 1318 per
814 1250 1104 1321 quadrum,
1137 1248 1433 1305 secundum
1480 1248 1670 1304 eodem
1719 1245 1881 1302 modo
1929 1252 2084 1299 extra

500 1342 721 1399 intimas
745 1343 990 1416 porticus
1014 1340 1468 1412 undiqueversum
1504 1339 1557 1395 in
1599 1354 1748 1412 gyro,
1782 1345 2083 1393 extremum

500 1436 755 1493 similiter
780 1452 849 1493 ex
874 1435 1019 1492 omni
1045 1436 1214 1491 latere
1238 1434 1481 1506 priorum
1520 1431 1823 1502 porticuum
1874 1430 1929 1484 in
1979 1424 2084 1485 cir-

496 1528 667 1584 cuitu.
694 1526 893 1599 Sicque
922 1527 1177 1599 templum
1199 1524 1430 1581 triformi
1452 1522 1804 1579 aediﬁciorum
1830 1519 2081 1592 praesidio

496 1620 566 1678 ab
591 1621 737 1677 omni
762 1628 880 1678 erat
907 1628 1062 1691 parte
1106 1618 1407 1683 munitum,
1443 1613 1587 1670 facto
1628 1613 1937 1685 pavimento
1982 1612 2082 1669 sub

497 1714 587 1769 dio
617 1713 759 1771 inter
782 1713 1010 1770 aedilicia
1041 1711 1251 1783 singula
1284 1711 1351 1766 de
1386 1723 1683 1776 marmore,
1703 1714 1758 1762 et
1786 1705 2081 1779 parietibus

497 1805 780 1862 domorum
809 1802 1178 1870 interioribus,
1206 1804 1309 1861 hoc
1338 1809 1452 1868 est,
1483 1799 1562 1856 eis
1590 1798 1682 1871 qui
1712 1798 1781 1854 ad
1825 1797 2082 1869 templum

493 1896 875 1964 respiciebant,
902 1890 1059 1951 factis
1083 1936 1097 1963 ,
1128 1892 1183 1950 in
1221 1891 1488 1950 columnis
1534 1889 1901 1947 exterioribus
1951 1902 2081 1945 vero

495 1962 701 2040 solidis.
746 1983 946 2057 Sicque
969 1962 1134 2041 ﬁebat
1173 1993 1230 2039 ut
1257 1985 1434 2041 omnis
1459 1990 1729 2039 structura
1759 1979 1944 2052 templi
1980 1995 2078 2052 pro
2106 1962 2153 2027 Β

494 2077 760 2148 graduum
825 2086 972 2135 esset
1024 2079 1290 2134 varietate
1348 2076 1745 2134 rationabiliter
1802 2074 2077 2130 distincta.

495 2166 738 2239 Namque
758 2169 813 2225 in
835 2177 1024 2226 sancta
1051 2179 1362 2226 sanctorum
1387 2166 1793 2238 ingrediebatur
1803 2166 2041 2238 pontifex
2063 2182 2079 2233 ;

493 2261 547 2317 in
580 2262 755 2334 ipsum
782 2264 1040 2335 templum
1072 2264 1384 2321 sacerdotes
1419 2260 1690 2333 puriﬁeati
1711 2304 1725 2330 ,
1758 2272 1813 2319 et
1845 2276 1951 2318 non
1983 2277 2082 2333 pu-

494 2352 711 2420 rificati,
746 2370 853 2410 una
890 2371 1014 2410 cum
1042 2353 1246 2411 Levitis
1282 2363 1338 2410 et
1367 2352 1713 2419 cantoribus;
1750 2353 1802 2407 in
1829 2351 2081 2407 intimum

493 2447 691 2501 atrium
718 2446 954 2504 basilicae
984 2447 1206 2519 majoris
1237 2445 1342 2502 viri
1366 2444 1536 2503 Judaei
1568 2444 1839 2519 puriﬁcati
1876 2451 2080 2501 stantes

486 2546 541 2592 et
570 2546 791 2594 orantes
823 2537 923 2595 sub
950 2538 1039 2595 dio
1059 2580 1074 2605 ,
1101 2539 1146 2595 si
1173 2554 1427 2595 serenum
1458 2548 1634 2604 esset;
1685 2538 1730 2593 si
1761 2546 2078 2609 tempestas,

490 2629 545 2684 in
575 2631 816 2702 porticus
840 2630 1122 2703 proximas
1167 2646 1287 2687 sese
1334 2630 1688 2701 recipientes;
1744 2630 1798 2685 in
1854 2629 2080 2684 interius

490 2722 691 2778 atrium
740 2722 999 2781 mulieres
1052 2722 1227 2780 viduae
1274 2722 1599 2795 purificatae;
1655 2710 1721 2778 in.
1772 2731 2121 2789 extremum,

488 2812 688 2867 atrium
718 2813 949 2885 gentiles
978 2823 1036 2870 et
1062 2812 1363 2885 Judaei,qni
1382 2828 1554 2887 nuper
1582 2822 1843 2870 venerant
1862 2829 1926 2869 ex
1949 2828 2079 2885 gen-

487 2904 634 2961 tibus
661 2921 834 2976 usque
864 2907 932 2963 ad
962 2914 1171 2962 sextum
1200 2905 1597 2978 puriﬁcationis
1635 2906 1798 2963 diem.
1848 2904 1975 2961 Haec
2019 2913 2078 2960 ut

400 3020 407 3025 ι
492 2994 548 3050 in
579 2995 791 3065 pictura
837 2996 1149 3054 Cassiodori
1196 2997 1452 3055 distincte
1498 2998 1803 3071 reperimus
1839 2998 2078 3055 breviter

488 3089 753 3145 adnotare
778 3091 1108 3158 curavimus,
1141 3091 1248 3146 rati
1296 3106 1421 3147 eum
1467 3091 1536 3147 ab
1580 3092 1819 3162 antiquis
1866 3095 1982 3149 haec
2022 3094 2076 3149 in

486 3179 604 3236 dies
635 3179 909 3249 didicisse,
943 3197 1119 3253 neque
1150 3182 1326 3237 virum
1356 3189 1467 3238 tam
1515 3183 1790 3240 eruditum
1842 3183 2077 3240 voluisse

483 3271 539 3327 in
566 3272 871 3344 exemplum
898 3273 1104 3346 legenti
1129 3288 1433 3345 proponere
1462 3290 1583 3346 quae
1608 3292 1718 3332 non
1760 3275 1874 3349 ipse
1921 3276 2074 3347 prius

2188 685 2394 752 dotum,
2424 682 2791 755 perfectorum
2824 678 2879 736 in
2910 688 3099 737 sancta
3123 678 3392 735 Ecclesia
3421 689 3479 736 et
3498 683 3740 742 sublimium

2184 778 2352 833 vitam
2382 777 2639 850 exprimit
2664 775 2927 841 virorum,
2960 788 3148 831 eorum
3189 771 3465 828 videlicet
3504 772 3588 844 qui
3614 780 3739 833 excel-

2184 867 2351 925 lentia
2369 869 2632 924 virtutum
2657 866 2889 923 Domino
2914 867 3400 937 appropinquare,
3416 874 3473 920 et
3495 865 3607 921 aliis
3625 872 3738 925 verbo

2185 970 2346 1031 atque
2384 975 2547 1031 opere
2580 960 2832 1015 ducatum
2870 958 3176 1014 minoribus
3224 958 3478 1013 debeant
3517 962 3737 1019 ostendere

2185 1051 2393 1107 salutis.
2426 1050 2692 1107 Sacerdos
2721 1066 2956 1125 namque
2982 1052 3051 1106 ab
3080 1064 3145 1105 eo
3173 1048 3391 1109 Latine
3422 1065 3609 1106 nomen
3632 1070 3737 1110 acre

2183 1138 2443 1218 pit,quod
2474 1161 2689 1202 sacrum
2732 1146 2978 1219 praebere
3016 1145 3289 1200 ducatum
3348 1144 3638 1200 minoribus
3672 1147 3741 1201 de!

2180 1239 2325 1295 beat.
2354 1238 2471 1307 Quo
2499 1238 2717 1295 nomine
2752 1238 2807 1294 in
2850 1236 3149 1309 Scripturis
3179 1238 3439 1313 mystice
3476 1253 3578 1293 non
3610 1240 3733 1293 solum

2182 1333 2371 1389 altaris
2400 1333 2661 1400 ministri,
2689 1331 2927 1405 episcopi
2962 1332 3225 1389 videlicet
3255 1339 3316 1387 et
3350 1329 3656 1403 presbyteri,
3676 1312 3747 1388 sed.

2181 1431 2236 1481 et
2263 1441 2453 1481 omnes
2476 1425 2662 1497 utique
2693 1432 3009 1491 censentur,
3026 1423 3119 1496 qui
3148 1421 3459 1480 altitudine
3481 1432 3629 1480 recta:
3649 1440 3733 1479 con-

2179 1516 2504 1574 versationis
2544 1532 2609 1573 ac
2644 1517 2906 1573 doctrinae
2933 1517 3192 1573 salutaris
3221 1517 3499 1582 eminent,
3528 1532 3617 1574 nec
3637 1518 3725 1574 sibi-

2180 1608 2426 1682 metipsis
2449 1609 2844 1677 tantummodo,
2876 1610 2971 1667 sed
2994 1618 3051 1667 et
3091 1611 3358 1683 pluribus
3402 1620 3631 1683 prosunt.
3665 1612 3729 1680 Qui

2181 1702 2309 1758 dum
2334 1717 2561 1774 corpora
2592 1716 2689 1758 sua
2717 1703 2950 1759 hostiam
2994 1702 3281 1759 viventem
3305 1746 3321 1770 ,
3369 1712 3623 1769 sanctam,
3659 1703 3729 1757 Dm

2180 1795 2480 1867 placentem
2508 1795 2768 1853 exhibent
2807 1793 2987 1867 (Rom.
3020 1794 3145 1868 xu),
3176 1794 3533 1851 sacerdotale
3550 1792 3727 1865 profecto

2182 1887 2543 1944 ministerium
2572 1888 2893 1959 spiritaliter
2916 1894 3199 1943 exercent.
3240 1885 3442 1958 Neque
3492 1885 3619 1941 enim
3656 1885 3728 1953 cpi

2182 1980 2359 2053 scopis
2387 1988 2442 2036 et
2468 1979 2824 2053 presbyteris,
2856 1995 3044 2036 verum
3076 1978 3229 2036 omni
3264 1976 3530 2035 Ecclesiae
3568 1976 3645 2031 Dei
3678 1974 3724 2027 tu

2183 2075 2449 2143 quebatur
2476 2071 2751 2142 apostolus
2782 2071 2998 2136 Petrus,
3032 2087 3158 2127 cum
3191 2071 3279 2125 ait
3310 2089 3323 2124 :
3369 2067 3475 2124 Vos
3514 2076 3726 2136 autemge-

2183 2182 2281 2219 nus
2304 2163 2540 2229 electum,
2576 2162 2748 2236 regale
2774 2163 3150 2229 sacerdotium,
3173 2180 3309 2234 gens
3333 2169 3537 2225 sancta,
3562 2157 3721 2231 populat

2182 2261 2538 2331 acquisitionis
2572 2261 2620 2333 (l
2650 2258 2768 2318 Pet.
2796 2262 2877 2335 ιι).
2904 2260 3069 2332 Cujus
3089 2259 3329 2317 honoris
3344 2257 3595 2329 dignitate
3610 2255 3724 2309 etiam

2182 2353 2438 2423 antiquus
2470 2353 2700 2424 populus
2730 2353 2825 2408 Dei
2870 2361 2990 2408 erat
3044 2351 3373 2424 insignitus,
3408 2350 3607 2405 dicente
3644 2348 3719 2418 ipso

2182 2444 2249 2499 ad
2280 2443 2497 2517 Moysen
2527 2464 2538 2500 :
2576 2443 2708 2500 Hcec
2745 2446 2888 2501 dices
2914 2445 3095 2499 domui
3123 2444 3302 2499 Iacob
3323 2486 3340 2511 ,
3373 2452 3424 2497 et
3454 2438 3721 2495 annuntiabit

2179 2534 2306 2606 ﬁliis
2331 2536 2520 2592 Israel.
2546 2536 2614 2593 Et
2642 2538 2802 2609 paulo
2822 2545 2948 2609 post
2974 2557 2986 2595 :
3018 2536 3086 2591 Et
3116 2554 3207 2592 vos
3237 2534 3393 2591 eritis
3418 2533 3542 2587 mihi
3565 2545 3717 2601 regnum

2180 2626 2506 2682 sacerdotale
2535 2636 2582 2682 et
2605 2643 2729 2698 gens
2756 2636 2943 2682 sancta
2984 2627 3184 2701 (Exod.
3210 2624 3362 2699 xxx).
3400 2622 3611 2678 Basilica
3633 2632 3719 2671 vero

2181 2719 2399 2791 grandis
2418 2762 2432 2787 ,
2462 2737 2584 2791 quae
2623 2730 2743 2777 erat
2784 2730 2939 2777 extra
2966 2722 3167 2777 atrium
3200 2720 3565 2781 sacerdotum,
3587 2716 3629 2769 in
3649 2727 3717 2783 qna

2180 2812 2357 2866 omnis
2382 2812 2565 2884 pepuli
2596 2813 2885 2869 multitudo
2916 2816 3145 2869 adorare
3179 2814 3305 2868 sive
3334 2812 3405 2869 ad
3444 2807 3640 2865 verbum
3658 2819 3718 2857 au

2180 2903 2435 2961 diendum
2465 2905 2739 2965 conﬂuere
2768 2906 2998 2970 solebat,
3024 2905 3339 2962 carnalium
3378 2905 3435 2958 in
3462 2906 3622 2957 sancta
3645 2895 3714 2950 Ec-

2180 2995 2347 3052 clesia
2375 2998 2548 3054 vitam
2587 3015 2874 3070 moresque
2906 2998 3209 3071 figuraliter
3239 2998 3505 3060 insinuat,
3532 2989 3716 3063 qualibus

2180 3086 2313 3144 dicit
2334 3089 2626 3161 Apostolus
2652 3106 2666 3145 :
2694 3091 2762 3145 Et
2789 3108 2903 3163 ego,
2929 3091 3143 3161 fratres,
3162 3107 3275 3146 non
3296 3088 3452 3161 potui
3476 3084 3598 3141 vobis
3618 3076 3714 3149 loqui

2178 3182 2331 3253 φιαεὶ
2379 3182 2723 3254 spiritalibus,
2772 3182 2864 3237 sed
2916 3183 3070 3254 quasi
3123 3181 3459 3237 carnalibus.
3508 3175 3709 3243 Tanquam

2178 3272 2409 3342 parvulis
2435 3274 2489 3327 in
2515 3271 2747 3340 Christo,
2775 3272 2857 3328 lac
2883 3272 3024 3327 vobis
3059 3282 3245 3343 potum
3285 3272 3444 3337 dedi,
3473 3283 3567 3322 non
3592 3276 3709 3318 escam

483 3377 613 3419 vera
636 3379 758 3423 esse
793 3366 1155 3438 c0gnovisset.
1180 3364 1306 3422 Haec
1334 3373 1461 3423 sunt
1487 3366 1607 3423 loca
1629 3383 1859 3440 quorum
1882 3369 2075 3424 memi-
2100 3371 2147 3436 ρ
2182 3361 2236 3435 (Ι
2261 3361 2384 3418 Cor.
2416 3363 2522 3438 m).
2559 3363 2663 3433 Qui
2689 3366 2826 3420 bene
2855 3381 2955 3437 per
2992 3365 3282 3421 basilicam
3335 3361 3579 3436 grandem
3616 3351 3709 3409 desi-

481 3452 563 3508 nit
615 3470 899 3527 supremus
955 3458 1223 3530 graduum
1275 3458 1547 3529 psalmus,
1576 3459 1669 3530 qui
1709 3459 1786 3514 ita
1836 3460 2070 3532 incipit:

479 3541 617 3599 Ecce
641 3561 779 3599 nunc
801 3546 1085 3602 benedicite
1115 3547 1430 3615 Dominum,
1459 3564 1636 3603 omnes
1673 3550 1809 3604 servi
1838 3550 2073 3620 Domini,

479 3636 569 3705 qui
600 3636 749 3690 statis
772 3638 827 3690 in
848 3637 1003 3692 domo
1026 3637 1266 3704 ‘Domini,
1297 3639 1351 3694 in
1378 3641 1529 3695 atriis
1559 3640 1749 3695 domus
1784 3640 1884 3696 Dei
1913 3644 2075 3698 nostri

482 3721 656 3797 (Psal.
689 3728 945 3802 cxxxm).
976 3730 1033 3784 lu
1076 3731 1163 3786 his
1205 3732 1503 3803 porticibus
1548 3731 1815 3789 Jeremias
1854 3740 1910 3790 et
1955 3751 2074 3806 pro-

478 3817 654 3889 phetae
678 3818 793 3886 alii,
822 3820 877 3875 in
908 3823 993 3877 bis
1017 3822 1277 3879 Dominus
1302 3832 1357 3879 et
1378 3824 1609 3894 apostoli
1633 3823 1859 3880 verbum
1877 3825 2073 3897 populo

480 3910 870 3980 pnedicabant.
900 3913 966 3967 in
994 3915 1188 3970 barum
1223 3915 1401 3987 aliqua
1433 3915 1693 3972 Dominus
1732 3918 1955 3974 sedebat
1981 3918 2073 3974 do-

481 4016 630 4067 cens,
663 4004 902 4074 quando,
934 4006 1330 4062 attentantibus
1359 4007 1680 4075 Pharisazis,
1707 4009 1904 4064 mulier
1923 4009 2072 4065 adul-

481 4102 600 4150 tera
635 4096 1017 4167 illijudicanda
1043 4100 1226 4155 oblata
1248 4108 1331 4156 est
1365 4098 1549 4173 (Joan.
1582 4101 1726 4177 vm).
1761 4102 1820 4159 In
1864 4105 1972 4161 his-
1994 4105 2070 4160 in-

481 4187 631 4241 venit
656 4188 955 4245 vendentes
983 4198 1037 4245 et
1065 4200 1307 4247 ementes
1335 4208 1466 4249 oves
1495 4201 1549 4249 et
1588 4195 1752 4251 boves
1783 4203 1837 4250 et
1866 4196 2070 4252 colum-

480 4275 620 4343 bas,
668 4277 876 4349 bosque
923 4295 1048 4336 cum
1100 4283 1211 4339 suis
1266 4285 1639 4343 mercimoniis
1693 4287 1990 4344 eliminavit
2039 4305 2071 4346 e

482 4368 683 4439 templo
717 4368 868 4443 (Luc.
899 4372 1035 4447 xxx).
1066 4374 1125 4429 in
1152 4376 1236 4431 his
1257 4376 1453 4436 Petrus
1474 4387 1528 4434 et
1552 4379 1790 4436 Joannes
1820 4381 2069 4437 claudum

481 4460 816 4520 invenientes
844 4475 1208 4534 sanarunt,ac
1235 4486 1420 4528 secum
1451 4473 1818 4545 ingredientes
1845 4475 2070 4532 interius

482 4552 549 4608 a‘d
577 4557 843 4611 orandum
873 4555 1147 4613 duxerunt
1178 4560 1317 4632 (Act.
1348 4563 1454 4635 ιιι).
1479 4562 1540 4618 In
1565 4565 1651 4620 his
1674 4567 1867 4622 orabat
1893 4568 2071 4623 omnis

482 4645 770 4702 multitudo
796 4650 1001 4719 populi,
1040 4653 1259 4721 quando
1295 4654 1575 4710 incensum
1600 4660 1822 4728 ponenti
1858 4660 2070 4715 Zacha-

2176 3463 2435 3525 gnantur,
2457 3455 2583 3526 quia
2618 3457 2822 3527 absque
2852 3457 2961 3512 ulla
2989 3457 3273 3514 dubietate
3301 3454 3470 3512 multo
3498 3448 3707 3519 majore“
3808 3474 3809 3527 ξ

2176 3544 2233 3599 in
2263 3554 2451 3601 saneta
2476 3546 2719 3603 Ecclesia
2754 3548 2943 3604 talium
2973 3565 3136 3621 quam
3180 3548 3547 3622 perfectorum
3572 3552 3706 3597 nume-
3808 3544 3809 3603 Ὺ

2174 3653 2300 3704 rus,
2324 3640 2417 3695 sed
2437 3649 2700 3710 quantum
2729 3657 2960 3698 numero
2983 3651 3271 3714 praestant,
3290 3649 3500 3698 tantum
3524 3643 3706 3693 succum-

2172 3727 2310 3783 bunt
2338 3731 2553 3787 merito.
2585 3731 2740 3788 Unde
2794 3742 2918 3804 apte
2964 3734 3193 3790 basilica
3240 3736 3361 3791 haec
3406 3727 3601 3802 grandis
3636 3717 3701 3776 etsi

2173 3818 2434 3889 plurimos
2461 3822 2627 3893 capit,
2661 3840 2769 3879 non
2805 3840 2900 3880 eos
2941 3834 3123 3881 tamen
3176 3825 3233 3880 in
3290 3823 3541 3881 interiora
3574 3809 3701 3882 temp"

2172 3912 2440 3981 deaurati,
2470 3931 2577 3990 no_n
2630 3917 2696 3972 ad
2744 3917 2933 3975 altaris
2973 3916 3233 3985 cilicium,
3269 3934 3381 3974 non
3435 3916 3487 3970 iu
3530 3909 3700 3979 idipslm1

2172 4005 2595 4063 saltematrium
2641 4011 2987 4065 sacerdotum
3020 4011 3359 4074 intromittit,
3402 4005 3520 4077 quia
3546 4008 3591 4056 et
3618 4008 3700 4050 car-

2170 4100 2323 4157 nales
2345 4103 2543 4174 quique
2572 4113 2735 4175 atque
2766 4104 2968 4160 infirmi
2994 4104 3171 4160 adhuc
3196 4105 3252 4159 in
3290 4099 3518 4158 Ecclesia
3551 4088 3631 4149 etsi
3654 4084 3697 4175 ob

2171 4194 2430 4248 meritum
2480 4174 2659 4250 casta},
2689 4196 2814 4251 fidei
2859 4198 2962 4251 hac
3000 4196 3221 4268 pietatis
3253 4190 3460 4251 Domini
3486 4190 3639 4244 devote
3656 4174 3698 4229 ad

2172 4283 2468 4342 electorum
2496 4296 2695 4342 sortem
2721 4289 3014 4359 pertinent,
3033 4288 3187 4360 longe
3212 4298 3390 4344 tamen
3414 4284 3551 4338 abest
3566 4282 3611 4329 ut
3626 4269 3697 4325 illiS

2171 4385 2456 4445 aequentur
2495 4379 2590 4449 qui
2632 4395 2754 4434 cum
2801 4380 2999 4436 fiducia
3032 4381 3215 4437 dicere
3258 4380 3543 4452 probantur
3573 4386 3584 4421 ε
3612 4362 3695 4418 Νοιῖ

2172 4470 2310 4523 enim
2336 4470 2504 4525 audeo
2535 4470 2737 4544 aliquid
2765 4472 2907 4545 loqui
2928 4490 3108 4527 eorum
3130 4491 3249 4545 quw
3270 4490 3362 4544 per
3380 4486 3456 4524 mc
3483 4480 3569 4520 non
3588 4453 3691 4528 ειῖῖίίί

2175 4558 2417 4616 Christus
2490 4563 2545 4617 in
2612 4563 2961 4617 obedientiam
3028 4544 3257 4637 gentium
3314 4562 3454 4620 verbo
3500 4567 3542 4611 el
3585 4544 3692 4621 Ῑαίιίδ

2178 4652 2359 4726 (Rom.
2379 4654 2491 4727 xv).
2520 4654 2586 4708 Et
2616 4655 2811 4709 iterum
2845 4675 2856 4710 :
2886 4654 3093 4710 Bonum
3120 4666 3379 4710 certamen
3398 4645 3581 4709 certari,
3608 4652 3688 4693 CW‘

481 4737 576 4790 riae
606 4739 831 4807 angelus
860 4742 927 4794 ad
957 4740 1130 4797 altare
1187 4745 1554 4816 thymiamatis
1601 4751 1882 4821 apparuit,
1917 4768 2071 4808 eum-
2094 4741 2149 4802 D
2175 4761 2289 4799 sum
2318 4746 2691 4807 consummavi,
2724 4746 2883 4814 ﬁdem
2904 4750 3121 4812 servari,
3150 4748 3213 4802 de
3240 4758 3421 4802 ca'tcro
3445 4734 3686 4811 νεροδίωθδί

480 4842 587 4896 que
643 4828 710 4882 de
766 4834 1119 4901 praecursoris
1179 4836 1392 4892 Domini
1448 4841 1729 4896 nativitate
1788 4844 2073 4913 perdocuit

482 4917 632 4991 (Luc.
664 4920 725 4994 ι).
752 4923 869 4979 Non
899 4934 1083 4983 autem
1111 4930 1226 4985 haec
1252 4932 1390 4986 atria
1423 4948 1547 4987 cum
1583 4937 1885 5005 porticibus
1912 4954 2071 5009 aspe-

481 5018 627 5067 ctum
661 5016 843 5086 templi
875 5019 941 5074 de
968 5018 1126 5093 longe
1154 5024 1559 5092 aspectantibus
1598 5028 1929 5085 abscondere
1972 5048 2068 5102 po-

485 5110 731 5175 tuerunt,
763 5109 887 5178 quia
933 5111 1087 5168 locus
1134 5114 1189 5168 in
1235 5130 1343 5185 quo
1394 5118 1651 5188 templum
1711 5130 1830 5177 erat
1879 5124 2065 5193 situm,

483 5198 651 5254 multo
688 5200 974 5258 sublimior
1020 5213 1138 5259 erat
1185 5222 1347 5276 quam
1392 5208 1483 5263 ubi
1537 5210 1771 5268 fundatae
1826 5217 2071 5287 porticus

485 5287 658 5343 fuere.
682 5289 817 5345 Nam
846 5293 1011 5365 (sicut
1037 5293 1305 5369 Josephus
1336 5301 1543 5375 scribit)
1591 5315 1850 5363 extremae
1897 5310 2071 5365 atrio-

484 5392 607 5434 rum
633 5376 855 5436 fabricae
904 5399 1027 5439 cum
1083 5385 1136 5442 in
1185 5388 1591 5463 quadringentis
1644 5399 1844 5454 cubitis
1888 5411 2072 5459 essent

486 5477 698 5561 erectae,
732 5478 915 5527 tamen
961 5490 1133 5545 usque
1182 5479 1249 5533 ad
1297 5482 1559 5539 verticem
1605 5488 1826 5554 montis,
1860 5489 1915 5544 in
1964 5507 2072 5561 quo

487 5560 745 5655 templum
776 5564 1101 5623 aediﬁcatum
1128 5579 1245 5626 erat
1268 5588 1372 5629 non
1394 5590 1779 5647 pervenerunt.
1804 5581 1929 5639 Hme
1951 5560 2072 5655 qui-

486 5649 609 5706 dem
644 5653 712 5708 de
742 5664 1013 5713 structura
1057 5663 1240 5734 templi
1289 5667 1531 5725 studioso
1567 5669 1754 5727 lectori
1797 5649 2071 5734 credimus

485 5739 804 5803 intimanda.
822 5747 1022 5808 Verum
1053 5752 1109 5809 in
1131 5756 1211 5812 eis
1240 5773 1577 5831 quacunque
1601 5761 1884 5836 Scriptura
1913 5783 2069 5827 sacra

486 5835 693 5895 referre
715 5845 1057 5902 commodum
1086 5849 1262 5917 duxit,
1277 5851 1502 5922 ﬁguram
1526 5835 1907 5926 mysteriorum
1924 5877 2069 5932 qua:-

486 5939 691 6002 ramus,
720 5936 929 5995 caeteris
955 5953 1055 6011 pro
1100 5940 1342 5998 historia:
1394 5945 1702 6017 cognitione
1747 5949 2069 6020 simpliciter

2176 4839 2307 4893 mihi
2336 4855 2531 4893 corona
2565 4838 2791 4910 justitia'
2825 4840 2876 4912 (I
2919 4840 3052 4896 Tim.
3086 4843 3182 4912 tv).
3222 4838 3507 4897 Accedebat
3528 4826 3682 4899 quidem

2177 4930 2368 5001 vulgus
2396 4945 2569 5000 usque
2600 4932 2667 4985 ad
2716 4931 2913 4986 atrium
2966 4935 3328 4997 sacerdotum,
3382 4926 3560 4985 hostias
3596 4924 3681 4970 suaS

2176 5037 2347 5092 usque
2377 5022 2444 5076 ad
2475 5022 2635 5093 hujus
2651 5020 2875 5091 ianuam
2900 5023 3198 5089 deferebat,
3225 5029 3490 5092 susceptas
3508 5029 3532 5068 a
3554 5015 3680 5065 sacer-

2177 5117 2394 5173 dotibus
2420 5127 2583 5189 atque
2610 5118 2664 5172 in
2696 5118 2853 5173 altari
2872 5118 3083 5175 oblatas
3113 5121 3279 5175 oculis
3302 5107 3675 5190 prosequebatur;

2175 5211 2230 5267 in
2272 5213 2445 5284 ipsum
2478 5213 2642 5268 etiam
2668 5213 2946 5283 templum,
2966 5229 3087 5269 cum
3114 5216 3465 5287 aperiebatur,
3487 5198 3673 5287 intuitum

2170 5320 2330 5361 suum
2363 5322 2393 5359 a
2438 5304 2595 5377 longe
2641 5306 2923 5378 dirigebat,
2954 5324 3055 5363 nec
3092 5317 3270 5363 tamen
3295 5306 3475 5363 atrium
3493 5285 3672 5387 εθεςῖιξίν

2168 5405 2284 5452 tum
2318 5397 2558 5453 intrandi
2589 5398 2903 5454 facultatem
2934 5399 3186 5456 habebat.
3210 5398 3401 5455 Verum
3426 5390 3481 5448 de
3519 5383 3671 5479 inferte

2169 5491 2319 5547 ribus
2347 5491 2617 5548 clamabat
2654 5494 2720 5548 ad
2749 5492 3059 5559 Dominum,
3078 5495 3205 5565 quia
3235 5509 3332 5550 nec
3358 5481 3605 5546 carnalium
3627 5482 3661 5565 (tl

2169 5584 2413 5640 Ecclesia
2480 5585 2799 5656 simplicitas
2839 5601 2870 5640 a
2915 5556 3144 5641 Domino
3190 5582 3478 5657 despicitur,
3512 5556 3666 5660 ρυειιίίξθ

2173 5677 2408 5733 fideliter
2435 5694 2500 5734 ea
2531 5654 2654 5750 qua:
2683 5679 2863 5736 valent
2890 5679 2965 5735 illi
2994 5688 3117 5736 vota
3145 5654 3355 5750 pietatis
3373 5670 3579 5730 offerunt.
3602 5654 3662 5707 Di‘

2172 5771 2356 5841 rigunt
2381 5773 2526 5828 enim
2549 5774 2697 5829 visus
2718 5774 2925 5845 alonge
2947 5775 3003 5831 in
3028 5777 3281 5847 templum
3308 5771 3526 5834 Dei,cum
3545 5754 3659 5847 vituu

2170 5863 2480 5920 sublimium
2520 5865 2730 5922 discere
2781 5876 2836 5922 et
2869 5842 3153 5923 admirari
3177 5865 3352 5924 sedulo
3389 5852 3590 5932 gaudent.
3620 5842 3655 5890 ὑί

2170 5971 2307 6027 quos
2333 5957 2550 6015 virtutis
2574 5958 2875 6015 imitatione
2906 5961 3057 6031 sequi
3087 5965 3367 6032 nequeunt,
3388 5951 3474 6025 pia:
3493 5946 3655 5996 venera-

3808 3506 3809 3581 ι

3807 3846 3809 3977 l
