3920 6464
145 416 252 481 ιω

1075 410 1428 477 COMMENT.
1464 415 1535 474 IN
1568 404 2127 473 PARALIPOMENA.
2163 438 2235 456 --
2263 404 2396 472 LIB.
2434 412 2523 475 lii.

3299 406 3406 476 484

146 533 310 595 tionis
331 531 768 607 complectuntur
796 528 1012 607 aﬂectu.
1060 532 1256 589 Vident
1298 532 1506 589 hostias
1543 543 1725 587 sacer-
1754 527 1804 591 Δ
1826 523 2107 580 intimum
2139 523 2299 596 ﬁdem
2335 524 2521 600 (Hebr.
2562 527 2706 603 xm).
2732 526 2956 603 Creaga‘.
2978 536 3159 587 autem
3184 536 3405 586 sancto-

146 633 331 687 tiotum
361 627 417 683 in
446 626 602 682 altari
639 626 1133 699 igne-sacrosancto
1155 626 1425 692 consumi,
1450 622 1575 695 quia
1607 637 1721 676 ma-

145 737 244 792 gna
279 733 601 794 magnorum
628 733 793 791 opera
823 725 1157 790 cognoscunt
1178 734 1209 773 a
1230 716 1460 773 Domino
1479 730 1577 788 per
1603 714 1725 785 Spi-

144 813 307 869 ritum
332 819 586 867 sanctum
637 810 920 882 dignanter
963 809 1157 880 accipi.
1209 806 1458 863 Aﬁ‘erunt
1498 814 1553 861 et
1600 820 1726 861 suas

143 904 351 960 hostias
377 904 447 959 ad
473 902 671 957 atrium
696 902 1035 959 sacerdotum
1059 900 1361 957 oil‘erendas
1386 899 1612 955 Domino
1630 911 1728 968 per

143 996 286 1061 illos,
317 994 449 1049 dum
477 993 619 1049 bona
651 1010 769 1065 qua:
792 992 1086 1064 praevalent
1116 1002 1422 1064 operantes,
1460 990 1726 1060 majorum

142 1100 203 1141 ac
225 1086 532 1142 doctiorem
562 1094 617 1141 et
644 1085 1034 1145 conﬁrmantur
1055 1084 1453 1151 exhortatione,
1485 1093 1538 1137 et
1560 1083 1728 1137 inter-

140 1179 382 1239 cessione
407 1177 637 1233 Domino
662 1178 1126 1234 commendantur.
1144 1175 1389 1233 Oﬁ‘erunt
1412 1174 1577 1230 etiam
1604 1183 1729 1229 tunc

142 1272 350 1330 hostias
376 1285 512 1328 suas
533 1271 909 1328 sacerdotibus
932 1285 1031 1342 per
1056 1286 1149 1326 eos
1195 1270 1423 1327 Domino
1456 1283 1729 1325 commen-

140 1364 363 1428 dandas,
388 1378 518 1420 cum
548 1362 751 1419 sanctis
777 1364 1079 1435 quibusque
1108 1363 1391 1434 egentibus
1420 1360 1727 1417 necessaria

139 1454 326 1514 mundi
395 1454 583 1527 hujus,
628 1456 823 1529 quibus
864 1456 967 1528 ipsi
1014 1456 1310 1521 abundant,
1338 1468 1561 1511 summa:
1590 1468 1732 1509 mer-

137 1552 283 1611 cedis
330 1551 537 1608 intuitu
581 1550 854 1618 tribuunt,
910 1552 1140 1607 Domino
1182 1551 1508 1605 admonente
1545 1562 1611 1603 ac
1652 1546 1733 1603 di-

137 1653 290 1701 cente
333 1663 346 1698 :
389 1640 584 1699 Facite
613 1644 751 1698 vobis
780 1643 975 1699 amicos
1004 1643 1067 1698 de
1098 1639 1728 1714 mammona'iniquitatis,

139 1750 214 1807 ut,
234 1757 354 1796 cum
380 1738 701 1810 defeceritis,
724 1738 973 1812 recipiant
993 1754 1081 1793 vos
1102 1737 1157 1791 in
1182 1746 1377 1792 (eterna
1393 1731 1732 1790 tabernacula

139 1829 287 1905 (Luc.
320 1831 466 1904 xvr).
490 1832 634 1887 Bene
659 1832 856 1887 atrium
881 1830 1224 1886 sacerdotum
1249 1827 1425 1883 tribus
1448 1825 1732 1882 ordinibus

1829 633 1948 673 rum
1972 617 2389 691 praedicatorum
2419 636 2574 693 atque
2602 622 2786 696 ﬁgurae
2810 631 3131 697 congruunt,
3177 638 3407 695 quorum

1828 710 2114 768 ministerii
2140 723 2225 767 est
2250 711 2459 768 animas
2483 712 2719 770 ﬁdelium
2742 716 2910 771 verbo
2935 714 3057 771 ﬁdei
3087 715 3327 781 reﬁcere,
3354 722 3410 770 et

1822 804 1978 876 juxta
2013 802 2252 876 regulam
2282 804 2588 875 apostoliczc
2611 806 2953 863 discretionis
2980 807 3203 863 rudibus
3233 807 3410 862 adhuc

1829 894 2105 967 discipulis
2143 897 2465 954 rationabile
2492 907 2548 955 et
2570 899 2690 955 sine
2718 898 2842 956 dolo
2872 900 2954 957 lac
2983 900 3243 957 doctrina:
3272 901 3408 956 sim-

1828 991 1983 1062 plicis
2020 991 2274 1047 adhibere
2317 991 2369 1063 (1
2419 991 2566 1047 Petr.
2616 993 2679 1066 ιι)
2712 1010 2727 1048 :
2763 991 3183 1064 perfectioribus
3226 1002 3404 1048 autem

1830 1082 2061 1139 solidum
2130 1084 2310 1141 cibum
2382 1084 2641 1143 doctrina:
2711 1086 3044 1143 sublimioris
3099 1087 3412 1143 ministrare

1833 1173 2017 1249 (Hebr.
2074 1175 2148 1251 v).
2208 1176 2524 1250 Quicunque
2579 1176 2724 1234 enim
2785 1186 3145 1235 sacramenta.
3205 1177 3413 1236 Christi

1832 1272 2141 1329 summatim
2174 1289 2503 1345 cognoscere
2530 1284 2691 1348 atque
2715 1319 2729 1344 ,
2772 1276 2837 1332 ad
2878 1275 3242 1332 imitationem
3288 1289 3412 1329 sus-

1833 1363 2011 1437 cipere
2056 1375 2292 1437 norunt,
2346 1366 2403 1425 hi
2430 1370 2587 1441 quasi
2632 1370 2889 1426 carnibus
2930 1369 3122 1426 hostiae
3159 1368 3417 1425 salutaris

1834 1458 2023 1515 refecti
2048 1461 2337 1517 satiantur.
2364 1461 2432 1517 Et
2457 1464 2579 1534 quia
2611 1464 2891 1519 doctorum
2922 1471 3006 1519 est
3032 1460 3412 1535 spiritualium,

1834 1566 1952 1623 qua:
1973 1554 2167 1624 cuique
2190 1570 2433 1627 personre
2461 1567 2723 1631 mysteria
2751 1557 3016 1614 audienda
3047 1558 3413 1626 committant,

1835 1643 2191 1701 solertissime
2213 1647 2522 1705 discernere
2546 1658 2713 1715 recte,
2744 1658 2890 1705 recte
2914 1648 3209 1705 fuscinulas
3235 1648 3416 1705 facere

1826 1734 2048 1807 jubetur
2074 1742 2447 1799 sacerdotibus
2466 1759 2565 1815 per
2592 1742 2832 1816 Moysen,
2856 1744 3052 1814 quibus
3078 1756 3269 1799 carnes
3318 1754 3416 1797 no-

1837 1832 2085 1900 stiarum,
2098 1843 2259 1905 prout
2274 1837 2595 1909 oportuerit,
2613 1845 2966 1907 componant;
2992 1842 3047 1890 et
3073 1835 3178 1891 alia
3199 1835 3416 1905 quidem

137 1924 372 1998 lapidum
401 1902 699 2007 politorum
750 1923 928 1999 (ﬁdes,
967 1937 1113 1995 spes,
1161 1920 1422 1994 charitas)
1478 1929 1533 1975 et
1580 1927 1730 1976 recte
1757 1902 1809 1968 Β
1838 1902 2172 1993 hominibus,
2224 1902 2326 1982 sed
2357 1902 2587 1983 mundis
2613 1902 2818 1983 edenda
2866 1927 3123 1995 afferant,
3162 1902 3266 1980 alia
3293 1940 3421 1981 vero

135 2022 457 2096 politorum,
489 2022 617 2094 quia
660 2030 808 2078 certe
843 2036 1066 2077 necesse
1093 2028 1174 2077 est
1202 2017 1441 2075 discendi
1490 2016 1730 2081 solertia,

139 2124 196 2171 ut
218 2113 461 2188 quisque
479 2112 749 2185 quomodo
776 2113 977 2179 dicere,
1008 2112 1138 2183 quid
1186 2127 1405 2183 sperare
1426 2151 1440 2176 ,
1472 2109 1585 2165 sive
1614 2106 1733 2163 dili-

138 2221 262 2280 gere
290 2204 517 2272 debeat,
550 2205 848 2277 dignoseat.
888 2203 1040 2262 Unus
1066 2210 1246 2258 autem
1284 2201 1418 2258 ordo
1461 2199 1732 2271 lignorum

140 2294 316 2361 cedri,
353 2296 479 2368 ipsa
520 2304 605 2352 est
630 2295 772 2351 bona
804 2294 1068 2366 operatio,
1111 2310 1175 2349 ac
1223 2293 1338 2348 sine
1386 2290 1733 2361 corruptione

141 2386 512 2442 simulationis
556 2386 794 2442 exhibita
823 2428 837 2453 ,
896 2386 1013 2442 sine
1058 2386 1210 2459 cujus
1267 2382 1733 2455 superadjeetione

140 2477 293 2545 ﬁdes,
318 2495 452 2550 spes
473 2487 526 2535 et
555 2479 795 2535 charitas
823 2494 950 2533 vera
979 2491 1099 2534 esse
1144 2494 1251 2532 non
1307 2476 1468 2530 valet.
1520 2475 1733 2530 Dictum

140 2587 372 2645 namque
417 2579 505 2629 est
546 2574 743 2643 szepius
768 2572 909 2645 quod
941 2572 1085 2645 ligna
1124 2571 1273 2627 cedri
1298 2578 1520 2643 propter
1549 2567 1733 2625 odoris

142 2670 374 2741 gratiam
399 2676 458 2725 et
500 2668 884 2740 imputribilem
914 2684 1025 2723 suze
1059 2677 1267 2721 naturae
1287 2664 1582 2735 potentiam
1610 2677 1734 2735 per-

142 2761 510 2818 sevcrantiam
534 2760 843 2830 famamque
882 2760 985 2832 pim
1028 2760 1313 2831 designant
1351 2754 1599 2812 actionis.
1651 2750 1734 2808 Ad

142 2851 246 2908 hoc
284 2853 487 2909 atrium
533 2868 704 2923 usque
746 2850 984 2906 universi
1032 2849 1396 2905 ascenderunt
1434 2842 1613 2911 electi,
1640 2839 1734 2913 qui

144 2942 268 3009 ﬁde,
297 2959 417 3018 spe,
444 2944 733 3001 dilectione
760 2952 921 3016 atque
947 2956 1109 3015 opere
1144 2941 1254 2996 Deo
1302 2940 1520 3012 placere
1568 2949 1730 3006 appe-

144 3035 371 3093 tierunt.
434 3036 549 3095 Hoc
602 3036 710 3093 alta
758 3037 1071 3092 meritorum
1124 3034 1298 3107 gratia
1346 3029 1735 3088 transcendunt

139 3125 395 3196 perfecti,
426 3142 551 3183 cum
586 3126 640 3181 in
671 3133 821 3181 tanto
852 3124 1112 3180 virtutum
1152 3123 1385 3179 culmine
1423 3118 1733 3193 proﬁciunt,

139 3223 201 3271 ut
226 3217 417 3273 dicere
445 3217 557 3273 suis
592 3215 932 3272 auditoribus
953 3216 1164 3288 possint
1196 3234 1208 3271 :
1237 3212 1539 3267 Imitatores
1568 3208 1733 3265 nostri

1837 2018 2024 2075 altaris
2092 2019 2305 2093 ignibus
2368 2021 2734 2077 consumenda
2782 2018 3113 2091 relinquant.
3192 2017 3421 2088 Reliqua

1837 2120 1963 2166 sunt
1993 2110 2048 2165 in
2079 2111 2261 2169 verbis
2290 2111 2483 2169 deinde
2512 2111 2791 2179 nonnulla,
2820 2127 2941 2183 qua:
2968 2118 3167 2168 nostrae
3198 2108 3423 2165 humili-

1836 2202 1935 2257 tati
1979 2203 2220 2259 revelare
2263 2211 2320 2259 et
2346 2204 2414 2259 ad
2448 2214 2649 2260 nostra:
2676 2203 2863 2275 epulas
2892 2201 3203 2260 refcctionis
3228 2214 3420 2257 conce-

1834 2295 1963 2351 dere
1990 2296 2242 2369 dignatus
2262 2308 2366 2354 est.
2392 2298 2531 2355 Sunt
2549 2300 2679 2355 item
2702 2300 2807 2355 alia
2832 2307 2995 2355 tanta}
3014 2297 3420 2372 profunditatis,

1835 2402 1956 2459 qua:
2004 2391 2176 2446 sancti
2224 2387 2459 2460 Spiritus
2498 2389 2837 2446 solummodo
2883 2391 3124 2447 scientiae
3167 2395 3423 2461 pateant,

1836 2490 2037 2536 nostra:
2067 2496 2196 2537 vero
2235 2484 2555 2555 capacitatis
2584 2499 2680 2556 per
2701 2482 2883 2537 omnia
2912 2497 3221 2538 mensuram
3250 2490 3426 2537 trans-

1836 2573 2085 2629 cendant.
2140 2572 2277 2629 Nam
2336 2575 2531 2646 phialce.
2583 2575 2828 2631 latiorem
2884 2582 3050 2646 atque
3100 2573 3425 2645 apertiorem

1837 2680 2004 2721 sacra!
2052 2666 2315 2722 doctrina:
2353 2668 2659 2741 signiﬁcant
2687 2683 3019 2734 sermonem,
3050 2668 3141 2738 qui
3176 2667 3425 2721 haustum

1836 2756 2115 2828 sapientiae
2150 2757 2237 2829 pie
2277 2757 2586 2813 sitientibus
2638 2757 2929 2813 salubriter
2966 2756 3322 2826 impendunt,
3368 2760 3428 2808 et

1835 2848 1923 2918 ple
1950 2847 2323 2905 laborantibus
2352 2848 2797 2905 refocillationem
2838 2862 3137 2918 congruam
3164 2846 3427 2917 prmdica-

1837 2948 2017 2995 torum
2069 2941 2375 2997 ministeria
2422 2942 2704 3009 tribuunt,
2752 2949 3020 3012 quatenus
3069 2939 3173 2996 hoc
3235 2936 3430 2994 solatio

1840 3033 2007 3102 adjuti
2032 3033 2097 3088 ad
2122 3034 2327 3089 fontem
2355 3033 2481 3090 vitm
2519 3043 2730 3089 aeterna:
2773 3035 3059 3105 pervenire
3086 3032 3317 3104 possint,
3358 3044 3427 3086 ex

1841 3138 1947 3197 quo
1976 3124 2067 3196 qui
2107 3126 2342 3194 biberit,
2372 3126 2488 3198 ipsa
2512 3126 2764 3183 Veritate
2791 3132 3082 3180 attestante
3110 3166 3123 3190 ,
3153 3140 3256 3177 non
3284 3122 3424 3175 sitiet

1840 3219 1895 3273 in
1913 3228 2165 3275 a:ternum
2190 3219 2372 3291 (loan.
2396 3221 2495 3290 vr).
2517 3220 2584 3275 Et
2605 3218 2928 3284 notandum,
2952 3216 3096 3289 quod
3122 3216 3178 3270 in
3197 3229 3263 3271 eo
3285 3214 3425 3281 loco,

137 3316 335 3375 estote,
359 3308 494 3363 sicut
518 3317 566 3363 et
596 3325 689 3363 nos
714 3292 907 3362 Christi
955 3280 1006 3380 ξι
1034 3304 1157 3362 Cor.
1182 3305 1247 3380 ιι)
1287 3324 1298 3360 :
1331 3304 1735 3378 glorienturque
1760 3280 1809 3349 C
1839 3309 1931 3366 ubi
1984 3310 2038 3365 in
2083 3280 2533 3381 Ρειισξιιῑροιηοηόη
2578 3309 2774 3383 legitur
2802 3280 2946 3380 quod
2970 3280 3191 3364 -Hiram
3233 3306 3428 3363 fecerit

139 3408 195 3454 et
218 3398 413 3456 dicant
474 3416 489 3454 :
535 3399 767 3456 Nescitis
785 3442 799 3469 ,
822 3402 1072 3472 quoniam
1101 3397 1312 3471 angelos
1330 3396 1689 3469 judicabimus
1712 3396 1738 3450 7

139 3501 343 3564 quanto
395 3492 563 3565 magis
613 3492 895 3548 srecularia
947 3491 999 3565 (I
1037 3491 1160 3547 Cor.
1197 3490 1311 3563 v1)?
1357 3489 1508 3557 Quod
1558 3497 1738 3543 autem

145 3582 372 3650 dicitur,
406 3585 548 3655 quod
578 3583 754 3641 hostia
784 3583 1021 3641 basilicae
1048 3590 1192 3640 tecta
1242 3581 1471 3637 fuissent
1511 3595 1638 3645 tere,
1665 3578 1737 3635 si-

144 3673 368 3745 gniﬁcat
404 3674 687 3730 introitum
714 3674 838 3731 ﬁdei
864 3690 1115 3732 sermone
1141 3673 1517 3747 limpidissime
1538 3671 1737 3744 praedi-

147 3767 380 3823 cationis
424 3767 721 3840 praeparari
772 3771 989 3835 debere,
1030 3776 1092 3824 ut
1141 3767 1494 3824 advenientes
1536 3767 1738 3839 quique

153 3863 385 3931 discant,
408 3864 678 3935 quomodo
701 3880 797 3936 per
824 3863 984 3920 ﬁdem
1014 3862 1235 3929 Christi,
1269 3870 1323 3917 et
1344 3860 1621 3917 salutifera
1647 3875 1734 3915 sa-

147 3965 424 4011 cramenta
459 3957 689 4012 debeant
732 3956 936 4010 intrare
964 3955 1020 4010 in
1066 3954 1364 4023 Ecclesjam
1400 3951 1634 4019 Christi;
1682 3959 1740 4007 et

150 4057 437 4118 postquam
467 4048 809 4116 intraverint,
839 4062 1001 4120 quam
1033 4047 1283 4119 religiose
1315 4052 1563 4116 oporteat
1589 4044 1736 4114 ipsos

151 4137 203 4193 in
230 4155 291 4195 ea
317 4142 650 4197 conversari.

218 4229 367 4288 Fecit
395 4250 599 4307 quoque
629 4233 818 4289 Hiram
849 4235 1040 4290 lebetas
1067 4241 1117 4288 et
1156 4247 1369 4305 creagas
1398 4242 1447 4289 et
1487 4232 1700 4305 phialas
1720 4272 1737 4299 ,

157 4332 203 4378 et
225 4327 498 4399 complevit
523 4345 673 4383 omne
696 4346 823 4400 opus
848 4330 980 4400 regis
1003 4330 1055 4382 in
1075 4328 1226 4382 domo
1250 4327 1482 4382 Domini.
1508 4327 1742 4383 Lebeies

154 4411 307 4474 facte
331 4418 574 4488 fuerunt,
603 4429 661 4475 ut
687 4419 822 4476 liber
841 4419 1013 4475 Exodi
1037 4426 1444 4484 commemorat,
1470 4418 1538 4473 ad
1563 4416 1738 4472 susci-

154 4505 375 4577 piendos
425 4512 640 4567 cineres
692 4509 879 4567 altaris
930 4509 1232 4565 holocausti
1287 4508 1483 4584 (Exod.
1531 4506 1736 4581 ,xxvn).

155 4596 369 4673 Creagae
399 4645 415 4670 ,
467 4603 572 4660 hoc
598 4614 713 4668 est,
758 4603 1032 4659 iuseinulze
1070 4604 1135 4658 ad
1186 4603 1290 4658 hoc
1339 4602 1394 4657 in
1439 4600 1739 4657 ministerio

158 4686 497 4747 habebantur
527 4693 736 4754 altaris.
764 4702 820 4748 ut
844 4708 1039 4750 carnes
1062 4693 1403 4749 victimarum
1429 4708 1526 4764 per
1548 4706 1641 4748 eos
1672 4693 1738 4747 de

159 4782 410 4843 caldariis
456 4797 625 4843 cocta:
652 4787 1045 4858 proferrentur,
1085 4799 1246 4857 atque
1273 4791 1337 4843 ad
1368 4788 1520 4842 esum
1550 4802 1739 4841 eorum

161 4877 248 4945 qui
275 4878 361 4935 bis
406 4888 565 4936 erant
592 4879 865 4936 reﬁciendi
894 4882 1236 4936 ail‘errentur.
1280 4878 1481 4934 Phiala:
1513 4893 1643 4934 vero
1671 4877 1740 4932 ad

161 4965 430 5027 offerenda
488 4971 766 5027 libamina.
817 4971 924 5027 Sed
976 4972 1181 5027 lebetes
1242 4971 1453 5026 cineres
1524 4964 1741 5025 sanct'os

165 5063 482 5136 suscipiunt,
506 5081 629 5121 cum
652 5064 836 5120 ﬁdeles
859 5066 1057 5134 quique
1082 5065 1165 5119 vel
1196 5063 1439 5135 exempla
1464 5078 1527 5119 ac
1554 5079 1740 5119 sacra-

167 5162 337 5210 menta
389 5156 684 5212 Dominica:
721 5157 987 5228 passionis
1037 5156 1107 5212 ad
1166 5156 1464 5211 custodiam
1511 5156 1594 5212 sui
1654 5156 1741 5227 pia

171 5254 343 5303 mente
392 5257 725 5314 retractant,
762 5248 846 5304 vel
888 5256 1034 5304 certe
1075 5249 1277 5304 exitum
1322 5248 1741 5320 praecedentium

164 5329 431 5400 iustorum
484 5340 768 5413 diligenter
823 5341 1134 5411 aspiciunt,
1186 5339 1325 5412 qui,
1381 5341 1592 5414 magnis
1646 5356 1745 5413 pro

172 5419 389 5487 Domino
432 5431 725 5488 elaboratis
768 5433 1060 5504 agonibus,
1092 5448 1235 5489 nunc
1278 5449 1439 5490 cursu
1485 5448 1742 5491 consum-

175 5527 313 5577 mato
330 5564 345 5591 ,
377 5524 442 5581 de
481 5536 737 5597 percepto
757 5524 980 5598 jamjam
1002 5526 1191 5581 bravio
1216 5525 1331 5580 sine
1361 5524 1469 5581 ﬁne
1492 5525 1746 5581 laetantur

178 5625 434 5682 quatenus
473 5622 829 5677 consideratis
872 5618 1137 5691 majorum
1175 5621 1468 5676 virtutibus
1491 5663 1507 5687 ,
1547 5628 1601 5675 et
1643 5620 1747 5691 ipsi

178 5711 347 5780 magni
372 5709 490 5767 ﬁeri
510 5714 737 5785 possint,
763 5711 921 5784 juxta
949 5721 1277 5786 przeeeptum
1300 5712 1540 5785 Apostoli
1565 5713 1749 5770 dicen-

182 5796 289 5854 tis:
339 5803 648 5862 Mementote
676 5809 1075 5879 prwpositorum
1112 5807 1201 5879 qui
1235 5806 1377 5861 vobis
1416 5806 1576 5861 locuti
1629 5813 1749 5859 sunt

1835 3398 2044 3457 lebetas
2068 3411 2123 3457 et
2166 3416 2391 3475 creagas
2432 3410 2488 3458 ct
2529 3402 2758 3474 phialas,
2794 3401 2905 3456 illic
2947 3401 2999 3455 in
3032 3398 3173 3455 libro
3218 3398 3427 3470 Regum

1837 3492 2036 3558 habet,
2082 3491 2277 3548 lebetas
2314 3500 2365 3549 et
2412 3502 2613 3548 scutras
2661 3501 2709 3546 et
2747 3490 2952 3546 amulos
2983 3487 3105 3561 (III
3134 3486 3263 3559 Reg.
3312 3486 3430 3557 vn).

1838 3587 2049 3644 Scutrm
2079 3603 2210 3661 ergo
2241 3603 2369 3644 vasa
2416 3603 2563 3643 mnea
2601 3602 2722 3643 esse
2763 3586 3018 3641 dicuntur
3062 3580 3323 3653 aequalem
3374 3578 3429 3634 in

1836 3682 2005 3740 fundo
2034 3689 2088 3737 et
2118 3683 2174 3737 in
2201 3697 2296 3738 ore
2320 3681 2572 3737 habentia
2600 3677 3011 3750 amplitudinem
3034 3719 3048 3742 ,
3081 3683 3140 3730 ut
3174 3680 3431 3744 cooperta

1839 3776 2073 3847 desuper
2101 3774 2403 3831 calefacere
2426 3781 2646 3846 possent
2667 3773 2809 3843 quod
2837 3771 3055 3826 vellent.
3083 3767 3276 3822 Amula
3300 3780 3428 3820 vero

1840 3870 2050 3940 species
2078 3868 2323 3938 quaedam
2372 3874 2455 3922 est
2484 3882 2740 3921 vasorum
2784 3864 3163 3918 libatoriorum
3198 3858 3265 3913 ad
3297 3855 3432 3912 oile-

1840 3959 2009 4014 renda
2033 3959 2179 4013 vina.
2204 3955 2466 4026 Denique,
2493 3955 2744 4027 leguntur
2764 3954 2817 4008 in
2842 3952 3028 4006 Exodo
3046 3948 3240 4021 phiala:
3256 3946 3432 4014 factae,

1839 4049 2122 4106 acetabula
2147 4055 2202 4103 et
2226 4046 2433 4120 cyathi,
2460 4047 2513 4101 in
2540 4047 2737 4118 quibus
2758 4043 3031 4099 oﬁ‘erenda
3057 4039 3272 4095 fuerunt
3300 4037 3437 4092 liba-

1840 4144 1985 4197 mina
2009 4141 2062 4196 in
2096 4140 2448 4197 tabernaculo
2485 4138 2695 4194 Domini
2729 4135 2926 4209 (Exod.
2953 4132 3185 4205 xxxv").
3216 4131 3281 4185 Et
3306 4130 3435 4200 quid

1840 4237 1994 4289 varia
2026 4248 2191 4301 vasa,
2233 4248 2353 4302 quae
2382 4232 2448 4287 ad
2492 4229 2762 4285 offerenda
2805 4228 3059 4283 libamina
3091 4233 3217 4281 sunt
3260 4224 3436 4289 facta,

1841 4327 1949 4382 nisi
1990 4324 2154 4380 variae
2186 4330 2312 4379 sunt
2353 4320 2732 4377 distinctiones
2763 4317 2960 4387 eloquii
2990 4316 3158 4370 divini
3196 4330 3293 4385 pro
3325 4313 3437 4368 dis-

1841 4417 1961 4488 pari
1993 4416 2291 4485 capacitate
2332 4411 2699 4467 audientium?
2728 4408 2844 4462 Non
2886 4408 3031 4462 enim
3068 4421 3176 4459 una
3219 4405 3440 4460 eadem-

1846 4523 1952 4578 que
1983 4549 1997 4573 ,
2052 4505 2305 4560 omnibus
2362 4510 2541 4574 potest
2591 4499 2882 4556 convenire
2938 4496 3211 4553 doctrina.
3266 4494 3439 4550 Aliter

1846 4617 2083 4673 namque
2131 4599 2423 4670 sapientes,
2453 4595 2608 4650 aliter
2646 4593 2980 4665 insipientes,
3024 4590 3181 4646 aliter
3210 4589 3437 4656 divites,

1844 4694 2001 4749 aliter
2046 4706 2331 4763 pauperes,
2380 4689 2536 4742 aliter
2578 4686 2729 4753 sani,
2782 4685 2941 4741 aliter
2991 4682 3226 4748 inﬁrmi,
3278 4681 3437 4736 aliter

1841 4800 2021 4851 senes,
2045 4782 2464 4852 aliterjuvenes,
2491 4781 2650 4836 aliter
2676 4781 2801 4845 viri,
2830 4779 2987 4833 aliter
3015 4776 3252 4840 feminae,
3279 4774 3439 4829 aliter

1843 4882 2077 4944 caelibes,
2104 4881 2263 4934 aliter
2287 4878 2556 4950 conjugati
2574 4920 2587 4943 ,
2618 4878 2774 4932 aliter
2793 4875 3023 4946 pratlati,
3057 4873 3214 4929 aliter
3240 4868 3439 4925 subditi

1846 4972 2071 5029 docendi
2119 4982 2265 5029 sunt.
2303 4973 2432 5040 Qua:
2461 4982 2642 5026 tamen
2689 4986 2819 5026 vasa
2850 4968 3036 5025 omnia
3080 4966 3147 5021 ad
3194 4977 3437 5019 mensam

1845 5065 2206 5131 tabernaculi,
2244 5064 2425 5119 omnia
2457 5064 2523 5117 ad
2551 5060 2824 5117 offerenda
2854 5058 3111 5114 libamina
3139 5054 3433 5126 pertinent,

1849 5156 1975 5226 quia
2007 5170 2343 5225 quaecunque
2382 5153 2620 5225 prudens
2652 5153 2839 5205 doctor
2867 5150 3082 5204 diversa
3129 5162 3229 5216 pro
3257 5143 3436 5198 diver-

1848 5248 2008 5303 sitate
2037 5246 2368 5301 audientium
2398 5245 2652 5314 loquitur,
2683 5242 2931 5296 universa
2963 5240 3017 5293 in
3050 5237 3233 5308 regula
3264 5250 3435 5292 sacra:

1849 5334 2147 5414 Scriptura:
2187 5339 2551 5411 reperiuntur,
2597 5344 2762 5405 atque
2805 5334 2871 5389 ad
2902 5331 3176 5388 offerenda
3210 5329 3437 5385 Domino

1848 5441 1975 5490 vota
2021 5434 2288 5487 bonorum
2335 5444 2559 5500 operum
2608 5428 2773 5483 corda
2820 5426 3059 5483 excitant
3108 5424 3434 5480 auditorum.

1850 5526 1980 5595 Quae
2001 5525 2252 5581 videlicet
2284 5537 2507 5594 Operum
2549 5521 2836 5580 diversitas
2865 5529 3068 5576 sanctae
3091 5514 3434 5590 praedicatio-

1852 5618 1959 5684 nis,
2006 5616 2177 5686 ipsius
2220 5613 2433 5669 Domini
2464 5628 2560 5669 ore
2588 5612 2992 5683 designabatur,
3034 5624 3159 5665 cum
3185 5606 3390 5662 diceret
3421 5619 3434 5655 :

1856 5709 1961 5778 Qui
2002 5719 2156 5780 putas
2193 5718 2267 5764 est
2314 5705 2488 5778 ﬁdelis
2534 5706 2863 5778 dispensator
2906 5714 2954 5760 et
2973 5703 3233 5776 prudens,
3286 5710 3438 5769 quem

1856 5801 2127 5859 constituit
2151 5799 2408 5855 Dominus
2442 5815 2600 5871 super
2627 5797 2886 5870 familiam
2930 5812 3110 5861 suam,
3139 5801 3194 5846 ut
3220 5790 3305 5844 det
3334 5784 3441 5844 illis

189 5893 383 5953 verbum
414 5900 507 5956 Dei
537 5918 554 5956 :
580 5918 800 5974 quorum
824 5903 1079 5957 intuentes
1113 5903 1309 5956 exitum
1346 5899 1752 5955 conversationis
1857 5899 1912 5951 in
1926 5906 2154 5967 tempore
2174 5894 2336 5950 tritici
2357 5909 2656 5951 mensuram
2682 5892 2894 5966 (Matth.
2920 5885 3442 5961 nivjiblensuram
