3920 6472
563 384 671 443 855

1246 379 1309 436 Β.
1347 377 1604 457 RABANI
1641 377 1863 438 MAURI
1896 378 2223 440 ARCHIEP.
2261 378 2575 440 MOGUNT.
2615 376 2904 439 OPERUM
2939 378 3124 436 PARS
3157 379 3202 438 l.
3671 384 3735 443 456

561 497 762 569 quippe
786 493 953 554 tritici
973 492 1254 552 conservis
1274 495 1368 551 dat
1389 495 1444 551 in
1471 503 1717 568 tempore
1736 495 1910 552 ﬁdelis
1927 496 2146 568 dispen-
2170 499 2225 561 Α
2250 496 2597 554 adversitatis
2620 496 2831 561 molliti,
2861 496 3003 552 viam
3028 503 3249 568 patrum
3273 493 3413 552 bene
3441 502 3666 566 operando
3681 502 3734 557 in-

562 600 713 648 sator
739 599 795 648 et
838 588 1076 661 prudens
1098 630 1115 657 ,
1161 589 1378 661 quando
1417 589 1683 646 discretus
1711 589 1863 646 verbi
1898 590 2148 645 minister

563 696 672 738 non
701 680 875 736 solum
903 688 1116 752 tempus
1139 687 1503 752 opportunum
1535 680 1590 735 in
1616 679 1842 735 dicendo
1872 681 2143 746 observat,

559 788 752 831 verum
776 773 947 830 etiam
971 774 1309 844 qualitatem,
1340 789 1668 844 sensumque
1690 775 1996 831 auditorum
2027 774 2147 830 dili-

560 874 749 940 genter
776 865 1038 938 exquirit,
1071 876 1128 922 et
1163 869 1323 937 juxta
1363 866 1678 923 distantiam
1719 867 1880 938 hujus
1925 867 2145 922 modum

559 960 644 1016 sui
674 960 947 1019 sermonis
983 966 1271 1029 temperat.
1474 1033 1489 1046 .

631 1050 825 1106 Omnia
835 1067 963 1107 vasa
980 1050 1104 1121 fecit
1120 1049 1395 1106 Salomoni
1415 1047 1607 1105 Hiram
1620 1059 1770 1122 pater
1787 1051 1900 1121 ejus
1922 1051 1977 1105 in
1991 1049 2145 1104 domo

556 1142 773 1199 Domini
799 1160 867 1199 ea:
892 1159 997 1199 me
1018 1143 1387 1210 mundissimo,
1416 1144 1473 1197 in
1496 1145 1703 1215 regione
1728 1143 1983 1199 Iordanis
2009 1142 2143 1213 fudit

557 1254 621 1293 ea
661 1254 754 1292 rea:
796 1237 855 1292 in
900 1236 1152 1310 argillosa
1177 1245 1319 1292 terra
1346 1238 1482 1291 inter
1508 1235 1705 1293 Sochot
1734 1247 1782 1291 et
1826 1236 2141 1293 Saredatlta.

556 1312 692 1385 Frat
726 1340 904 1386 autem
939 1328 1224 1386 multitudo
1254 1347 1499 1386 vasorum
1528 1331 1950 1398 innumerabilis,
1984 1332 2060 1385 ita
2088 1339 2146 1385 ut

554 1422 889 1491 ignoraretur
911 1424 1117 1495 pondus
1146 1414 1397 1479 mriste
1439 1424 1543 1481 hoc
1568 1424 1625 1479 in
1669 1423 1808 1480 libro
1835 1424 2044 1496 Regum
2070 1423 2144 1478 ita

554 1516 815 1586 scriptum
862 1525 946 1573 est
985 1534 1008 1571 .:
1049 1514 1243 1572 Omnia
1286 1534 1413 1573 vasa
1436 1559 1451 1585 ,
1493 1534 1611 1589 quw
1641 1517 1763 1587 fecit
1804 1516 1997 1573 Hiram
2038 1517 2145 1589 regi

555 1606 917 1664 Salomoni'in
935 1610 1090 1665 domo
1120 1609 1354 1677 Domini,
1381 1610 1446 1665 de
1481 1610 1785 1666 aurichalco
1812 1621 1983 1676 erant,
2034 1619 2141 1667 etc.

553 1696 675 1771 (ΙΙΙ
704 1698 832 1771 Reg.
866 1700 986 1771 vn).
1035 1700 1177 1771 Apte
1225 1701 1279 1756 in
1318 1701 1540 1773 regione
1568 1700 1825 1758 Jordanis
1853 1702 1977 1757 fusa
2018 1710 2144 1757 sunt

548 1804 681 1845 vasa
710 1791 905 1848 domus
931 1791 1179 1860 Domini,
1210 1792 1266 1848 in
1294 1809 1401 1863 quo
1441 1794 1690 1851 videlicet
1714 1793 1936 1850 ﬂumine
1961 1795 2144 1850 Domi-

2251 595 2480 661 tramus,
2508 597 2569 644 ut
2600 589 2669 643 ad
2695 588 2914 659 praemia
2949 595 3166 657 patrum
3190 574 3332 642 bene
3354 587 3595 643 currendo
3613 606 3735 660 perve-

2249 679 2481 737 niamus.
2520 679 2707 751 Neque
2734 681 2881 736 enim
2908 694 3122 750 semper
3148 695 3247 736 nos
3276 679 3475 751 regulis
3496 695 3671 738 necesse
3688 696 3735 741 est

2246 772 2403 830 bona:
2423 776 2755 845 operationis
2795 775 3019 841 arctari,
3051 774 3179 841 sed,
3228 772 3493 845 completa
3512 779 3734 845 operatione
3804 802 3805 811 ι

2246 865 2408 933 bona,
2458 867 2635 938 palma
2675 875 2731 922 et
2754 866 2931 923 beata:
2970 866 3348 922 retributionis
3376 867 3639 937 speranda;
3660 874 3734 939 qui:

2246 972 2349 1014 nec
2369 972 2583 1028 semper
2599 973 2729 1013 vasa
2758 956 3009 1013 informis
3034 957 3239 1029 argilla:
3262 958 3569 1014 tenebantur
3585 960 3732 1023 inclusi.

2245 1063 2436 1104 verum
2465 1049 2556 1103 ubi
2596 1049 2665 1105 ad
2689 1048 3081 1118 perfectionem
3116 1048 3199 1104 sui
3222 1059 3595 1119 pervenerant,
3619 1049 3734 1106 fractis

2246 1138 2546 1196 formarum
2593 1140 2850 1196 claustris
2892 1138 3338 1211 producebantur
3364 1140 3418 1195 in
3456 1140 3732 1208 lucem,etin

2247 1230 2446 1302 templo
2475 1231 2686 1287 Domini
2709 1246 2809 1301 pro
2837 1230 2950 1286 suis
2974 1246 3189 1302 quoque
3218 1230 3357 1287 locis
3386 1231 3732 1302 disponebantur.

2246 1319 2361 1377 Hoc
2389 1329 2571 1377 autem
2608 1322 2838 1377 dicimus
2863 1337 2972 1378 non
2997 1322 3143 1392 quod
3190 1336 3363 1393 opera
3394 1330 3658 1377 sanctorum
3678 1339 3734 1377 nn-

2246 1429 2409 1485 quam
2434 1414 2546 1470 sint
2573 1414 2881 1482 interitura,
2906 1415 3002 1471 sed
3025 1415 3154 1485 quia
3175 1415 3272 1472 ubi
3299 1430 3547 1472 coronam
3559 1415 3732 1486 justitia.

2246 1522 2408 1588 quam
2451 1507 2589 1564 bene
2619 1509 2895 1579 operando
2925 1517 3265 1577 meruerant,
3316 1508 3621 1580 acceperint,
3644 1508 3733 1564 labe

2246 1599 2404 1656 riosa:
2422 1600 2755 1672 Operatiouis
2775 1609 2973 1657 cuncta
2999 1608 3217 1657 cessent
3239 1600 3438 1658 officia.
3464 1599 3579 1669 Quis
3592 1601 3691 1656 enim
3704 1602 3731 1655 in

2245 1691 2337 1748 illa
2366 1676 2474 1748 vita
2489 1707 2588 1764 pro
2614 1694 2719 1749 fide
2742 1693 2945 1751 Christi
2967 1697 3293 1769 martyrium
3313 1695 3560 1767 patiatur,
3577 1695 3660 1759 ubi,
3678 1710 3732 1748 ex-

2243 1784 2414 1856 pulsis
2442 1787 2792 1853 adversariis,
2824 1804 3018 1845 omnes
3043 1788 3207 1845 electi
3236 1789 3294 1845 in
3322 1789 3588 1860 praesentia
3606 1787 3731 1843 Christ
3805 1784 3807 1847 ἲ

549 1898 655 1939 nus
695 1892 883 1940 noster
906 1885 1179 1956 baptizari
1225 1885 1478 1956 dignatus
1506 1894 1592 1942 est
1617 1884 1833 1958 (Matth.
1860 1888 1946 1959 tu)
1976 1906 1988 1941 :
2030 1887 2145 1957 ejus
2172 1889 2220 1951 B
2247 1877 2533 1934 limantur?
2556 1878 2691 1947 Quis
2720 1880 2795 1935 ibi
2822 1890 3098 1937 mortuum
3137 1882 3397 1954 sepeliat,
3431 1880 3517 1936 ubi
3539 1879 3669 1936 solum
3691 1880 3734 1933 ii-
3806 1920 3807 1931 η

550 1974 750 2030 tinctus
777 1975 959 2038 undis.
991 1991 1257 2047 aquarum
1279 1977 1437 2034 nobis
1462 1976 1793 2034 elementum
1821 1979 1878 2033 in
1904 1978 2138 2035 ablutio—

548 2080 675 2120 nem
704 2075 1059 2138 peccatorum
1088 2068 1373 2124 convertit.
1427 2068 1493 2123 Et
1537 2068 1664 2138 quia
1693 2082 1855 2124 omne
1901 2067 2139 2125 fidelium

545 2154 817 2228 baptisma
839 2200 854 2225 ,
903 2174 1011 2230 quo
1039 2159 1268 2215 Domino
1293 2169 1705 2227 consecrantur,
1748 2160 1805 2215 in
1830 2161 2139 2232 exemplum

547 2247 857 2306 celebratur
882 2251 1227 2322 baptismatis
1256 2252 1422 2320 illius,
1452 2268 1561 2325 quo
1592 2254 1709 2325 ipse
1734 2269 1906 2326 aquas
1933 2255 2137 2312 sancti-

544 2339 757 2409 licavit,
811 2351 959 2399 recte
988 2343 1043 2398 in
1080 2345 1300 2415 regione
1338 2344 1591 2401 Jordanis
1619 2362 1747 2401 vasa
1776 2355 1903 2402 sunt
1948 2348 2139 2403 domus

546 2430 763 2488 Domini
792 2432 957 2490 facta.
1002 2433 1188 2506 Neque
1225 2436 1370 2493 enim
1400 2436 1560 2493 aliter
1600 2454 1733 2495 vasa
1760 2438 2041 2496 electionis
2086 2450 2143 2496 et

546 2523 937 2582 misericordiae
967 2525 1086 2581 ﬁeri
1120 2542 1408 2598 possumus
1427 2570 1442 2595 ,
1469 2528 1576 2584 nisi
1604 2530 1671 2585 ad
1702 2530 1971 2600 baptisma
1999 2530 2137 2601 ejus,

542 2617 687 2685 quod
732 2616 824 2673 illo
850 2618 908 2674 in
955 2617 1178 2675 ﬂumine
1205 2620 1394 2687 subiit,
1422 2621 1813 2692 respicientes,
1856 2631 1910 2677 et
1953 2621 2059 2692 ipsi
2083 2621 2140 2676 in

543 2708 639 2762 tali
684 2708 908 2768 ﬂumine
962 2721 1274 2784 satagamus
1319 2714 1485 2770 ablui.
1552 2714 1861 2772 Notandum
1917 2724 2136 2782 autem,

542 2801 686 2868 quod
712 2818 821 2857 non
844 2811 1056 2859 tantum
1084 2806 1139 2860 in
1164 2806 1385 2877 regione
1410 2805 1687 2875 Iordanis,
1717 2808 1811 2863 sed
1838 2818 1895 2863 et
1916 2807 1972 2862 in
1993 2823 2141 2864 cam-

540 2893 713 2961 pestri
752 2895 973 2966 regione
1003 2896 1148 2953 illius
1178 2897 1321 2953 facta
1354 2898 1488 2954 dicit
1513 2899 1704 2955 eadem
1731 2914 1860 2955 vasa
1880 2940 1895 2968 ,
1928 2900 2137 2971 signiti-

542 2994 676 3037 cans
714 2983 1218 3054 multiplicationem
1250 2987 1517 3056 ﬁdelium,
1564 3006 1686 3062 qua:
1711 3007 1820 3047 non
1861 2990 2037 3047 solum
2083 2992 2140 3048 in

539 3068 744 3140 Judiea,
778 3076 872 3132 sed
896 3085 951 3132 et
982 3079 1038 3133 in
1061 3080 1305 3135 omnium
1336 3082 1622 3138 nationum
1646 3083 1931 3140 latitudine
1956 3084 2140 3142 futura

538 3173 689 3234 erat;
717 3167 930 3239 expleta
960 3172 1245 3242 pmphetia
1260 3189 1381 3243 quae
1403 3174 1571 3230 dicit:
1597 3172 1916 3232 Gaudebant
1941 3178 2134 3249 campi,

2242 1970 2485 2025 ventium
2529 1979 2675 2026 terra
2719 1973 2836 2028 est?
2884 1973 3017 2042 Quis
3061 1972 3344 2044 lugentem
3373 1971 3729 2037 consoletur,uli

2242 2061 2488 2133 abstergit
2526 2061 2668 2117 Deus
2692 2080 2898 2119 omnem
2922 2064 3214 2136 lacrymam
3260 2064 3326 2120 ab
3353 2064 3509 2120 oculis
3528 2074 3730 2118 sanctorum

2244 2152 2427 2224 (Apoc.
2444 2169 2543 2221 vn,
2571 2154 2727 2226 xxr)?
2749 2154 2881 2223 Quis
2902 2155 2976 2211 ibi
3002 2157 3223 2212 domum
3246 2156 3530 2229 peregrino
3549 2164 3595 2210 et
3609 2154 3730 2224 hospiti

2244 2245 2471 2317 aperiat,
2500 2247 2592 2302 ubi
2623 2263 2813 2304 omnes
2841 2248 3003 2305 simul
3027 2248 3187 2305 electi
3215 2250 3587 2305 habitationem
3608 2248 3730 2302 eilia)

2244 2339 2479 2395 habent?
2523 2341 2741 2397 domum
2769 2359 2875 2398 non
2902 2343 3293 2413 manufactam,
3323 2354 3556 2400 cateruam
3575 2344 3619 2396 in
3650 2342 3729 2395 cali:

2244 2427 2333 2501 (11
2355 2429 2479 2487 Cor.
2502 2432 2594 2503 v)?
2621 2433 2753 2501 Quis
2780 2435 2915 2490 mihi
2943 2434 3053 2491 illic
3074 2448 3277 2505 panem
3301 2435 3547 2491 esurienti
3567 2443 3729 2504 potumve

2244 2524 2449 2580 sitienti
2480 2526 2694 2596 aﬂerat,
2721 2528 2813 2583 ubi
2840 2528 3097 2584 Dominus
3109 2531 3299 2602 ⁸ριιδεὶι
3322 2546 3433 2597 me,
3459 2539 3502 2583 et
3530 2526 3634 2581 nihil
3656 2524 3728 2578 niti

2243 2615 2409 2671 deerit
2458 2618 2631 2691 (Psal.
2670 2622 2860 2693 xm)?
2910 2622 3181 2694 Disruptis
3212 2640 3344 2695 ergo
3371 2623 3544 2679 formis
3564 2632 3730 2674 vasorum

2243 2712 2516 2780 quondam
2562 2714 2889 2770 necessariis
2911 2756 2926 2781 ,
2974 2731 3105 2772 vasa
3154 2716 3273 2786 ipsa
3304 2716 3357 2770 in
3390 2716 3535 2771 domo
3570 2712 3641 2767 Dei
3664 2711 3728 2780 jam

2243 2804 2524 2875 splendida
2556 2806 2842 2879 refulgent,
2875 2809 3022 2877 quia,
3057 2808 3402 2864 cessantibus
3431 2807 3483 2862 in
3511 2806 3598 2860 line
3616 2800 3729 2857 muni

2243 2914 2351 2954 non
2386 2899 2561 2954 solum
2592 2901 3099 2970 persecutionibus,
3148 2916 3291 2971 quas
3334 2893 3729 2972 pr0pterjustitiall

2242 2991 2547 3061 patiuntur,
2574 3008 2762 3049 verum
2786 2994 2951 3049 etiam
2977 2992 3269 3050 laboriosis
3304 2992 3518 3064 justitiz
3539 2986 3728 3059 operibus,

2244 3082 2441 3152 quibus
2489 3100 2587 3139 sua
2616 3094 2811 3157 sponte
2849 3101 2952 3156 pro
2980 3094 3184 3142 aeterna
3208 3083 3532 3143 beatitudine
3564 3077 3727 3135 insudant

2242 3176 2423 3245 electi,
2448 3178 2560 3233 sola
2584 3180 2639 3234 in
2662 3180 2871 3234 visione
2893 3179 2975 3236 sui
2998 3180 3302 3236 conditoris
3325 3184 3571 3252 percepta
3590 3173 3727 3227 immr-

538 3268 587 3313 et
610 3261 788 3315 omnia
830 3280 947 3334 quia
968 3264 1025 3317 in
1062 3265 1137 3319 eis
1177 3277 1299 3321 sunt
1330 3265 1505 3339 (Psal.
1536 3269 1683 3342 xcv).
1710 3270 1810 3327 Cui
1835 3271 2015 3328 simile
2053 3280 2139 3328 est
2165 3285 2213 3350 α
2242 3269 2470 3324 talitatis
2490 3270 2738 3326 claritate
2762 3271 3111 3327 laetabuntur.

536 3346 661 3416 hoc,
690 3352 837 3421 quod
867 3353 1012 3408 idem
1044 3355 1329 3424 psalmista
1352 3358 1419 3415 de
1445 3362 1807 3418 sacramentis
1838 3362 2136 3419 Dominica:

538 3439 933 3502 incarnationis
968 3446 1199 3518 loquens
1224 3492 1239 3518 ,
1286 3467 1355 3507 ex
1385 3468 1617 3524 persona
1669 3470 1894 3524 eorum,
1940 3458 2137 3529 quibus

538 3536 806 3605 completa
849 3538 1241 3598 incarnationis
1289 3560 1490 3602 arcana
1516 3548 1584 3603 ad
1616 3547 1777 3604 fidem
1825 3560 2095 3607 venerunt
2118 3594 2133 3621 ,

539 3625 617 3679 ait
646 3644 658 3679 :
691 3625 825 3681 Ecce
854 3629 1156 3686 audivimus
1176 3649 1293 3688 eam
1322 3636 1379 3689 in
1404 3635 1663 3708 Ephrata,
1700 3640 1998 3698 invenimus
2019 3661 2136 3699 eam

538 3713 597 3806 in
635 3718 831 3787 campis
856 3718 1003 3775 silvia
1034 3719 1205 3793 (Psal.
1248 3726 1456 3798 cxxxr).
1504 3729 1827 3787 Audivimus
1852 3734 2051 3806 quippe
2080 3736 2136 3790 in

538 3804 802 3899 Ephrata.
822 3812 1140 3871 Bethlehem
1161 3830 1503 3877 sacramenta
1523 3823 1828 3893 Dominica,
1856 3804 2137 3899 quia'pro-

538 3898 764 3956 missum
787 3902 1019 3976 legimus
1036 3907 1205 3964 David
1228 3913 1576 3983 patriarchae,
1594 3917 1688 3987 qui
1708 3927 1828 3973 erat
1855 3898 1922 3974 ex
1944 3898 2136 3977 eadem

538 3991 760 4051 civitate
789 4014 802 4049 :
834 3995 913 4052 De
947 3999 1125 4068 [ructu
1153 4005 1346 4059 ventris
1372 4006 1450 4065 tui
1480 4024 1674 4079 ponam
1710 4011 1829 4081 ejus
1856 4010 2136 4069 Christum

538 4082 603 4177 in!
622 4099 788 4141 carne
812 4093 1337 4166 venturum‘(lbid.).
1375 4096 1682 4155 Invenimus
1709 4119 1825 4156 eam
1854 4104 1910 4159 in
1939 4107 2137 4177 campis

534 4175 684 4231 silva:
703 4219 718 4243 ,
740 4179 878 4269 quia
909 4183 1147 4241 revelata
1183 4186 1300 4244 haec
1327 4188 1383 4244 in
1415 4189 1701 4250 altitudine
1733 4197 1978 4267 gentium
2030 4175 2137 4269 ipsi

535 4280 635 4361 per
667 4268 856 4326 orbem
877 4277 1254 4346 cognovimus,
1284 4280 1389 4351 ipsi
1419 4282 1675 4352 vidimus,
1709 4286 1812 4357 ipsi
1840 4268 2137 4361 participes

537 4358 669 4416 facti
712 4377 917 4421 sumus.
946 4365 1111 4422 Fudit
1132 4384 1263 4441 ergo
1308 4386 1406 4427 rex
1435 4388 1567 4430 vasa
1597 4376 1791 4433 domus
1820 4358 2057 4435 Domini
2081 4382 2136 4437 in

539 4458 831 4526 campestri
858 4460 1078 4532 regione
1107 4461 1361 4521 Jordanis
1387 4484 1399 4520 :
1433 4468 1561 4538 quia
1582 4468 1845 4527 Dominus
1864 4474 2135 4545 baptismo

539 4547 730 4604 salutis
788 4551 855 4605 de
903 4566 1011 4621 quo
1057 4569 1188 4609 vasa
1232 4556 1619 4616 misericordim
1674 4561 1879 4620 faceret
1904 4606 1919 4632 ,
1966 4574 2134 4622 totam

539 4639 728 4693 mundi
758 4639 1101 4698 latitudinem
1130 4644 1395 4713 implevit.
1427 4646 1699 4718 Argillosa
1735 4662 1917 4709 autem
1956 4663 2134 4724 terra,

541 4727 609 4782 de
636 4742 744 4797 qua
776 4728 933 4786 factm
956 4742 1084 4787 sunt
1112 4733 1300 4791 formae
1334 4737 1402 4791 ad
1430 4737 1704 4797 fundanda
1733 4760 1862 4800 vasa
1899 4747 2136 4816 Domini,

542 4834 664 4914 qua:
694 4821 890 4879 melius
914 4838 1081 4895 quam
1113 4826 1397 4899 Scriptura
1426 4846 1612 4901 sacra,
1647 4836 1713 4891 de
1741 4852 1848 4908 qua
1895 4841 2138 4914 regulam

541 4911 682 4969 bene
728 4914 943 4971 vivendi
988 4918 1305 4989 accipimus,
1340 4921 1485 4980 valet
1508 4911 2138 4999 intelligi?Quasivenim

478 5065 485 5069 ι
543 5003 731 5075 argilla
758 5004 976 5078 ignibus
1006 5009 1201 5066 durata
1230 5010 1463 5069 formam
1500 5018 1647 5073 vasis
1669 5018 1904 5088 Domini,
1935 5034 2139 5094 quanta

544 5104 600 5151 et
626 5096 806 5167 qualia
828 5098 948 5155 ﬂeri
981 5101 1199 5170 debent,
1235 5106 1477 5175 exhibet,
1501 5124 1625 5165 cum
1652 5113 1809 5169 nobis
1856 5113 2139 5186 Scriptura

545 5191 786 5260 regulam
811 5192 1061 5262 iustitiae,
1084 5211 1247 5266 quam
1273 5200 1571 5270 sequimur,
1596 5206 1834 5260 ostendit
1865 5224 1878 5258 :
1924 5217 2139 5265 sancto-

548 5298 668 5360 rum
695 5285 853 5341 nobis
874 5289 1153 5358 exempla,
1200 5294 1292 5362 qui
1320 5294 1443 5365 igne
1472 5297 1880 5354 tribulationum
1910 5300 2140 5358 invinci-

547 5372 687 5430 biles
726 5389 1244 5453 perseveraverunt,
1300 5387 1359 5442 in
1398 5389 1656 5444 omnibus
1680 5393 1953 5460 sequenda
1994 5409 2136 5464 prae-

549 5476 842 5536 monstrat,
872 5469 918 5526 si
943 5486 1073 5529 vasa
1103 5475 1160 5531 iu
1188 5477 1350 5535 domo
1378 5479 1594 5536 Domini
1618 5482 1791 5539 electa
1812 5500 1878 5541 ac
1897 5486 2137 5557 pretiosa

549 5571 671 5614 esse
696 5560 1079 5632 conspicimus.
1107 5567 1242 5639 Ejus
1264 5570 1395 5642 igne
1417 5572 1770 5644 liquefactum
1797 5578 2004 5650 argilla:
2030 5580 2140 5637 for-

550 5654 668 5706 mas
720 5651 1051 5727 ingreditur,
1110 5677 1218 5731 quo
1241 5678 1338 5719 vas
1382 5667 1559 5735 possit
1603 5677 1789 5739 aptum
1818 5672 2138 5730 ministeriis

546 5744 860 5806 caelestibus
903 5749 1043 5809 eﬂici
1067 5791 1083 5819 ,
1129 5769 1253 5810 cum
1298 5756 1401 5826 ipsi
1444 5761 1737 5818 salubriter
1780 5765 2047 5820 humiliati
2087 5774 2143 5821 ct

547 5832 771 5896 ﬂamina
808 5856 922 5899 sua:
956 5844 1155 5902 divinae
1182 5845 1467 5907 charitatis
1513 5852 1628 5910 sive
1672 5854 1840 5918 etiam
1887 5856 2139 5915 humanae

1842 6024 1961 6039 .~.

2314 3360 2569 3434 Fecitque
2590 3362 2847 3420 Salomon
2875 3366 3054 3419 omnia
3082 3382 3207 3420 vasa
3234 3367 3420 3422 domus
3447 3364 3553 3428 Dei,
3571 3352 3609 3415 et
3627 3356 3725 3410 allatt

2239 3439 2461 3509 aureum
2490 3464 2537 3509 ct
2567 3473 2775 3511 mensas
2819 3467 2868 3511 et
2912 3475 3069 3529 super
3100 3476 3188 3514 eas
3214 3476 3377 3531 panes
3405 3450 3725 3530 propositionis:

2241 3546 2659 3618 candelabraque
2717 3566 2838 3604 cum
2889 3550 3118 3606 lucernis
3168 3554 3319 3620 suis,
3355 3561 3409 3605 ut
3450 3549 3725 3604 lucemtw

2241 3638 2515 3693 oraculum
2550 3641 2711 3710 juxta
2732 3643 2925 3696 atrium
2947 3659 3012 3697 ea:
3037 3660 3170 3698 auro
3207 3644 3501 3716 purissimo.
3528 3637 3641 3708 Quid
3657 3640 3724 3692 θείς

2241 3735 2385 3805 quod
2426 3737 2677 3806 superius
2706 3737 2844 3793 dixit
2875 3739 3072 3797 fecisse
3115 3739 3308 3796 Hiram
3349 3734 3595 3795 Salomoui
3612 3723 3724 3784 omnia

2242 3841 2372 3881 vasa
2422 3827 2477 3881 in
2525 3830 2686 3883 domo
2714 3828 2951 3895 Domini,
2994 3838 3050 3884 et
3090 3846 3236 3885 nunc
3288 3830 3442 3894 dicit,
3486 3823 3725 3880 Salomonem
3773 3857 3781 3869 .

2241 3918 2418 3989 ipsum
2468 3918 2662 3975 fecisse
2708 3920 2894 3976 omnia
2920 3936 3053 3976 vasa
3085 3922 3280 3978 domus
3319 3916 3548 3976 Domini?
3584 3909 3657 3967 nisi
3693 3912 3725 3957 ut

2241 4008 2493 4067 ostendat
2518 4006 2874 4067 historialiter
2903 4011 3253 4069 Salomonem
3279 4014 3450 4085 ipsum
3475 4005 3631 4064 fecisse
3647 4008 3725 4066 ορυε

2241 4102 2429 4172 templi
2451 4102 2723 4169 dictando,
2743 4112 2799 4160 et
2815 4104 3000 4159 Hiram
3016 4106 3297 4176 operando
3309 4106 3333 4161 Ἰ
3344 4104 3495 4161 Juxta
3510 4090 3723 4166 allegot‘itIn

2243 4210 2371 4249 vero
2385 4195 2657 4266 signiﬁcat
2679 4196 3099 4270 Redemptorem
3123 4209 3371 4258 nostrum
3394 4199 3445 4253 in
3468 4190 3632 4252 sanctis
3646 4196 3725 4256 W‘

2244 4284 2598 4353 dicatoribus,
2627 4295 2791 4358 atque
2820 4288 2878 4342 in
2902 4277 3154 4344 omnibus
3178 4288 3425 4347 ﬁdelibus
3446 4286 3543 4342 suis
3562 4284 3722 4369 orm

2241 4373 2499 4433 Ecclesia:
2522 4392 2739 4447 parare,
2773 4388 2937 4449 atque
2960 4395 3126 4451 Opera
3154 4381 3415 4437 virtutum
3438 4377 3629 4435 edicere.
3649 4376 3722 4434 tltua

2243 4468 2413 4538 ipsius
2458 4470 2586 4526 doni
2633 4479 2808 4527 totum
2847 4481 2935 4528 est
2970 4474 3333 4545 quodcunque
3380 4478 3513 4529 recte
3557 4460 3720 4553 εψίωξξν
3810 4460 3811 4507 ³

2241 4563 2379 4618 bene
2409 4563 2596 4620 volunt
2644 4581 2709 4620 ac
2761 4565 2996 4622 fideliter
3043 4576 3254 4639 agunt:
3306 4567 3396 4638 qui
3440 4565 3489 4618 in
3522 4546 3722 4621 Ενεωεειίθ

2242 4654 2522 4725 discipulis
2582 4657 2695 4712 suis
2747 4657 2825 4712 ait
2868 4675 2882 4711 :
2943 4657 3071 4713 Sine
3111 4675 3192 4713 me
3249 4656 3378 4713 nihil
3402 4648 3582 4723 potestis
3616 4641 3721 4712 im"

2244 4748 2425 4821 (λοαηο
2456 4749 2571 4821 xV')-
2623 4749 2701 4805 De
2732 4767 2841 4822 quo
2880 4750 3119 4807 Jacobus
3146 4749 3431 4822 Apostolus
3470 4744 3538 4799 ait
3572 4756 3582 4792 :
3618 4730 3721 4787 0m

2242 4839 2424 4895 datum
2461 4842 2735 4913 optimum,
2765 4852 2813 4897 et
2838 4860 2991 4899 omne
3018 4843 3219 4900 donum
3247 4842 3515 4915 perfectum

2241 4942 2339 4999 est,
2371 4933 2689 4989 descendens
2718 4951 2751 4988 a
2780 4933 2945 4989 Patre
2972 4912 3257 5003 luminum,
3279 4912 3414 5005 apud
3435 4939 3563 5000 quem
3585 4912 3719 5005 me?

2241 5025 2637 5090 transmutatio,
2689 5041 2781 5079 nec
2828 5026 3204 5080 vicissitudinis
3232 4998 3653 5084 obumbratiant-
3682 4998 3716 5063 θ’

2241 5116 2427 5172 Altare
2441 5133 2667 5173 aureum
2689 5118 2854 5173 corda
2871 5118 3139 5190 significat
3154 5120 3501 5191 perfectorum
3514 5104 3714 5178 iusim“

2242 5209 2471 5266 internae
2496 5210 2783 5266 charitatis
2804 5219 2860 5265 et
2880 5212 3148 5268 castitatis
3174 5211 3293 5268 luce
3322 5216 3540 5295 corusca}

2242 5300 2592 5356 sublimitatis
2603 5296 2975 5371 signiﬁcanda:
2987 5304 3152 5359 etiam
3164 5303 3315 5359 locus
3325 5292 3549 5358 convenit
3557 5276 3715 5355 θίυεάθω

2244 5393 2454 5450 altaris.
2491 5393 2683 5450 Stabat
2708 5396 2857 5451 enim
2886 5406 3014 5454 ante
3039 5397 3241 5454 ostium
3269 5393 3432 5454 sancti
3459 5381 3713 5445 sancwmm'

2243 5494 2306 5543 ut
2352 5486 2407 5542 in
2436 5486 2650 5543 factura
2679 5488 3018 5545 tabernaculi
3056 5489 3341 5547 manifeste
3364 5482 3562 5553 legimus
3584 5454 3712 5539 (Em

2244 5580 2457 5652 xxxvn)
2486 5598 2498 5634 :
2543 5581 2599 5636 in
2625 5597 2733 5652 quo
2767 5583 3020 5639 videlicet
3041 5584 3200 5640 altari
3229 5598 3334 5640 non
3370 5572 3618 5663 hostium?

2245 5672 2381 5743 guis,
2416 5687 2593 5744 neque
2617 5674 2899 5745 libamina,
2931 5677 3025 5733 sed
3053 5678 3398 5749 thymiamata
3420 5675 3567 5724 tamen
3589 5656 3709 5749 illi“:

2244 5739 2546 5836 debantur,
2593 5784 2824 5839 quorum
2868 5739 3057 5828 sumus
3094 5739 3163 5826 ad
3218 5767 3470 5841 superiora
3810 5768 3811 5779 ‘

2243 5830 2737 5934 Operiebat'ar-cam
2757 5903 2772 5934 ,
2825 5873 2987 5937 atque
3030 5830 3308 5923 oraculum
3345 5857 3489 5918 odore
3511 5830 3708 5904 θυπίωω
