3920 6472
177 477 279 539 ιϐι
1103 485 1457 553 comas.
1497 486 1568 545 1N
1601 487 2157 555 musmonem.
2195 522 2267 535 —
2302 493 2433 551 LIB.
2472 496 2557 565 lu,
3338 506 3448 567 462

179 593 294 653 lum
316 593 633 664 intrassent,
654 595 844 656 videro
861 595 1080 667 licebat,
1099 600 1227 671 quia
1245 599 1428 657 nullus
1446 607 1762 659 sanctorum
1788 607 1845 667 Α
1866 601 2132 695 tenariam
2171 611 2229 669 et
2268 604 2599 671 vicenarium
2624 626 2911 672 numerum
2938 624 3067 682 sunt
3092 621 3351 690 expressi,
3378 637 3447 685 eo

154 686 242 751 ,in
272 688 379 743 hac
399 688 580 744 adhuc
609 689 724 747 vita
762 691 974 761 positas
1003 691 1242 764 (tametsi
1277 693 1510 749 multum
1534 693 1591 748 in
1638 692 1765 749 alti-
1865 695 2009 764 quod
2058 694 2355 768 legislator,
2403 699 2555 771 inata
2599 704 2761 774 hujus
2807 712 3023 767 numeri
3060 686 3444 785 quantitatem,
3521 686 3527 741 ί

183 784 376 841 tudine
399 785 679 841 sementis
723 786 1018 861 attollens),
1048 789 1143 845 sed
1169 788 1269 844 soli
1314 788 1457 844 illius
1476 788 1767 860 patriatci-
1865 801 2129 844 annorum
2170 791 2371 847 seriem
2409 793 2675 864 implevit,
2712 806 2769 854 et
2798 800 2851 855 in
2894 804 3177 862 clunacula
3206 804 3339 865 Sion
3386 784 3446 865 io

173 888 271 933 ves
291 875 526 948 gloriam
577 876 712 932 inibi
746 878 831 939 sui
878 877 1260 950 Redemptoris
1298 880 1457 951 pleno
1501 889 1766 937 contuen-
1863 876 1952 933 die
1997 877 2347 938 Pentecostes
2395 884 2587 939 eodem
2636 903 2866 945 numero
2893 893 3180 952 credentes
3215 898 3446 966 gratiam

174 977 282 1026 tur.
310 966 456 1023 Sunt
478 976 537 1024 et
562 977 749 1025 vectes
778 984 906 1034 cum
934 986 1063 1028 arca
1110 973 1166 1027 in
1205 973 1427 1029 oratam
1468 974 1760 1042 reconditi,
1865 966 2099 1039 Spiritus
2125 972 2387 1042 paracleti
2418 986 2770 1046 acceperunt.
2810 984 3289 1052 prmdicationibus
3312 988 3447 1045 vali-

173 1061 299 1133 qnia
323 1059 624 1117 abscondi“
646 1071 771 1121 sunt
806 1072 864 1118 et
906 1063 1023 1134 iam
1048 1081 1194 1121 nunc
1217 1066 1447 1138 perfecti
1476 1067 1681 1139 quique
1709 1075 1766 1123 et
1863 1060 1947 1116 dis
1979 1064 2154 1119 turbis
2186 1064 2425 1122 ﬁdelium
2465 1068 2807 1138 splendorem
2854 1074 2987 1131 solis
3022 1075 3249 1145 iustitiae
3288 1082 3446 1139 inno-

171 1154 354 1221 eiecti,
402 1156 501 1225 qui
529 1171 631 1212 nos
653 1168 1075 1227 .pracesserunt
1110 1162 1176 1217 do
1218 1163 1445 1229 mundo,
1487 1164 1545 1216 in
1578 1163 1761 1218 abdito
1863 1161 2102 1223 ιυετιωι,
2134 1165 2195 1211 ιη
2222 1159 2461 1229 ωιίίιυο,
2500 1161 2607 1217 δαὶ
2632 1172 2739 1229 ⁸³⁸,
2763 1165 3019 1222 domum
3057 1178 3115 1225 αι
3156 1172 3446 1232 “dientes

168 1246 339 1301 vultus
362 1246 465 1301 Dei
484 1264 520 1302 α
539 1249 939 1306 conturbath
959 1253 1227 1309 hominum
1254 1253 1428 1327 (Psal.
1448 1254 1598 1328 an).
1622 1256 1750 1324 Quo

1860 1244 2065 1303 lumine
2088 1262 2232 1305 vera:
2252 1251 2533 1323 “pientis
2561 1254 2941 1314 desumuntlu
2969 1256 3110 1332 (Aet.
3141 1260 3227 1333 ll).

168 1353 288 1393 rum
325 1345 512 1394 tamen
546 1342 886 1398 summitates
916 1344 1150 1399 vectium
1172 1360 1557 1416 nonnunquam
1574 1356 1763 1442 ανθιςιο
1930 1358 2105 1432 Igitur
2130 1362 2332 1418 cunctis
2352 1366 2553 1436 pariter
2580 1376 2631 1421 et
2675 1368 2813 1423 tubis
2834 1377 2882 1423 et
2903 1385 3023 1424 voce
3042 1378 3093 1425 et
3122 1372 3373 1442 cymbalis
3395 1382 3445 1428 et

164 1427 386 1531 oraculo
417 1430 512 1486 his
548 1431 642 1531 qui
673 1434 1112 1505 appropinquant
1134 1436 1406 1531 visuntur,
1438 1453 1563 1495 cum
1582 1437 1762 1509 φοι-ἴθ-
1860 1427 2072 1522 organis
2092 1461 2143 1508 et
2164 1427 2363 1511 divorsi.
2378 1458 2582 1531 generis
2604 1460 2927 1515 musicorum
2953 1427 3369 1531 concinentibus,
3395 1427 3447 1521 et

164 1522 430 1625 ctioribus
485 1525 789 1597 quibusque
833 1535 1003 1625 atque
1044 1529 1599 1625 oculnmsuihcordia
1644 1541 1759 1595 toto
1857 1556 2036 1599 vocent
2062 1543 2120 1599 in
2154 1522 2719 1618 sublimrtoilentibus,
2766 1552 2918 1625 longe
2943 1555 3147 1611 sonitus
3191 1522 3443 1613 audieba-

163 1611 471 1672 intentione
501 1618 917 1689 puriiicantibus
942 1620 1129 1681 divina
1151 1623 1326 1693 gratia
1346 1623 1553 1694 aliquid
1577 1632 1760 1686 catne-
1858 1638 1979 1700 tur;
2008 1635 2084 1688 ita
2105 1644 2165 1691 ut
2188 1653 2307 1691 cum
2343 1638 2631 1695 Dominum
2675 1611 2896 1698 laudare
2939 1646 3207 1715 coepissent
3226 1611 3444 1703 sitdice-

163 1720 307 1763 mum
332 1707 404 1763 de
433 1724 797 1779 supernorum
821 1712 1024 1767 civium
1048 1715 1249 1783 gaudio
1280 1716 1759 1811 contemplandum
1858 1741 1916 1780 re
1945 1741 1963 1781 :
1998 1727 2346 1786 Conﬂtemini
2389 1732 2619 1789 Domino
2648 1736 2902 1805 quoniam
2948 1707 3156 1805 bonus,
3184 1740 3444 1811 quoniam

161 1800 471 1857 donaverit.
495 1802 627 1871 Quae
651 1804 911 1861 nimirum
928 1807 1319 1899 contemplatio
1341 1808 1450 1876 his,
1472 1811 1569 1881 qui
1594 1810 1756 1880 paulo
1858 1816 1914 1873 in
1966 1827 2230 1877 aeternum
2284 1800 2683 1882 misericordia
2711 1826 2829 1896 ejus
2846 1868 2861 1894 ,
2904 1800 3219 1899 impleretur
3253 1832 3443 1886 domus

160 1890 371 1963 longius
391 1903 762 1963 recesserunt,
785 1896 1007 1952 minime
1030 1898 1366 1967 conceditur,
1390 1900 1521 1971 quin
1546 1908 1750 1972 quanto

1859 1909 1958 1965 Dei
1982 1914 2150 1982 nube,
2179 1933 2274 1972 nec
2308 1929 2514 1990 possent
2553 1922 2849 1977 sacerdotes
2896 1932 3037 1978 stare
3063 1934 3111 1978 et
3141 1926 3446 1981 ministrare

157 1983 399 2040 exterius
453 1994 635 2042 mente
685 2002 822 2059 vaga
884 1999 1191 2057 remanent,
1218 1997 1370 2048 tanto
1398 1992 1600 2059 minus,
1630 2008 1753 2064 quin
1780 1982 1830 2042 Β
1856 2013 2070 2075 prapter
2108 1982 2406 2081 caliginem.
2442 2011 2798 2085 Compieverat
2853 2017 2990 2071 enim
3037 2016 3207 2088 gloria
3229 2016 3446 2070 Domini

156 2084 280 2131 sunt
308 2076 532 2136 interna
559 2080 775 2152 gaudia,
803 2081 1063 2153 gaudent.
1144 2088 1147 2091 ‘

229 2213 424 2271 Omnes
451 2217 591 2272 enim
630 2217 950 2288 sacerdotes,
977 2220 1067 2293 qui
1114 2219 1186 2274 ibi
1238 2229 1482 2295 poterant
1508 2220 1750 2289 inveniri,

157 2307 479 2376 sanctiﬁcati
500 2317 642 2375 sunt,
681 2325 773 2367 nec
809 2308 982 2365 adhuc
1021 2309 1114 2365 illo
1142 2319 1372 2383 tempore
1408 2312 1543 2367 vices
1572 2322 1618 2366 et
1649 2312 1753 2367 mi-

156 2396 498 2453 nisteriorum
543 2397 673 2451 ordo
701 2397 838 2452 inter
873 2415 960 2455 eos
1013 2399 1213 2455 divisus
1242 2408 1378 2471 erat,
1417 2408 1525 2455 tam
1562 2398 1754 2457 Levita:

156 2505 311 2561 quam
339 2499 607 2561 cantores,
639 2490 694 2544 id
717 2500 815 2558 est,
852 2500 901 2546 et
932 2492 1022 2563 qui
1053 2491 1149 2546 sub
1178 2491 1358 2567 Asopia
1388 2502 1559 2560 erant,
1586 2502 1634 2548 et
1660 2494 1751 2570 qui

154 2581 245 2639 sub
277 2581 515 2649 Heman,
542 2594 589 2639 et
619 2583 709 2654 qui
739 2583 834 2639 sub
860 2580 1103 2639 Iditllun.
1152 2582 1280 2639 Haec
1327 2582 1457 2645 dum
1487 2594 1749 2661 quatuor-

160 2672 335 2735 decim
384 2684 582 2737 turma:
627 2684 829 2737 sortem
852 2675 1143 2751 miserunt,
1169 2677 1291 2751 quis
1312 2677 1520 2749 primus
1544 2687 1637 2733 aut
1667 2695 1752 2735 se-

155 2766 365 2823 cundus
410 2775 506 2823 aut
552 2768 745 2831 tertius
793 2767 1150 2839 ministraret,
1198 2785 1391 2832 omnes
1423 2770 1751 2829 sanctiﬁcati

154 2859 360 2929 pariter
385 2859 718 2924 serviebant.

225 2985 358 3042 Filii
386 2998 441 3043 et
472 2988 665 3059 [utres
710 3006 895 3047 coruus
920 2993 1091 3049 vestiti
1122 2994 1369 3065 byssinis,
1408 2991 1667 3065 cymbalis
1698 3002 1751 3050 et

150 3079 423 3150 psalteria
449 3091 500 3138 et
518 3084 740 3139 citharis
771 3085 1177 3156 concrepabant,
1199 3095 1396 3143 nantes
1419 3084 1491 3141 ad
1520 3085 1753 3141 orienta—

148 3170 253 3226 iens
274 3173 493 3246 plagam
535 3174 747 3242 altaris,
784 3186 837 3231 et
860 3195 984 3233 cum
1010 3178 1086 3233 eis
1113 3178 1413 3237 sacerdotes
1436 3185 1649 3233 centum
1668 3176 1750 3231 vi—

146 3265 306 3336 ginti,
373 3278 617 3324 canentes
648 3270 811 3325 tubis.
844 3270 1091 3338 Qualiter
1140 3280 1324 3327 autem
1378 3270 1647 3342 Iosephus
1680 3269 1751 3329 de

148 3357 403 3413 vestibus
447 3360 878 3416 sacerdotalibus
911 3361 981 3417 ab
1008 3360 1301 3419 Salomone
1333 3360 1598 3421 coniectis
1621 3376 1750 3417 nar-
1777 3369 1823 3433 ς,
1857 3396 1988 3446 me
2010 3391 2069 3446 ίη
2091 3357 2293 3448 mimi;
2306 3357 2573 3451 domm

148 3458 259 3517 ret,
292 3451 581 3510 videamus
614 3472 629 3508 ε
664 3475 685 3507 ι
723 3453 894 3521 Fecit,
938 3455 1140 3527 inquit,
1169 3456 1340 3514 stolas
1380 3455 1749 3514 sacerdotales

144 3541 507 3610 pontiﬁcibus
541 3560 664 3601 cum
682 3547 770 3602 his
790 3562 912 3617 quae
937 3549 1247 3619 pendebant
1288 3549 1358 3604 ad
1391 3549 1561 3620 pedes
1581 3556 1639 3604 et
1659 3564 1750 3604 su-

147 3637 566 3704 perbumeraies
585 3648 643 3696 et
664 3642 958 3699 rationales
982 3652 1041 3699 et
1080 3643 1311 3716 gemmis
1340 3643 1510 3700 mille.
1533 3643 1749 3701 Corona

151 3740 304 3793 vero,
326 3728 385 3783 in
404 3745 514 3800 qua
538 3731 827 3788 Dominum
850 3735 1064 3807 Moyses
1087 3736 1463 3807 inscripsorat,
1482 3752 1589 3792 una
1605 3734 1708 3791 fuit
1728 3751 1745 3791 :

154 3819 222 3874 ad
243 3820 393 3878 hunc
419 3822 564 3881 diem
609 3840 781 3896 usque
814 3828 1136 3897 permansit.
1164 3827 1545 3886 Saoerdotaies
1565 3837 1748 3887 autem

155 3912 321 3996 Stoias
344 3924 401 3969 et
420 3917 586 3989 bysso
604 3927 893 3977 contextus
923 3930 979 3977 et
1002 3938 1169 3979 sonas
1195 3938 1502 3994 purpureas
1516 3923 1751 3994 singulis

156 4003 341 4060 decem
364 4008 557 4085 millia,
588 4018 647 4066 et
675 4012 834 4067 tubas
881 4014 1181 4070 secundum
1208 4024 1547 4085 praereptum
1579 4014 1745 4086 Moysi

153 4093 387 4154 ducenta
422 4102 614 4157 millia.
644 4103 780 4161 item
831 4107 1001 4162 stolas
1032 4106 1351 4165 chitarutn
1380 4109 1616 4179 hymnos
1667 4108 1749 4163 di-

156 4191 393 4247 centium
450 4210 517 4249 ex
571 4196 732 4266 bysso
780 4196 1013 4252 ducenta
1062 4198 1252 4264 millia,
1285 4207 1339 4253 et
1381 4198 1749 4255 instrumenta

154 4285 359 4340 musica
384 4294 443 4341 et
466 4288 536 4343 ad
562 4288 795 4359 hymnos
822 4290 1100 4346 ducendos
1129 4291 1371 4355 inventa,
1396 4306 1522 4361 qua:
1549 4306 1751 4346 vocan-

156 4383 244 4429 tur
272 4379 431 4433 nabla
456 4387 516 4432 et
540 4379 753 4448 cinara,
774 4395 845 4436 ex
871 4381 1046 4438 electo
1074 4383 1359 4438 constituit
1386 4382 1750 4453 quadraginta

159 4468 339 4525 millia.
370 4490 388 4523 ι
427 4470 556 4526 Haec
585 4474 772 4528 omnia
817 4475 886 4530 ad
934 4476 1199 4531 honorem
1244 4474 1342 4531 Dei
1375 4475 1750 4531 Salomonco-

158 4559 304 4629 piose
337 4569 399 4617 et
450 4564 737 4635 magniﬁce
778 4564 1078 4621 fabricatus
1105 4573 1209 4632 est,
1259 4566 1317 4621 ill
1364 4566 1516 4621 nullo
1548 4582 1751 4637 parcus

156 4651 417 4720 existens,
442 4655 539 4709 sed
576 4656 730 4712 circa
762 4667 1084 4714 ornamenta
1114 4658 1304 4729 templi
1339 4673 1472 4714 usus
1499 4666 1586 4714 est
1606 4674 1747 4728 prle—

158 4745 314 4814 c'tpua
344 4747 618 4832 largitate,
644 4764 767 4819 quin
790 4750 961 4805 etiam
996 4751 1052 4805 in
1096 4752 1386 4807 thesauros
1413 4750 1511 4806 Dei
1552 4766 1747 4806 recon-
1773 4744 1827 4804 D

161 4835 308 4892 didit.
344 4840 577 4912 Mystioe
598 4851 783 4897 autem
833 4843 964 4914 quid
1010 4857 1113 4912 per
1140 4842 1312 4899 stolas
1340 4843 1614 4914 byssinas,
1637 4842 1749 4898 nisi

162 4929 394 4987 candens
426 4932 631 4988 decore
669 4934 950 4989 munditia
999 4935 1300 5006 corporalis
1337 4936 1563 4991 castitas
1597 4934 1747 4991 desi-

162 5026 391 5086 gnatur?
426 5022 584 5079 Hane
612 5039 746 5096 ergo
772 5025 999 5081 induere
1022 5026 1181 5081 decet
1213 5041 1430 5094 omnes.
1454 5026 1547 5095 qui
1572 5025 1751 5085 cilicio

160 5109 341 5170 divino
357 5117 621 5172 assistere
647 5117 866 5185 debent,
895 5125 949 5174 et
970 5118 1185 5174 laudem
1204 5118 1323 5190 ejus
1350 5120 1406 5173 in
1438 5134 1557 5185 ore,
1584 5120 1753 5175 mri-

168 5200 265 5260 bus
284 5219 341 5263 et
365 5218 493 5265 actu
544 5226 881 5282 concrepare
910 5226 928 5265 .'
955 5213 1083 5283 quia
1112 5213 1364 5285 cymbala
1389 5214 1500 5269 oris
1531 5212 1747 5271 confes-

166 5290 388 5367 sionem,
410 5300 672 5370 psalteria
698 5302 1112 5370 mortalitatem,
1151 5304 1379 5360 citharae
1402 5320 1534 5361 vero
1560 5305 1751 5367 morti—

172 5380 470 5447 ﬁcationem
498 5394 702 5459 carnis,
728 5402 787 5450 et
815 5395 1084 5450 bonorum
1102 5404 1328 5455 actuum
1345 5397 1748 5465 calamitatem,

171 5476 355 5548 Viginti
383 5492 617 5553 quatuor
658 5487 882 5545 chordis
913 5488 1307 5559 spirituaiibus,
1328 5492 1461 5549 ,δας
1487 5501 1595 5557 est,
1620 5506 1753 5563 pro-

172 5565 395 5634 lllleticis
416 5583 472 5629 et
494 5576 810 5646 apostolicis
834 5578 1107 5636 doctrinis
1131 5581 1400 5638 instructa
1432 5583 1770 5655 designant.

174 5655 387 5725 Etheue
404 5668 630 5737 Mm,
656 5671 809 5741 quod
846 5679 1059 5727 starent
1086 5673 1156 5728 ad
1190 5674 1511 5730 orientalem
1536 5675 1753 5747 plagam

176 5750 377 5824 altar-is,
403 5761 530 5830 quia
574 5761 730 5832 juxta
783 5764 957 5820 altare
981 5765 1108 5822 iidei
1142 5775 1326 5823 ortum
1374 5768 1755 5829 inciam

172 5853 571 5922 “spectabant,
608 5872 733 5912 eum
762 5858 962 5929 quibus
1003 5867 1062 5917 et
1089 5862 1403 5919 sacerdotes
1450 5872 1674 5920 centum
1698 5873 1757 5922 et

183 5932 359 6007 Viginti
382 5946 588 6015 pariter
607 5951 844 6020 stabant,
870 5953 999 6023 quia
1022 5954 1273 6034 doctores
1296 5958 1468 6015 sancti
1503 5972 1602 6028 per
1625 5973 1752 6016 cen-

1857 2095 2072 2153 domum
2118 2099 2236 2156 Dei.
2262 2102 2406 2172 Quid
2454 2114 2536 2161 est
2564 2107 2709 2177 quod
2767 2109 3144 2165 sacerdotibus
3169 2117 3226 2164 et
3265 2108 3448 2165 ievitis

1857 2194 2081 2265 organis
2106 2204 2161 2252 et
2187 2197 2387 2255 diversi
2412 2201 2628 2272 generis
2658 2203 2992 2259 musicorum
3022 2203 3237 2261 laudem
3264 2205 3363 2261 Dei
3389 2203 3446 2258 in

1857 2287 2058 2357 templo
2095 2290 2507 2348 concinentibus
2541 2303 2766 2365 propter
2787 2296 3096 2368 caliginem,
3121 2298 3260 2363 sive,
3287 2303 3349 2351 ut
3392 2296 3449 2352 in

1857 2374 1997 2433 libro
2021 2378 2232 2451 Regum
2262 2383 2523 2453 scriptum
2550 2393 2655 2452 est,
2692 2395 2915 2457 propter
2932 2388 3190 2444 nebulam
3216 2403 3328 2444 non
3351 2402 3450 2459 po-

1858 2476 2078 2526 tuerunt
2099 2481 2243 2527 stare
2266 2483 2321 2529 et
2342 2477 2654 2532 ministrare
2677 2477 2798 2551 (III
2825 2478 2955 2549 Reg.
2981 2478 3124 2552 vui),
3155 2479 3259 2534 nisi
3280 2479 3447 2549 quod,

1854 2560 2275 2629 praedicantibus
2304 2563 2589 2622 Salvatore
2631 2573 2689 2622 et
2743 2551 3004 2639 apostOlis
3048 2551 3167 2639 ejus
3196 2570 3445 2640 Evange—

1853 2650 2007 2719 lium,
2040 2656 2257 2726 superbi
2288 2654 2598 2714 Iudaeorum
2622 2661 2929 2730 pontiﬁces,
2967 2663 3311 2735 exigentibus
3334 2678 3449 2718 me-

1856 2744 1996 2812 ritis,
2031 2746 2160 2801 dum
2198 2748 2379 2804 divina
2428 2752 2687 2822 mysteria
2730 2769 2828 2824 per
2873 2749 3162 2825 parabolas
3212 2754 3443 2809 audiunt

1856 2836 2075 2909 (Matth.
2110 2841 2249 2912 xm),
2274 2844 2435 2912 quasi
2452 2845 2769 2902 sacerdotes
2797 2847 2855 2901 in
2892 2847 3052 2903 domo
3084 2848 3297 2903 Domini
3318 2862 3446 2917 pro-

1852 2936 1977 2999 pter
2012 2931 2266 2987 nebulam
2317 2935 2635 2992 ministrare
2679 2939 3082 3009 nequiverunt?
3127 2939 3233 3007 Qui
3286 2947 3342 2995 et
3390 2940 3448 2995 in

1856 3019 2209 3079 Testamento
2238 3023 2423 3082 Veteri
2448 3028 2600 3085 ’dum
2643 3045 2837 3087 sensus
2860 3016 3117 3104 mysticos
3142 3032 3337 3089 littera
3359 3048 3450 3089 ve-

1854 3112 2058 3171 lamine
2088 3125 2379 3187 coopertos
2418 3120 2562 3177 inter
2610 3123 2874 3179 obscuras
2918 3124 3297 3195 allegorisnm
3325 3124 3453 3179 cali—

1852 3204 2010 3276 gines
2041 3206 2364 3281 inVestigane
2402 3211 2733 3281 despiciunt,
2762 3214 3003 3269 debitum
3050 3216 3174 3271 ﬁdei
3201 3229 3314 3270 suae
3340 3216 3448 3270 mi-

1856 3296 2143 3353 nisterium
2173 3308 2397 3372 propter
2434 3303 2688 3358 nebulam
2714 3306 3096 3375 perdiderunt;
3145 3307 3343 3377 quibus
3392 3316 3451 3363 et

2614 3412 2728 3453 sua
2748 3413 2939 3453 vocem
2970 3399 3231 3456 Dominus
3258 3408 3447 3472 protu-

1854 3480 1936 3547 lit,
1969 3498 2097 3538 cum
2126 3485 2193 3540 de
2216 3500 2277 3541 se
2296 3487 2461 3542 etiam
2490 3497 2678 3563 aperta
2722 3492 2987 3547 narravit.
3016 3493 3161 3561 Quid
3187 3503 3269 3549 est
3298 3495 3444 3551 enim

1854 3576 2098 3644 apertius
2124 3592 2289 3647 quam
2324 3597 2338 3632 :
2378 3580 2491 3651 Ego
2514 3590 2561 3635 et
2591 3578 2758 3636 Pater
2810 3599 2974 3637 unum
3024 3601 3207 3639 sumus
3254 3583 3442 3657 (Joan.

1855 3665 1949 3739 x)?
1979 3667 2121 3735 Quid
2158 3677 2243 3724 est
2289 3672 2533 3741 apertius
2576 3688 2742 3744 quam
2784 3693 2801 3729 :
2839 3675 2978 3730 Ante
3030 3676 3297 3731 Abraham
3354 3694 3447 3746 ego

1854 3776 1971 3813 sum
1999 3758 2180 3832 (Joan.
2212 3762 2370 3837 vni)?
2400 3763 2509 3821 Sed
2530 3767 2658 3836 quia
2679 3767 2989 3824 auditorum
3012 3778 3225 3825 ruentes
3256 3769 3449 3824 intide-

1852 3849 2023 3905 litatis
2056 3852 2230 3925 caligo
2265 3856 2661 3927 compleverat,
2694 3862 2851 3930 quasi
2894 3863 3156 3917 emissum
3196 3862 3326 3919 solis
3364 3878 3451 3917 ra-

1854 3940 2005 3997 dium
2026 3943 2225 4001 nebula
2248 3945 2578 4018 interiacens
2608 3950 2995 4007 abscondebat.
3032 3953 3223 4023 igitur,
3256 3963 3315 4007 ut
3332 3951 3447 4021 jam

1850 4032 2112 4102 diximus,
2146 4051 2243 4109 per
2276 4040 2530 4095 nebulam
2561 4042 2738 4115 caligo
2788 4044 3157 4117 intelligenter
3194 4047 3443 4119 designa-

1852 4133 1965 4181 tur.
1994 4127 2062 4182 Et
2087 4130 2234 4200 quia,
2287 4141 2585 4203 apparente
2632 4135 2687 4191 in
2719 4153 2885 4193 carne
2915 4137 3164 4206 Domino,
3198 4142 3449 4195 sacerdo—

1852 4223 1972 4273 tum
1997 4235 2193 4277 sensus
2221 4224 2287 4278 de
2306 4223 2425 4294 ejus
2450 4226 2732 4283 intellectu
2764 4230 3050 4301 caliginem
3077 4234 3322 4303 pertulit,
3353 4251 3448 4291 ne—

1850 4312 1981 4368 bula
2005 4329 2357 4388 synagogam,
2406 4320 2463 4374 id
2500 4328 2606 4386 est,
2641 4322 2858 4377 domum
2906 4325 3121 4381 Domini
3177 4329 3443 4398 implevit.

1854 4405 1928 4461 Et
1957 4411 2253 4465 sacerdotes
2279 4424 2491 4483 prapter
2530 4415 2775 4470 nebulam
2804 4419 3108 4474 ministrare
3154 4438 3257 4475 non
3302 4432 3446 4495 pote-

1855 4509 1992 4567 rant,
2025 4503 2153 4573 quia
2177 4504 2305 4559 dum
2347 4505 2417 4559 ab
2468 4506 2751 4564 intellectu
2775 4510 3173 4569 incarnationis
3198 4513 3291 4569 Dei
3325 4531 3450 4585 per-
3492 4506 3504 4593 ξ

1854 4590 1997 4649 ﬁdim
2026 4609 2137 4650 sua:
2160 4605 2313 4667 peste
2340 4598 2616 4655 obscurati
2663 4610 2808 4671 sunt,
2859 4606 2975 4660 veri
3027 4605 3318 4662 sacerdotii
3349 4610 3450 4664 mi—

1853 4685 2140 4742 nistcrium
2169 4690 2543 4759 perdiderunt.
2573 4688 2933 4767 Compleverat
2971 4699 3109 4752 enim
3138 4698 3310 4770 gloria
3336 4699 3448 4755 Do-

1852 4777 1986 4831 mini
2008 4777 2223 4834 domum
2253 4781 2373 4853 Dei,
2407 4785 2536 4854 quia
2582 4789 2863 4859 mysteria,
2892 4806 3012 4861 qua:
3058 4801 3183 4847 ante
3228 4793 3284 4846 in
3329 4794 3451 4865 lege

1852 4869 1957 4924 sub
1978 4872 2173 4927 umbra
2198 4881 2254 4928 et
2285 4874 2552 4933 velamine
2595 4877 2859 4948 latebant,
2889 4897 2987 4952 per
3016 4880 3307 4943 adventum
3338 4900 3450 4939 me-

1852 4962 2083 5019 diatoris
2104 4965 2201 5021 Dei
2225 4974 2281 5022 et
2298 4967 2582 5025 hominum
2616 4975 2798 5028 omnia
2840 4975 2897 5028 in
2940 4974 3115 5030 lucem
3144 4984 3292 5032 recte
3326 4992 3446 5033 cre-

1856 5054 2109 5113 dentibus
2150 5067 2205 5114 et
2260 5060 2419 5133 digne
2469 5065 2861 5136 accipientibus
2884 5066 2944 5121 in
2991 5067 3287 5139 Evangelio
3329 5085 3453 5140 pro-

1858 5160 2139 5206 cesserant
2185 5170 2199 5207 :
2250 5155 2464 5212 caeteris
2507 5174 2655 5224 vero,
2708 5159 2799 5230 qui
2858 5159 2927 5214 ad
2978 5159 3140 5216 ﬁdem
3191 5162 3451 5218 accedere

1852 5241 2133 5309 nolebant,
2187 5246 2417 5316 pristina
2463 5251 2789 5321 obscuritas,
2843 5251 2951 5307 imo
3011 5252 3187 5327 magis
3233 5256 3449 5311 caecitas

1856 5336 2196 5391 remanebat.
2232 5337 2387 5394 Unde
2426 5341 2543 5411 ipso
2570 5342 2786 5398 Veritas
2810 5343 2867 5397 in
2898 5343 3195 5417 Evangelio
3219 5347 3454 5420 discipu-

1851 5425 1945 5495 lis,
1970 5431 2377 5489 sciscitantibus
2404 5432 2472 5489 ab
2491 5448 2557 5490 eo
2584 5436 2651 5492 de
2668 5437 2989 5506 quibusdam
3015 5438 3287 5512 parabolis
3316 5441 3450 5507 suis,

1859 5521 1979 5576 ait:
2029 5520 2187 5580 Vobis
2212 5525 2396 5581 datum
2450 5537 2526 5582 est
2582 5547 2732 5585 nosse
2786 5533 3095 5603 mysterium
3136 5533 3280 5605 regni
3329 5533 3449 5599 Dei,

1862 5618 2068 5671 steteris
2094 5627 2268 5673 autem
2290 5621 2345 5673 in
2378 5622 2645 5694 parabolis
2680 5638 2697 5675 :
2732 5634 2785 5680 ut
2812 5626 3044 5682 videntes
3079 5643 3182 5682 non
3221 5626 3447 5692 videant,

1863 5714 1913 5760 et
1935 5708 2026 5777 qui
2051 5709 2245 5776 vident,
2274 5712 2402 5770 ιςωεὶ
2425 5712 2558 5782 ﬁant
2597 5713 2750 5771 (Luc.
2784 5716 2922 5795 Vlll).
