3920 6474
541 404 654 461 465

1158 507 1386 566 CAPUT
1422 505 1508 561 Vl.
2150 502 2204 562 A

541 626 622 683 De
644 628 755 683 basi
781 642 944 689 rem,
966 619 1466 695 super_qua_m‘ste_tit
1493 611 2001 695 salomon,quan_do
2029 611 2122 695 de—

614 698 807 778 dicavit
828 683 1080 778 templum
1099 683 1335 778 Domini.
1368 688 1447 743 De
1479 683 1810 778 solemnitate
1841 683 2127 778 deLdicatio:

613 769 695 824 nis
723 765 900 832 templi
928 753 983 820 in
1011 780 1187 819 mense
1211 761 1422 832 festiva,
1447 767 1497 814 et
1524 758 1761 814 maxima
1778 753 2124 810 celebratione

612 838 776 910 ipsius
804 834 1120 907 festivitatis.

616 973 761 1028 Tunc
792 970 1049 1029 Salomon
1069 970 1145 1024 ait
1176 983 1195 1020 :
1225 966 1482 1021 Dominus
1515 962 1777 1036 pollicitus
1797 969 1872 1016 est
1898 969 1953 1013 ut
1978 957 2128 1012 habi-

542 1074 678 1120 taret
708 1065 763 1119 in
783 1060 1009 1133 caligine
1029 1073 1048 1112 :
1070 1075 1163 1130 ego
1202 1067 1377 1111 autem
1403 1053 1662 1124 azdiﬁcavi
1684 1052 1900 1106 domum
1926 1046 2127 1103 nomini

538 1158 676 1228 ejus,
702 1163 759 1209 ut
779 1153 1038 1209 habitaret
1057 1150 1131 1204 ibi
1147 1150 1205 1203 in
1228 1156 1565 1219 perpetuum;
1594 1152 1643 1199 et
1662 1142 1911 1198 convertit
1938 1139 2128 1210 faciem

539 1264 713 1315 suam,
763 1255 813 1301 et
865 1243 1128 1300 benedixit
1178 1240 1433 1295 universa:
1465 1234 1798 1292 multitudini
1852 1230 2044 1296 Israel,
2074 1236 2129 1284 et

542 1338 772 1409 reliqua.
804 1335 966 1391 Juxta
992 1333 1126 1389 illud
1150 1332 1296 1388 beati
1320 1329 1422 1387 Job
1453 1344 1468 1384 :
1500 1327 1682 1383 Nubes
1715 1322 1993 1379 latibulum
2014 1321 2129 1391 ejus

541 1427 687 1502 (Job.
715 1424 878 1500 un).
906 1426 975 1482 Et
1002 1424 1292 1481 Psalmista
1336 1420 1514 1493 inquit
1540 1437 1555 1474 :
1585 1416 1769 1488 Caligo
1790 1415 1886 1470 sub
1910 1412 2127 1485 pedibus

538 1521 655 1590 ejus
684 1517 863 1593 (Psal.
903 1516 1060 1591 xvii).
1093 1515 1406 1573 Latibulum
1435 1527 1564 1585 ergo
1599 1509 1816 1566 Domini
1842 1506 2130 1577 Scriptura

539 1620 625 1667 est
659 1627 837 1679 sacra,
900 1626 1022 1681 quae
1075 1608 1462 1680 multiplicibus
1510 1604 1784 1677 parabolis
1828 1618 1894 1658 ac
1942 1599 2131 1672 ﬁguris

537 1702 782 1758 ccelestia
823 1708 1004 1774 gestat
1030 1707 1393 1757 sacramenta.
1428 1696 1535 1753 Sed
1575 1711 1697 1766 quae
1728 1693 2037 1750 inﬁdelibus
2065 1706 2130 1748 ac

540 1793 789 1864 superbis
821 1800 962 1849 tecta
1005 1801 1169 1862 atque
1197 1790 1517 1847 abscondita
1567 1795 1710 1853 sunt,
1742 1785 2038 1843 humilibus
2065 1797 2130 1838 ac

539 1887 709 1943 Deum
733 1902 833 1957 per
862 1886 1027 1943 ﬁdem
1048 1886 1374 1943 catholicam
1400 1885 1508 1939 rite
1530 1882 1899 1954 quaerentibus
1928 1879 2127 1937 secreti
2154 1866 2205 1927 Β

539 1975 624 2032 sui
670 1976 859 2046 pandit
900 1976 1205 2043 introitum,
1237 1975 1536 2031 secundum
1582 1973 1731 2044 quod
1779 1971 2031 2028 Salvator
2072 1970 2129 2025 in

539 2067 834 2140 Evangelia
856 2068 1137 2124 exsultans
1189 2066 1396 2138 Spiritu
1424 2066 1495 2122 ad
1528 2063 1755 2137 Patrem
1788 2062 1866 2118 ait
1898 2080 1911 2116 :
1944 2060 2127 2130 Conﬁ-

537 2176 650 2220 teor
673 2165 788 2231 tibi,
822 2163 1010 2231 Pater,
1049 2164 1260 2220 domine
1299 2162 1413 2218 caeli
1449 2172 1499 2217 et
1551 2171 1727 2227 terra},
1759 2160 1885 2232 quia
1914 2158 2129 2212 abscon-

536 2257 659 2311 disti
699 2258 812 2311 haec
836 2272 871 2310 a
892 2255 1213 2329 sapientibus
1232 2264 1281 2310 et
1314 2253 1680 2326 prudentibus,
1718 2259 1767 2305 et
1800 2247 2038 2304 revelasti
2062 2264 2125 2302 ea

538 2346 806 2418 parvulis;
834 2348 913 2402 ita
942 2346 1125 2414 Pater,
1153 2347 1404 2417 quoniam
1433 2347 1507 2401 sic
1534 2344 1634 2414 fuit
1658 2342 1913 2415 placitum
1936 2348 2057 2395 ante
2078 2348 2128 2394 te

546 2439 765 2510 (ΜαιιΙι.
792 2439 895 2511 ιι).

608 2530 879 2602 Siquidem
925 2531 1120 2602 fecerat
1144 2530 1395 2586 Salomon
1425 2530 1576 2584 basin
1616 2544 1838 2593 teneam,
1868 2536 1917 2582 et
1944 2544 2131 2598 posue—

538 2629 620 2675 rat
642 2637 762 2675 eam
795 2621 852 2676 in
884 2622 1056 2676 medio
1082 2620 1317 2676 basilica:
1340 2619 1613 2675 habentem
1657 2619 1883 2690 quinque
1928 2617 2128 2672 cubitos

537 2711 902 2783 longitudinis,
926 2724 975 2768 et
1002 2715 1230 2786 quinque
1265 2713 1466 2768 cubitos
1486 2712 1804 2777 latitudinis,
1824 2722 1873 2768 et
1904 2722 2008 2768 tres
2044 2729 2132 2766 cu-

536 2804 672 2860 bitos
728 2806 788 2861 in
842 2804 1064 2861 altum:
1108 2808 1350 2878 stetitque
1412 2823 1570 2875 super
1622 2822 1760 2872 eam,
1798 2814 1854 2861 et
1898 2806 2126 2876 reliqua.

537 2894 679 2965 Quid
700 2912 800 2969 per
830 2899 1004 2956 basim
1033 2915 1262 2967 aeneam,
1288 2914 1454 2972 quam
1478 2898 1685 2955 fecerat
1711 2897 1990 2964 Salomon,
2024 2898 2129 2953 nisi

536 2990 787 3048 soliditas
809 3006 950 3048 vera}
971 2992 1295 3049 humilitatis
1320 2992 1667 3064 designatur?
1686 3006 1850 3061 quam
1877 2991 2132 3046 Salvator

536 3093 727 3141 noster
745 3086 1018 3158 praecipue
1040 3087 1232 3160 docuit
1255 3088 1442 3152 verbo,
1493 3093 1548 3143 et
1574 3086 1815 3142 ostendit
1852 3083 2128 3153 exemplo;

534 3178 691 3250 cujus
720 3178 1111 3250 longitudinem
1158 3179 1460 3235 secundum
1500 3177 1810 3249 quinarium
1841 3190 2133 3232 numerum

536 3270 782 3337 metitur,
810 3286 935 3326 cum
958 3272 1255 3328 secundum
1284 3271 1420 3343 legis
1447 3236 1544 3326 Dei
1575 3271 1921 3327 traditionem
1945 3270 2132 3341 longa-
2159 3236 2203 3298 Ο

535 3361 840 3419 nimitatem
893 3363 1187 3434 patientiae,
1234 3370 1290 3418 et
1334 3362 1680 3418 latitudinem
1705 3360 2008 3417 dilectionis
2031 3361 2131 3415 ba-

534 3454 769 3509 bendam
817 3455 977 3510 nobis
1029 3454 1389 3511 commendat.
1417 3451 1584 3522 Cujus
1611 3462 1669 3508 et
1709 3453 1940 3509 altitudo
1969 3452 2133 3506 trium

535 3552 621 3600 est
642 3546 953 3601 cubitorum
980 3563 994 3601 :
1025 3547 1153 3617 quia
1187 3554 1390 3602 sanctae
1420 3545 1704 3601 Trinitatis
1734 3544 2132 3601 confessionem

538 3637 594 3691 in
617 3635 742 3701 ﬁde,
770 3652 866 3707 spe
892 3645 950 3693 et
969 3638 1238 3693 charitate
1259 3652 1358 3693 nos
1384 3644 1572 3692 tenere
1593 3636 1771 3701 docet,
1796 3636 2135 3705 ﬁrmiterque

537 3728 596 3784 in
615 3743 683 3785 ea
704 3729 844 3786 bene
867 3734 1142 3803 operando
1164 3732 1309 3787 omni
1336 3739 1579 3803 tempore
1605 3731 1918 3802 persistere.

1149 3844 1380 3902 CAPUT
1418 3844 1528 3899 VII.

540 3931 697 3999 Quod
708 3934 943 4006 expletis
972 3937 1125 3990 annis
1167 3936 1369 4006 viginti,
1396 3937 1598 4006 primus
1637 3936 1852 3989 domum
1888 3934 2130 3999 Domini,

609 4016 663 4077 et
674 4005 897 4077 domum
921 4023 1075 4061 suam
1109 4016 1155 4061 et
1195 4005 1427 4077 ciuitates
1450 4005 1706 4077 plurimas
1730 4007 2051 4069 construxit,
2082 4015 2132 4060 et

608 4073 933 4146 alienigenas
957 4077 1278 4147 subjugavit,
1300 4087 1347 4130 et
1371 4073 1491 4146 fecit
1519 4093 1605 4131 eos
1626 4076 1950 4130 tributarios.

610 4183 681 4240 Et
707 4187 967 4243 dedicavit
996 4189 1211 4243 domum
1234 4188 1333 4243 Dei
1367 4204 1460 4244 rex
1499 4197 1548 4243 et
1585 4189 1856 4243 universus
1883 4187 2130 4258 populus.

541 4279 854 4336 Sacerdotes
896 4290 1071 4337 autem
1096 4283 1307 4337 stabant
1339 4284 1397 4337 in
1426 4283 1607 4352 ofﬁciis
1631 4282 1765 4346 suis,
1788 4290 1836 4335 et
1859 4280 2054 4335 Levita:
2075 4281 2131 4335 in

537 4371 751 4441 organis
788 4373 1079 4427 carminum
1105 4373 1340 4439 Domini,
1387 4390 1504 4443 qua:
1553 4372 1674 4441 fecit
1722 4372 1900 4426 David
1940 4387 2033 4426 rea:
2061 4371 2131 4425 ad

537 4458 867 4516 laudandum
917 4462 1203 4519 Dominum
1231 4479 1249 4516 :
1280 4465 1531 4536 quoniam
1555 4465 1613 4518 in
1646 4474 1900 4519 internum
1928 4464 2134 4519 miseri-

538 4550 722 4607 cordia
748 4554 884 4624 ejus.
924 4556 1128 4611 Domus
1157 4557 1379 4612 Domini
1407 4565 1601 4614 sancta
1625 4566 1709 4614 est
1731 4557 1998 4624 Ecclesia,
2024 4558 2131 4614 sio-

538 4650 599 4696 ut
642 4657 808 4714 supra
846 4654 1126 4703 ostensum
1160 4656 1244 4704 est
1277 4667 1289 4702 :
1342 4649 1486 4705 hanc
1519 4649 1791 4706 dedicavit
1839 4666 1935 4705 rex
1965 4650 2126 4706 Chri-

541 4738 680 4799 stus,
701 4736 916 4803 quando
940 4752 1062 4792 eam
1085 4738 1346 4809 sanguine
1370 4754 1468 4795 suo
1496 4742 1797 4809 mundavit,
1814 4751 1871 4797 et
1891 4742 2127 4813 Spiritus

543 4823 625 4880 sui
647 4825 821 4897 gratia
880 4828 1262 4896 sanctiﬁcavit,
1306 4845 1371 4886 ac
1418 4831 1649 4891 diversis
1680 4834 1942 4891 virtutum
1970 4836 2126 4893 donis

539 4914 939 4985 multiplicavit.
972 4918 1125 4974 Hanc
1175 4920 1426 4978 dedicant
1474 4931 1529 4979 et
1576 4925 1672 4981 ﬁlii
1720 4926 1887 4982 Israel
1916 4943 2123 4995 secum,

536 5006 755 5075 quando
799 5010 1174 5082 unusquisque
1202 5011 1443 5070 ﬁdelium
1468 5019 1768 5074 secundum
1793 5020 1993 5076 donum
2025 5021 2129 5078 sibi

537 5094 795 5151 collatum
818 5114 849 5153 a
871 5098 987 5156 Deo
1007 5102 1175 5158 verbo
1196 5106 1598 5175 praedicationis
1625 5117 1680 5164 et
1708 5110 1974 5167 virtutum
1998 5125 2129 5184 ope-

538 5186 691 5242 ribus
714 5189 994 5257 proximos
1039 5207 1188 5261 suos,
1210 5210 1567 5269 quoscunque
1608 5200 1775 5268 valet,
1808 5202 1877 5257 ad
1906 5203 2131 5260 meliora

536 5285 593 5333 et
618 5278 944 5348 perfectiora
969 5293 1287 5343 convertere
1309 5291 1507 5363 satagit
1533 5310 1546 5345 :
1577 5292 1845 5365 Templum
1861 5298 2002 5352 enim
2026 5297 2135 5353 Do-

538 5372 701 5437 mini,
756 5374 832 5429 ait
873 5375 1186 5447 Apostolus,
1242 5393 1484 5438 sanctum
1526 5394 1638 5452 est,
1681 5388 1821 5457 quod
1875 5390 1998 5443 estis
2043 5406 2132 5445 vos

539 5459 594 5551 ςι
623 5459 748 5517 Cor.
779 5463 886 5537 nr).
921 5464 1029 5523 Sed
1056 5469 1198 5529 hanc
1236 5473 1726 5533 sanctiﬁcationem
1753 5493 1849 5534 rex
1878 5487 1935 5536 et
1958 5494 2131 5551 popu-

539 5549 641 5616 lus,
667 5562 831 5623 caput
858 5564 914 5611 et
947 5562 1189 5618 membra
1222 5580 1331 5620 non
1359 5566 1641 5636 aequaliter
1664 5549 1978 5639 perﬁciunt;
2003 5549 2130 5641 quia

538 5643 608 5700 de
631 5643 849 5704 Christo
878 5647 1007 5707 Iesu
1049 5654 1127 5708 ait
1156 5670 1171 5710 :
1206 5655 1281 5711 De
1309 5655 1636 5727 plenitudine
1658 5658 1774 5731 ejus
1828 5678 1921 5717 nos
1949 5678 2127 5717 omnes

538 5734 847 5807 accipimus,
874 5752 923 5797 et
947 5747 1176 5815 gratiam
1194 5763 1291 5818 pro
1315 5749 1490 5819 gratia
1525 5749 1711 5819 (Joan.
1743 5750 1804 5823 ι).
1832 5753 1971 5809 Hinc
1993 5752 2129 5809 Pau-

542 5824 627 5883 lus
647 5829 725 5884 ait
752 5848 766 5885 :
796 5830 987 5907 Itaque
1028 5855 1190 5911 neque
1231 5843 1321 5913 qui
1340 5842 1542 5913 plantat
1592 5855 1663 5899 est
1708 5844 1931 5917 aliquid,
1962 5865 2125 5919 neque

2154 4600 2208 4661 D

1173 389 1258 450 'B.
1301 389 1556 449 RABANl
1591 338 1815 447 MAllRl
1849 384 2168 443 ARCHIEP.
2210 382 2520 442 MOGUNT.
2557 382 2846 442 OPERUM
2885 381 3066 438 PARS
3103 380 3147 435 Ι.

3662 386 3730 443 ibi

2225 500 2316 570 qui
2345 499 2480 569 rigat
2512 512 2531 549 :
2563 497 2677 563 sed,
2705 497 2797 568 qui
2844 495 3219 548 incrementum
3264 492 3382 557 dat,
3429 491 3560 546 Deus
3588 492 3630 564 (1
3646 493 3728 551 Cor.

2227 588 2330 661 ιιι).
2360 587 2469 645 Sed
2527 595 2787 658 quantum
2835 585 3011 640 valeat
3044 583 3281 641 hominis
3315 582 3621 653 praedicatio,
3639 602 3730 655 prec

2227 683 2405 739 dictus
2426 681 2717 753 Apostolus
2754 681 3147 749 subsequenter
3192 675 3419 747 exponit
3442 675 3607 731 dicens
3630 694 3642 731 :
3665 678 3732 744 Qui

2226 777 2428 849 plantat
2465 783 2641 830 autem
2666 783 2713 829 et
2734 773 2823 845 qui
2863 771 3019 843 rigat,
3064 785 3229 824 unum
3265 776 3410 823 sunt.
3449 764 3732 840 Unusquiqu

2226 881 2403 927 autem
2441 870 2712 943 propriam
2747 866 3039 923 mercedem
3083 866 3307 936 accipiet
3348 865 3613 919 secundum
3631 882 3732 919 mn

2228 963 2480 1019 laborem.
2509 962 2609 1018 Dei
2642 961 2780 1017 enim
2803 977 2985 1016 sumus
3032 958 3327 1030 adjutores.
3350 956 3449 1013 Dei
3485 958 3731 1029 agricultura

2228 1056 2371 1120 estis,
2403 1053 2499 1108 Dei
2521 1052 2803 1123 aediﬁcatio
2830 1050 2952 1106 estis
2978 1047 3192 1123 (Ibid.).
3224 1046 3397 1120 Igitur
3431 1047 3539 1118 ipse
3563 1046 3731 1102 sanctiﬁ-

2230 1147 2372 1204 cavit
2409 1161 2567 1202 suum
2597 1143 2880 1214 templum,
2910 1142 3066 1213 quasi
3115 1141 3261 1197 Deus
3298 1147 3359 1196 et
3385 1139 3620 1195 Dominus
3635 1139 3732 1194 inhi

2227 1239 2471 1305 bitando,
2493 1253 2596 1294 nos
2639 1245 2821 1293 autem
2858 1236 3019 1307 digne
3063 1232 3388 1291 habitationi
3422 1232 3541 1305 ,ejus
3579 1247 3732 1287 conver-

2229 1330 2420 1386 sando.
2456 1328 2716 1399 Sequitur
2749 1346 2762 1382 :

2301 1422 2662 1492 Sanctiﬁcavit
2687 1437 2892 1493 quoque
2943 1418 3197 1476 Salomon
3235 1417 3472 1473 medium
3511 1417 3618 1472 atrii
3656 1427 3730 1471 sui

2229 1516 2479 1590 templum
2518 1516 2754 1572 Domini.
2795 1514 3077 1570 Obtulerat
3119 1515 3262 1570 enim
3316 1513 3391 1568 ibi
3437 1510 3730 1566 holocaustsa

2231 1613 2413 1685 adipes
2432 1612 2814 1684 paciﬁeorum;
2852 1610 2980 1682 quia
3028 1609 3199 1664 altare
3220 1622 3430 1664 aneum
3455 1605 3579 1677 quod
3605 1604 3731 1674 fecerat

2231 1724 2337 1763 non
2354 1713 2557 1778 poterat
2578 1704 2835 1760 sustinere
2855 1700 3168 1757 holocausta
3188 1709 3240 1755 et
3259 1697 3521 1764 sacriﬁcio
3544 1704 3585 1750 et
3598 1695 3729 1764 adipes.

2230 1795 2372 1865 Quid
2393 1810 2523 1867 ergo
2553 1802 2639 1851 est
2680 1794 2827 1865 quod
2869 1792 3125 1849 Salomon
3179 1786 3537 1846 sanctiﬁcavit
3570 1784 3729 1840 medim

2232 1888 2357 1945 atrii
2379 1886 2614 1944 offerens
2664 1886 2739 1942 ibi
2779 1885 3152 1942 holocaustum
3203 1892 3261 1938 et
3307 1877 3635 1937 sacriﬁcium?
3654 1875 3732 1929 PN-

2230 1990 2417 2052 pterea
2439 1980 2566 2050 quia
2591 1978 2763 2034 altare
2783 1992 2994 2034 aeneum
3022 1974 3167 2046 quod
3196 1974 3360 2045 juxta
3383 1968 3730 2027 constitutionem

2231 2072 2366 2145 legis
2400 2078 2528 2127 ante
2553 2069 2700 2126 fores
2737 2068 2925 2139 templi
2948 2068 3189 2140 positum
3216 2074 3342 2123 erat
3381 2078 3486 2119 non
3510 2068 3733 2133 poteram-

2231 2175 2347 2221 tum
2371 2179 2591 2236 capere,
2615 2163 2722 2219 nisi
2748 2162 2895 2233 quod
2933 2159 3188 2217 Christus
3215 2172 3304 2225 ea,
3330 2170 3451 2228 qua:
3479 2155 3528 2208 in
3551 2153 3642 2223 lege
3659 2164 3731 2219 pro-

2230 2267 2352 2332 pter
2378 2258 2757 2313 inﬁrmitatem
2781 2254 2899 2325 ejus
2932 2253 3127 2326 perﬁci
3166 2269 3280 2309 non
3308 2255 3567 2322 poterant,
3587 2242 3731 2300 nuncin

2231 2350 2474 2408 Ecclesia
2538 2348 2807 2407 catholica
2864 2346 3099 2418 pleniter
3153 2344 3318 2417 gerit.
3372 2341 3489 2413 Ipsa
3535 2347 3604 2394 est
3644 2335 3729 2390 enim

2231 2443 2429 2499 atrium
2477 2442 2669 2496 domus
2715 2438 2953 2503 Domini,
2986 2437 3113 2508 quia
3164 2451 3269 2506 per
3325 2435 3493 2505 ipsam
3544 2429 3732 2500 ingressuS

2229 2542 2382 2609 patet
2408 2535 2464 2589 in
2490 2531 2752 2602 templum
2804 2529 3021 2585 Domini
3057 2530 3113 2585 in
3160 2524 3496 2583 Hierusalem
3523 2520 3729 2609 αιιιεςιιξιιιἶ

2232 2604 2385 2692 Quod
2410 2638 2542 2696 ergo
2585 2622 2902 2678 holocausta
2953 2628 3011 2676 et
3055 2617 3331 2675 sacriﬁcia
3373 2612 3606 2671 omniain
3635 2604 3731 2662 altari

2233 2717 2412 2788 typico
2441 2714 2656 2772 Veteris
2678 2713 3013 2769 Testamenti
3050 2726 3161 2767 non
3206 2713 3498 2781 potuerunt
3528 2699 3732 2763 oﬁerri,eo

2234 2808 2377 2879 quod
2404 2808 2587 2863 omnia
2610 2807 2684 2862 ibi
2732 2805 3035 2877 ﬁguraliter
3061 2803 3293 2869 ﬁebant,
3330 2815 3427 2856 rex
3448 2804 3607 2853 noster
3626 2799 3665 2846 et
3682 2803 3732 2842 si.

2235 2900 2427 2955 cerdos
2455 2899 2630 2954 erexit
2681 2912 2881 2952 novum
2908 2894 3080 2950 altare
3108 2893 3240 2949 ﬁdei
3271 2893 3330 2947 in
3377 2888 3592 2946 Ecclesia
3613 2880 3731 2938 catho-

2234 2994 2360 3058 lica,
2392 2993 2448 3046 in
2474 3007 2582 3062 quo
2609 2991 2831 3063 pinguia
2853 2989 3174 3046 holocausta
3205 2995 3265 3042 et
3292 2983 3551 3041 sacriﬁcia
3566 2984 3731 3044 πορθμίδ’

2235 3087 2367 3143 bilia
2410 3086 2655 3157 quotidie
2690 3084 3049 3157 spiritualiter
3089 3082 3204 3138 Deo
3237 3081 3549 3137 offeruntur.
3570 3071 3731 3127 Hincest

2238 3177 2380 3247 quod
2418 3176 2683 3231 Dominus
2721 3176 3021 3246 reprobans
3049 3180 3204 3227 vetus
3230 3168 3548 3228 sacriﬁcium
3576 3176 3649 3233 per
3660 3170 3729 3228 νην

2233 3272 2455 3340 pbetam
2478 3268 2555 3323 ait
2577 3266 2937 3322 :Holocausta
2964 3275 3015 3320 et
3039 3264 3354 3335 sanguinem
3374 3261 3655 3316 victimarum

2236 3338 2310 3418 lui
2336 3363 2471 3435 (Isa.
2503 3364 2570 3434 1),
2599 3368 2653 3417 et
2700 3361 2830 3416 item
2876 3359 2933 3413 in
2968 3356 3202 3413 Psalmis
3236 3373 3251 3409 :
3297 3338 3728 3435 SacriﬁciumM

2238 3432 2609 3524 honoriﬁcabit
2626 3470 2726 3519 me,
2753 3461 2802 3507 et
2829 3450 2940 3506 illic
2983 3451 3103 3515 iter,
3134 3465 3240 3521 quo
3268 3446 3526 3504 ostendam
3560 3437 3624 3493 illi
3643 3432 3730 3489 salt-

2236 3558 2348 3601 tare
2372 3545 2467 3599 Dei
2496 3542 2669 3617 (Psal.
2697 3542 2872 3615 xmx).
2914 3540 3150 3596 Proinde
3180 3537 3432 3610 superius
3452 3532 3663 3602 scriptum
3682 3528 3727 3575 εει

2235 3638 2380 3709 quod
2403 3652 2501 3691 rex
2517 3635 2775 3692 Salomon
2805 3643 2861 3689 et
2885 3633 3176 3688 universus
3201 3637 3382 3687 cmtus
3409 3622 3575 3689 Israel,
3604 3626 3645 3673 ei
3661 3628 3729 3669 οωο

2236 3708 2332 3785 nes
2353 3730 2447 3799 qui
2466 3727 2686 3783 fuerant
2722 3724 3053 3796 congregati,
3084 3730 3212 3777 ante
3254 3734 3437 3777 arcam
3484 3708 3728 3805 immolilﬂff

2234 3790 2438 3880 arietes
2461 3830 2519 3877 et
2542 3822 2712 3877 boves
2744 3790 2953 3889 absque
2991 3815 3101 3872 ullo
3128 3828 3381 3876 numero,
3417 3809 3532 3881 quia
3553 3790 3730 3874 quidquid

2233 3916 2394 3973 electi
2419 3914 2540 3981 Dei,
2573 3912 2669 3983 qui
2705 3918 2832 3967 sunt
2870 3910 3116 3965 membra
3163 3907 3313 3978 regis
3351 3905 3408 3959 in
3449 3901 3569 3956 bona
3607 3900 3727 3960 ορεη·

2233 4009 2381 4063 tione
2428 4021 2496 4061 ac
2550 4019 2790 4076 congrua
2831 3999 3223 4074 gubernatione
3276 3988 3610 4076 suimetipsius
3655 3990 3729 4033 ευθ-

2232 4114 2466 4171 rumque
2492 4070 2683 4169 agunt,
2720 4070 2896 4151 totum
2924 4094 3038 4149 Deo
3091 4087 3430 4161 acceptabile
3452 4070 3725 4140 constetesse

2233 4189 2590 4248 sacriﬁcium.

2305 4282 2454 4339 Fecit
2494 4298 2615 4354 ergo
2659 4279 2917 4337 Salomon
2955 4278 3342 4335 solemnitatem
3376 4275 3430 4330 in
3466 4278 3648 4339 tempore
3673 4254 3725 4311 illo

2232 4384 2427 4448 septem
2447 4372 2631 4428 diebus
2653 4380 2702 4428 et
2729 4370 2899 4427 omnis
2922 4368 3096 4425 Israel
3117 4385 3238 4423 cum
3265 4385 3349 4434 eo,
3374 4358 3724 4448 Ecclesiagsmyt‘

2233 4445 2382 4524 ualde
2408 4466 2474 4522 ab
2501 4465 2722 4521 introitu
2748 4463 2945 4518 Emath
2971 4477 3135 4534 usque
3161 4461 3231 4515 ad
3263 4465 3525 4514 torrentem
3552 4445 3722 4515 15m“:

2233 4568 2341 4616 etc.
2381 4557 2538 4626 Quod
2561 4556 2782 4623 dicitur,
2829 4554 2959 4625 quia
3003 4552 3134 4610 fecit
3176 4551 3432 4608 Salomon
3474 4537 3722 4599 festivitatem

2240 4654 2509 4709 celebrem
2536 4659 2593 4706 et
2618 4649 2797 4715 omnis
2841 4647 3007 4704 Israel
3051 4660 3177 4702 cum
3214 4660 3282 4701 eo
3310 4635 3569 4699 multitudo
3598 4632 3721 4691 111³8³³³

2239 4749 2308 4804 ab
2333 4746 2560 4802 introitu
2598 4744 2795 4799 Emath
2815 4783 2829 4808 ,
2857 4756 3030 4813 usque
3062 4741 3131 4797 ad
3169 4740 3345 4796 rivum
3386 4726 3581 4805 λεπριί
3604 4725 3721 4777 om!“

2240 4836 2488 4903 Domino;
2514 4851 2611 4906 per
2633 4834 2916 4890 introitum
2939 4832 3135 4888 Emath
3160 4815 3721 4902 Septentrionalemw

2238 4927 2676 5001 repromissionis
2720 4925 2931 4998 plagam
2945 4967 2963 4994 ,
3007 4940 3105 4997 per
3148 4923 3327 4979 rivum
3366 4920 3472 4978 sive
3512 4909 3719 5001 tofm?”

2238 4992 2494 5094 xii-mu,
2528 5035 2648 5091 quae
2677 4992 2855 5073 vim;
2879 4992 3101 5072 Diei-um
3126 5016 3422 5080 nominant,
3447 4992 3718 5094 designauit:

2235 5087 2476 5171 stralem.
2525 5087 2602 5166 De
2641 5110 2838 5180 quibus
2874 5109 3053 5180 aliqua
3091 5108 3299 5165 Latinis
3326 5120 3392 5162 ex
3429 5098 3583 5156 verbis

2236 5206 2552 5278 Hieronymi
2596 5177 2799 5275 ponere
2842 5177 3060 5275 gratum
3088 5209 3220 5272 puto
3246 5214 3364 5257 esse
3404 5187 3584 5250 lectori.
3621 5177 3714 5233 δεῖθ’

2233 5309 2389 5373 ptum
2429 5306 2516 5355 est
2556 5298 2612 5353 in
2654 5297 2796 5353 libro
2823 5295 3185 5352 Numerorum
3225 5295 3280 5350 in
3322 5305 3424 5364 quo
3457 5279 3603 5343 omnis

2233 5356 2671 5464 ζ’θΡτοωίεείοηίε
2692 5403 2791 5461 Per
2812 5396 3048 5459 quatuor
3075 5386 3257 5459 plagas
3280 5356 3425 5441 brevi
3448 5356 3715 5464 sermone

2234 5460 2469 5552 viditur;
2495 5481 2633 5538 Pars
2655 5460 2959 5537 Meridiani:
2981 5481 3190 5551 incipiet
3210 5496 3242 5533 a
3257 5473 3519 5536 solitudine
3535 5460 3711 5552 sane?

2233 5582 2310 5630 est
2330 5549 2491 5643 juxta
2516 5572 2688 5627 Edom
2704 5613 2719 5639 ,
2753 5581 2804 5627 et
2832 5571 3039 5626 habebit
3071 5549 3315 5627 terminos
3340 5570 3505 5623 contra
3527 5549 3712 5643 0W“)

2232 5680 2379 5719 mare
2407 5637 2754 5719 salsissimum
2788 5664 2878 5734 qui
2901 5663 3245 5718 circumibunt
3270 5637 3708 5734 Australmim‘f

2232 5773 2326 5827 per
2353 5773 2626 5812 ascensum
2652 5723 2979 5825 Scorpionis,
3010 5755 3086 5809 ita
3111 5764 3166 5808 ut
3190 5754 3441 5808 transeat“
3465 5743 3511 5795 5"
3530 5723 3710 5827 sfw?!

2230 5821 2529 5908 perveniant
2558 5867 2590 5902 a
2619 5821 2840 5903 Meridie
2868 5863 3029 5917 usque
3050 5847 3120 5903 ad
3141 5843 3470 5902 Cadesbarne,
3488 5822 3595 5885 unde
3610 5821 3705 5884 οὔτθ’
