3920 6462
163 420 269 478 ιθε

1091 411 1445 473 COMMENT.
1485 410 1555 468 [Ν
1593 409 2151 468 PARALIPOMENA.
2190 441 2262 453 —
2298 411 2424 467 LIB.
2467 411 2553 467 Ill.

3336 410 3441 467 466

164 536 378 593 dientur
423 531 649 604 conﬁnia
695 530 765 586 ad
804 531 979 586 villant
1026 529 1233 584 nomine
1275 527 1423 583 Δάαι·
1457 535 1505 581 et
1543 524 1752 580 tendent
1777 526 1833 587 Α
1858 524 2072 580 termini
2100 524 2155 578 in
2183 522 2354 579 Rebla
2380 539 2501 595 qua:
2527 537 2669 578 nunc
2695 521 2865 593 Syria:
2889 528 3112 577 vocatur
3131 520 3436 577 Antiochia.

164 643 331 701 usque
359 626 432 682 ad
472 624 750 681 Asemona.
791 622 995 693 Ibitque
1032 639 1124 692 per
1165 637 1352 692 gyrum
1394 618 1645 673 terminus
1687 615 1752 669 ab

162 723 429 777 Asemona
453 734 618 790 usque
640 716 710 771 ad
741 724 1022 772 torrentem
1049 713 1288 786 Egypti,
1317 721 1364 768 et
1391 718 1554 767 maris
1578 708 1755 781 magni

163 816 338 869 littore
369 811 589 883 ﬁnietur
613 807 805 885 (Num.
832 808 1042 882 xxxiv).
1073 807 1183 864 Pro
1212 822 1320 878 quo
1360 806 1417 862 in
1457 804 1647 861 ultima
1675 803 1757 857 vi-

162 908 313 964 sione
357 905 638 976 prophetaz
665 904 967 960 Ezechielis
995 902 1070 958 ita
1104 902 1303 959 dicitur
1331 920 1343 955 :
1380 898 1551 971 Plaga
1580 908 1754 953 autem

160 995 427 1054 Australis
451 995 759 1051 Meridiana’
775 1014 808 1050 a
834 995 1064 1051 Thamar
1083 1012 1245 1067 usque
1266 995 1334 1049 ad
1362 1009 1527 1065 aquas
1552 1000 1759 1046 contra-

160 1089 405 1145 dictionis
446 1085 635 1157 Cades,
665 1096 714 1143 et
754 1097 955 1143 torrens
998 1104 1161 1160 usque
1203 1086 1272 1142 ad
1319 1102 1464 1140 mare
1508 1098 1754 1155 magnum

161 1181 379 1254 (Επειδὴ.
411 1178 610 1253 nvn),
653 1181 797 1253 quod
837 1180 1106 1254 signiﬁcat
1144 1179 1465 1236 latissimam
1504 1175 1753 1234 solitudi-

158 1290 281 1329 nem
310 1273 436 1341 Sin,
466 1288 588 1345 quae
615 1282 700 1330 est
720 1271 876 1343 juxta
905 1275 1076 1330 Edom
1105 1281 1160 1329 et
1182 1273 1237 1329 in
1261 1272 1401 1328 mari
1428 1272 1616 1327 Rubro
1641 1280 1751 1326 ter-

157 1364 364 1419 minum
387 1363 703 1427 circumire,
729 1370 785 1419 et
806 1377 904 1433 per
926 1377 1209 1418 ascensum
1241 1360 1555 1432 Scorpionis
1578 1367 1633 1414 et
1656 1372 1757 1428 per

158 1457 336 1512 Senna
367 1464 426 1512 et
456 1455 820 1521 Cadesbarne,
851 1465 906 1512 et
934 1456 1132 1511 atrium
1161 1455 1277 1510 sive
1304 1453 1488 1508 villam
1521 1451 1668 1507 Adar
1699 1459 1757 1507 et

154 1548 422 1603 Asemona
466 1548 753 1618 pervenire
780 1563 952 1618 usque
976 1549 1045 1604 ad
1069 1555 1370 1604 torrentem
1393 1545 1635 1618 Egypti,
1659 1544 1754 1616 qui

146 1641 297 1712 juxta
326 1642 529 1700 urbem
560 1642 943 1699 Rinocoluram
973 1643 1113 1698 mari
1137 1640 1329 1697 inﬁuit.
1364 1640 1465 1695 Hic
1486 1655 1618 1695 vero
1641 1648 1752 1695 ter-

153 1736 329 1790 minus
356 1733 541 1807 plagaa
567 1734 835 1791 Australis
873 1735 1063 1806 incipit
1097 1749 1129 1789 a
1167 1733 1427 1799 Thamar,
1471 1748 1592 1804 quae
1620 1732 1753 1786 urbs

152 1830 206 1885 in
236 1828 537 1887 solitudine
568 1837 682 1895 est,
728 1844 891 1899 quam
934 1837 989 1884 et
1030 1827 1285 1884 Salomon
1314 1827 1468 1882 miris
1497 1825 1751 1897 cperibus

1857 615 1925 670 Et
1968 623 2026 669 ut
2068 616 2210 671 scias
2257 614 2482 671 Reblam
2527 615 2668 669 hanc
2713 615 3019 687 signiﬁcare
3060 615 3283 682 urbem,
3320 630 3442 685 qua

1858 723 2001 763 nunc
2042 708 2097 762 in
2126 705 2425 778 Coelesyria
2470 706 2804 762 nobilissima
2840 715 2953 773 est,
2986 706 3231 776 sequitur
3257 714 3442 762 contra

1859 802 2084 872 fontem,
2129 818 2288 872 quem
2324 802 2669 873 perspicuum
2699 809 2782 856 est
2820 800 3127 873 signiﬁcare
3154 801 3440 870 Daphnon,

1858 897 1923 951 de
1949 911 2055 966 quo
2084 898 2231 951 fonte
2259 911 2422 966 supra
2448 896 2591 951 dicta
2619 896 2750 951 urbs
2777 896 2931 966 aquis
2960 894 3441 950 abundantissimis

1856 986 2072 1043 fruitur.
2106 987 2257 1054 Inde,
2281 988 2475 1057 inquit,
2509 988 2801 1058 pervenient
2823 986 3032 1040 termini
3052 996 3233 1040 contra
3254 984 3441 1040 Orien-

1856 1087 1957 1134 tem
1983 1080 2052 1134 ad
2077 1078 2224 1135 mare
2242 1077 2515 1145 Cenereth,
2544 1078 2598 1134 id
2622 1087 2726 1145 est,
2752 1077 2821 1133 ad
2844 1086 3093 1148 stagnum
3115 1073 3438 1131 Tiberiadis.

1927 1172 2072 1228 Mare
2094 1182 2273 1228 autem
2296 1172 2494 1228 dicitur
2512 1186 2636 1226 cum
2656 1169 2856 1225 habeat
2874 1166 3058 1222 dulces
3080 1180 3273 1235 aquas,
3282 1164 3441 1235 juxta

1855 1264 2052 1320 idioma
2084 1263 2489 1334 Scripturarum
2509 1303 2523 1328 ,
2556 1277 2676 1332 qua:
2703 1259 3147 1331 congregationes
3173 1270 3441 1326 aquarum

1854 1355 2123 1428 appellant
2150 1355 2340 1410 maria.
2371 1354 2440 1409 Et
2465 1354 2697 1418 tendent,
2728 1352 2922 1423 inquit,
2957 1368 3117 1422 usque
3150 1348 3219 1403 ad
3247 1347 3443 1403 Jorda-

1855 1464 1970 1503 nem
2005 1456 2055 1501 et
2090 1446 2158 1500 ad
2182 1446 2424 1500 ultimum
2452 1445 2766 1499 claudentur
2792 1443 2952 1507 mari,
2984 1440 3069 1494 vel
3098 1439 3306 1494 Mortuo
3332 1436 3441 1504 vel,

1855 1549 1914 1594 ut
1956 1538 2046 1593 alii
2083 1546 2298 1607 putant,
2341 1536 2523 1605 lingua
2559 1535 2725 1589 maris
2758 1533 2950 1598 Rubri,
2994 1532 3048 1586 in
3079 1529 3234 1599 cujus
3259 1529 3445 1584 littore

1853 1630 2009 1686 Ahila
2046 1631 2221 1702 posita
2259 1637 2362 1685 est.
2396 1628 2549 1695 Quod
2580 1635 2759 1681 autem
2796 1625 3018 1689 dicitur,
3058 1622 3251 1677 fecisse
3290 1619 3445 1675 Salo-

1854 1738 2066 1779 moncm
2100 1721 2496 1778 solemnitatem
2525 1719 2580 1773 in
2614 1728 2856 1788 tempore
2883 1716 2973 1770 illo
2999 1724 3202 1785 septem
3227 1712 3440 1776 diebus,

1853 1824 1908 1873 et
1937 1831 2152 1872 onmem
2180 1813 2347 1872 Israel
2380 1828 2504 1869 cum
2539 1827 2625 1877 eo,
2662 1811 2947 1866 ecclesiam
2983 1822 3233 1879 magnam
3262 1805 3442 1870 valde,

153 1922 419 1979 exstruxit
454 1929 511 1976 et
537 1921 697 1977 hodie
735 1894 983 1993 Dalmyra
1024 1930 1386 1991 nuncupatur.
1415 1894 1748 1989 llcbrazoque

1855 1907 1919 1961 ab
1954 1906 2177 1959 introitu
2218 1904 2412 1958 Emath
2440 1916 2614 1972 usque
2646 1900 2712 1955 ad
2742 1906 3038 1955 torrentem
3065 1895 3284 1968 [Egypti
3306 1936 3321 1960 ,
3360 1894 3441 1948 fe-

153 2029 403 2072 sermone
430 2012 675 2069 Thamar
710 2013 910 2070 dicitur
937 2028 1057 2084 quae
1090 2014 1145 2068 in
1176 2012 1358 2084 lingua
1400 2020 1585 2067 nostra
1629 2008 1751 2064 Pal-

151 2122 293 2162 mam
340 2112 540 2171 sonat,
572 2120 744 2175 usque
773 2106 840 2161 ad
882 2120 1052 2176 aquas
1080 2103 1525 2160 contradictionis
1552 2101 1748 2168 Cades,

152 2212 312 2268 quam
338 2196 398 2252 in
432 2196 651 2252 deserto
679 2210 799 2252 esse
823 2212 932 2253 non
962 2197 1183 2252 dubium
1211 2204 1314 2260 est,
1341 2202 1398 2251 et
1426 2204 1641 2250 torrens
1669 2193 1750 2247 in-

150 2288 402 2361 grediens
426 2302 583 2343 mare
606 2303 863 2359 magnum
894 2288 997 2344 hoc
1026 2287 1170 2358 quod
1195 2286 1416 2359 [Egypti
1437 2285 1751 2341 Palestina}-

151 2396 253 2451 que
274 2380 573 2453 pmtendit
595 2379 887 2436 littoribus.
923 2378 1181 2449 Sequitur
1214 2379 1270 2434 in
1309 2378 1450 2434 libro
1487 2376 1752 2432 Numero-

152 2489 270 2529 rum
289 2491 303 2527 :
322 2469 502 2545 Plaga
531 2481 706 2528 autem
730 2470 1085 2527 Occidentalis
1106 2489 1139 2525 a
1160 2471 1299 2526 mari
1318 2486 1509 2543 magno
1538 2470 1750 2540 incipiet

151 2573 197 2619 et
217 2565 331 2636 ipso
355 2565 468 2635 ﬁne
491 2565 789 2632 claudatur,
812 2565 917 2620 hoc
936 2572 1037 2629 est,
1069 2580 1102 2619 a
1124 2563 1264 2619 mari
1286 2578 1459 2634 usque
1484 2563 1551 2618 ad
1573 2578 1748 2630 mare,

152 2669 183 2709 a
212 2663 464 2711 torrente
492 2654 744 2711 videlicet
785 2654 1126 2712 Rinocolurae
1149 2655 1243 2726 qui
1283 2655 1340 2710 in
1372 2670 1525 2710 mare
1551 2652 1747 2722 inﬂuit,

152 2760 324 2817 usque
356 2747 428 2802 ad
454 2762 580 2802 eum
604 2746 783 2803 locum
810 2746 902 2803 ubi
933 2757 1018 2803 est
1042 2748 1239 2802 Emath
1266 2746 1397 2803 urbs
1425 2745 1620 2817 Syriae,
1650 2761 1749 2801 cu-

146 2836 234 2908 jus
259 2840 316 2896 in
348 2841 456 2897 hac
478 2841 636 2914 plaga
667 2849 723 2897 et
750 2857 949 2898 nomen
971 2843 1152 2914 posuit
1174 2839 1425 2896 Ezechiel
1455 2860 1468 2893 :
1501 2839 1571 2893 Et
1592 2838 1750 2910 plaga

152 2932 336 3000 maris,
367 2949 517 2989 mare
546 2949 793 3007 magnum
822 2950 856 2987 a
887 2933 1113 3003 conﬁnio
1139 2950 1232 3003 per
1264 2931 1542 2997 directum,
1588 2930 1750 2984 donec

149 3022 328 3077 venias
367 3021 589 3090 Emath,
632 3039 753 3095 quae
791 3040 937 3079 nunc
974 3023 1276 3094 Epiphania
1316 3021 1646 3084 nominatur,
1683 3019 1753 3074 ab

148 3109 443 3181 Antiocho,
465 3114 842 3170 crudelissimo
863 3123 1237 3187 tyrannorum,
1262 3115 1483 3170 nomine
1508 3127 1751 3168 commu-

148 3213 286 3273 tato,
330 3221 464 3262 nam
497 3217 912 3280 cognomentum
960 3209 1149 3265 habuit
1198 3209 1527 3279 Epiphanes.
1578 3205 1749 3261 Porro

144 3297 217 3354 ad
243 3268 746 3369 Septentrionalem,
768 3300 962 3370 inquit,
985 3301 1194 3372 plagam
1219 3268 1260 3355 (ί
1272 3268 1410 3354 mari
1430 3315 1621 3371 magno
1646 3307 1749 3352 ter-
1775 3268 1821 3331 Ο

145 3390 282 3445 mini
307 3390 561 3461 incipient
608 3395 959 3463 pervenientes
987 3411 1148 3465 usque
1176 3393 1245 3447 ad
1285 3401 1511 3447 montem
1555 3391 1750 3447 altissi-

147 3497 319 3547 mum,
352 3498 387 3535 a
407 3498 512 3554 quo
547 3483 755 3539 veniant
774 3484 828 3539 in
860 3483 1058 3539 Emath
1085 3501 1248 3554 usque
1275 3484 1343 3538 ad
1374 3484 1623 3539 terminos
1651 3482 1749 3539 Se-

146 3568 331 3635 dada;
355 3569 609 3642 ibuntque
651 3572 879 3643 conﬁnia
908 3590 1071 3645 usque
1097 3573 1167 3627 ad
1191 3570 1467 3643 Zephrona
1496 3581 1546 3626 et
1570 3570 1748 3627 villam

151 3659 331 3716 Euan.
365 3660 443 3715 Hi
482 3672 636 3718 erunt
678 3665 889 3719 termini
935 3665 992 3720 in
1037 3675 1186 3736 parte
1233 3663 1508 3735 Aquilonis
1553 3661 1744 3737 (Num.

152 3754 364 3829 χθων).
408 3755 607 3813 Dicunt
638 3755 854 3814 Hebraei
889 3756 1379 3829 Septentrionalem
1424 3756 1637 3829 plagam
1666 3756 1748 3810 in-

153 3849 336 3919 cipere
368 3865 403 3905 a
430 3851 570 3907 mari
596 3866 795 3924 magno
824 3852 973 3923 quod
997 3851 1324 3918 Palaestinae,
1368 3850 1663 3916 Phoenicis,
1693 3857 1751 3906 et

156 3938 325 4011 Syriae
371 3956 494 4013 quae
540 3943 842 4014 appellatur
881 3942 1058 4010 Caele,
1109 3941 1416 4013 Ciliciaeque
1460 3941 1750 4013 praetendit

156 4031 426 4091 littoribus
453 4044 629 4109 etper
657 4035 952 4109 Egyptum
991 4037 1161 4093 tendit
1196 4037 1265 4092 ad
1307 4036 1552 4107 Libyam.
1593 4035 1747 4104 Quod

159 4135 335 4181 autem
356 4127 489 4183 dicit
516 4128 894 4199 pervenientes
918 4130 1181 4186 terminos
1206 4144 1380 4200 usque
1409 4130 1477 4185 ad
1506 4137 1747 4185 montem

158 4216 519 4286 altissimum,
571 4208 713 4277 idem
761 4220 972 4277 Hebraei
1024 4229 1308 4276 autumant
1350 4221 1433 4275 vel
1478 4220 1747 4275 Amanum

159 4323 394 4369 montem
423 4312 754 4387 signiﬁcare,
779 4315 867 4370 vel
891 4314 1155 4379 Taurum,
1178 4315 1323 4385 quod
1352 4313 1509 4369 nobis
1534 4314 1751 4369 videtur

159 4405 356 4462 verius.
378 4407 665 4477 lbuntque,
686 4406 882 4477 inquit,
906 4405 1139 4462 conﬁnia
1160 4417 1332 4476 usque
1351 4405 1418 4459 ad
1439 4404 1745 4476 Zephrona.

161 4496 522 4564 Quamobrem
548 4498 710 4555 hodie
730 4496 991 4568 Zepbium
1019 4496 1275 4567 oppidum
1298 4495 1501 4552 Ciliciae
1525 4503 1743 4551 vocant.

163 4590 309 4658 Quod
338 4600 524 4648 autem
571 4591 816 4662 sequitur
860 4598 915 4646 et
961 4590 1142 4645 villam
1189 4590 1374 4651 Enan,
1411 4605 1510 4660 pro
1552 4604 1659 4659 quo
1690 4590 1744 4644 in

163 4679 383 4742 Hebraeo
410 4684 674 4756 scriptum
705 4695 789 4740 est
822 4681 1159 4748 Haserenan,
1188 4682 1332 4753 quod
1359 4683 1752 4753 interpretatur

164 4782 350 4836 atrium
400 4782 598 4853 fontis,
647 4780 914 4836 terminus
959 4787 1042 4835 est
1088 4777 1360 4834 Damasci.
1418 4776 1574 4833 Unde
1620 4776 1753 4832 dicit

166 4870 411 4930 Ezechiel
448 4892 461 4928 :
495 4872 566 4928 Et
598 4873 695 4928 erit
734 4873 986 4928 terminus
1024 4888 1057 4925 a
1092 4871 1229 4924 mari
1265 4886 1429 4940 usque
1458 4856 1526 4922 ad
1557 4868 1752 4922 atrium

169 4963 312 5022 Enon
335 4965 476 5040 (sive
498 4964 660 5039 Asez)
683 4965 934 5020 terminus
957 4962 1227 5028 Damasci,
1250 4970 1298 5016 et
1323 4960 1386 5014 ab
1407 4958 1665 5031 Aquilone
1684 4958 1753 5013 ad

169 5058 471 5133 Aquilonem
519 5061 798 5116 terminum
842 5057 1071 5122 Emath,
1116 5054 1273 5126 plaga
1318 5051 1755 5123 Septentrionalis

173 5152 380 5226 (Ezech.
410 5155 601 5228 XLVII).
632 5152 765 5209 Inde
790 5150 1141 5215 metabuntur,
1173 5147 1366 5217 inquit,
1408 5146 1538 5214 lines
1569 5154 1752 5198 contra

177 5245 490 5303 Orientalem
516 5244 727 5317 plagam
760 5242 825 5297 de
849 5239 973 5296 villa
1004 5239 1160 5293 Enan
1185 5253 1347 5308 usque
1387 5232 1753 5304 Sephamn,;et

176 5334 235 5390 de
255 5336 515 5410 Sephama
534 5333 845 5391 descendent
866 5329 1073 5386 termini
1097 5328 1153 5382 in
1173 5326 1333 5381 Rebla
1356 5335 1535 5380 contra
1557 5325 1754 5395 fontem

140 5434 141 5437 “
178 5427 433 5499 Daplmim
468 5445 489 5486 :
522 5428 644 5484 inde
676 5424 968 5499 pervenient
995 5429 1180 5478 contra
1210 5418 1476 5475 Orientem
1508 5418 1578 5472 ad
1609 5434 1754 5471 mare

181 5517 442 5589 Ceneretlt,
472 5530 522 5577 et
551 5520 758 5575 tendent
786 5533 949 5589 usque
986 5515 1056 5568 ad
1090 5511 1401 5576 Iordanem,
1441 5518 1487 5564 et
1525 5508 1595 5562 ad
1624 5507 1751 5562 ulti-

182 5627 317 5667 mum
358 5614 646 5669 salsissimo
695 5609 1006 5665 claudentur
1051 5604 1188 5659 mari
1218 5599 1409 5673 (Num.
1456 5600 1664 5671 xxxrv).
1713 5598 1759 5653 Α

186 5703 286 5760 ﬁne
311 5721 439 5780 ergo
465 5701 917 5778 Septentrionalis
938 5700 1131 5771 plagae,
1159 5697 1264 5752 hoc
1286 5702 1391 5761 est,
1419 5695 1559 5749 atrio
1583 5693 1757 5760 Enan,

186 5798 401 5856 tendunt
451 5799 588 5854 ﬁnes
638 5810 811 5867 usque
859 5794 928 5850 ad
978 5792 1248 5862 Sepbama
1269 5828 1284 5854 ,
1333 5802 1496 5858 quam
1547 5784 1762 5841 Hebraei

192 5889 503 5952 Anhamiam
546 5890 860 5956 nominant,
904 5898 961 5945 et
1006 5888 1073 5943 de
1118 5883 1384 5957 Aphamia
1429 5880 1764 5937 descendunt

1774 4642 1828 4702 D

1853 1997 2101 2066 cisscque
2136 1995 2223 2051 die
2266 2002 2459 2049 octavo
2502 1991 2816 2058 collectam,
2857 2006 2922 2046 eo
2962 1990 3107 2059 quod
3141 1988 3444 2043 dedicasset

1852 2088 2022 2143 altare
2069 2096 2275 2158 septem
2324 2087 2515 2142 diebus
2562 2094 2619 2140 et
2668 2083 3067 2140 solemnitatem
3116 2080 3445 2136 celebrasset

1852 2181 2042 2236 diebus
2086 2189 2325 2252 septem,
2372 2179 2558 2249 sicque
2602 2176 2692 2232 die
2735 2175 2992 2231 vicesimo
3038 2173 3200 2228 tertio
3240 2170 3444 2227 mensis

1852 2272 2068 2343 septimi
2112 2270 2379 2327 dimiserit
2410 2268 2667 2340 populum
2712 2267 2764 2322 in
2813 2263 3157 2321 tabernacula
3188 2277 3307 2328 sua,
3336 2275 3444 2315 non

1849 2371 1983 2434 puto
2005 2363 2153 2418 aliud
2180 2362 2272 2418 hic
2298 2360 2437 2417 velle
2460 2359 2704 2429 intelligi,
2736 2357 2840 2412 nisi
2870 2356 3033 2426 quod,
3065 2353 3294 2424 expletis
3326 2352 3443 2407 die-

1851 2458 1954 2514 bus
1979 2467 2187 2527 septem
2214 2454 2571 2512 dedicationis
2599 2453 2810 2523 templi,
2848 2449 3122 2508 subsecuti
3151 2457 3277 2503 sunt
3313 2446 3444 2502 Sce-

1849 2550 2093 2620 nopegiae
2134 2563 2256 2619 quae
2297 2563 2328 2602 a
2367 2546 2558 2619 quinto
2603 2544 2815 2600 decimo
2857 2543 2946 2598 die
2984 2539 3187 2596 mensis
3228 2536 3443 2608 septimi

1852 2641 2148 2699 secundum
2192 2640 2366 2709 legem
2408 2636 2735 2692 inchoabant
2777 2642 2835 2690 et
2868 2634 2925 2689 in
2954 2631 3041 2687 die
3067 2629 3323 2685 vicesima
3361 2642 3445 2681 se-
3520 2661 3530 2673 .

1851 2731 2029 2789 cunda
2064 2731 2409 2786 ﬁniebantur.
2450 2727 2707 2796 Utrisque
2747 2736 2876 2796 ergo
2915 2719 3304 2777 festivitatibus
3342 2718 3446 2772 rite

1850 2825 2106 2896 peractis,
2134 2831 2191 2880 et
2216 2821 2672 2893 Scenopegiarum
2703 2826 2896 2874 octava
2919 2814 3007 2869 die
3037 2813 3212 2877 ﬁnita,
3240 2808 3448 2865 dimisit

1851 2934 1949 2974 rex
1981 2917 2237 2974 Salomon
2260 2916 2330 2972 ad
2359 2930 2456 2971 sua
2478 2914 2746 2978 laetantes,
2770 2918 2932 2979 atque
2958 2904 3256 2980 gaudentes
3283 2916 3448 2971 super

1849 3011 2013 3077 bono,
2043 3010 2187 3080 quod
2211 3008 2416 3063 fecerat
2458 3005 2720 3061 Dominus
2762 3001 2934 3056 David
2975 3005 3031 3053 et
3056 2994 3361 3060 Salomoni,
3393 3001 3450 3048 et

1851 3102 2017 3158 Israel
2057 3100 2255 3173 populo
2286 3116 2405 3155 suo.
2439 3097 2539 3154 Cui
2568 3095 2751 3152 sensui
2780 3093 2994 3148 videtur
3031 3088 3300 3158 Iosephus
3330 3083 3445 3140 suf-

1854 3199 2054 3271 fragari
2084 3200 2159 3253 ita
2186 3197 2376 3253 dicens
2404 3210 2419 3250 :
2451 3192 2669 3249 Dimisit
2692 3206 2821 3260 ergo
2853 3187 3109 3243 Salomon
3137 3182 3445 3244 ecclesiam,

1853 3305 1976 3345 cum
2017 3288 2287 3345 sacriﬁcia
2331 3286 2662 3342 celebrasset
2704 3297 2803 3353 pro
2846 3295 2906 3336 se
2945 3287 3001 3334 et
3040 3292 3142 3349 pro
3179 3273 3449 3329 universis

1851 3382 2114 3446 Hebraeis,
2147 3382 2201 3435 id
2228 3387 2334 3445 est,
2374 3376 2574 3432 vitulos
2603 3374 2821 3446 quidem
2848 3369 3071 3435 22,000,
3098 3381 3229 3424 oves
3263 3374 3445 3419 autem

1852 3474 2105 3543 120,000.
2139 3473 2291 3528 Tunc
2320 3471 2466 3527 enim
2503 3470 2655 3540 prius
2681 3468 2737 3523 in
2770 3465 2971 3535 templo
3001 3459 3271 3518 sacriﬁcia
3302 3457 3446 3513 cele-

1850 3572 2005 3625 brata
2033 3574 2177 3630 sunt,
2213 3574 2269 3622 et
2296 3565 2353 3620 in
2382 3578 2447 3621 eo
2475 3560 2676 3634 epulati
2705 3567 2831 3615 sunt
2858 3571 3051 3614 omnes
3079 3552 3293 3610 Hebraei
3322 3566 3448 3607 cum

1849 3662 2112 3719 uxoribus
2137 3660 2251 3717 suis
2277 3666 2333 3715 et
2368 3656 2517 3723 ﬁliis,
2560 3655 2784 3725 insuper
2809 3651 2974 3707 etiam
3010 3658 3066 3705 et
3092 3644 3446 3704 festivitatem

1849 3771 1971 3827 quae
1994 3762 2222 3810 vocatur
2249 3749 2584 3821 Scenopegia
2610 3746 2820 3803 faciens
2846 3751 2975 3799 ante
3002 3739 3264 3812 templum
3300 3736 3450 3792 clare

1850 3848 2014 3904 nimis
2051 3856 2106 3902 et
2148 3843 2437 3916 magniﬁce
2495 3841 2686 3899 diebus
2723 3835 3132 3910 quatuordecim
3176 3847 3272 3887 rex
3323 3845 3448 3886 cum

1848 3939 1999 3997 enini
2028 3937 2226 4008 populo
2254 3951 2356 3991 suo
2383 3934 2595 4006 pariter
2622 3930 2871 4003 epulatus
2911 3934 3014 3983 est.
3049 3924 3294 3994 Cumque
3331 3922 3451 3978 haec

1850 4030 2085 4086 fuissent
2112 4026 2443 4083 suﬁicienter
2476 4021 2741 4087 exhibita,
2783 4017 3029 4088 nihilque
3057 4015 3270 4071 deesset
3299 4011 3449 4066 circa

1849 4120 2068 4193 pietatis
2108 4120 2303 4174 divina:
2345 4116 2648 4180 culturam,
2681 4111 2891 4168 dimissi
2930 4125 2962 4165 a
2992 4124 3120 4179 rege
3151 4104 3348 4177 singuli
3379 4103 3450 4159 ad

1850 4212 2068 4284 propria
2097 4216 2435 4275 remearunt,
2461 4214 2681 4279 agentes
2704 4204 2910 4275 gratias
2930 4202 3047 4273 regi
3072 4207 3296 4271 propter
3321 4212 3451 4268 pro—

1850 4303 2144 4359 videntiam
2172 4316 2335 4371 quam
2362 4299 2661 4363 habuisset,
2692 4303 2747 4351 et
2768 4310 2935 4366 Opera
2962 4308 3083 4363 qua:
3116 4292 3358 4353 fecisset,
3393 4296 3451 4344 et

1852 4403 2073 4452 orantes
2113 4393 2400 4448 Dominum
2440 4398 2501 4443 ut
2537 4388 2618 4444 eis
2658 4401 2842 4457 regem
2890 4386 3159 4456 praeberet
3204 4382 3448 4452 longaevo

1854 4498 2098 4560 tempore
2130 4485 2500 4549 Salomonem,
2535 4480 2760 4536 abibant
2787 4482 3124 4533 revertentes
3147 4489 3272 4529 cum
3313 4487 3447 4544 gau-

1853 4582 1943 4637 dio
1970 4579 2293 4643 sublimiter,
2338 4583 2543 4631 etcum
2587 4570 2946 4627 delectatione
2985 4569 3217 4638 hymnos
3245 4565 3450 4621 decan—

1857 4680 2055 4737 tantes,
2096 4671 2174 4725 ita
2213 4675 2273 4724 ut
2301 4683 2363 4730 ea
2396 4664 2734 4736 jucunditate
2767 4661 2884 4717 sine
2913 4660 3100 4715 labore
3132 4656 3202 4713 ad
3228 4655 3475 4731 propriai

1855 4771 2185 4822 remearent.
2236 4759 2459 4832 Mystice
2497 4764 2677 4812 autem
2705 4753 2797 4810 hic
2835 4752 2980 4822 quod
3014 4748 3271 4805 Salomon
3299 4741 3480 4802 com-ﬁ

1855 4862 2001 4934 pleto
2045 4872 2211 4929 Opere
2252 4852 2437 4925 templi
2477 4850 2829 4908 festivitatem
2872 4846 3143 4903 celebrem
3186 4842 3346 4908 fecit,
3395 4849 3452 4896 et

1858 4931 2035 5009 clunis
2063 4947 2231 5005 lsrael
2271 4961 2394 5002 cum
2423 4959 2506 5009 eo,
2553 4940 2843 4998 multitudo
2882 4950 3098 5007 magna,
3128 4932 3197 4989 ab
3225 4931 3451 4988 introitu

1858 5045 2054 5101 Emath
2083 5054 2254 5111 usque
2281 5038 2350 5093 ad
2394 5037 2570 5092 rivum
2597 5030 2816 5104 IEgypti
2844 5042 3031 5085 coram
3056 5024 3287 5082 Domino
3313 5022 3448 5089 Deo,

1859 5135 2127 5210 signiﬁcat
2166 5141 2428 5188 aeternum
2480 5125 2734 5197 gaudium
2780 5128 3093 5177 sanctorum
3136 5115 3282 5188 quod
3325 5130 3452 5171 cum

1860 5209 1985 5301 rege
2028 5242 2126 5283 suo
2166 5239 2297 5280 vero
2333 5220 2616 5285 videlicet,
2654 5214 2897 5287 paciﬁca,
2934 5209 3321 5283 perpetualiter
3355 5209 3452 5263 ha-

1858 5323 2009 5379 bent.
2038 5319 2150 5375 Nec
2175 5319 2320 5373 enim
2345 5316 2463 5371 loca
2489 5314 2605 5384 ipsa
2629 5310 2826 5381 quibus
2848 5305 3067 5362 termini
3095 5311 3257 5359 terrae
3283 5301 3452 5359 Israel

1863 5416 2117 5488 descripti
2139 5421 2288 5480 sunt,
2310 5408 2506 5467 Emath
2530 5404 2782 5461 videlicet
2806 5410 2863 5457 et
2886 5401 3037 5456 rivus
3059 5396 3300 5469 Egypti,
3326 5394 3453 5450 huic

1862 5506 2244 5582 signiﬁcationi
2263 5500 2660 5560 contradicunt.
2678 5494 2876 5550 Emath
2896 5492 3040 5548 enim
3063 5491 3454 5558 interpretatur

1862 5575 2076 5658 Domini
2116 5599 2303 5653 veritas
2344 5608 2361 5646 :
2408 5601 2463 5648 et
2506 5590 2683 5645 rivum
2730 5587 2845 5642 sive
2884 5590 3185 5640 torrentem
3228 5575 3451 5649 Egypti

1864 5710 2023 5767 quem
2074 5692 2268 5748 melius
2321 5686 2622 5758 intelligere
2674 5695 2964 5753 possumus
3010 5692 3173 5749 quam
3222 5679 3453 5728 mortem

1864 5783 2252 5857 temporalem?
2280 5779 2417 5850 Quia
2448 5781 2588 5834 hanc
2614 5778 2670 5831 in
2699 5774 2955 5847 Egypto,
2988 5771 3045 5826 id
3070 5777 3185 5833 est,
3220 5767 3273 5820 in
3306 5772 3456 5817 tene-

1863 5879 1979 5935 bris
2006 5878 2161 5933 istius
2188 5873 2397 5938 mundi,
2438 5869 2743 5928 consistens
2778 5865 2957 5922 nullus
2984 5860 3215 5917 evadere
3253 5859 3450 5926 potest.
