3920 6476
542 368 650 429 ιω

1190 367 1251 422 s.
1292 363 1546 422 mm
1582 363 1803 422 unum
1838 338 2163 420 ARCHIEP.
2201 361 2514 421 uocum.
2557 361 2847 423 censum
2882 363 3062 422 PARS
3096 365 3139 422 I.
3665 371 3730 432 In

541 484 813 560 Propheta
841 491 1130 541 attestante
1158 483 1252 555 qui
1278 485 1353 539 ait
1381 503 1393 538 :
1427 482 1557 550 Quis
1581 492 1654 537 est
1684 484 1774 555 qui
1801 484 1923 538 vivit
1951 491 1997 537 et
2028 500 2130 538 non
2157 485 2209 547 Α
2233 480 2409 536 lomon
2438 481 2652 537 domum
2673 480 2885 537 Domini
2910 493 2957 537 et
2987 483 3203 538 domum
3230 500 3406 552 suam,
3433 494 3730 560 civitatesque;

540 583 731 639 uidebit
758 580 1016 637 mortem?
1041 578 1213 652 (Psal.
1240 580 1458 649 XLVIII.)
1487 579 1651 636 Unde
1670 579 1737 636 de
1782 580 1898 651 ipso
1927 581 2130 635 media-

539 683 661 733 tore
678 674 773 731 Dei
800 681 856 729 et
880 673 1158 729 hominum
1179 673 1234 727 in
1257 672 1468 744 psalmo
1492 674 1754 744 scriptum
1779 681 1864 728 est
1886 691 1898 726 :
1925 672 2001 727 De
2023 682 2130 726 tor-

539 778 685 826 rente
707 769 763 823 in
782 768 867 822 via
888 766 1039 835 bibit,
1056 776 1329 839 propterea
1350 765 1597 823 exultavit
1621 775 1776 838 caput
1801 766 1971 839 (Psal.
1993 767 2125 839 CIII).

610 858 845 914 Torrens
884 856 987 912 fuit
1028 857 1335 913 turbulenta
1377 859 1682 927 persecutio
1719 857 2028 915 Iudaeorum
2060 857 2125 912 de

535 965 642 1023 qua
668 950 928 1006 Dominus
949 948 1200 1005 Christus
1219 949 1356 1005 bibit
1386 950 1439 1004 in
1466 950 1576 1016 via,
1602 950 1656 1005 id
1680 958 1784 1017 est,
1812 949 1868 1005 in
1890 948 1992 1004 hac
2012 948 2126 1002 vita

534 1044 664 1100 dum
684 1058 913 1114 corpore
939 1043 1182 1114 pertulit,
1206 1052 1258 1097 et
1281 1056 1404 1098 cum
1433 1043 1487 1097 in
1513 1043 1602 1097 via
1626 1043 1844 1108 dicitur,
1874 1042 2021 1097 illata
2043 1042 2126 1097 vis

529 1138 856 1205 ostenditur,
895 1146 951 1193 et
987 1137 1361 1194 velocissimus
1398 1138 1662 1193 transitus
1703 1137 1991 1201 indicatur,
2028 1152 2126 1207 per

529 1246 696 1301 quam
740 1231 1059 1286 itinerantes
1084 1230 1203 1285 vehi
1234 1231 1411 1286 solent
1448 1230 1516 1285 ad
1544 1230 1709 1285 aliam
1750 1230 2121 1298 mansionem;

528 1324 751 1382 Christo
769 1325 913 1379 enim
939 1332 1163 1396 propter
1188 1324 1435 1394 gloriosae
1460 1325 1712 1379 meritum
1734 1322 2002 1392 passionis
2026 1323 2123 1377 da-

527 1426 639 1471 tum
662 1426 738 1472 est
771 1432 959 1471 nomen
984 1417 1123 1488 quod
1156 1427 1229 1472 est
1255 1433 1411 1487 super
1435 1433 1586 1471 omne
1620 1432 1827 1480 nomen,
1858 1424 1916 1469 ut
1942 1417 1997 1470 in
2029 1432 2122 1470 no-

527 1510 669 1564 mine
689 1508 804 1580 ejus
825 1526 975 1564 omne
997 1526 1133 1580 genu
1157 1510 1402 1579 ﬂectatur
1439 1508 1724 1563 caelestium
1744 1548 1761 1574 ,
1794 1510 2120 1564 terrestrium

527 1607 577 1653 et
600 1599 926 1669 infernarum
956 1598 1178 1672 (Philip.
1224 1600 1307 1671 II).
1359 1598 1549 1655 Omnis
1579 1616 1708 1673 ergo
1752 1600 1918 1657 Israel
1944 1618 1973 1657 a
2004 1603 2122 1660 rivo

525 1690 751 1765 [Egypti
776 1709 951 1763 usque
978 1695 1172 1750 Ematb
1201 1694 1396 1750 festum
1427 1694 1640 1750 celebre
1665 1710 1791 1751 eum
1834 1694 2121 1752 Salomone

523 1784 753 1854 faciunt,
780 1790 999 1858 quando
1020 1789 1196 1844 sancti
1220 1798 1342 1859 post.
1372 1789 1535 1844 tinem
1565 1791 1851 1860 prmsentis
1882 1792 2006 1848 vitae
2030 1807 2121 1847 ve—

2232 572 2447 627 dederat
2478 561 2671 627 Hiram
2712 566 2982 629 Salomoni
3024 570 3335 645 aediﬁcavit,
3385 582 3433 631 et
3465 572 3660 636 habitare
3689 584 3732 639 iii

2230 664 2350 735 fecit
2374 662 2513 735 ﬁlios
2550 662 2739 721 Israel.
2789 662 2928 735 Quid
2962 675 3046 724 est
3085 670 3226 739 quod
3256 668 3456 726 dicitur
3493 670 3647 731 Hiram
3675 674 3733 734 de

2229 754 2373 814 disse
2403 756 2682 816 Salomoni
2713 758 2962 818 civitates
2985 779 3123 834 quas
3162 763 3277 834 ipse
3306 759 3551 824 Salomon
3573 764 3734 832 aediﬁct—

2228 852 2366 905 verit
2393 861 2448 907 et
2473 850 2719 909 habitare
2744 846 2938 910 fecerit
2964 848 3038 910 ibi
3065 854 3204 912 ﬁlios
3234 853 3421 925 Israel,
3450 875 3561 916 cum
3583 854 3627 917 in
3647 860 3734 923 libro

2227 942 2433 1016 Regum
2463 942 2634 1019 magis
2664 956 2918 1003 narretur
2957 948 3104 1021 quod
3143 968 3248 1007 non
3292 952 3475 1009 Iliram
3518 953 3732 1027 Salomoni,

2226 1032 2319 1091 sed
2356 1035 2610 1093 Salomon
2642 1037 2831 1095 Hiram
2861 1039 3053 1115 viginti
3096 1040 3293 1115 oppida
3337 1042 3392 1101 in
3435 1054 3565 1102 terra
3587 1048 3732 1108 Galilei

2227 1122 2502 1184 dedisset?
2528 1129 2679 1187 Unde
2702 1150 2939 1204 egressus
2963 1145 3037 1190 est
3066 1132 3257 1190 Hiram
3284 1135 3350 1192 de
3381 1130 3513 1209 Tyro
3539 1153 3585 1195 ut
3610 1144 3734 1201 vitae!

2225 1219 2415 1291 oppida
2446 1240 2563 1294 qua:
2589 1221 2804 1280 dederat
2833 1227 2881 1281 ei
2914 1225 3189 1283 Salomon.
3236 1222 3347 1284 Sed
3392 1244 3490 1285 non
3512 1232 3734 1303 placuerunt

2223 1316 2270 1369 ei
2294 1325 2339 1370 et
2360 1304 2467 1371 ait}
2494 1314 2740 1375 Ha'ccine
2760 1330 2879 1375 sunt
2907 1322 3137 1377 civitates
3162 1338 3297 1395 quas
3325 1322 3513 1379 dedisti
3538 1329 3655 1394 mihi,
3672 1332 3736 1401 [ra-

2222 1405 2339 1459 ter?
2365 1405 2435 1461 Et
2471 1407 2749 1479 appellavit
2776 1429 2864 1467 eas
2906 1423 3100 1468 terram
3125 1406 3336 1470 Chabul
3376 1435 3530 1489 usque
3565 1416 3622 1473 ad
3652 1422 3734 1477 dies

2223 1494 2357 1552 hanc
2399 1492 2520 1571 (ΙΙΙ
2548 1496 2675 1573 Reg.
2704 1502 2803 1575 Ix).
2855 1500 3009 1560 Hanc
3050 1522 3183 1579 ergo
3224 1506 3442 1564 Hebrmi
3490 1509 3555 1564 ita
3595 1512 3733 1568 solvunt

2223 1590 2608 1661 qumstionem,
2654 1604 2713 1650 ut
2756 1596 2941 1652 dicant
2988 1598 3132 1668 ipsas
3166 1596 3364 1673 viginti
3407 1594 3625 1660 civitatm
3652 1622 3734 1675 quas

2222 1682 2447 1739 dederat
2478 1684 2733 1743 Salomon
2763 1682 2949 1744 [liram
2978 1688 3094 1763 regi
3123 1702 3232 1751 non
3277 1704 3524 1764 acceptas
3551 1692 3677 1752 fuisse
3696 1700 3734 1754 ab

2221 1790 2307 1842 eo,
2340 1776 2433 1831 sed
2472 1780 2647 1851 magis
2691 1791 2921 1852 spretus.
2968 1778 3121 1840 Unde
3170 1782 3433 1843 Salomon
3458 1780 3586 1859 quod
3616 1780 3734 1845 Hiram

525 1882 728 1937 racitcr
774 1883 991 1937 aeternis
1040 1884 1251 1953 gaudiis
1297 1900 1421 1939 cum
1466 1885 1699 1940 Domino
1737 1886 1953 1942 Christo
1999 1904 2110 1959 per-

2227 1885 2320 1926 eas
2351 1870 2552 1929 hahere
2583 1874 2773 1942 noluit,
2803 1878 3036 1948 propriis
3061 1874 3397 1936 utilitatibus
3422 1880 3671 1952 deputavit.

524 1974 801 2030 fruuntur.
831 1976 984 2043 Quod
1006 1988 1185 2032 autem
1214 1986 1421 2048 septem
1442 1987 1496 2035 et
1524 1987 1730 2049 septem
1761 1981 1948 2037 diebus
1975 1996 2124 2037 eam-

524 2068 647 2125 dem
690 2068 1041 2126 lestivitatem
1082 2071 1385 2137 celebrant,
1432 2072 1740 2143 signiﬁcare
1771 2082 1950 2143 potest
1977 2074 2121 2146 quod

523 2163 682 2217 electi
716 2178 815 2233 per
864 2163 1235 2233 septiformem
1269 2164 1502 2235 Spiritus
1538 2168 1709 2222 sancti
1740 2168 1968 2235 gratiam
1998 2168 2124 2223 illu-

521 2252 714 2307 minati
738 2262 793 2307 et
836 2255 996 2309 modo
1024 2254 1078 2308 in
1120 2255 1223 2310 hac
1253 2255 1364 2311 vita
1384 2295 1400 2321 ,
1430 2257 1522 2326 qui
1555 2258 1864 2327 septenario
1891 2274 2122 2316 numero

522 2344 733 2399 dierum
767 2346 1045 2411 discurrit,
1072 2348 1311 2418 gaudent
1339 2348 1393 2403 in
1428 2363 1542 2417 spe,
1569 2357 1625 2404 et
1649 2357 1779 2406 tunc
1806 2350 1861 2405 in
1891 2352 2121 2407 sabbato

522 2450 673 2501 vero,
700 2437 803 2491 hoc
827 2445 911 2492 est
940 2438 995 2492 in
1021 2437 1202 2493 lutura
1233 2440 1536 2494 animarum
1567 2441 1773 2510 requie,
1802 2441 2040 2513 gaudent
2065 2443 2119 2498 in

519 2525 691 2597 ipsius
720 2528 967 2583 veritatis
994 2531 1360 2599 perceptione.

592 2615 770 2687 Igitur
797 2620 855 2674 in
881 2619 968 2673 die
991 2621 1232 2676 uicesimo
1262 2622 1418 2677 tertio
1439 2622 1637 2678 mensis
1658 2625 1888 2697 septimi,
1919 2625 2119 2684 dimisit

516 2707 742 2777 populos
782 2710 851 2763 ad
890 2711 1231 2766 tabernacula
1258 2730 1359 2768 sua
1387 2712 1626 2771 laetantes
1653 2725 1810 2788 atque
1834 2719 2120 2788 gaudentes

518 2814 678 2870 super
701 2799 857 2869 bona,
879 2803 1023 2874 quod
1047 2803 1244 2874 fecerat
1264 2804 1525 2862 Dominus
1544 2807 1718 2863 David
1745 2819 1793 2865 et
1817 2809 2115 2881 Salomoni,

518 2900 566 2945 et
609 2892 779 2947 Israel
806 2895 1000 2966 populo
1027 2913 1145 2952 suo.
1174 2898 1385 2954 Bonum
1415 2898 1622 2956 fecerat
1661 2900 1923 2958 Dominus
1947 2902 2119 2961 David

517 2983 667 3052 quia,
693 2985 918 3041 dimisso
939 2998 1166 3056 peccato
1192 2990 1363 3059 ipsius
1383 2993 1530 3062 quod
1553 2995 1828 3050 commisit
1850 2995 1904 3050 in
1929 2995 2119 3053 Uriam

516 3072 821 3142 Hetbaznm,
848 3094 1072 3148 regnum
1094 3084 1363 3137 concessit
1384 3083 1461 3139 illi
1489 3085 1544 3139 in
1570 3086 1993 3157 sempiternum;
2021 3090 2119 3145 bo-

513 3178 644 3218 num
672 3162 805 3221 fecit
844 3175 902 3223 et
943 3166 1241 3239 Salomoni,
1282 3173 1411 3243 quia
1455 3173 1606 3229 illum
1651 3191 1814 3246 quem
1849 3178 1915 3233 de
1944 3194 2117 3236 uxore

2296 1974 2367 2039 Et
2394 1986 2671 2055 aediﬁcavit
2696 1986 2951 2046 Salomon
2971 1990 3288 2064 Palmyram
3311 1996 3369 2050 in
3388 1996 3638 2064 desertam
3652 1998 3733 2054 alia

2224 2078 2455 2133 civitates
2502 2081 2884 2138 munitissimus
2928 2084 3208 2155 wdiﬁcaoit
3255 2088 3314 2141 in
3358 2088 3563 2144 Emam.
3598 2093 3732 2148 Debet

2221 2164 2493 2239 Iosephus
2539 2172 2615 2226 ita
2662 2182 2871 2229 narrat.
2916 2173 3162 2248 Cumque
3191 2194 3293 2235 rex
3324 2180 3566 2236 Salomon
3598 2184 3732 2239 videret

2223 2275 2410 2317 muros
2435 2277 2536 2331 pro
2574 2264 2877 2321 munimine
2905 2267 3150 2325 turribus
3177 2269 3449 2341 indigere,
3474 2272 3651 2345 aliaque
3674 2276 3733 2329 ωξο

2222 2353 2389 2421 tione,
2433 2370 2563 2410 nam
2610 2359 2908 2415 secundum
2956 2361 3197 2419 civitatis
3246 2367 3497 2424 meritum
3537 2372 3732 2440 oporteat

2221 2445 2387 2501 etiam
2433 2448 2707 2517 copiosam
2751 2464 2873 2506 esse
2919 2453 3325 2513 munitionibus
3367 2474 3638 2523 murorum,
3663 2460 3731 2514 hac

2220 2539 2401 2597 eﬂ'ecit
2433 2549 2489 2596 et
2514 2542 2755 2599 turribus
2782 2545 3059 2603 civitatem
3087 2550 3389 2622 praecipuis
3405 2554 3550 2608 valde
3570 2554 3728 2611 circan-

2221 2631 2391 2688 dedit.
2420 2633 2490 2688 Et
2512 2642 2637 2703 post
2661 2650 2832 2705 pauca
2859 2655 2873 2691 :
2902 2637 3145 2710 Per-gens
3175 2642 3230 2696 in
3264 2645 3532 2700 desertum
3568 2648 3730 2716 mpero

2222 2723 2300 2779 ris
2333 2723 2526 2796 Syriae,
2563 2741 2797 2796 eamque
2830 2729 3072 2799 capiens,
3116 2735 3407 2791 constituit
3447 2736 3513 2792 ibi
3538 2737 3727 2793 civitatem

2222 2818 2514 2873 maximam
2543 2820 2776 2875 duorum
2802 2820 3015 2878 dierum
3062 2823 3262 2883 itinere
3290 2844 3321 2887 a
3360 2827 3510 2902 Syria
3535 2829 3728 2899 superiore

2221 2909 2539 2977 distantem,
2566 2912 2635 2967 ab
2673 2912 2951 2984 Euphrate
2983 2931 3115 2972 vero
3156 2919 3345 2988 unius,
3371 2930 3429 2979 et
3456 2921 3648 2977 maxime
3665 2918 3725 2973 Ba-

2220 3002 2419 3073 bylone
2447 3018 2544 3059 sex
2568 3006 2946 3063 mansionibus
2972 3009 3161 3078 procul
3192 3013 3515 3073 obstantem.
3537 3012 3725 3079 QIIon

2223 3102 2331 3149 tem
2371 3095 2488 3151 haec
2521 3096 2717 3152 civitas
2759 3114 2791 3153 a
2835 3099 3084 3169 partibus
3123 3102 3507 3161 babitahilibus
3536 3100 3721 3175 Syrieiu

2220 3185 2446 3253 destitit,
2472 3189 2590 3246 haec
2616 3206 2779 3246 causa
2812 3201 2920 3259 est,
2946 3195 3093 3263 quod
3118 3196 3175 3249 in
3213 3197 3470 3255 inferiore
3498 3207 3617 3254 terra
3635 3208 3721 3265 aqu

513 3255 813 3329 alienigena
856 3270 1042 3317 natum
1085 3263 1169 3318 lex
1196 3266 1521 3335 prohibebat
1561 3267 1860 3325 Ecclesiam
1894 3270 1992 3326 Dei
2029 3272 2115 3328 in-
2140 3250 2187 3314 C
2217 3250 2488 3347 nusquam
2528 3280 2817 3347 invenitur,
2957 3250 3054 3340 illo

511 3357 682 3418 trare,
712 3370 822 3409 non
852 3356 1027 3412 solum
1052 3359 1277 3415 introire
1316 3364 1595 3431 permisit,
1627 3366 1721 3420 sed
1746 3366 1911 3422 etiam
1942 3383 2113 3440 regno

510 3442 844 3500 sublimavit.
889 3446 1095 3504 Bonum
1138 3450 1269 3506 fecit
1305 3460 1362 3507 et
1398 3453 1585 3510 lsraeli
1623 3457 1822 3527 pepulo
1856 3474 1976 3525 suo,
2023 3460 2112 3516 cui

509 3540 638 3602 post
671 3542 877 3591 tantam
904 3540 1305 3597 multitudinem
1326 3547 1842 3613 praevaricationum
1868 3566 1977 3620 qua
2005 3552 2110 3609 Do-

509 3625 646 3679 mini
680 3629 938 3685 mandata
980 3635 1377 3691 contemnendo
1407 3651 1550 3707 saepe
1583 3642 1912 3711 transgressi
1959 3652 2106 3710 sunt,

508 3719 770 3787 templum
798 3722 1396 3793 magniﬁcentissimum
1436 3744 1539 3803 pro
1565 3730 1715 3787 cultu
1760 3749 1859 3790 suo
1903 3735 2108 3792 habere

502 3810 786 3877 permisit;
820 3820 877 3867 et
904 3815 1145 3884 requiem
1171 3817 1243 3872 de
1265 3818 1510 3875 hostibus
1538 3822 1780 3891 undique
1802 3839 1910 3878 non
1938 3840 2106 3895 parvo

510 3908 755 3970 tempore
775 3907 1066 3973 concessit,
1098 3907 1275 3965 donec
1304 3912 1548 3980 peccatis
1567 3914 1818 3983 pristinis
1843 3932 1985 3972 nova
2010 3920 2107 3974 ad-

498 3990 757 4056 jicientes
778 3995 1073 4053 vindictam
1099 4001 1351 4057 meritam
1370 4003 1515 4073 juste
1543 4017 1923 4075 perceperunt.
1950 4008 2105 4076 Quod

2214 3367 2394 3425 fontes
2424 3379 2483 3425 et
2516 3372 2663 3442 putei
2692 3373 2857 3430 nimis
2882 3376 3247 3433 abundarent.
3292 3380 3441 3437 Hane
3472 3378 3719 3451 itaquead-

2213 3459 2387 3517 licans
2429 3462 2708 3519 civitatem
2752 3475 2808 3521 et
2852 3468 3027 3524 muris
3066 3470 3511 3529 eminentissimis
3534 3487 3629 3533 eam
3654 3470 3719 3524 eit-

2214 3571 2338 3612 cum
2359 3564 2569 3627 tegens,
2609 3558 2923 3617 Thadamur
2948 3562 3263 3633 appellavit,
3305 3576 3361 3623 et
3387 3567 3615 3625 hactenus
3631 3561 3719 3633 ιριύ

2213 3645 2399 3719 Syrios
2434 3650 2512 3703 ita
2540 3650 2843 3719 dicebatur,
2873 3668 3037 3723 quam
3064 3654 3241 3713 Graeci
3263 3658 3553 3730 Palmyrant
3571 3657 3715 3711 rotant.

2281 3740 2664 3815 Exstrua'itque
2692 3743 2958 3802 Bethoron
2994 3751 3323 3819 superiorem
3358 3761 3405 3805 et
3432 3745 3716 3807 Brittoma-

2209 3832 2455 3902 fet-iorem
2485 3834 2718 3890 civitates
2742 3849 3004 3905 muretus,
3033 3840 3286 3897 habentes
3307 3852 3501 3913 partes,
3530 3850 3573 3897 et
3595 3845 3715 3896 reddi

2207 3936 2256 3980 et
2277 3943 2442 3982 seras.
2466 3928 2698 3985 Balaatli
2718 3930 2875 3985 etiam
2901 3940 2949 3986 et
2970 3920 3323 3991 omnes‘urbes
3343 3936 3716 4000 ﬁrmissimam

2206 4019 2418 4088 fuerunt
2472 4020 2792 4078 Salomonis.
2846 4024 3124 4081 Bethoron
3168 4028 3365 4084 civitas
3401 4037 3482 4092 es)
3522 4026 3578 4081 ad
3609 4030 3714 4092 qm

506 4090 691 4139 autem
727 4085 952 4155 dicitur,
991 4090 1119 4159 quia
1166 4092 1221 4146 in
1267 4094 1353 4151 die
1397 4096 1657 4152 vicesimo
1699 4099 1860 4157 tertio
1900 4104 2104 4160 mensis

502 4174 743 4244 septimi,
776 4179 882 4234 hoc
912 4190 997 4237 est
1019 4199 1118 4253 per
1141 4192 1389 4242 octavam
1411 4185 1758 4260 Scenopegiae
1785 4190 2099 4251 solemnila-
2204 4174 2336 4260 cidit
2371 4206 2429 4260 in
2473 4174 2682 4265 sortem
2727 4206 2960 4265 ﬁliorum
3003 4207 3222 4281 Ioseph,
3268 4214 3325 4271 id
3364 4174 3464 4281 θεῖ,
3505 4207 3711 4282 ΕΡδηίπ*

503 4266 578 4324 tis
600 4268 765 4336 diem,
796 4279 856 4327 ut
885 4273 943 4328 in
969 4274 1111 4333 libro
1136 4276 1345 4349 Regum
1372 4280 1593 4346 dicitur,
1619 4283 1875 4340 dimissus
1901 4286 1973 4341 sit
1999 4302 2097 4357 po-
2204 4297 2343 4356 sunt
2382 4307 2565 4356 autem
2596 4300 2709 4356 duo
2734 4301 2839 4357 vici
2870 4266 3491 4364 duodecimowl'erwmevab
3515 4266 3636 4361 liciis
3663 4299 3711 4353 ιν

500 4359 664 4429 putus
695 4378 726 4417 a
765 4362 1056 4424 Salomone
1096 4369 1178 4426 ire
1212 4371 1268 4426 in
1299 4373 1649 4430 tabernacula
1680 4392 1798 4443 sua,
1828 4379 2100 4451 signiﬁcat
2200 4394 2327 4464 piae
2359 4394 2663 4466 Nicopolim
2693 4359 3078 4467 pergentibus;
3094 4359 3708 4473 antedi-

496 4463 623 4523 post
649 4454 816 4514 ﬁnem
848 4460 1008 4518 istius
1031 4462 1180 4529 vita,
1211 4473 1443 4536 postque
1468 4468 1861 4525 sabbatismum
1888 4472 2097 4527 anima-

2212 4454 2342 4542 eitur
2380 4454 2654 4543 Bethoron
2689 4454 2958 4558 superior,
2990 4504 3153 4562 quem
3181 4454 3463 4549 aediﬁcavit
3503 4488 3704 4546 Salomon.

497 4560 621 4649 ι’ξξω
646 4558 978 4619 "Mummi
1005 4569 1128 4624 qua!
1150 4572 1296 4612 nunc
1319 4559 1606 4628 (ἰυίθεουηῐ
1631 4571 1758 4618 ante
1783 4563 1926 4619 diem
1947 4563 2097 4633 Indi-
2120 4639 2170 4655 “
2199 4589 2256 4634 et
2279 4580 2418 4636 alios
2445 4581 2721 4636 Bethoron
2751 4581 2977 4639 inferior
3001 4558 3162 4640 datus
3190 4584 3394 4643 Levitis
3410 4586 3463 4641 in
3487 4576 3705 4655 possessio"

495 4637 591 4702 cii,
622 4640 679 4694 in
705 4648 899 4697 octava
924 4653 1109 4713 atate,
1147 4649 1251 4703 hoc
1289 4658 1375 4706 est
1417 4651 1473 4707 in
1514 4653 1601 4708 die
1630 4653 2091 4725 Resurrectionis,
2116 4639 2173 4699 Π
2196 4686 2344 4727 nem,
2379 4672 2603 4729 Balaam
2630 4682 2809 4728 auiam
2834 4637 3138 4731 civitas
3178 4678 3232 4732 in
3277 4678 3415 4735 ιτίιιη
3439 4637 3573 4733 tarda.
3607 4668 3702 4724 Pra-

494 4738 716 4786 sanctos
740 4742 1057 4805 recepturos
1077 4755 1306 4810 corpora
1333 4743 1663 4801 immortalia
1690 4756 1745 4802 et
1771 4749 1826 4803 in
1854 4753 2092 4807 mansio-
2199 4774 2347 4821 terea
2378 4766 2498 4821 alia,
2522 4766 2773 4824 civitates
2799 4768 2962 4824 simili
2990 4771 3153 4827 modo
3176 4772 3233 4827 in
3263 4772 3402 4829 Libro
3429 4770 3701 4841 [tegulam-

492 4823 655 4913 nibus
680 4825 992 4886 cwlestibus
1019 4847 1267 4903 quosque
1287 4836 1583 4892 secundum
1613 4840 1930 4898 meritorum
1956 4859 2091 4913 qua-

489 4912 677 4973 litates
702 4919 1068 4981 collocandos.
1111 4924 1209 4981 Ubi
1248 4942 1462 4999 semper
1502 4931 1669 4987 alacri
1698 4933 1864 4990 corde
1903 4912 2088 4991 laetan—
2196 4950 2392 5021 geddo,
2418 4958 2473 5005 et
2511 4948 2706 5016 Gazer,
3313 4912 3429 5025 quae
3636 4953 3698 5014 Ρεῐ

2206 4127 2381 4182 usque
2405 4111 2573 4169 Iosue
2598 4124 2923 4184 persecutus
2948 4126 3033 4174 est
3064 4118 3317 4178 inimicos
3355 4136 3520 4192 reges,
3552 4129 3644 4188 αυτ
3660 4126 3713 4168 ⁸⁸·

2196 4865 2418 4913 strch
2447 4873 2477 4912 a
2523 4856 2814 4914 Salomone
2840 4871 3154 4929 narrantur,
3196 4862 3298 4919 hoc
3341 4870 3421 4918 est
3459 4861 3595 4919 Ezer,
3628 4851 3699 4906 lb-
3808 4851 3809 4919 Ὺ

488 5011 584 5064 tur
604 5010 903 5079 gaudentes
926 5023 985 5070 et
1010 5015 1295 5074 laudantes
1324 5020 1609 5076 Dominum
1646 5038 1810 5093 super
1834 5028 2089 5084 omnibus

485 5096 645 5157 lanis
664 5116 788 5173 qua)
814 5106 868 5161 in
895 5107 1127 5166 Domino
1152 5112 1373 5169 Christo
1399 5113 1562 5171 Pater
1586 5119 1928 5188 omnipotens
1953 5136 2085 5177 con-

485 5188 612 5246 tulit
637 5196 836 5265 populo
852 5197 1188 5259 Christiano.

1081 5314 1311 5375 CAPUT
1353 5320 1483 5379 VIII.

483 5394 918 5497 De.
954 5412 1223 5497 egercitus.
1244 5412 1569 5497 Salomonis,
1590 5428 1658 5497 .et
1691 5418 1887 5497 Levitis
1925 5433 2082 5497 atque

554 5474 912 5553 sacerdotibus
934 5479 1001 5533 ab
1024 5498 1084 5535 eo
1108 5484 1365 5541 ordinatis
1391 5489 1447 5543 in
1472 5474 2072 5551 ωέήίειενίαὴίῠοῆέῖιᾶὲῖ

558 5538 659 5595 Ubi
686 5542 941 5630 Salomon
965 5566 1118 5607 naves
1145 5538 1518 5630 transmisit
1540 5559 1725 5630 Opltir,
1753 5574 1807 5617 ut
1834 5538 1956 5621 inde

685 5616 784 5701 sibi
809 5616 1179 5701 deP""“'}‘"£i
1202 5636 1248 5701 et
1271 5622 1332 5680 de
1362 5631 1540 5701 regina
1567 5616 1729 5687 Saba:

557 5679 743 5765 Eiram
777 5679 893 5765 cum
924 5693 1082 5747 servis
1119 5679 1443 5753 Salomonis“
1457 5702 1739 5758 attulerunt
1764 5679 1969 5763 “iturum
2007 5727 2074 5765 ea:

551 5751 706 5821 Ohir,
734 5770 782 5811 et
812 5760 955 5830 ligna
982 5765 1181 5834 thyma,
1208 5778 1257 5821 et
1286 5751 1522 5838 gmina
1539 5751 1963 5841 ῥῖέιῖόέίιὲἑὲἱιὶὶέξ

552 5845 789 5919 Εεριειὶε
808 5863 981 5910 autem
1008 5855 1185 5929 viginti
1209 5862 1363 5916 amris
1383 5873 1660 5936 postquam
1670 5868 1949 5939 wdi/icasit
1966 5871 2072 5928 Sa-

2194 5042 2431 5097 nominis
2460 5043 2543 5097 sui
2586 5044 2906 5115 mysterium
2938 5056 3140 5103 sancta
3181 5048 3433 5104 Ecclesiae
3468 5043 3695 5101 monstra“

2192 5133 2466 5197 decorem,
2498 5148 2663 5202 quam
2689 5149 2854 5189 verus
2883 5133 3140 5193 Salomon
3170 5139 3223 5193 in
3259 5137 3570 5210 jucunditale
3592 5123 3692 5197 reil‘li

2189 5225 2273 5281 sui
2300 5227 2369 5282 ad
2397 5224 2610 5282 laudem
2639 5236 2696 5283 et
2735 5230 3123 5299 sempiternam
3167 5232 3407 5290 laetitiam
3431 5230 3521 5287 sibi
3542 5235 3690 5299 μήνι’

2186 5318 2346 5374 ravit.
2396 5319 2789 5390 Interpretatur
2833 5330 3017 5379 autem
3051 5323 3215 5382 Melle
3253 5325 3559 5399 adimpletio;
3596 5316 3691 5372 Εῑθτ

2182 5418 2457 5482 separatus
2480 5453 2497 5479 ,
2550 5410 2637 5468 vel
2688 5414 3089 5483 sanctiﬁcante;
3144 5416 3398 5489 Mageddo
3440 5404 3687 5469 cade

2180 5503 2332 5573 ejus;
2378 5503 2556 5561 Gazer
2597 5506 2860 5575 precisio,
2901 5507 2985 5563 vel
3015 5510 3223 5565 divisio.
3273 5511 3519 5565 Bethoron
3553 5501 3684 5557 εἰσιν

2182 5595 2459 5661 montium,
2488 5605 2543 5651 et
2567 5594 2792 5652 Balaath
2817 5599 3103 5655 ascendens
3132 5600 3513 5672 interpretatur.
3539 5592 3681 5647 Sam“

2179 5700 2311 5754 ergo
2338 5686 2578 5743 Ecclesia
2608 5687 2803 5747 civitas
2828 5689 2927 5747 Dei
2954 5692 3063 5747 vivi
3094 5701 3197 5757 est,
3230 5696 3317 5751 ubi
3347 5691 3567 5762 impletur
3588 5692 3680 5751 ill”

2180 5778 2311 5833 tidie
2342 5778 2434 5834 Dei
2466 5779 2739 5846 voluntas,
2773 5782 2889 5837 haec
2922 5792 3172 5853 separata
3202 5787 3268 5842 ab
3294 5784 3430 5841 omni
3451 5788 3602 5838 errore

2178 5874 2415 5931 ﬁdelium
2442 5876 2780 5937 sanctiﬁcata
2806 5885 2889 5935 est
2915 5878 2972 5939 in
2993 5878 3099 5937 fide
3131 5888 3189 5943 et
3204 5881 3355 5943 bonis
3375 5873 3600 5953 operibus.
3622 5860 3676 5925 ιω
