3920 6470
182 354 300 414 469

1114 334 1469 413 COMMENT.
1510 334 1577 393 IN
1616 331 2179 391 PARALIPOMENA.
2219 362 2291 375 —-
2326 333 2455 391 LIB.
2492 332 2580 393 lli.

3364 338 3474 398 470

182 469 420 533 refectio
439 467 702 525 virtutum
727 472 832 531 est,
855 462 973 519 haec
1006 459 1268 517 discernit
1289 458 1550 515 mundum
1581 458 1648 513 ab
1678 457 1780 512 im—
1805 461 1861 523 Α
1885 460 2012 529 quia
2054 459 2171 530 ipse
2213 458 2591 517 universorum
2620 461 2926 521 dominator
2963 473 3068 532 est,
3114 474 3167 522 ei
3196 465 3277 523 eis
3303 466 3476 525 υιίιυι-

183 565 419 635 mundo,
450 562 679 618 virtutes
706 569 738 614 a
761 556 941 624 vitiis;
970 563 1026 615 et
1051 555 1242 611 domus
1265 561 1348 609 est
1389 552 1653 608 montium
1677 591 1693 619 ,
1727 550 1781 606 id

186 667 304 726 at,
346 654 612 714 habitatio
658 660 999 716 sanctorum,
1046 655 1101 703 et
1147 646 1328 701 fructu
1370 644 1596 716 iustitiae
1642 644 1784 699 sicut

183 752 373 824 palma
399 746 603 804 ﬂorens
629 742 873 800 ascendit
899 742 966 797 de
986 739 1186 796 virtute
1211 739 1267 794 in
1294 738 1549 792 virtutem
1566 775 1583 801 ,
1611 743 1672 792 ut
1703 734 1784 788 vi-

187 845 319 901 deat
359 842 529 898 Deum
553 840 778 895 deorum
807 835 861 890 in
906 832 1055 891 Sion.
1102 831 1304 888 Omnes
1328 830 1479 885 vicos
1502 828 1594 898 qui
1627 828 1696 882 ad
1722 842 1783 882 se

186 934 537 1006 pertinebant
563 937 618 986 et
651 928 926 999 quierant
952 926 1156 993 absque
1180 937 1337 977 niuro
1365 920 1595 975 munivit
1623 917 1779 972 Salo-

188 1044 342 1095 mon,
388 1026 513 1096 quia
544 1022 795 1078 Christus
837 1029 1010 1075 coetus
1050 1016 1284 1071 ﬁdelium
1330 1029 1549 1069 suorum
1594 1011 1783 1083 gratiae

188 1134 304 1174 suae
330 1116 663 1189 protectione
686 1115 760 1169 ita
781 1111 1030 1176 munivit,
1061 1116 1122 1164 ut
1146 1108 1392 1165 hostibus
1411 1104 1781 1179 spiritualibus

186 1225 409 1279 semper
437 1204 825 1279 insuperabiles
855 1204 1169 1259 existerent.

264 1301 457 1356 Omnia
495 1313 816 1371 quwcunque
845 1294 1004 1349 voluit
1040 1291 1291 1347 Salomon
1318 1300 1472 1361 atque
1503 1288 1777 1359 disposuit,

185 1395 467 1465 (edi/iram
507 1394 563 1447 in
594 1388 910 1454 Jerusalem,
940 1397 987 1442 et
1028 1389 1084 1443 in
1124 1385 1346 1450 Libano,
1381 1394 1428 1438 et
1458 1384 1512 1437 in
1543 1383 1782 1437 universa

187 1501 332 1545 terra
356 1486 625 1558 potestatis
655 1501 783 1540 sure.
835 1481 988 1549 Quod
1016 1482 1107 1536 hic
1135 1479 1334 1535 dicitur
1357 1479 1411 1532 in
1443 1477 1667 1539 Libano,
1696 1474 1783 1530 vel

188 1580 452 1651 templum
497 1578 768 1649 signiﬁcat
812 1575 955 1645 quod
985 1573 1271 1629 cedrorum
1301 1570 1498 1626 decore
1528 1568 1780 1624 vestitum

184 1681 311 1728 erat
338 1671 500 1727 simul
527 1680 583 1725 et
610 1669 729 1723 auri
762 1667 978 1747 laminis
1004 1667 1058 1721 in
1088 1681 1152 1720 ea
1177 1663 1427 1729 conﬁxis,
1453 1660 1612 1730 juxta
1649 1660 1781 1716 illud

184 1768 331 1836 quod
357 1766 413 1821 in
433 1765 694 1825 Zacharia
720 1765 977 1833 scriptum
1004 1769 1089 1817 est
1110 1777 1123 1815 :
1148 1762 1324 1831 Aperi,
1356 1760 1572 1825 Libane,
1600 1768 1779 1831 portas

1890 550 1959 607 ad
1990 565 2140 607 suam
2171 550 2523 623 voluntatem,
2571 552 2627 609 in
2659 555 2814 626 cujus
2858 557 3135 614 voluntate
3177 568 3305 615 sunt
3352 562 3476 617 uni-

1887 656 2046 698 versa
2070 643 2269 712 posita.
2316 643 2476 700 Tales
2516 643 2646 702 licet
2693 648 2748 703 in
2776 649 2960 706 multis
2984 651 3357 720 adversentur,
3390 661 3473 709 ta—

1887 751 2014 792 men
2050 735 2364 808 l'requenter
2407 740 2594 797 usibus
2639 744 2881 800 serviunt
2930 745 3208 816 Ecclesiae,
3253 764 3378 806 cum
3415 751 3472 805 in

1885 832 2140 902 praesenti
2184 839 2427 904 tempore
2473 838 2780 893 necessaria
2822 839 3087 907 tribuunt,
3117 850 3173 898 et
3200 842 3269 899 de
3310 844 3473 902 rebus

1887 924 2003 978 suis
2038 924 2231 980 solatia
2260 926 2520 998 praebent.
2552 928 2628 983 De
2658 928 2783 985 ﬁliis
2814 941 2993 989 autem
3018 935 3203 1003 Israel,
3233 937 3338 992 hoc
3367 944 3471 1005 est,

1884 1017 1976 1087 qui
2013 1033 2117 1071 non
2147 1017 2355 1072 ancilla:
2388 1018 2481 1074 ﬁlii
2511 1028 2658 1087 sunt,
2687 1022 2783 1077 sed
2825 1023 3031 1091 liberte,
3063 1042 3201 1097 quos
3230 1027 3347 1098 ipse
3378 1027 3471 1084 Fi-

1885 1107 1990 1163 lius
2018 1110 2113 1164 Dei
2143 1111 2406 1183 sanguine
2430 1127 2530 1168 suo
2558 1112 2825 1181 liberavit,
2866 1132 2975 1172 non
3000 1119 3288 1175 constituit
3316 1120 3472 1177 Salo-

1883 1218 2012 1258 mon
2063 1213 2249 1260 noster
2293 1207 2500 1263 servire
2528 1192 2880 1280 quamquam,
2909 1214 3052 1281 quod
3084 1216 3355 1271 neminem
3383 1232 3475 1274 oo-

1884 1297 1962 1368 git
1997 1297 2104 1353 ritu
2134 1298 2415 1369 gentilium
2442 1301 2648 1369 vivere,
2693 1304 2967 1359 neminem
2994 1307 3349 1364 cazremonias
3382 1325 3476 1366 ve-

1885 1387 2016 1443 teris
2050 1388 2184 1460 lcgis
2214 1392 2546 1463 temporibus
2575 1392 2711 1449 Novi
2739 1395 3074 1451 Testamenti
3097 1412 3348 1466 servare;
3377 1401 3475 1457 sed

1883 1480 2031 1535 viros
2058 1480 2346 1537 bellatores
2367 1498 2505 1551 esse,
2530 1485 2622 1555 qui
2652 1495 2838 1541 contra
2868 1488 3178 1557 spirituales
3203 1490 3476 1561 nequitias

1884 1578 2039 1626 scuto
2069 1571 2192 1626 ﬁdei
2222 1582 2275 1628 et
2313 1574 2491 1643 gladio
2522 1574 2756 1646 Spiritus
2783 1576 3072 1645 dimicent,
3103 1587 3157 1634 et
3193 1580 3475 1639 ministros

1885 1678 2011 1719 suos
2038 1663 2178 1730 ﬁeri,
2206 1666 2309 1721 hoc
2333 1675 2436 1733 est,
2467 1668 2700 1739 speciale
2720 1670 3037 1739 obsequium
3081 1671 3135 1725 in
3164 1672 3324 1727 bonis
3347 1688 3475 1744 ope-

1886 1754 2036 1809 ribus
2064 1755 2168 1810 sibi
2204 1758 2469 1825 przeberc,
2497 1766 2552 1813 et
2578 1760 2850 1830 principes
2882 1769 2937 1816 et
2967 1762 3151 1829 duces,
3180 1762 3388 1818 scilicet
3417 1771 3477 1820 ut
3566 1743 3583 1757 ’

182 1867 329 1924 tuas,
354 1867 401 1911 et
428 1855 661 1911 comedat
689 1857 823 1926 ignis
848 1855 1029 1909 cedros
1053 1862 1171 1907 tuas
1199 1852 1382 1925 (Zach.
1427 1853 1541 1924 x1);
1572 1852 1655 1908 vel
1680 1867 1779 1908 cae-
1808 1845 1857 1911 B
1882 1849 2023 1904 bene
2056 1850 2157 1903 sibi
2200 1852 2590 1921 principeutur,
2623 1861 2677 1909 et
2706 1856 2886 1910 carnis
2913 1855 3191 1911 lasciviam
3230 1860 3474 1927 dement,

184 1957 306 2005 tera
329 1948 553 2005 aediﬁcia
586 1947 731 2019 regia
759 1964 879 2019 qua:
905 1949 1152 2004 similiter
1178 1947 1335 2019 lignis
1362 1946 1596 2002 cedrinis
1625 1962 1656 2000 a
1686 1945 1772 2000 Li—

184 2045 332 2098 bano
357 2040 535 2097 ductis
557 2040 820 2095 aediﬁcata
850 2050 1026 2108 eram,
1069 2051 1128 2097 ut
1158 2040 1259 2095 fuit
1296 2039 1777 2095 armamentarium

180 2137 382 2191 domus
420 2135 590 2191 saltus
622 2133 848 2199 Libani,
892 2142 948 2189 et
990 2132 1092 2188 alia
1139 2132 1413 2188 nomiulla.
1460 2133 1556 2187 Cui
1593 2132 1777 2187 sensui

182 2227 521 2286 concordare
548 2226 760 2281 videtur
797 2225 1085 2294 Iosephus,
1115 2226 1206 2295 qui
1243 2227 1309 2281 de
1343 2223 1584 2279 aetiiﬁciis
1626 2223 1781 2278 Salo-

182 2320 365 2376 monis
390 2319 569 2373 taliter
596 2316 764 2373 refert
796 2336 807 2371 :
840 2317 1062 2372 Dilﬁcile
1092 2331 1323 2385 namque
1352 2325 1433 2369 est
1456 2329 1778 2370 enumerare

182 2412 618 2482 magnitudinem
650 2419 704 2465 et
736 2410 1053 2465 varietatem
1095 2410 1350 2463 domuum
1371 2446 1385 2475 ,
1424 2408 1779 2477 aularumque

181 2506 470 2576 regalium,
499 2514 698 2576 quanta
723 2514 881 2559 erant
901 2505 1135 2559 maxima
1162 2511 1218 2559 et
1242 2510 1444 2573 quanta
1474 2503 1664 2557 hortm)
1692 2502 1776 2557 in-

183 2598 388 2655 feriora
410 2608 466 2653 et
487 2607 685 2668 quanta
711 2600 812 2654 sub
840 2607 1008 2662 terra,
1032 2613 1153 2667 qua)
1172 2597 1341 2652 videri
1371 2612 1477 2651 non
1505 2602 1777 2665 poterant,

183 2707 291 2748 nec
323 2708 429 2747 non
472 2700 527 2746 et
554 2690 1013 2761 pulchritudinem
1044 2689 1367 2744 salariorum
1410 2696 1465 2743 et
1496 2685 1779 2741 viridario-

182 2801 311 2842 rum
337 2799 454 2857 qua
478 2795 635 2841 erant
664 2785 803 2839 facta
831 2783 1221 2838 delectabiliter
1250 2783 1316 2836 ad
1346 2790 1643 2851 aspectum,
1672 2795 1780 2850 quo

182 2888 379 2933 exusta
401 2892 628 2949 corpora
656 2883 878 2947 possent
902 2877 969 2930 ab
995 2883 1160 2930 aestus
1184 2874 1381 2929 ardore
1404 2872 1668 2943 refugere.
1690 2871 1777 2939 Et,

178 2980 251 3026 ut
278 2972 514 3027 breviter
557 2970 759 3036 dicam,
794 2978 963 3025 totam
1010 2969 1214 3041 regiam
1243 2969 1461 3023 domum
1492 2983 1558 3021 ex
1603 2966 1781 3036 lapide

181 3063 331 3130 albo,-
368 3070 425 3118 et
451 3064 640 3125 cedro.
667 3071 723 3119 et
752 3078 905 3127 auro,
938 3069 993 3116 et
1035 3068 1280 3132 argento,
1312 3058 1591 3131 splendido
1619 3057 1782 3112 nimis

183 3163 247 3211 et
267 3156 675 3226 opulentissime
700 3154 955 3210 instruxit
979 3169 993 3207 :
1018 3168 1265 3209 cameras
1283 3162 1338 3208 et
1361 3153 1595 3224 parietes
1615 3151 1781 3207 vesti-

1881 1940 1996 1995 sive
2031 1948 2092 1995 ut
2122 1942 2364 1999 subditos
2391 1943 2493 1998 sibi
2526 1945 2665 2001 bene
2692 1956 2915 2019 regant,
2948 1956 3004 2004 et
3031 1949 3087 2004 in
3117 1950 3368 2006 semitam
3384 1948 3474 2020 ju-

1879 2032 2044 2089 stitite
2069 2030 2289 2088 ducant.

1956 2120 2148 2178 Omnes
2185 2134 2357 2179 autem
2399 2127 2657 2200 principes
2696 2133 2953 2187 exercitus
2988 2135 3124 2204 regis
3172 2131 3471 2193 Salomonis

1882 2216 2096 2286 [uerunt
2129 2218 2341 2274 ducenti
2362 2221 2739 2293 quinquaginta
2765 2227 3175 2296 quierudiebant
3197 2230 3469 2303 populum.

1882 2307 2261 2382 Constatergo
2304 2328 2587 2368 numerum
2628 2319 3000 2374 centenarium
3044 2322 3139 2390 qui
3166 2322 3221 2376 in
3250 2337 3473 2395 compu-

1880 2409 1940 2456 to
1968 2402 2257 2473 digitorum
2305 2404 2371 2459 de
2398 2404 2531 2460 larva
2554 2408 2882 2464 transfertur
2915 2411 2970 2466 iu
3014 2412 3294 2468 dexteram
3336 2430 3470 2471 non-

1880 2513 2158 2567 nunquam
2186 2498 2239 2553 in
2268 2497 2565 2571 Scripturis
2586 2504 2711 2559 vitai
2738 2505 2973 2562 caelestis
2994 2508 3196 2564 habere
3217 2509 3467 2582 ﬁguram.

1883 2589 2014 2659 Quae
2051 2593 2193 2648 sicut
2238 2593 2426 2650 dextra
2459 2595 2624 2663 laevae,
2658 2597 2733 2652 ita
2769 2599 2966 2654 merito
3010 2601 3136 2656 vitae
3186 2602 3472 2673 praefertur

1878 2685 2138 2756 praesenti
2166 2686 2321 2756 cujus
2348 2688 2607 2743 nimirum
2647 2693 2855 2747 numeri
2889 2694 3145 2764 frequens
3185 2695 3241 2749 in
3277 2696 3475 2753 divinis

1881 2773 2079 2831 litteris
2131 2777 2452 2848 mysterium
2521 2781 2807 2849 reperitur.
2858 2782 3293 2841 Ediﬁcationem
3335 2801 3476 2841 arcm

1881 2866 1996 2923 Noe
2006 2869 2305 2926 centesimo
2317 2886 2456 2927 anno
2471 2872 2756 2944 complevit
2768 2876 2894 2946 quia
2912 2886 3156 2933 sanctam
3177 2878 3477 2937 Ecclesiam

1881 2977 2046 3032 quam
2069 2963 2125 3017 in
2152 2964 2254 3018 hac
2276 2964 2493 3019 interim
2514 2967 2624 3020 vita
2647 2966 2895 3032 aediﬁcat,
2928 2970 3187 3027 Dominus
3208 2972 3265 3027 in
3293 2970 3477 3029 futura

1883 3053 2147 3124 perﬁciet.
2171 3056 2405 3111 Abraha:
2430 3060 2745 3115 centenario
2787 3061 2929 3121 ﬁlius
2958 3066 3335 3135 promissionis
3380 3084 3480 3124 na-

1886 3148 2057 3203 scitur
2084 3148 2252 3216 lsaac,
2311 3152 2438 3221 quia
2478 3153 2730 3208 nimirum
2753 3155 3063 3213 benedictio
3116 3160 3473 3229 hmreditatis,

186 3252 270 3305 vit
300 3224 451 3315 auro,
485 3257 558 3316 et,
602 3248 875 3319 quomodo
902 3247 998 3303 Dei
1038 3248 1315 3319 templum,
1350 3244 1783 3317 resplendentem
1810 3224 1856 3288 Ο
1888 3256 2009 3311 quae
2027 3240 2082 3295 in
2124 3242 2329 3299 semine
2351 3242 2467 3311 ejus
2493 3246 2746 3301 omnibus
2774 3246 2993 3304 familiis
3024 3258 3181 3306 terra:
3208 3224 3481 3322 promitti;-

189 3341 457 3396 exhibuit.
487 3340 711 3411 Mystice
734 3346 915 3394 autem
941 3340 1121 3394 omnia
1147 3354 1270 3410 quae
1307 3338 1560 3393 Salomon
1599 3344 1786 3394 noster

190 3432 365 3487 voluit
389 3439 549 3502 atque
572 3432 864 3501 disposuit,
897 3430 1183 3487 aediﬁcavit
1213 3430 1269 3485 in
1291 3429 1592 3485 Jerusalem
1609 3470 1624 3496 ,
1650 3437 1706 3484 et
1730 3429 1785 3484 in

189 3522 421 3588 Libano,
463 3514 518 3578 et
561 3523 614 3577 in
664 3523 915 3578 universa
963 3532 1107 3579 terra
1151 3523 1438 3594 potestatis
1482 3537 1613 3590 suae,
1661 3522 1786 3593 quia

191 3617 378 3673 omnia
426 3616 483 3670 in
528 3615 839 3672 cwlestibus
885 3625 1047 3687 atque
1097 3615 1448 3672 terrestribus
1491 3615 1786 3671 secundum

193 3718 384 3766 nutum
420 3711 649 3782 propriae
678 3710 972 3765 voluntatis
1014 3710 1253 3781 disponit
1297 3719 1461 3781 atque
1489 3710 1786 3781 dispensat,

193 3799 263 3857 de
298 3816 404 3870 quo
452 3800 506 3855 in
548 3800 762 3857 Psalmo
794 3802 1053 3871 scriptum
1076 3811 1160 3856 est
1188 3821 1200 3855 :
1245 3799 1438 3855 Omnia
1472 3814 1790 3873 quacunque

192 3890 355 3950 voluit
378 3888 637 3948 Dominus
663 3893 784 3963 fecit
810 3893 865 3948 in
891 3893 1018 3948 cmlo
1043 3904 1089 3950 et
1129 3896 1187 3949 in
1219 3903 1378 3961 terra,
1409 3894 1468 3949 in
1494 3896 1631 3949 mari
1660 3903 1709 3948 et
1736 3894 1791 3947 in

193 3986 436 4042 omnibus
461 3987 660 4058 abyssis
688 3984 861 4060 (Prol.
885 3988 1129 4059 cxxxrv),
1157 4001 1260 4043 nec
1286 3994 1371 4042 est
1394 3986 1487 4057 qui
1510 3986 1687 4057 possit
1710 4001 1794 4042 re-

195 4080 392 4136 sistere
434 4078 697 4135 voluntati
737 4078 889 4150 ejus,
934 4081 1061 4151 quia
1106 4080 1370 4136 Dominus
1411 4079 1792 4135 universorum

193 4174 314 4243 ipse
349 4180 449 4240 est,
493 4168 631 4229 etin
668 4174 885 4231 nomine
911 4173 1029 4244 ejus
1053 4173 1290 4229 ﬂectitur
1315 4186 1478 4228 omne
1515 4186 1652 4245 genu
1683 4183 1795 4226 cm-

194 4264 443 4331 lestium,
490 4266 853 4333 terrestrium,
903 4275 1068 4336 atque
1112 4253 1472 4329 inferuerunt,
1516 4270 1571 4317 et
1616 4263 1795 4317 omnis

195 4356 381 4428 lingua
427 4356 735 4423 conﬁtetur,
785 4357 911 4428 quia
959 4356 1222 4412 Dominus
1262 4355 1419 4413 Jesus
1446 4355 1695 4411 Christus
1740 4355 1796 4410 in

195 4449 368 4521 gloria
399 4458 481 4505 est
510 4450 607 4505 Dei
646 4450 823 4506 Patris
853 4448 1075 4523 (Philip.
1107 4449 1193 4522 ιι).
1238 4449 1506 4520 Regnabit
1544 4449 1601 4504 in
1639 4454 1795 4504 teter-

196 4558 330 4599 num
357 4550 412 4598 et
442 4543 497 4597 in
528 4543 781 4599 saeculum
809 4552 864 4600 et
887 4538 1085 4612 adhuc;
1112 4551 1168 4599 et
1191 4542 1345 4615 regni
1388 4542 1507 4614 ejus
1548 4556 1659 4598 non
1692 4540 1798 4597 erit

197 4637 344 4693 linis.

277 4730 493 4786 Omnem
534 4731 783 4804 populum
821 4732 913 4803 qui
941 4726 1221 4788 derelictus
1266 4731 1437 4804 fuerat
1466 4732 1533 4787 de
1557 4728 1795 4787 Hetlurls

199 4830 250 4877 et
276 4822 616 4888 Amerrturis,
647 4833 768 4891 etc.,
797 4826 888 4896 qui
912 4840 1014 4880 non
1040 4833 1190 4881 erant
1213 4825 1278 4881 de
1300 4826 1462 4896 stirpe
1486 4823 1657 4880 Israel
1681 4838 1699 4876 :
1731 4824 1796 4880 de

201 4915 334 4986 ﬁliis
360 4930 543 4972 eorum
581 4929 626 4972 et
659 4920 723 4973 de
754 4921 976 4991 posteris
1001 4936 1133 4992 quos
1169 4937 1272 4975 non
1301 4920 1667 4991 interfecerant
1694 4919 1795 4989 ﬁlii

203 5006 412 5075 Israel,
455 5010 751 5081 subiugavit
797 5010 1048 5067 Salomon
1094 5014 1149 5066 in
1195 5014 1501 5067 tributarios
1549 5029 1710 5085 usque
1742 5015 1796 5066 in

204 5098 344 5153 diem
371 5100 525 5154 hanc.
558 5098 727 5156 Porro
753 5102 818 5157 de
845 5103 971 5172 ﬁliis
1005 5102 1175 5157 Israel
1202 5120 1305 5158 non
1338 5105 1511 5175 posuit
1542 5113 1599 5157 ut
1633 5104 1795 5158 servi-

207 5200 326 5245 rent
353 5192 591 5261 operibus
621 5194 791 5264 regis;
826 5195 927 5265 ipsi
953 5197 1090 5249 enim
1120 5204 1270 5250 erant
1295 5196 1393 5250 viri
1426 5193 1720 5262 bellatores,
1749 5206 1798 5250 et

205 5283 366 5356 primi
386 5283 564 5350 duces,
587 5294 637 5339 et
661 5287 916 5358 principes
936 5289 1317 5361 quadrigarum
1340 5297 1385 5344 et
1413 5290 1641 5360 equitant
1663 5290 1798 5360 ejus.

212 5377 539 5435 Universum
585 5382 842 5451 pupulum
884 5384 977 5454 qui
1025 5400 1133 5440 non
1168 5384 1334 5441 fuerit
1377 5387 1444 5442 de
1484 5385 1609 5442 ﬁliis
1637 5386 1804 5442 Israel

216 5470 346 5527 facit
378 5472 640 5543 paciﬁcus
689 5483 875 5531 noster
915 5478 1251 5547 tributarios,
1292 5490 1416 5535 cum
1444 5494 1539 5536 eos
1569 5481 1659 5550 qui
1694 5495 1803 5536 non

213 5563 426 5619 suntin
458 5565 691 5621 ﬁliorum
738 5582 990 5635 numero,
1038 5571 1132 5625 sed
1180 5571 1235 5625 in
1285 5571 1469 5627 servili
1495 5572 1804 5627 conditione

211 5653 399 5725 positi,
430 5654 484 5708 in
516 5664 784 5725 potestate
819 5672 917 5714 sua
961 5656 1218 5726 continet,
1268 5668 1323 5717 et
1364 5662 1593 5732 singulis
1633 5663 1802 5718 utitur

217 5744 287 5801 ad
328 5746 607 5817 proprium
635 5750 938 5807 servitium.
971 5752 1100 5808 Sive
1122 5753 1269 5807 enim
1298 5751 1488 5819 Judaei,
1524 5755 1638 5810 sive
1681 5768 1803 5827 gen-

220 5838 368 5908 tiie3,
411 5840 527 5897 sive
561 5842 821 5915 haeretici,
856 5846 913 5903 in
939 5844 1057 5923 ejus
1078 5848 1443 5907 dominatione
1476 5850 1799 5922 consistunt,

1886 3341 1997 3399 tur,
2023 3334 2079 3389 in
2104 3332 2288 3389 futura
2309 3335 2517 3391 caelesti
2536 3338 2714 3407 patria
2740 3338 3016 3395 reddetur.
3051 3340 3279 3397 Centum
3304 3356 3477 3402 annos

1885 3427 2268 3497 peregrinatur
2294 3428 2409 3498 ipse
2454 3430 2510 3485 in
2535 3437 2680 3486 terra
2729 3434 3193 3503 repromissionis,
3229 3437 3353 3508 quia
3387 3437 3482 3509 qui

1888 3520 1985 3575 ﬁlii
2006 3521 2239 3575 Abrahae
2260 3536 2358 3592 per
2381 3522 2542 3578 ﬁdem
2564 3522 2845 3595 efﬁcimur,
2875 3527 2929 3581 in
2961 3541 3058 3599 spe
3090 3543 3338 3600 supernae
3372 3530 3483 3586 bae-

1889 3613 2135 3669 reditatis
2173 3613 2431 3671 debemus
2471 3617 2817 3688 pcregrinam
2849 3619 2903 3673 in
2939 3621 3194 3689 praesenti
3240 3622 3484 3679 Ecclesia

1891 3705 2090 3761 ducere
2117 3706 2305 3761 vitam.
2336 3706 2488 3763 Sevit
2508 3708 2656 3765 isaac
2685 3710 2741 3764 in
2766 3709 3008 3781 Geraris,
3038 3714 3183 3786 quod
3208 3715 3483 3787 interpre-

1892 3804 2039 3852 tatur
2058 3798 2349 3866 ineolatus,
2389 3808 2443 3855 et
2464 3801 2670 3857 invenit
2694 3802 2813 3872 ipso
2830 3816 2971 3859 anno
2994 3804 3325 3877 centuplum,
3358 3808 3486 3878 quia

1892 3904 2231 3960 quaecunque
2299 3890 2395 3946 ﬁlii
2415 3893 2793 3963 promissionis
2809 3894 2865 3949 in
2882 3895 2984 3950 hac
3004 3896 3116 3951 vita
3138 3896 3490 3970 peregrinan-

1895 3991 1978 4038 tes
1996 3985 2137 4040 bona
2176 3999 2488 4055 operamur,
2524 4001 2652 4042 mox
2688 3989 2894 4059 egressi
2933 3989 3001 4045 de
3025 4003 3260 4061 corpore
3284 3988 3345 4045 iu
3370 3998 3483 4049 cis-

1894 4074 2015 4132 lesti
2044 4077 2154 4132 vita
2175 4078 2524 4149 recipiemus.

1966 4168 2023 4223 in
2041 4184 2145 4240 qua
2177 4170 2352 4241 ﬁgura
2379 4179 2433 4226 et
2458 4185 2645 4226 semen
2674 4173 2973 4244 evangelici
2999 4176 3293 4245 sermonis,
3340 4177 3488 4249 quod

1896 4262 1952 4317 in
1990 4262 2189 4318 bonam
2206 4272 2407 4318 terram
2427 4264 2645 4330 cecidit,
2668 4274 2918 4333 exortum
2945 4266 3077 4325 fecit
3100 4267 3341 4326 fructum
3365 4284 3494 4325 cen-

1898 4354 2126 4424 tuplum,
2153 4356 2281 4426 quia
2312 4358 2404 4426 qui
2436 4358 2755 4428 temporalia
2784 4360 2924 4416 bona
2957 4369 3184 4432 prapter
3210 4362 3489 4419 Christum

1899 4456 1953 4504 et
1972 4458 2192 4520 propter
2217 4451 2599 4524 Evangellcum
2629 4454 2907 4526 relinquit,
2932 4465 3246 4529 centuplum
3288 4460 3492 4531 accipit

1900 4544 1955 4599 in
1978 4544 2255 4615 praesenti,
2277 4556 2330 4602 et
2357 4548 2413 4602 in
2454 4549 2654 4605 saeculo
2672 4546 2854 4607 futuro
2899 4553 3069 4608 vitam
3105 4562 3388 4623 aeternam,
3437 4556 3493 4611 id

1899 4645 2004 4703 est,
2053 4639 2309 4709 gaudium
2358 4639 2611 4696 fraterna:
2640 4643 2915 4700 societatis
2959 4660 3105 4702 nunc
3143 4644 3201 4702 in
3238 4660 3336 4719 spe
3365 4647 3492 4702 vilic

1899 4730 2160 4797 cmlestis,
2202 4738 2257 4785 et
2288 4740 2416 4788 tunc
2443 4734 2497 4789 in
2542 4749 2602 4789 re
2630 4735 2801 4805 ipsam
2830 4736 2995 4792 vitam
3032 4739 3187 4811 regni
3223 4738 3486 4796 caelestis.

1900 4822 2402 4896 Quinquagenarius
2425 4840 2555 4898 ergo
2574 4840 2835 4883 numerus
2872 4830 3251 4885 remissionem
3287 4842 3485 4901 pecca-

1901 4922 2103 4981 torum,
2142 4924 2198 4970 et
2245 4916 2486 4987 requiem
2525 4926 2809 4986 aeternam,
2857 4934 2923 4976 ac
2970 4915 3203 4992 gratiam
3255 4919 3492 4990 Spiritus

1905 5010 2078 5063 sancti
2132 5008 2401 5080 signiﬁcat
2433 5028 2447 5065 :
2476 5012 2603 5081 quia
2634 5013 2688 5067 in
2737 5014 2948 5084 psalmo
2998 5013 3243 5084 ejusdem
3280 5016 3494 5071 numeri

1904 5101 2242 5171 pumitentia,
2271 5102 2563 5170 confessio,
2590 5111 2646 5160 et
2671 5106 2925 5161 remissio
2951 5106 3220 5177 descripta
3249 5113 3335 5162 est
3359 5122 3490 5178 pec-

1906 5198 2171 5259 catorum,
2225 5201 2278 5248 et
2306 5209 2405 5264 per
2424 5193 2705 5262 jubilaaum
2760 5199 2979 5269 requies
3023 5194 3207 5255 futura
3255 5196 3491 5271 erplcta,

1905 5293 2067 5355 atque
2096 5300 2197 5357 per
2228 5285 2596 5345 Pentecosten
2626 5289 2680 5344 in
2711 5293 2947 5347 adventu
2976 5291 3215 5365 Spiritus
3240 5294 3491 5366 paracliti

1901 5375 2234 5448 septiformis
2257 5379 2433 5451 gratia
2469 5387 2554 5436 est
2583 5394 2857 5452 expressa.
2898 5384 3194 5440 Constituit
3223 5392 3354 5458 ergo
3388 5380 3492 5441 Sa-

1902 5474 2082 5529 lomon
2106 5485 2294 5530 noster
2323 5477 2585 5533 ducentos
2613 5478 3005 5552 quinquaginta
3026 5480 3303 5553 principes
3331 5494 3494 5553 super

1903 5577 2072 5626 totum
2094 5571 2397 5627 exercitum
2430 5584 2609 5639 suum,
2644 5570 2770 5645 quia
2792 5580 2859 5629 ex
2885 5578 3115 5647 utroque
3144 5575 3343 5647 p‘opulo
3383 5574 3493 5630 ele-
3536 5555 3541 5565 ’

1908 5664 1984 5735 git
2005 5671 2252 5733 pastores
2273 5672 2435 5737 atque
2456 5672 2695 5724 rectores
2719 5668 2997 5736 Ecclesiae,
3024 5668 3114 5740 qui
3138 5680 3235 5739 per
3258 5667 3492 5740 gratiam

1913 5755 2150 5826 Spiritus
2180 5761 2357 5813 sancti
2386 5756 2672 5815 illumiuati
2693 5768 2855 5832 atque
2880 5761 3038 5833 plene
3075 5756 3275 5826 edocti,
3301 5757 3499 5813 remis-

1912 5851 2121 5909 sionem
2149 5860 2497 5925 peccatorum
2519 5854 2938 5931 impetrandam,
2967 5852 3241 5933 vitamque
3274 5854 3494 5911 aeternae
