3920 6472
494 354 591 408 471

1164 351 1224 405 Β.
1266 349 1522 407 RABANI
1558 350 1777 407 MAURI
1810 351 2132 408 ARCHIEP.
2175 351 2485 409 MOGUNT.
2526 350 2810 409 OPERUM
2844 350 3022 408 PARS
3056 352 3098 408 Ι.

3682 357 3790 414 4η

494 468 693 540 quietis
732 478 787 523 et
821 467 1208 523 beatitudinem
1234 476 1551 538 perpetuam
1576 468 1931 538 appetendam
1946 484 2072 525 suos
2101 477 2155 538 Α
2176 466 2460 521 consilium
2495 480 2560 521 ac
2585 464 2901 534 sapientiam
2925 479 3102 530 suam,
3134 471 3193 518 ut
3220 467 3359 521 ratio
3400 466 3788 535 dispensatio-

492 563 731 633 quotidie
744 560 1416 626 salubriterinstituebant,
1459 568 1597 615 etut
1622 560 1688 616 ad
1709 560 1854 617 illam
1880 578 2070 633 perve-

491 653 689 718 nirent,
723 668 820 723 per
842 665 1193 722 progressum
1218 651 1483 707 bonorum
1505 664 1729 722 operum
1773 652 1829 708 in
1856 652 1962 708 ﬁde
1988 669 2072 710 re-

490 751 596 809 cta,
628 750 741 800 toto
769 743 888 799 nisu
918 742 1257 799 laborabant.

561 834 707 890 Tunc
730 835 914 890 obtulit
941 833 1194 890 Salomon
1220 835 1525 890 holocausta
1549 835 1774 891 Domino
1799 854 1956 909 super
1983 837 2067 892 al-

487 938 600 982 tare
654 927 870 983 Domini
914 929 1053 1001 quod
1074 939 1400 984 exstruxerat
1429 938 1550 985 ante
1582 932 1859 1001 porticum,
1890 941 1948 986 ut
1978 949 2070 1003 per

484 1017 720 1091 singulos
743 1020 854 1075 dies
888 1020 1166 1091 offerretur
1189 1021 1244 1075 in
1282 1038 1341 1077 eo
1368 1021 1524 1091 juxta
1546 1032 1860 1093 prreceptum
1896 1022 2068 1094 Moysi

482 1109 542 1165 in
579 1111 830 1178 sabbatis,
873 1115 927 1167 in
957 1111 1212 1178 kalendis,
1253 1120 1303 1166 et
1326 1112 1384 1167 in
1417 1112 1564 1183 festis
1610 1114 1815 1181 diebus,
1847 1123 1925 1169 ter
1974 1131 2068 1186 per

482 1218 705 1266 annum,
736 1202 788 1255 id
815 1211 910 1268 est,
936 1203 992 1257 in
1025 1201 1352 1258 solemnitate
1375 1204 1717 1275 Azymorum,
1741 1215 1790 1259 et
1813 1204 2061 1261 solemni-

477 1306 591 1354 tate
603 1292 1066 1348 Hebdomadarum
1076 1303 1125 1350 et
1138 1295 1192 1349 in
1208 1295 1533 1351 solemnitate
1560 1297 2059 1356 Tabernaculorum.

488 1378 557 1435 Et
598 1383 867 1437 constituit
884 1382 1047 1454 juxta
1070 1385 1462 1455 dispositionem
1491 1387 1661 1443 David
1680 1393 1845 1461 patris
1873 1394 1955 1447 sui
1982 1394 2063 1463 of-

480 1473 606 1541 ﬁcia
627 1473 957 1530 sacerdotum
987 1476 1043 1531 in
1064 1477 1366 1533 ministeriis
1396 1480 1524 1547 suis,
1576 1491 1625 1536 et
1649 1480 1859 1539 Levitas
1887 1486 1942 1540 in
1977 1502 2062 1540 or-

477 1561 600 1617 dine
625 1580 741 1628 suo,
797 1575 853 1619 ut
881 1564 1160 1623 laudarent
1197 1578 1247 1623 et
1281 1571 1635 1628 ministrarent
1677 1592 1855 1631 coram
1884 1594 2061 1632 sacer-

474 1652 685 1709 dotibus
710 1655 871 1725 juxta
896 1658 1055 1712 ritum
1079 1660 1492 1734 uniuscujusque
1526 1664 1649 1719 diei.
1679 1663 1846 1722 Oﬁ‘ert
1874 1668 2060 1738 paciﬁ-

474 1756 571 1798 cus
599 1754 784 1801 noster
801 1763 898 1817 per
912 1751 1153 1805 membra
1183 1768 1304 1819 sua,
1332 1753 1388 1808 in
1416 1754 1572 1810 altari
1600 1756 1724 1813 ﬁdei
1755 1759 2052 1827 catholicae,

2174 557 2261 613 nis
2285 558 2624 624 exhibentur,
2664 563 2719 613 et
2738 555 2895 612 electi
2926 553 3107 626 populi
3130 553 3359 613 salvatio
3388 556 3790 617 misericordi»

2175 660 2258 705 ter
2293 650 2644 721 compleatur.

2244 743 2390 800 Tunc
2418 744 2545 799 abiit
2569 741 2818 799 Salomon
2843 743 2900 797 in
2946 741 3270 814 Asiongaber
3294 750 3344 798 et
3384 744 3442 799 in
3478 743 3678 800 Αιοαυι
3714 748 3782 800 at

2171 853 2317 892 oram
2346 837 2507 891 maris
2544 834 2729 901 Rubri,
2758 851 2876 906 qua:
2900 844 2975 889 est
2997 835 3054 889 in
3077 843 3218 889 terra
3256 833 3451 889 Edam.
3502 834 3667 889 Misit
3691 854 3782 889 σι-

2169 937 2271 983 tem
2295 928 2345 983 ei
2380 928 2570 983 Hiram
2594 943 2687 999 per
2710 943 2921 981 manum
2956 942 3225 981 servorum
3256 942 3481 981 suorum
3530 944 3708 980 naves
3734 937 3778 981 et

2170 1031 2359 1076 nautas
2385 1037 2578 1093 gnaros
2615 1020 2800 1084 maris,
2823 1028 2871 1074 et
2900 1019 3139 1073 abierunt
3167 1036 3285 1073 cum
3324 1021 3491 1074 servis
3526 1017 3781 1074 δαισιν-

2167 1114 2248 1167 nis
2273 1113 2331 1167 in
2359 1111 2545 1183 Ophir,
2570 1110 2903 1181 tuleruntque
2936 1110 3058 1164 inde
3079 1111 3467 1181 quadringenta
3501 1111 3778 1181 quinqu-

2164 1205 2311 1275 ginta
2336 1203 2533 1259 talenta
2563 1205 2703 1269 auri,
2729 1213 2779 1258 et
2804 1201 3091 1257 attulerunt
3114 1203 3185 1256 ad
3205 1218 3376 1274 regem
3399 1200 3775 1257 Salmonea.

2163 1298 2499 1370 Asiongaber
2526 1297 2697 1352 fertur
2724 1311 2845 1352 esse
2872 1295 3046 1351 insula
3072 1295 3217 1351 haud
3241 1293 3435 1365 procul
3481 1292 3565 1348 ab
3590 1294 3774 1348 Ailath

2163 1392 2218 1446 in
2239 1390 2424 1446 Rubro
2443 1391 2605 1457 mari,
2624 1390 2714 1445 ubi
2744 1389 2932 1446 classis
2952 1388 3214 1460 Josaphat
3235 1390 3289 1444 vi
3314 1389 3685 1459 tempestatis
3703 1397 3775 1441 at-

2161 1484 2290 1539 trita
2329 1490 2430 1539 est.
2487 1482 2656 1554 Opbir
2696 1492 2877 1537 autem
2932 1497 3127 1539 nomen
3181 1490 3265 1538 est
3314 1482 3655 1553 provinciae,
3708 1498 3772 1537 ex
3802 1502 3829 1541 νυ·

2116 1641 2127 1648 ε
2160 1571 2328 1645 Opbir
2354 1590 2461 1629 uno
2484 1575 2550 1629 de
2578 1575 2810 1645 posteris
2832 1572 3015 1629 Heber
3038 1575 3341 1640 nominata,
3362 1590 3439 1631 ex
3458 1574 3635 1644 cujus
3653 1576 3771 1628 stir-

2156 1680 2225 1735 pe
2249 1667 2527 1722 venientes
2552 1682 2583 1721 a
2612 1666 2775 1722 ﬂuvio
2803 1665 3025 1736 Cophne
3054 1681 3227 1737 usque
3249 1668 3317 1723 ad
3344 1667 3652 1739 regionem
3681 1666 3767 1735 ju-

2158 1758 2271 1813 deae
2292 1774 2413 1829 quae
2435 1767 2660 1814 vocatur
2704 1758 2906 1826 Hieria,
2951 1759 3230 1816 habitasse
3276 1758 3644 1827 referuntur,
3708 1772 3761 1815 ut

471 1834 615 1903 quod
638 1839 942 1894 construxit
971 1840 1025 1895 in
1051 1841 1291 1899 Ecclesia
1318 1860 1415 1900 sua
1442 1859 1567 1903 ante
1605 1848 1909 1920 ingressum
1944 1868 2051 1909 coa-
2081 1864 2130 1925 Β
2156 1850 2420 1923 JOSephus
2438 1863 2644 1909 narrat.
2667 1852 2909 1909 Classem
2932 1854 3116 1923 itaque
3144 1870 3310 1923 quam
3330 1853 3469 1911 fecit
3495 1854 3762 1910 Salomon

468 1927 624 1982 lestis
646 1930 853 1999 patriae,
901 1932 1217 1990 holocausta
1262 1938 1529 1994 bonorum
1553 1957 1777 2013 operum
1826 1943 2052 2002 Domino

467 2033 567 2087 per
591 2019 831 2092 singulos
857 2024 991 2089 dies,
1019 2026 1123 2082 hoc
1148 2038 1252 2095 est,
1275 2044 1374 2099 per
1398 2046 1558 2088 omne
1584 2041 1797 2105 tempus
1823 2050 2054 2104 praesen-

466 2111 537 2166 tis
563 2112 706 2179 vitae,
740 2130 911 2185 usque
929 2119 995 2173 ad
1022 2122 1541 2179 consummationem
1568 2125 1820 2182 videlicet
1844 2129 2048 2185 saeculi.

461 2201 633 2259 Olfert
664 2213 720 2260 et
742 2206 798 2262 in
835 2209 1076 2267 sabbatis
1099 2219 1154 2267 et
1182 2213 1239 2268 in
1272 2212 1538 2283 kalendis,
1566 2224 1621 2273 et
1648 2218 1703 2273 in
1746 2218 1901 2275 festis
1930 2220 2049 2275 die»

460 2292 581 2359 bus,
617 2301 701 2351 ter
727 2313 824 2369 per
851 2315 1075 2368 annum,
1113 2320 1237 2359 cum
1268 2321 1368 2376 pro
1401 2316 1603 2364 aeterna
1633 2312 1835 2380 quiete,
1865 2321 1918 2367 et
1946 2330 2045 2368 no—

467 2388 632 2443 vitate
658 2391 784 2446 vitae
813 2392 1006 2451 futurae
1049 2406 1104 2452 et
1124 2414 1224 2467 pro
1252 2401 1491 2457 caelestis
1529 2405 1709 2474 gaudii
1746 2406 2048 2476 perceptio-

457 2498 526 2537 ne
555 2485 611 2539 in
643 2496 847 2544 sanctae
880 2491 1161 2549 Trinitatis
1185 2494 1310 2562 ﬁde,
1336 2497 1596 2567 quidquid
1625 2501 1959 2571 acceptabile
1981 2518 2048 2558 ac

456 2583 671 2643 gratum
710 2578 892 2635 divino
921 2580 1251 2639 arbitrantur
1273 2590 1621 2659 conspectui,
1651 2590 1742 2661 pia
1793 2591 2048 2648 intentio-

455 2680 526 2719 ne
555 2680 619 2722 ac
652 2683 863 2726 summa
892 2673 1174 2731 devotione
1198 2685 1369 2733 totum
1395 2681 1634 2736 exhibet.
1660 2681 2045 2741 Holocaustum

451 2769 604 2827 ergo,
636 2765 809 2814 totum
864 2761 1148 2819 incensum
1196 2766 1397 2823 dicitur
1434 2786 1447 2822 :
1480 2786 1608 2825 nam
1670 2772 2045 2831 holocaustum

455 2855 733 2903 crematur
762 2850 817 2905 in
847 2852 1027 2921 altari,
1057 2869 1180 2911 cum
1210 2856 1266 2911 in
1293 2859 1457 2915 corde
1476 2862 1846 2934 cujuscunque
1861 2865 2041 2935 electi,

451 2939 545 3007 qui
573 2940 812 3012 seipsum
842 2951 1015 3001 totum
1037 2988 1051 3014 ,
1102 2957 1157 3002 et
1185 2964 1352 3007 carne
1379 2951 1632 3009 videlicet
1659 2965 1714 3011 et
1740 2959 1905 3013 corde
1930 2959 2042 3017 Deo

451 3039 696 3098 voverat,
746 3050 884 3105 opus
919 3037 1117 3095 bonum
1148 3041 1392 3100 fervente
1429 3047 1715 3104 charitatis
1774 3050 1897 3121 igne
1946 3068 2041 3123 pa-

450 3132 646 3181 tratur.
671 3127 898 3186 Ordinat
916 3143 1177 3204 praeterea
1199 3152 1297 3193 rex
1310 3148 1495 3196 noster
1508 3140 1682 3199 ollicia
1695 3146 2039 3202 sacerdotum

2158 1945 2215 2001 in
2239 1945 2598 2017 Asiongaber,
2628 1961 2749 2017 quae
2778 1944 3101 2002 festinantes
3133 1954 3227 2002 aut
3247 1945 3420 2002 fortes
3434 1948 3565 2002 sive
3598 1947 3765 2001 virili-

2157 2048 2242 2095 ter
2270 2039 2675 2110 interpretatur,
2723 2054 2833 2094 non
2865 2038 3026 2093 aliam
3060 2053 3180 2094 esse
3207 2046 3339 2109 puto
3360 2054 3542 2109 quam
3574 2038 3761 2094 Eccle-

2156 2132 2293 2188 siam
2330 2131 2588 2199 ﬁdelium,
2620 2146 2741 2202 quae
2763 2132 2815 2186 in
2845 2131 2984 2186 mari
3009 2131 3169 2187 istius
3192 2131 3379 2187 mundi
3400 2132 3629 2201 posita,
3656 2142 3762 2186 sta-

2156 2220 2311 2276 dium
2367 2221 2630 2292 impendit
2701 2221 2990 2277 thesauros
3052 2221 3329 2292 sapientiaa
3382 2230 3446 2276 et
3515 2222 3761 2277 scientia

2153 2326 2388 2383 opesque
2417 2313 2679 2368 virtutum
2706 2314 3010 2384 acquirere.
3049 2312 3128 2369 lbi
3158 2321 3286 2368 sunt
3309 2315 3461 2370 servi
3510 2314 3762 2369 Salomo-

2152 2405 2259 2472 nis,
2288 2406 2415 2461 dum
2444 2405 2674 2476 gentiles
2695 2406 2944 2462 saeculari
2974 2406 3238 2478 sapientia
3257 2406 3485 2473 eruditi,
3517 2422 3659 2461 cum
3683 2407 3759 2461 his

2151 2499 2244 2569 qui
2266 2498 2319 2552 in
2340 2498 2455 2569 lege
2474 2497 2641 2569 Moysi
2664 2498 2825 2569 periti
2847 2506 2971 2554 sunt
2994 2498 3047 2553 in
3069 2499 3279 2555 unitate
3302 2498 3429 2554 ﬁdei
3446 2499 3755 2554 sociantur.

2151 2591 2261 2646 Hos
2289 2607 2419 2662 ergo
2442 2588 2703 2647 Salomon
2742 2600 2928 2647 noster
2954 2592 3009 2647 in
3040 2591 3230 2662 Ophir,
3261 2607 3385 2662 quae
3418 2593 3758 2661 interpreta-

2150 2689 2239 2736 tur
2262 2682 2556 2751 infirmans,
2586 2682 2771 2749 mittit,
2804 2690 2864 2737 ut
2891 2690 3162 2753 sumptum
3189 2682 3313 2737 inde
3342 2697 3542 2737 aurum
3590 2683 3665 2736 ad
3695 2698 3751 2737 se

2148 2769 2418 2838 deferant,
2455 2788 2579 2830 cum
2616 2773 2673 2827 in
2713 2772 2920 2828 vilitate
2959 2772 3153 2828 litterae
3185 2788 3404 2828 sensum
3443 2773 3753 2842 pretiosum

2137 2859 2293 2931 jubet
2318 2879 2586 2933 quaerere,
2649 2871 2705 2919 et
2744 2863 2822 2919 sic
2862 2870 3143 2934 acceptam
3175 2879 3446 2919 summam
3483 2863 3750 2932 quadrin-

2146 2962 2432 3026 gentorum
2463 2955 2856 3027 quinquaginta
2913 2954 3240 3010 talentorum
3266 2955 3384 3008 auri
3430 2953 3504 3008 ad
3561 2969 3746 3024 ηεαδ

2145 3044 2422 3114 deferunt,
2454 3062 2579 3103 cum
2604 3061 2822 3102 sensum
2850 3045 3148 3117 pretiosum
3166 3044 3746 3115 historiaa,allegori:e,

2144 3140 2482 3211 tropologize,
2505 3148 2669 3209 atque
2694 3153 2975 3209 anagogen
3002 3138 3058 3192 in
3096 3137 3292 3192 divinis
3312 3136 3470 3191 libris
3499 3152 3602 3208 per
3623 3152 3742 3206 gra-

445 3232 511 3307 ac
568 3218 872 3279 ministeria
926 3224 1240 3284 Levitarum
1284 3234 1582 3289 secundum
1627 3235 2035 3307 dispositionem
2063 3234 2109 3298 C
2140 3232 2272 3287 tiam
2304 3231 2510 3301 Spiritu
2544 3230 2718 3287 sancti
2759 3230 3064 3294 inveniunt,
3117 3237 3171 3284 et
3217 3243 3340 3284 eum
3373 3228 3668 3298 sapientiae
3693 3238 3742 3281 ei

445 3306 621 3364 David
649 3315 822 3382 patris
866 3317 971 3384 sui,
999 3334 1124 3374 cum
1153 3324 1451 3379 secundum
1480 3326 1534 3382 id
1561 3328 1705 3397 quod
1751 3329 1805 3383 in
1840 3330 1956 3403 lege
1979 3339 2035 3387 et

441 3403 723 3472 prophetis
754 3408 820 3464 de
850 3425 916 3490 eo
944 3414 1208 3484 scriptum
1262 3425 1367 3484 est,
1398 3418 1557 3490 juxta
1580 3421 1748 3476 ritum
1776 3424 2035 3480 uniuscu-

435 3493 635 3566 jusque
665 3499 793 3567 diei,
828 3501 932 3558 hoc
949 3512 1053 3571 est,
1077 3504 1233 3576 juxta
1264 3512 1670 3582 congruentiam
1711 3522 1876 3584 atque
1903 3531 2034 3572 con-

439 3586 770 3642 venientiam
793 3592 1056 3663 cujusque
1080 3599 1362 3668 temporis,
1395 3601 1469 3656 ita
1489 3604 1673 3659 omnia
1700 3605 1755 3659 in
1786 3605 2031 3663 Ecclesia

441 3690 540 3771 sua
572 3677 809 3771 disponit
837 3690 1000 3753 atque
1019 3686 1317 3757 dispensat,
1353 3702 1621 3760 quatenus
1659 3699 2033 3771 unusquisque

439 3769 576 3824 ordo
604 3768 780 3827 ofﬁcio
801 3788 899 3829 suo
925 3773 1142 3834 functus
1167 3779 1411 3836 divinum
1433 3786 1717 3842 servitium
1744 3796 1908 3860 atque
1932 3768 2035 3846 mi-

439 3860 727 3918 nisterium
771 3867 877 3923 rite
903 3876 961 3923 et
987 3872 1287 3928 secundum
1312 3874 1559 3933 ordinem
1590 3889 1815 3951 peragat
1844 3898 1859 3947 ;
1899 3898 2032 3954 quo-

435 3954 600 4014 modo
614 3966 794 4014 autem
807 3960 962 4032 juxta
974 3963 1140 4019 ritum
1157 3966 1579 4041 uniuscujusque
1602 3974 1861 4044 temporis
1874 3975 2032 4045 digne

437 4046 681 4103 divinum
701 4048 935 4107 cilicium
955 4068 1055 4126 per
1081 4066 1235 4127 aptas
1255 4074 1518 4130 personas
1540 4063 1920 4134 adimpleatur,
1944 4082 2034 4123 so-

441 4138 528 4195 lus
557 4139 650 4196 ille
680 4144 830 4198 novit
875 4145 929 4199 in
960 4148 1118 4219 cujus
1138 4165 1306 4205 manu
1352 4152 1536 4208 omnia
1566 4155 1872 4212 consistunt
1895 4163 2033 4213 tem-

435 4250 594 4305 pora,
636 4252 739 4292 nec
769 4255 875 4293 non
929 4250 981 4295 et
1034 4243 1090 4299 hi
1141 4246 1235 4317 qui
1267 4246 1581 4303 deserviunt
1630 4252 1859 4322 tempori
1893 4252 2030 4308 vhic

437 4325 587 4382 solus
609 4329 773 4385 habet
796 4332 1261 4395 immortalitatem
1280 4349 1336 4395 et
1348 4341 1523 4397 lucem
1546 4343 1758 4399 habitat
1786 4344 2031 4401 inacces-

434 4419 669 4486 sibilem,
718 4435 904 4481 sancta
956 4428 1099 4486 Deus
1131 4429 1391 4499 Trinitas,
1443 4450 1677 4506 regnans
1726 4452 1824 4506 per
1868 4454 2031 4495 omne

434 4514 713 4570 saeculum.
749 4516 869 4587 Ipse
900 4522 1048 4577 enim
1077 4538 1176 4594 per
1205 4526 1457 4583 doctores
1486 4530 1833 4599 apostolicos,
1864 4539 2027 4602 atque

2136 3325 2365 3381 consilio
2387 3324 2569 3380 divino
2597 3323 2931 3380 ascribentes
2957 3321 3220 3377 tribuunt.

2757 3437 2989 3496 CAPUT
3024 3436 3117 3493 IX.

2136 3553 2216 3610 De
2245 3555 2483 3611 ducentis
2508 3556 2695 3617 hastis,
2723 3561 2773 3608 et
2798 3555 3041 3608 trecentis
3087 3551 3250 3606 scutis
3278 3550 3479 3613 aureis,
3527 3558 3578 3603 et
3601 3549 3738 3604 solio

2205 3626 2467 3697 eburneo,
2480 3625 2620 3697 quod
2645 3624 2863 3697 miriﬁce
2881 3623 3081 3697 fecerat
3109 3621 3386 3697 Salomon.
3414 3620 3500 3675 De
3536 3623 3739 3690 magni-

2204 3698 2415 3767 ﬁcentia
2440 3693 2831 3762 Sdlomonis,et
2855 3694 3048 3748 divitiis
3077 3693 3210 3762 ejus,
3240 3703 3393 3758 atque
3408 3702 3674 3761 potestate
3696 3705 3737 3744 ίτι

2205 3765 2309 3838 ﬁne
2333 3765 2651 3823 Salomonis.

2204 3878 2405 3951 Regina
2431 3895 2636 3951 quoque
2656 3877 2799 3933 Saba
2833 3894 2953 3933 cum
2980 3878 3212 3934 audisset
3236 3876 3441 3947 famam
3473 3875 3731 3934 Salomo—

2136 3972 2238 4038 nis,
2265 3972 2399 4025 venit
2426 3979 2484 4025 ut
2512 3979 2733 4026 tentaret
2763 3987 2881 4026 eum
2901 3971 2958 4025 in
2985 3970 3350 4042 (enigmatibus
3373 3970 3434 4023 in
3470 3968 3737 4025 Hierusa-

2132 4062 2255 4129 lem,
2280 4079 2400 4117 cum
2413 4064 2620 4133 magnis
2635 4062 2842 4133 opibus,
2865 4071 2915 4118 et
2939 4061 3153 4117 camelis
3179 4062 3269 4134 qui
3294 4061 3586 4133 portabant
3612 4078 3732 4116 aro-

2132 4165 2302 4221 mata,
2336 4165 2385 4210 et
2414 4156 2534 4210 auri
2580 4156 2869 4226 plurimum
2900 4170 3229 4226 gemmasque
3252 4155 3536 4224 pretiosas.
3594 4154 3736 4209 Saba

2131 4255 2216 4303 est
2234 4247 2427 4302 civitas
2448 4245 2646 4318 regalis
2669 4245 2977 4315 Aﬂthiopize,
3009 4261 3174 4315 quam
3202 4243 3476 4316 Iosephus
3504 4262 3539 4299 a
3572 4246 3735 4301 Cam-

2130 4341 2264 4412 byse
2293 4355 2478 4411 regem
2511 4338 2728 4394 Meroen
2757 4338 3196 4409 cognominatam
3239 4352 3307 4393 ex
3334 4338 3550 4393 sororis
3576 4353 3737 4394 voea-

2130 4434 2257 4490 bulo
2306 4433 2491 4490 refert.
2520 4427 2726 4504 Regina
2774 4439 2953 4487 autem
3008 4430 3232 4494 Austri,
3285 4444 3406 4499 quae
3453 4445 3485 4483 a
3535 4428 3736 4484 ﬁnibus

2131 4528 2389 4585 extremis
2428 4526 2609 4584 excita
2651 4525 2894 4593 veniens,
2936 4522 3243 4579 Salomonis
3288 4521 3482 4577 audire
3508 4522 3732 4592 sapien-

433 4621 535 4676 per
555 4608 780 4667 idoneos
808 4614 1091 4671 ministros
1111 4616 1249 4671 Novi
1280 4617 1644 4688 Testamenti,
1680 4623 1773 4693 qui
1819 4600 2106 4679 nonlit-D
2133 4621 2266 4676 tiam
2311 4618 2640 4689 concupivit,
2687 4615 2801 4687 jam
2859 4624 2990 4671 tunc
3033 4622 3321 4669 venturam
3368 4613 3434 4668 de
3478 4613 3733 4684 gentibus

436 4704 556 4750 tera
583 4698 782 4767 solum,
799 4700 1003 4772 Spiritu
1018 4706 1112 4761 sed
1130 4706 1225 4762 Dei
1248 4710 1355 4763 vivi
1378 4720 1505 4766 sunt
1520 4712 1715 4778 edocti,
1734 4715 2030 4772 secundum

434 4787 812 4860 dispositionis
862 4811 973 4850 suae
1030 4797 1452 4859 inenarrabilem
1503 4806 1719 4861 modum
1776 4808 2026 4874 ordinat,

432 4881 651 4950 quando
673 4891 729 4939 et
761 4889 1037 4955 quomodo
1063 4888 1371 4949 furentibus
1395 4895 1720 4953 Christianae
1754 4898 2031 4970 religionis

428 4979 894 5046 persecutoribus,
918 4997 1017 5052 per
1037 4986 1401 5042 constantiam
1425 4989 1547 5046 ﬁdei
1571 4997 1627 5045 et
1653 4988 2028 5048 fortitudinem

428 5068 849 5137 praedicatorum
878 5074 1171 5132 resistatur
1198 5096 1210 5131 :
1248 5079 1518 5149 quomodo
1541 5089 1595 5136 et
1614 5082 1831 5151 quando
1853 5082 2027 5139 haere-

430 5158 558 5215 ticis
602 5160 1023 5233 insanientibus,
1064 5170 1268 5223 erroris
1306 5171 1386 5226 sui
1428 5173 1669 5241 nequitia
1700 5189 1799 5245 per
1821 5174 2024 5230 Catho-

428 5248 658 5306 licorum
712 5257 1099 5339 magistrorum
1157 5264 1501 5333 prudentiam
1532 5266 1638 5323 illis
1686 5268 2027 5339 improbetur

430 5346 594 5410 atque
633 5337 967 5403 obsistatur:
1022 5366 1123 5407 nec
1170 5368 1278 5407 non
1307 5362 1363 5409 et
1389 5356 1623 5427 qualiter
1668 5357 1723 5412 in
1767 5337 2026 5427 tempore

428 5437 736 5501 opportuno
783 5435 993 5495 devotis
1042 5442 1380 5500 auditoribus
1444 5446 1666 5503 moralis
1716 5447 2021 5519 institutio,

428 5536 494 5576 ac
541 5521 839 5593 spiritualis
882 5529 1123 5589 scientia;
1168 5532 1472 5593 intellectus
1521 5536 1591 5593 ad
1627 5538 2024 5596 correctionem

427 5611 555 5670 vita
582 5623 748 5687 atque
780 5620 1141 5679 eruditionem
1172 5641 1384 5694 sensus,
1405 5644 1506 5701 per
1532 5631 1911 5687 strenuitatem
1938 5642 2022 5689 at-

429 5724 536 5779 que
570 5710 848 5769 solertiam
893 5716 1255 5785 spiritualium
1305 5723 1686 5793 magistrorum
1731 5725 2025 5781 salubriter

430 5802 791 5873 impendatur.
847 5806 1046 5880 Slcque
1083 5811 1265 5868 omnia
1317 5815 1428 5886 agit
1453 5816 1752 5873 secundum
1805 5825 2035 5885 nutum,‘

2129 4713 2450 4780 Ecclesiam,
2483 4711 2882 4768 desiderantem
2928 4707 3208 4765 Christum
3257 4705 3552 4776 ﬁgurabat,
3608 4722 3725 4776 qua:

2123 4808 2281 4879 juxta
2307 4805 2648 4877 prophetiam
2685 4803 3095 4859 circumamicta
3129 4801 3396 4856 varietate
3430 4802 3492 4856 in
3522 4801 3724 4855 vestitu

2128 4901 2409 4963 deaurato,
2460 4907 2517 4953 et
2546 4897 2728 4968 p0puli
2771 4896 2876 4963 sui,
2923 4903 2979 4951 et
3023 4904 3265 4965 paterna:
3311 4894 3512 4950 domus
3549 4893 3719 4948 oblita

2128 4992 2402 5057 currebat,
2445 4990 2681 5046 barbara
2718 4997 2880 5060 gente
2910 5004 3016 5044 non
3040 4988 3243 5054 animo,
3292 5003 3415 5058 qua:
3444 4988 3506 5043 in
3530 4998 3723 5061 aperto

2124 5084 2410 5155 peregrina
2439 5082 2557 5144 fuit,
2604 5081 2701 5137 sed
2730 5082 2786 5136 in
2832 5081 3045 5138 occulto
3078 5090 3392 5138 sanctorum
3439 5080 3563 5138 ﬁeri
3593 5083 3724 5137 civis

2123 5176 2364 5248 optabat.
2397 5174 2553 5232 Unde
2592 5191 2703 5231 non
2756 5175 2929 5230 solum
2974 5174 3181 5230 caelesti
3207 5176 3433 5245 praemio
3478 5190 3724 5231 resurre-

2125 5267 2320 5323 ctionis
2347 5268 2524 5331 beata,
2554 5264 2650 5321 sed
2677 5265 2842 5321 etiam
2869 5272 3138 5335 potestate
3187 5264 3487 5335 apostolica
3514 5265 3584 5321 de
3632 5264 3720 5319 Ju-

2123 5358 2254 5415 dacis
2301 5356 2561 5412 adulteris
2609 5356 2918 5427 judicmtdis
2968 5355 3136 5425 ipsius
3191 5369 3289 5409 ore
3310 5353 3518 5424 judicis
3554 5356 3713 5427 digna

2127 5459 2381 5509 censetur
2405 5469 2418 5506 :
2443 5450 2570 5522 quia
2596 5447 2875 5506 Christum
2904 5448 2959 5502 in
2988 5447 3277 5502 Salomone
3298 5446 3502 5501 mirata
3531 5460 3718 5501 verum

2125 5542 2277 5614 regni
2314 5541 2552 5597 cmlestis
2598 5537 2869 5605 affectum,
2902 5538 3137 5610 imagine
3183 5538 3416 5609 mystica
3457 5537 3719 5592 Ecclesia:

2123 5633 2458 5704 providentis
2480 5632 2817 5702 impleverat.
2852 5630 3005 5699 Quod
3033 5640 3214 5686 autem
3235 5630 3436 5686 dicitur
3460 5631 3579 5685 haec
3598 5645 3720 5683 mu-

2124 5724 2224 5780 lier
2250 5724 2437 5797 regina
2461 5738 2582 5779 esse
2614 5722 2777 5788 Saba,
2808 5738 2905 5794 per
2932 5722 3102 5793 ipsius
3125 5721 3362 5777 nominis
3405 5720 3720 5793 signiﬁcau-

2126 5818 2257 5874 tiam
2272 5814 2641 5872 conversionis
2669 5831 2779 5872 stuc
2799 5814 3055 5885 exprimit
3079 5814 3371 5869 virtutem:
3396 5812 3543 5869 Saba
3568 5811 3719 5869 extim
