3920 6518
98 385 230 445 477

1074 380 1424 442 ΟΟΠΠΕΝΤ.
1466 379 1533 439 IN
1571 377 2124 440 PARAUPOMENA.
2162 411 2234 427 --
2269 383 2398 443 LIB.
2438 385 2518 443 ll].

3318 392 3425 455 ιτς

99 515 172 564 et
203 507 426 564 hostes
455 502 695 563 universi
718 502 935 561 fortiter
960 511 1356 577 expugnantur.
1414 502 1528 562 Hoc
1558 520 1741 565 arma-
1767 503 1821 571 Α
1845 502 1952 557 duo
1977 501 2308 560 altrinsecus.
2338 505 2395 560 In
2422 505 2633 579 Regum
2662 522 2877 582 quoque
2909 509 2985 567 ita
3008 518 3270 587 scriptum
3296 521 3423 573 est:

100 599 483 663 mentarium
532 597 733 655 dicitur
783 596 1054 655 consitum
1114 613 1233 655 esse
1290 613 1552 666 nemore,
1607 588 1735 669 quia

104 694 380 751 diversae
428 690 710 749 hominum
750 703 997 763 persona:
1046 706 1114 749 ex
1166 689 1447 747 variarum
1492 689 1735 762 gentium

104 786 463 845 nationibus
494 785 623 843 illuc
646 794 1007 858 congregatae,
1033 793 1195 855 atque
1228 785 1426 841 ibidem
1458 801 1554 857 per
1576 785 1736 841 tidem

107 880 479 940 catholicam
504 886 631 937 sunt
650 879 897 945 consitis,
919 878 986 933 ad
1015 878 1266 935 decorem
1288 864 1543 935 videlicet
1566 878 1737 951 ipsius

110 974 433 1038 Ecclesiae,
461 979 517 1028 et
541 972 608 1029 ad
637 971 859 1029 delicias
886 972 1307 1029 manifestandas
1322 971 1464 1044 regis
1476 971 1733 1028 cmlestis.

201 1064 370 1121 Fecit
393 1081 599 1137 quoque
623 1080 714 1120 rea:
741 1064 931 1123 solium
957 1066 1239 1122 eburneum
1268 1064 1467 1137 grande
1496 1075 1544 1121 et
1586 1065 1736 1121 vesti-

114 1162 197 1220 vit
226 1158 376 1215 illud
405 1176 539 1215 auro
575 1160 881 1230 purissimo,
917 1175 1013 1215 sea:
1053 1176 1256 1231 quoque
1303 1158 1501 1231 gradus
1546 1158 1735 1230 quibus

117 1252 530 1311 ascendebatur
550 1253 619 1308 ad
654 1252 866 1319 solium,
900 1263 951 1308 et
977 1251 1260 1308 scabellum
1290 1269 1509 1309 aureum
1540 1265 1590 1308 et
1618 1252 1736 1307 brap

118 1344 319 1401 chiola
343 1345 454 1399 duo
496 1343 831 1411 altrinsecus,
859 1354 907 1400 et
953 1344 1088 1399 duos
1133 1343 1307 1399 leones
1345 1353 1541 1403 stantes
1574 1345 1733 1415 juxta

122 1436 457 1503 brachiola;
499 1437 591 1493 sed
633 1446 685 1492 et
729 1436 863 1493 alios
908 1436 1188 1492 duodecim
1226 1436 1493 1491 leunculos
1538 1445 1733 1492 stantes

119 1549 301 1603 super
322 1548 415 1587 sea:
435 1531 633 1601 gradus
661 1548 728 1587 ea:
752 1541 972 1603 utraque
1016 1540 1183 1603 parte.
1216 1532 1341 1587 Non
1383 1531 1482 1601 fuit
1506 1530 1612 1586 tale
1649 1548 1735 1586 so-

122 1624 271 1680 lium
301 1628 361 1681 in
397 1625 653 1680 universis
679 1626 870 1696 regnis.
902 1624 1108 1681 Solium
1131 1640 1263 1696 ergo
1286 1625 1430 1694 quod
1457 1638 1551 1679 rex
1580 1623 1736 1680 Salo-

122 1736 268 1775 mon
311 1719 443 1776 fecit
480 1720 623 1775 bene
650 1719 892 1777 Ecclesia
923 1728 1111 1775 sancta
1154 1720 1492 1790 intelligitur,
1522 1720 1579 1775 in
1627 1735 1735 1789 qua

122 1812 407 1881 paciﬁcus
436 1820 625 1869 uoster
650 1811 1104 1883 rcgnansindicia
1132 1826 1229 1867 sua
1260 1810 1440 1867 facere
1462 1812 1735 1884 dignosci-

1840 592 1909 649 Et
1942 595 2064 651 dua:
2093 613 2279 652 manus
2308 594 2430 653 hinc
2460 609 2614 674 atque
2644 596 2765 657 inde
2787 610 3013 663 tenentes
3050 602 3228 662 sedile.
3282 604 3426 678 Quid

1837 704 1967 761 ergo
1998 687 2102 745 duo
2131 686 2409 748 bracbiola
2438 692 2551 751 sive
2589 694 2708 751 duae
2731 712 2929 754 manus
2962 707 3209 757 tenentes
3251 699 3420 760 sedile

1838 780 2143 842 Salomonis
2164 784 2496 859 significant,
2520 789 2625 845 nisi
2652 788 2844 848 solatia
2858 792 3051 848 divinae
3074 793 3281 867 gratim,
3301 810 3421 866 quae

1837 885 2078 935 sanctam
2101 874 2402 936 Ecclesiam
2432 881 2498 939 ad
2528 881 2752 937 caeleste
2800 898 3026 956 regnum
3074 884 3418 957 provehunt?

1835 977 1891 1024 et
1911 961 2026 1027 haec
2052 980 2176 1042 apte
2203 988 2301 1044 per
2328 973 2599 1030 binarium
2629 991 2917 1033 numerum
2958 978 3228 1052 descripta
3269 991 3415 1050 sunt,

1836 1056 1963 1131 quia
2000 1058 2056 1116 in
2106 1071 2337 1135 utroque
2400 1058 2748 1121 Testamento
2805 1067 2896 1122 hic
2952 1070 3301 1140 praedicatur,
3331 1071 3423 1127 hic

1835 1144 2069 1211 maxime
2096 1154 2507 1212 commendatur
2538 1175 2552 1211 :
2586 1157 2713 1229 quia
2746 1174 2852 1213 non
2883 1159 2986 1215 nisi
3036 1177 3134 1233 per
3177 1162 3421 1218 divinum

1834 1245 2160 1317 adiutorium
2187 1246 2391 1320 aliquid
2416 1248 2541 1305 boni
2596 1249 2784 1320 perﬁci
2838 1253 3028 1323 possit.
3089 1250 3243 1310 Unde
3301 1253 3418 1327 ipsa

1834 1330 2048 1397 Veritas
2078 1336 2207 1396 dicit
2236 1360 2248 1396 :
2280 1338 2406 1397 Sine
2437 1359 2518 1397 me
2547 1340 2677 1398 nihil
2702 1345 2915 1416 potestis
2946 1346 3139 1416 facere.
3188 1342 3257 1400 Et
3316 1346 3422 1401 duo

1834 1426 2005 1487 leones
2041 1431 2248 1488 stabant
2268 1431 2428 1505 juxta
2454 1428 2745 1490 bracliiola.
2777 1430 2916 1504 Quid
2940 1450 3037 1508 per
3086 1434 3271 1494 leones
3316 1437 3423 1493 nisi

1832 1535 2019 1597 putres
2046 1527 2329 1600 utriusque
2351 1527 2683 1584 Testamenti
2716 1528 3053 1600 ﬁgurantur,
3082 1531 3175 1603 qui
3199 1547 3297 1603 per
3312 1529 3414 1587 for-

1834 1610 2120 1675 titudinem
2149 1619 2314 1676 animi
2342 1628 2397 1675 et
2423 1621 2524 1675 sibi
2543 1629 2597 1677 et
2617 1620 2737 1676 aliis
2764 1616 3035 1678 dominari
3055 1620 3194 1678 bene
3220 1622 3421 1678 didice-

1834 1712 1995 1767 runt?
2026 1706 2143 1767 Duo
2171 1728 2301 1783 ergo
2330 1712 2511 1768 leones
2533 1709 2690 1783 juxta
2722 1728 2915 1768 manus
2944 1712 3184 1782 stabant,
3214 1715 3339 1786 quia
3364 1713 3420 1768 in

1832 1802 1950 1875 lege
1979 1805 2114 1861 etin
2170 1806 2464 1878 Evangelio
2514 1807 2690 1862 sancti
2730 1800 2921 1862 Patres
2969 1804 3236 1878 quidquid
3292 1804 3423 1862 boni

126 1915 250 1971 tur,
283 1908 412 1976 quia
440 1908 620 1963 anima
638 1905 775 1975 justi
805 1906 963 1965 sedes
987 1914 1073 1963 est
1094 1906 1390 1977 sapientia.
1413 1906 1482 1961 Ει
1502 1907 1643 1963 bene
1663 1907 1733 1963 de
1759 1888 1807 1951 B
1834 1894 2100 1963 fecerunt,
2128 1913 2237 1952 non
2263 1897 2386 1964 sibi,
2419 1899 2514 1953 sed
2544 1900 2655 1954 Deo
2701 1899 3119 1970 deputaverunt.
3171 1898 3324 1956 Unde
3372 1908 3425 1954 et

124 2001 307 2056 ebore
334 2000 463 2055 illud
513 2000 717 2056 factum
760 2016 882 2056 esse
923 2007 1281 2066 memoratur,
1311 2000 1456 2070 quod
1496 2015 1606 2056 non
1662 2001 1732 2057 ad

126 2096 285 2151 solus
311 2096 529 2151 divitias
575 2096 942 2166 intelligamus
988 2104 1233 2166 aptatum
1257 2126 1275 2160 ,
1318 2096 1413 2150 sed
1471 2095 1731 2167 quoniam

126 2189 361 2258 elephas
390 2189 547 2259 cuius
580 2192 697 2246 hinc
723 2205 846 2246 ossa
877 2199 1027 2256 sunt,
1051 2190 1233 2246 nimia:
1259 2191 1564 2247 sanctitatis
1586 2206 1734 2248 asse-

128 2281 303 2347 ritur,
351 2282 444 2352 qui
505 2282 650 2337 inter
695 2282 1065 2353 quadrupedis
1120 2291 1173 2337 et
1224 2297 1389 2338 sensu
1434 2282 1732 2354 plurimum

128 2373 306 2439 valet,
337 2381 394 2428 et
422 2375 567 2431 inter
598 2377 755 2431 bruta
784 2375 1047 2431 miscetur
1080 2376 1297 2431 feminae
1316 2376 1493 2431 unicae
1518 2382 1574 2431 et
1601 2391 1733 2431 con-

120 2463 266 2535 juge
316 2468 551 2521 secunda
608 2483 716 2523 non
769 2469 959 2524 utitur.
1007 2468 1122 2525 Hoc
1160 2469 1375 2539 pudicis
1444 2469 1733 2525 animabus

129 2559 402 2615 decenter
452 2570 694 2632 aptatum
743 2570 829 2617 est
853 2602 868 2628 ,
920 2563 1067 2634 quod
1107 2563 1215 2617 illa!
1253 2564 1509 2619 eburneae
1562 2561 1731 2619 fuisse

132 2661 460 2719 noscuntur,
492 2668 613 2724 qme
634 2666 733 2724 per
764 2656 1072 2711 castitatem
1103 2654 1308 2712 Christi
1342 2656 1559 2711 Domini
1584 2671 1725 2726 prte-

128 2754 298 2815 oepta
323 2754 526 2800 secutae
549 2755 694 2802 sunt.
727 2747 879 2804 Hane
920 2749 1139 2804 vestivit
1163 2764 1296 2803 auro
1341 2748 1488 2803 fulvo
1535 2747 1726 2813 nimis,

131 2837 271 2906 quia
294 2837 638 2909 splenderent
662 2840 849 2909 gloriae
874 2855 985 2895 sua:
1019 2841 1075 2895 in
1101 2855 1167 2895 ea
1221 2841 1526 2895 clarescere
1576 2838 1723 2906 fecit,

130 2940 267 2983 cum
286 2943 384 2998 per
410 2931 564 3001 signa
593 2939 649 2985 et
675 2932 936 2987 miracula
961 2931 1264 3002 maiestatis
1288 2947 1404 2987 suat
1422 2933 1727 3002 potentiam

127 3021 395 3075 ostendit.
425 3022 671 3079 Habebat
701 3034 883 3080 autem
934 3025 1161 3079 thronus
1210 3025 1317 3079 iste
1359 3038 1454 3080 ses
1501 3024 1724 3095 gradus.

86 3124 99 3129 ‘
130 3112 282 3180 Quid
312 3128 409 3185 per
435 3118 710 3172 senarium
734 3132 1045 3185 numerum,
1080 3119 1185 3174 nisi
1207 3119 1474 3174 bonorum
1497 3132 1729 3188 operum

124 3204 398 3278 perfectio
422 3211 769 3281 designatur?
790 3210 896 3267 Sex
922 3213 1111 3268 diebus
1133 3212 1349 3284 perlicit
1370 3214 1517 3268 Deus
1538 3212 1725 3268 mundi

126 3307 429 3367 ornatum,
478 3308 535 3357 et
570 3303 802 3373 septimo
845 3304 1114 3374 requievit
1156 3305 1226 3360 ab
1275 3306 1533 3376 operibus
1588 3304 1720 3361 suis.

128 3391 420 3461 Siquidem
445 3399 499 3447 et
521 3395 768 3450 senarius
799 3410 1060 3451 numerus
1087 3398 1297 3465 primus
1324 3404 1411 3452 est
1439 3410 1722 3464 numerus,

125 3484 236 3554 qui
269 3484 378 3539 suis
403 3486 651 3555 partibus
672 3487 945 3558 perfectus
971 3504 1092 3544 esse
1122 3490 1460 3561 dignoscitur
1506 3509 1519 3545 :
1561 3490 1731 3545 habet

130 3575 290 3631 enim
330 3578 673 3634 medietatem
722 3581 1157 3645 trinum-mnam
1206 3592 1423 3652 partem
1471 3583 1721 3650 duorum,

133 3674 346 3721 sextam
374 3668 559 3724 unius.
586 3669 766 3726 Unum
794 3687 947 3738 vero,
979 3673 1086 3729 duo
1120 3682 1176 3730 et
1206 3675 1311 3729 tria
1340 3682 1433 3730 se!
1457 3670 1719 3731 alliciunt.

131 3755 306 3827 Igitur
329 3760 454 3828 quia
484 3774 577 3816 seu
599 3761 853 3819 aetatibus
878 3764 1110 3819 mundus
1142 3773 1389 3831 constat,
1422 3766 1476 3820 in
1526 3766 1727 3835 quibus

134 3847 271 3902 licet
292 3851 523 3919 operari,
557 3852 802 3924 quisquis
823 3854 891 3909 ad
919 3856 1200 3912 ccclestem
1245 3858 1483 3928 patriam
1532 3874 1726 3929 perve-

140 3941 263 3996 nire
292 3943 575 4013 desiderat,
620 3947 777 4004 banis
826 3950 1085 4021 operibus
1129 3948 1429 4008 ascendere
1472 3951 1721 4020 festinet,

140 4032 268 4103 quia
292 4033 393 4089 nisi
414 4036 573 4093 bonis
597 4040 809 4097 actibus
832 4042 1176 4107 ascendatur,
1206 4043 1335 4099 illuc
1358 4040 1584 4099 minime
1599 4059 1724 4116 per-

140 4125 406 4181 venietur.
424 4122 579 4195 Quod
600 4141 782 4187 autem
809 4134 1009 4189 dicitur
1031 4135 1325 4190 scabellqu
1347 4151 1575 4191 aureum
1599 4151 1721 4193 esse

141 4216 200 4271 in
254 4217 413 4287 solio,
445 4221 739 4278 scabellum
795 4238 1022 4281 aureum
1075 4242 1367 4298 possumus
1416 4229 1722 4302 intelligere

142 4316 353 4367 sanctos
388 4318 442 4368 et
478 4313 759 4387 religiosos
793 4316 1061 4384 homines,
1104 4328 1159 4375 et
1205 4321 1467 4376 virtutum
1516 4322 1723 4393 fulgore

142 4405 477 4475 splendentes
504 4450 519 4473 ,
551 4410 605 4463 in
647 4424 881 4481 quorum
931 4411 1186 4468 cordibus
1233 4412 1417 4468 divina
1464 4414 1723 4485 dignatur

141 4501 432 4559 inhabitare
456 4502 728 4573 maiestas.
762 4502 917 4561 Unde
944 4503 1206 4563 Dominus
1256 4520 1354 4578 per
1396 4505 1721 4575 prophetam

1832 1986 2113 2059 psalmista
2142 1987 2273 2043 dicit
2301 2006 2313 2042 :
2342 1987 2467 2043 Non
2490 1988 2662 2056 nobis,
2696 1986 2936 2059 Domine,
2977 2008 3080 2046 non
3130 1990 3299 2057 nobis,
3327 1989 3420 2045 sed

1832 2080 2032 2135 nomini
2094 2090 2183 2135 tuo
2227 2079 2296 2134 da
2362 2079 2605 2154 gloriam,
2647 2098 2803 2153 super
2823 2080 3237 2137 misericordiam
3278 2091 3423 2136 tuam

1831 2187 1879 2231 et
1949 2176 2216 2230 veritatem
2260 2184 2424 2229 tuam.
2480 2170 2547 2229 Et
2616 2172 2911 2247 Apostolus
2961 2192 2974 2229 :
3034 2173 3223 2231 Gratia
3273 2174 3423 2244 Dei,

1831 2266 2050 2339 inquit,
2098 2286 2214 2323 sum
2266 2266 2324 2322 id
2361 2269 2500 2341 quod
2555 2286 2693 2324 sum.
2719 2268 2787 2324 Et
2847 2270 2980 2325 item
3016 2288 3028 2323 :
3063 2267 3168 2337 Qui
3219 2267 3421 2342 gloria-

1832 2370 1954 2430 tur,
1993 2354 2050 2417 in
2109 2361 2336 2417 Domino
2382 2360 2657 2434 glorietur.
2725 2360 2796 2416 Et
2851 2361 3128 2419 duodecim
3187 2360 3419 2417 leunculi

1828 2462 2022 2511 stantes
2074 2472 2230 2526 super
2272 2471 2363 2510 sea;
2408 2452 2629 2527 gradus,
2680 2450 2802 2510 hinc
2855 2465 3012 2528 atque
3074 2454 3215 2513 inde.
3279 2452 3421 2525 Quid

1827 2560 1927 2617 per
1977 2544 2264 2601 duodecim
2306 2544 2587 2601 leunculos
2639 2544 2749 2602 nisi
2796 2544 3220 2617 praedicatorum
3260 2544 3421 2615 ordo,

1829 2636 1923 2710 qui
1992 2636 2349 2709 apostolicam
2409 2634 2719 2692 doctrinam
2782 2638 3043 2710 sequitur
3072 2678 3088 2707 ,
3146 2634 3423 2712 signiﬁca-

1829 2742 1938 2788 tur.
1969 2722 2036 2788 Hi
2065 2749 2194 2806 ergo
2224 2749 2389 2805 supra
2412 2749 2508 2790 sex
2535 2733 2734 2808 gradus
2760 2732 2891 2789 hinc
2918 2742 3081 2806 atque
3108 2726 3235 2790 inde
3254 2739 3424 2803 stant,
3466 2804 3479 2814 μ

1828 2826 1956 2899 quia
1986 2818 2250 2881 bonorum
2282 2841 2506 2898 operum
2539 2841 2760 2899 gressus
2790 2824 2918 2881 hinc
2949 2835 3111 2899 atque
3143 2822 3269 2881 inde
3310 2823 3426 2881 suis

1829 2910 2093 2974 doctrinis
2120 2928 2283 2991 atque
2328 2919 2593 2990 exemplis
2649 2918 2862 2975 munire
2919 2926 3159 2986 certant,
3184 2933 3252 2973 ne
3298 2917 3423 2993 pius

1829 3006 1982 3069 labor
2016 3008 2155 3069 bene
2202 3010 2579 3085 incipientium
2620 3011 2676 3069 in
2720 3010 2997 3083 operando
3040 3005 3294 3076 vacillet,
3327 3004 3424 3066 sed

1829 3100 2212 3161 rectitudinem
2238 3106 2292 3162 in
2328 3122 2617 3180 progressu
2646 3107 2909 3163 virtutum
2944 3102 3160 3162 fortiter
3201 3120 3421 3162 conser-
3498 3176 3507 3179 _

1829 3203 1937 3255 vet.
1972 3193 2125 3268 Quod
2162 3208 2344 3257 autem
2371 3198 2639 3266 subditur,
2672 3216 2779 3255 non
2824 3208 2898 3255 est
2943 3200 3144 3270 factum
3180 3195 3285 3253 tale
3334 3215 3421 3253 so-

1829 3290 1960 3346 lium
1980 3290 2035 3346 in
2059 3291 2314 3347 universis
2337 3292 2530 3364 regnis,
2554 3296 2677 3364 apte
2710 3299 2912 3347 sanctae
2934 3286 3194 3346 Ecclesiae
3217 3304 3419 3345 conve—

1828 3385 1930 3453 nit,
1962 3384 2030 3440 de
2052 3401 2159 3455 qua
2200 3385 2463 3456 scriptum
2505 3392 2589 3440 est
2618 3398 2634 3440 :
2663 3380 2947 3439 Fortitudo
2983 3392 3032 3438 et
3074 3381 3232 3436 decor
3274 3381 3425 3436 indu-

1826 3486 2060 3533 mentum
2090 3477 2230 3548 ejus,
2252 3487 2299 3535 et
2323 3470 2512 3535 videbit
2531 3477 2587 3531 in
2613 3475 2699 3532 die
2718 3476 3019 3533 novissimo.
3066 3466 3423 3529 Surrexerunt

1826 3569 1926 3640 ﬁlii
1956 3570 2097 3640 ejus,
2118 3580 2166 3624 et
2198 3568 2323 3625 bene
2350 3566 2765 3642 prwdicaverunt
2799 3583 2818 3621 :
2849 3552 2925 3625 vir
2952 3569 3069 3641 ejus
3097 3609 3113 3636 ,
3140 3576 3188 3623 et
3232 3565 3423 3623 lauda-

1827 3663 1953 3721 bunt
1975 3678 2111 3718 eam.
2141 3660 2327 3718 Multw
2345 3663 2475 3732 ﬁlia:
2516 3671 2829 3737 congregant
2856 3662 3065 3719 divitias
3093 3675 3111 3714 :
3140 3670 3197 3717 tu
3244 3677 3425 3733 super-

1825 3772 2005 3826 gressa
2024 3770 2076 3810 es
2100 3746 2393 3809 universas.
2420 3752 2683 3825 Sequitur
2726 3773 2739 3809 :

1898 3846 2090 3903 Omnia
2119 3864 2322 3920 quoque
2361 3865 2487 3905 vasa
2525 3848 2744 3905 convivii
2775 3847 2911 3920 regis
2955 3855 3107 3902 erant
3157 3861 3344 3912 aurea,
3373 3854 3423 3901 et

1824 3957 1948 3997 vasa
1968 3941 2155 3996 domus
2190 3939 2358 3996 saltus
2387 3940 2578 3999 Libani
2607 3958 2671 3997 ea:
2699 3957 2829 3996 auro
2872 3940 3179 4012 purissimo.
3224 3936 3425 4008 Argen-

1825 4042 1936 4088 tum
1958 4036 2096 4089 enim
2122 4034 2178 4089 in
2198 4033 2379 4091 diebus
2402 4034 2508 4089 illis
2529 4052 2629 4107 pro
2673 4033 2836 4091 nihilo
2879 4033 3240 4106 reputabatur.
3286 4024 3424 4087 llinc

1824 4126 1881 4181 in
1907 4127 2112 4199 Regum
2138 4129 2215 4185 ita
2241 4130 2507 4202 scriptum
2551 4124 2676 4185 cst:
2719 4126 2826 4183 Sed
2872 4136 2921 4182 et
2966 4126 3142 4181 omnia
3190 4141 3315 4180 vasa
3359 4123 3423 4179 de

1823 4223 2013 4295 quibus
2038 4224 2249 4295 putabat
2280 4241 2372 4279 rex
2401 4223 2657 4279 Salomon
2691 4232 2838 4278 erant
2866 4239 3033 4278 aurea
3081 4231 3129 4277 et
3180 4220 3424 4274 universa

1822 4312 2091 4385 appelles:
2138 4315 2328 4369 domus
2375 4314 2544 4371 saltus
2593 4313 2783 4367 Libani
2828 4313 2893 4367 de
2934 4328 3067 4366 auro
3113 4310 3419 4382 purissimo.

1826 4402 1952 4458 Non
1980 4413 2092 4457 erat
2122 4414 2395 4474 argentum
2421 4420 2512 4459 nec
2557 4403 2788 4473 alicujus
2826 4403 2981 4473 pretii
3026 4401 3316 4472 putabatur
3360 4400 3416 4455 in

1823 4497 2005 4562 diebus
2042 4496 2367 4555 Salomonis.
2400 4495 2595 4554 Omnia
2642 4512 2773 4552 vasa
2816 4510 2936 4568 qua:
2976 4493 3187 4566 paciﬁci
3241 4494 3416 4548 nostri

142 4596 277 4652 dixit
301 4612 313 4650 :
347 4594 513 4669 Super
548 4614 698 4671 quem
726 4602 1004 4671 requiescet
1032 4598 1265 4673 Spiritus
1292 4617 1438 4657 meus
1483 4601 1583 4655 nisi
1630 4618 1720 4655 sn-
1745 4633 1804 4694 D
1825 4591 2130 4648 ωἱηίδιετίο
2155 4590 2455 4662 funguntur
2482 4605 2649 4646 aurea
2680 4589 2835 4655 θυηῐι
2864 4589 2992 4660 quia
3011 4602 3203 4643 omnes
3223 4587 3415 4646 animat

139 4704 234 4757 per
268 4688 507 4744 humilem
529 4732 544 4758 ,
582 4701 629 4745 ει
675 4693 905 4764 (primum
933 4736 948 4759 ν
989 4701 1037 4748 ει
1093 4699 1392 4750 trementem
1456 4706 1721 4749 germane,
1745 4679 1796 4694 ³⁷
1825 4692 2138 4739 sanctorum
2169 4698 2292 4753 quae
2319 4691 2448 4737 sunt
2468 4698 2598 4738 vasa
2621 4682 2736 4764 llei,
2768 4691 2829 4738 ut
2872 4680 3137 4736 voluntati
3170 4679 3419 4736 serviant

144 4797 279 4835 meos
303 4782 326 4835 ?
350 4782 420 4837 De
447 4798 553 4853 quo
577 4792 632 4839 et
659 4759 772 4856 ipsa
806 4785 1023 4843 Veritas
1072 4787 1129 4843 in
1156 4787 1448 4859 Evangelio
1496 4787 1572 4843 ait
1606 4807 1618 4843 :
1660 4786 1721 4844 Si

1832 4776 2056 4844 divinae,
2085 4777 2371 4847 splendore
2416 4759 2698 4848 sapientiae
2752 4785 2807 4833 et
2852 4775 3157 4833 dilectionis
3208 4773 3421 4847 fulgore

142 4874 258 4945 quis
284 4874 446 4942 diligit
470 4892 549 4930 me
576 4918 589 4941 ,
615 4892 903 4933 sermonem
953 4892 1125 4933 meum
1178 4880 1421 4945 servabit,
1457 4891 1507 4935 et
1554 4879 1718 4935 Pater

1832 4872 2061 4926 nitentes
2090 4871 2374 4927 continent
2399 4879 2585 4942 potum
2615 4886 2770 4941 aqua:
2796 4872 2955 4937 vivae,
2984 4879 3039 4926 et
3091 4869 3184 4924 ﬁet
3233 4869 3287 4923 in
3336 4869 3416 4922 eis

141 4984 287 5022 meus
306 4967 477 5040 diliget
507 4984 648 5037 eum,
674 4976 722 5025 et
749 4971 817 5025 ad
844 4988 961 5025 eum
996 4974 1279 5039 veniemus,
1310 4982 1358 5028 et
1389 4975 1715 5030 mansionem
1820 4967 1945 5023 fons
1970 4984 2124 5038 unua:
2151 4968 2397 5025 salientis
2424 4969 2479 5023 in
2502 4970 2671 5025 vitam
2693 4979 2980 5025 mternum.
3029 4967 3141 5023 Nec
3185 4964 3417 5034 alicujus

142 5060 280 5133 apud
299 5072 409 5115 eunt
431 5062 705 5132 faciemus.
740 5063 865 5119 Sive
892 5062 965 5120 illi
998 5074 1225 5136 possunt
1248 5064 1467 5122 seabelli
1494 5070 1715 5124 nomine
1820 5060 1983 5129 Ρηίίί
2012 5068 2298 5131 argentum
2318 5060 2612 5131 Ρυιθδδιυτ
2634 5062 2689 5116 in
2716 5062 2909 5121 diem”
2931 5059 3259 5125 Salomonis!
3286 5059 3415 5129 quia

139 5156 332 5221 notari,
360 5157 451 5226 qui
480 5156 681 5213 infirmi
713 5166 841 5213 sunt
868 5160 919 5213 in
948 5173 1178 5229 corpore
1210 5158 1448 5225 Christi,
1476 5160 1581 5215 hoc
1609 5169 1711 5225 est,
1815 5152 2111 5209 secundum
2140 5154 2462 5224 Apostolum
2496 5170 2604 5211 non
2654 5163 2743 5211 est
2782 5156 2839 5209 in
2888 5169 3144 5210 sermone
3186 5168 3415 5223 regnum

140 5248 453 5319 pueuitentes
479 5268 490 5303 :
517 5250 609 5320 qui
631 5248 698 5304 de
721 5252 959 5321 peccatis
983 5250 1096 5306 suis
1116 5252 1387 5307 veraciter
1405 5253 1718 5322 ptenitendo

1832 5244 1911 5300 )ei
1936 5246 2032 5299 sed
2064 5246 2118 5300 iu
2145 5246 2367 5312 virtute,
2393 5254 2449 5303 et
2502 5247 2819 5317 praedicatio
2868 5246 3148 5317 Evangelii
3200 5260 3307 5301 non
3354 5245 3410 5300 in

141 5339 346 5396 student
366 5340 594 5409 gratiam
623 5357 786 5413 quam
840 5342 1116 5413 peccando
1162 5344 1477 5408 amiserant,
1504 5346 1593 5414 pie
1633 5346 1713 5400 n.-
1811 5338 2266 5405 persuasibilibus
2309 5338 2565 5394 humanae
2592 5338 2878 5407 δεψὶθιιιίίε
2915 5338 3097 5394 verbis
3137 5338 3411 5403 cousiStit.

140 5430 369 5485 borando
414 5444 760 5501 recuperare.
809 5430 915 5487 seu
960 5432 1035 5488 illi
1086 5435 1381 5491 scamnum
1426 5443 1715 5503 γοοεηηηγ,
1815 5426 1907 5480 sed
1936 5426 1989 5480 in
2016 5429 2326 5483 ostensione
2355 5428 2595 5499 Spiritus
2619 5438 2676 5483 et
2702 5428 2939 5485 virtutis.
2993 5430 3063 5486 Ut
3132 5431 3268 5487 tldes
3312 5447 3407 5488 no-

144 5520 233 5591 qui
257 5521 523 5576 novissimi
547 5519 702 5591 juxta
733 5522 895 5577 ﬁnem
928 5523 1117 5579 mundi
1168 5525 1233 5579 ad
1289 5525 1453 5581 ﬁnem
1506 5526 1712 5583 Christi
1818 5524 1931 5572 stra
1968 5533 2077 5573 non
2108 5518 2181 5573 sit
2204 5518 2260 5575 in
2287 5518 2558 5589 sapientia
2602 5518 2886 5575 hominum
2910 5561 2927 5586 ,
2955 5520 3051 5577 scd
3098 5520 3154 5576 in
3202 5521 3406 5576 virtute

144 5621 538 5668 convertuntur.
563 5615 667 5682 Qui
695 5620 873 5670 tamen
899 5617 1049 5671 aurei
1081 5625 1230 5683 sunt,
1267 5619 1396 5688 quia
1438 5620 1560 5689 igne
1593 5634 1713 5689 per-

1832 5611 1937 5665 Dei.
1966 5609 2119 5668 Unde
2149 5612 2265 5682 ipsa
2319 5612 2529 5669 Veritas
2581 5614 2709 5669 ait:
2750 5613 2875 5670 Non
2922 5615 3092 5671 omnis
3147 5615 3237 5687 qui
3284 5614 3412 5669 dicit

145 5705 465 5760 secutionum
538 5722 602 5761 ac
680 5704 1130 5775 tribulationum,
1194 5724 1331 5779 quas
1387 5709 1711 5768 Antichristi
1818 5701 2239 5770 ηιὶΙιενυοηιίηε.
2275 5704 2517 5770 Domine,
2544 5706 2760 5762 intrabit
2785 5706 2843 5761 in
2889 5723 3106 5771 reanum
3131 5704 3409 5769 caelorum.

145 5795 333 5852 smvitia
359 5794 450 5851 illo
479 5786 532 5851 in
564 5798 803 5869 tempore
854 5804 1083 5854 auctura
1124 5807 1231 5865 est,
1271 5800 1588 5866 eaauiinati,
1612 5816 1714 5871 per
1817 5796 1908 5853 sed
1932 5798 2025 5868 qui
2045 5796 2173 5867 facit
2200 5796 2518 5857 voluntatem
2546 5796 2727 5857 Patris
2750 5800 2878 5866 mei,
2902 5800 2994 5870 qui
3019 5800 3074 5854 in
3116 5797 3257 5856 caelis
3299 5802 3412 5863 est,

145 5885 445 5965 patientiam
484 5886 853 5968 probatissimi
898 5887 1269 5951 inveniuntur.
1322 5888 1397 5951 tu
1443 5889 1714 5953 ma
1818 5891 1931 5968 ίριο
1987 5889 2207 5954 intrabit
2235 5890 2291 5954 in
2317 5908 2535 5968 regnum
2556 5891 2837 5961 ceterum.
2859 5892 2926 5954 Et
2966 5892 3143 5959 item:
3173 5888 3283 5973 Qui
3308 5883 3416 5952 aol-
