3920 6464
551 383 658 440 479

551 596 796 651 minimus
823 597 1090 651 vocabitur
1112 598 1168 652 in
1195 613 1355 668 regno
1381 598 1663 666 caelorum;
1689 603 1777 672 qui
1799 610 1972 657 autem
1995 603 2130 673 fece-

550 687 618 740 rit
644 696 691 741 et
713 687 1306 761 docuerit,|ltic-magnus
1318 691 1587 745 vocabitur
1611 692 1667 746 in
1683 708 1838 762 regno
1861 693 2124 749 caelorum.

620 776 890 848 Siquidem
905 795 1059 834 naves
1085 780 1376 850 regisibant
1397 781 1453 836 in
1468 780 1682 839 Tharsis
1712 801 1829 838 cum
1853 787 2009 840 servis
2029 785 2129 840 Hi-

545 885 660 924 ram
685 869 842 925 semel
871 870 928 925 in
948 870 1101 926 annis
1133 871 1298 926 tribus
1326 913 1341 938 ,
1371 881 1422 927 et
1466 874 1765 944 deferebant
1788 876 1908 930 inde
1935 893 2126 932 aurum

543 970 590 1014 et
613 971 886 1031 argentum
916 971 966 1016 et
988 963 1116 1017 ebur
1134 972 1180 1017 et
1208 963 1389 1018 simias
1419 973 1468 1018 et
1495 983 1674 1036 pavos.
1709 966 1846 1034 Quid
1873 979 1957 1025 est
1982 971 2125 1040 quod

541 1054 684 1109 servi
713 1053 1022 1111 Salomonis
1048 1071 1172 1110 cum
1202 1057 1374 1112 servis
1413 1057 1600 1113 Hiram
1625 1059 1776 1115 ibant
1815 1062 1869 1116 in
1901 1059 2126 1118 Tharsis

539 1145 709 1202 semel
737 1147 794 1200 in
821 1147 976 1202 annis
1005 1146 1201 1214 tribus,
1232 1156 1286 1202 et
1317 1148 1632 1206 deferebant
1663 1153 1787 1208 inde
1831 1169 2020 1208 aurum
2069 1163 2126 1209 et

539 1247 826 1309 argentum
855 1279 870 1304 ,
903 1248 960 1295 et
1006 1240 1160 1307 ebur,
1213 1241 1318 1296 nisi
1361 1244 1506 1312 quod
1560 1244 1890 1314 Redemptor
1940 1255 2125 1302 noster

539 1329 812 1397 apostolos
843 1338 899 1386 ct
943 1331 1195 1388 doctores
1235 1332 1511 1404 Evangelii
1557 1334 1623 1389 de
1649 1336 1845 1406 populo
1899 1335 2121 1393 Judaico

537 1435 661 1475 cum
709 1421 815 1476 illis
872 1426 1320 1493 praedicatoribus
1364 1443 1502 1498 quos
1565 1429 1630 1483 de
1676 1430 1832 1500 plebe
1877 1433 2120 1503 gentium

534 1512 718 1584 elegit,
751 1514 891 1570 trina
918 1517 1283 1585 confessione,
1316 1521 1409 1576 sed
1437 1537 1543 1577 una
1571 1521 1861 1579 ﬁde'mittit
1885 1524 1940 1580 in
1963 1540 2120 1580 mun-

532 1603 695 1658 dum?
744 1614 800 1660 ut
832 1608 960 1664 inde
1003 1611 1054 1664 ei
1099 1610 1345 1667 deferant
1383 1614 1436 1668 in
1493 1616 1824 1671 credentium
1871 1622 2118 1688 personis

529 1710 720 1751 aurum
771 1701 1070 1770 sapientize,
1126 1714 1407 1776 argentum
1472 1707 1828 1778 eloquentiae,
1877 1721 1933 1767 et
1981 1714 2117 1769 ebur

526 1789 834 1846 castitatis?
859 1790 1089 1850 afferant
1115 1795 1273 1850 simul
1295 1807 1349 1852 et
1371 1798 1556 1854 simias
1601 1809 1655 1855 et
1691 1816 1876 1870 pavos.
1931 1803 2103 1860 Simia

1202 384 1264 438 Β.
1301 382 1558 441 RABANI
1591 385 1812 443 MAURI
1848 385 2165 444 ARCHIEP.
2207 386 2521 445 MOGUNT.
2562 387 2847 450 OPERUM
2882 394 3063 452 PARS
3099 397 3141 452 l.

552 506 679 560 verit
701 520 866 560 unum
893 504 958 560 de
983 504 1247 560 mandatis
1267 506 1403 574 istis,
1430 515 1478 560 et
1499 506 1730 562 docuerit
1755 511 1828 563 sic
1877 511 2129 576 homines,
2158 515 2212 573 Α
2237 506 2357 560 tur?
2381 507 2509 576 quia
2539 515 2596 562 et
2639 507 2848 581 Moyses
2894 511 3039 567 illam
3096 523 3416 587 accepturus
3458 521 3826 594 quadraginta

2232 597 2422 652 diebus
2437 598 2790 670 jejunavit,et
2806 604 3035 674 populus
3058 606 3388 666 Israeliticus
3427 612 3531 682 qui
3575 628 3690 683 per
3717 632 3824 671 an

2231 689 2618 761 instruebatur,
2650 697 3005 766 quadraginta
3053 700 3211 755 annis
3253 701 3307 755 in
3357 717 3556 760 eremo
3603 710 3819 764 mansit.

2228 779 2372 838 Bene
2404 797 2533 855 ergo
2561 799 2665 855 per.
2682 788 3167 859 quadragenarium
3193 807 3485 848 numerum
3509 798 3645 865 equi
3678 797 3820 853 Salo-

2228 873 2404 929 monis
2427 887 2779 934 numerantur
2806 880 2860 935 in
2897 881 3124 937 stabulis
3151 882 3418 950 collocati,
3444 887 3584 956 quia
3631 890 3817 947 duritia

2227 960 2359 1033 legis
2382 966 2580 1021 veteris
2607 971 2899 1025 constricta
2925 981 3087 1042 atque
3112 977 3346 1030 coercita
3371 977 3566 1033 fuerat
3589 982 3817 1037 insoles-

2226 1055 2300 1109 tia
2325 1056 2523 1124 prioris
2561 1061 2761 1130 populi.
2791 1061 3164 1121 Duodenarius
3200 1082 3329 1124 vero
3368 1085 3654 1125 numerus
3697 1089 3815 1143 pra-

2224 1160 2349 1201 sens
2377 1156 2589 1220 tempus
2617 1152 2907 1223 signiﬁcat,
2941 1157 2996 1211 in
3027 1173 3135 1227 quo
3162 1161 3462 1228 apostolica
3522 1167 3812 1220 auctoritas

2222 1241 2558 1307 praesidendo
2598 1246 2807 1315 populis
2853 1250 3093 1320 gentium
3145 1252 3392 1308 doctrina
3437 1253 3592 1309 Novi
3643 1256 3813 1311 Testa.

2221 1333 2388 1386 menti
2434 1333 2553 1391 illos
2593 1338 2784 1392 nutrit.
2844 1338 2948 1405 Qui
2995 1342 3260 1397 constituti
3301 1355 3456 1399 erant
3507 1347 3574 1398 in
3613 1348 3810 1402 urbibus

2219 1424 2638 1494 quadrigarum;
2675 1429 2778 1484 hoc
2822 1440 2905 1486 est
2928 1473 2943 1498 ,
2991 1433 3046 1487 in
3075 1435 3319 1490 custodia
3345 1435 3806 1506 disciplinarum;

2218 1523 2267 1566 et
2301 1514 2392 1568 ubi
2432 1525 2545 1571 erat
2589 1535 2681 1573 rea:
2709 1521 2764 1574 in
2819 1521 3175 1590 Hierusalem,
3223 1525 3278 1580 in
3309 1525 3534 1581 visione
3572 1529 3807 1582 Videlicet

2216 1607 2383 1674 pacis.
2441 1607 2720 1666 Distantize
2770 1613 3011 1668 locorum
3060 1615 3451 1671 discretionem
3519 1621 3809 1674 ostendunt

2215 1697 2574 1766 profectuum.
2617 1703 2709 1757 Sic
2752 1707 2895 1758 enim
2939 1706 3116 1775 quiin
3159 1707 3386 1763 urbibus
3411 1709 3806 1780 quadrigam

2214 1790 2494 1844 constituti
2539 1800 2713 1857 erant,
2763 1795 2882 1858 illos
2915 1797 3222 1869 signiﬁcant
3244 1801 3337 1870 qui
3374 1801 3641 1857 diversis
3670 1804 3808 1858 disci-

485 1895 487 1898 ‘
524 1881 667 1936 enim
691 1885 1028 1956 ingeniosum
1053 1899 1136 1945 est
1159 1891 1359 1946 animal
1382 1901 1436 1946 et
1457 1893 1761 1950 bominisin
1785 1898 2092 1967 quibusdam

2209 1883 2370 1952 plinis
2399 1884 2656 1941 Ecclesia:
2683 1889 2884 1943 subditi
2910 1905 3007 1961 per
3030 1893 3321 1962 magistros
3368 1893 3718 1964 spirituales
3753 1898 3804 1950 sd

524 1972 768 2030 imitatur
793 1986 962 2034 actus.
1016 1978 1170 2048 Quod
1223 1999 1331 2038 non
1377 1984 1820 2043 inconvenienter
1866 1992 2105 2060 philoso-

521 2067 753 2136 phorum
782 2087 1031 2142 personae
1055 2092 1154 2146 per
1184 2077 1409 2148 ﬁguram
1438 2088 1676 2150 aptatur,
1694 2084 1788 2153 qui
1812 2088 2105 2143 rationabi—

518 2158 596 2214 les
626 2175 768 2217 verae
798 2165 1078 2235 sapientiae
1119 2169 1413 2242 aliquando
1459 2174 1744 2233 imitantur
1796 2194 2007 2248 sensus,
2049 2192 2106 2240 et

517 2252 571 2308 in
603 2255 902 2327 disciplinis
927 2261 1040 2317 suis
1078 2264 1303 2321 moralis
1339 2267 1464 2322 vitae
1515 2268 1771 2326 differunt
1823 2280 1996 2329 actus.
2036 2274 2102 2331 Hi

516 2365 638 2406 cum
669 2369 770 2423 per
791 2357 1210 2424 praadicatorum
1241 2362 1522 2418 solertiam
1568 2367 1636 2421 ad
1688 2365 1849 2421 ﬁdem
1899 2367 2100 2425 Christi

513 2452 927 2514 convertuntur,
953 2457 1169 2519 gratum
1222 2468 1419 2509 munus
1470 2469 1602 2511 vero
1645 2468 1805 2512 erunt
1848 2459 2096 2528 paciﬁco.

513 2531 778 2593 Similiter
803 2549 858 2594 et
883 2555 1122 2610 pavones
1145 2585 1160 2610 ,
1190 2547 1282 2615 qui
1328 2549 1594 2604 varietate
1639 2553 1886 2610 colorum
1934 2572 2099 2626 quam

512 2623 566 2716 in
597 2630 788 2695 pennis
811 2634 1122 2702 ostendunt,
1147 2636 1267 2692 illos
1302 2648 1529 2708 possunt
1557 2642 1886 2713 signiﬁcare,
1915 2623 2006 2716 qui
2031 2649 2099 2704 ob

508 2715 723 2774 laudem
737 2721 1029 2779 humanam
1050 2727 1258 2796 species
1277 2729 1554 2786 variarum
1569 2733 1828 2788 virtutum
1847 2735 1902 2789 in
1919 2715 2100 2807 super-

507 2805 660 2866 ﬁcies
680 2816 995 2888 ostendunt,
1013 2818 1107 2873 sed
1120 2819 1176 2874 lll
1192 2836 1315 2875 cum
1338 2822 1620 2879 doctorum
1641 2805 2100 2898 studiointusvper

506 2900 666 2960 ﬁdem
695 2905 975 2965 reformati
998 2927 1092 2968 eas
1113 2913 1280 2970 solius
1302 2917 1396 2972 Dei
1423 2933 1608 2975 amore
1632 2936 1822 2991 gerere
1861 2923 2096 2990 discunt,

507 2999 762 3077 tuncjam
795 3005 984 3059 aeterni
1011 3008 1153 3078 regis
1187 3009 1400 3069 deliciis
1438 3027 1536 3083 per
1560 3015 1744 3070 omnia
1789 3016 1901 3085 apti
1947 3027 2092 3074 sunt.

576 3090 954 3165 Magniﬁcatus
978 3110 1052 3154 est
1083 3118 1205 3173 ergo
1231 3102 1484 3162 Salomon
1521 3125 1678 3179 super
1724 3125 1901 3165 omnes
1949 3128 2095 3183 reges

501 3190 658 3238 terra:
675 3202 787 3255 pra:
812 3188 1008 3247 divitiis
1034 3201 1083 3246 et
1109 3193 1300 3264 gloria,
1331 3214 1612 3271 omnesque
1641 3218 1786 3272 reges
1817 3213 2086 3258 terrarum

499 3274 868 3334 desiderabant
918 3283 1105 3352 faciem
1140 3282 1439 3344 Salomonis
1486 3291 1689 3357 videre,
1735 3302 1790 3346 ut
1822 3294 2085 3348 ‘audireut

497 3368 810 3438 sapientiam
839 3389 999 3443 quam
1020 3375 1234 3430 dederat
1259 3377 1402 3434 Deus
1429 3380 1486 3434 in
1514 3383 1672 3436 corde
1695 3383 1830 3453 ejus,
1859 3393 1908 3438 et
1939 3385 2084 3455 defe-

498 3461 679 3515 rebant
709 3479 754 3516 ev
782 3479 1024 3532 munera,
1055 3477 1159 3524 etc.
1203 3469 1349 3526 Bene
1396 3487 1527 3545 ergo
1565 3475 1768 3530 dictum
1816 3486 1902 3532 est
1943 3477 2087 3548 quod

497 3551 876 3621 magniﬁcatus
911 3555 983 3610 sit
1003 3572 1102 3612 rex
1131 3575 1297 3630 super
1321 3576 1511 3618 omnes
1540 3580 1696 3634 reges
1721 3573 1880 3621 terrae
1906 3607 1921 3632 ,
1959 3568 2084 3636 quia

497 3641 757 3712 paciﬁcus
785 3653 970 3701 noster
999 3663 1163 3719 super
1184 3665 1400 3708 onmem
1437 3655 1817 3713 celsitudinem
1876 3668 2087 3715 sancto-

497 3750 638 3801 rum,
672 3736 763 3806 qui
787 3753 914 3795 vere
939 3755 1094 3812 reges
1133 3743 1390 3800 dicuntur
1421 3747 1708 3811 exaltatur,
1745 3757 1800 3802 et
1831 3749 2011 3804 nullus
2034 3752 2082 3806 ei

495 3826 762 3896 coaequari
786 3837 983 3898 potest,
1015 3834 1272 3903 quoniam
1300 3837 1421 3905 quis
1462 3837 1517 3892 in
1568 3838 1802 3894 nubibus
1832 3839 2080 3907 Domino,

493 3925 588 3973 aut
617 3919 740 3990 quis
769 3921 962 3979 similis
989 3925 1095 3981 erit
1121 3927 1266 3983 inter
1287 3928 1427 3984 ﬁlios
1457 3931 1590 3986 Dei?
1619 3931 1786 3996 Deus,
1813 3932 1904 4002 qui
1920 3933 2083 4005 glori-

492 4009 690 4065 ﬁeatur
716 4013 771 4067 in
800 4015 1042 4072 consiliis
1064 4031 1176 4073 sua:
1201 4017 1522 4088 maiestatis,
1553 4031 1608 4077 et
1633 4023 1956 4080 metuendus
1981 4041 2077 4081 su-

489 4118 590 4172 per
604 4105 787 4161 omnia
813 4123 933 4177 quaa
957 4109 1011 4163 in
1042 4110 1272 4168 circuitu
1293 4111 1412 4182 ejus
1432 4123 1580 4169 sunt.
1607 4115 1675 4170 Et
1701 4115 1829 4171 item
1854 4133 2080 4187 magnus

491 4193 756 4251 Dominus
779 4205 965 4254 noster
991 4209 1044 4256 et
1073 4218 1266 4274 magna
1296 4205 1469 4260 virtus
1513 4207 1632 4276 ejus
1655 4247 1670 4273 ,
1689 4215 1754 4262 .et
1801 4209 2080 4278 sapientiae

489 4281 608 4352 ejus
629 4299 738 4340 non
763 4295 847 4342 est
883 4304 1161 4346 numerus.
1213 4291 1367 4349 Unde
1415 4303 1470 4350 et
1515 4294 1752 4352 Joannes
1797 4297 1930 4354 dicit
1963 4316 1975 4349 :
2007 4298 2079 4354 Et

487 4375 711 4430 vidimus
737 4375 960 4447 gloriam
982 4381 1097 4452 ejus
1125 4382 1348 4452 gloriam
1376 4387 1527 4456 quasi
1555 4388 1811 4457 unigeniti
1833 4406 1866 4442 a
1889 4387 2074 4457 Patre,

484 4467 696 4540 plenum
725 4474 901 4543 gratia
929 4485 976 4528 et
1005 4475 1238 4529 veritate.
1268 4475 1337 4531 Et
1364 4479 1618 4534 universa
1669 4487 1814 4536 terra
1863 4481 2077 4537 deside-

485 4571 573 4617 rat
592 4564 778 4620 videre
808 4567 1014 4622 vultum
1046 4569 1192 4639 regis
1213 4569 1407 4634 nostri,
1436 4571 1562 4640 quia
1595 4572 1849 4628 universa
1879 4572 2070 4630 Eccle-

485 4654 564 4708 sia
588 4663 901 4712 sanctorum
955 4659 1060 4714 hoc
1090 4659 1432 4715 solummodo
1471 4663 1694 4731 appetit,
1725 4671 1784 4716 ut
1833 4663 1898 4718 ad
1944 4679 2074 4719 con-

481 4756 729 4817 spectum
759 4749 943 4820 gloriae
973 4751 1090 4821 ejus
1115 4753 1433 4822 perveniat,
1477 4753 1563 4808 cui
1606 4769 1705 4824 per
1753 4755 2073 4823 prophetam

481 4841 682 4896 dicitur
707 4861 718 4895 :
745 4841 858 4897 Tibi
885 4844 1020 4899 dixit
1045 4862 1136 4900 cor
1157 4863 1351 4912 meum,
1373 4847 1645 4918 exquisivit
1667 4858 1716 4902 te
1739 4848 1902 4918 facies
1919 4867 2072 4916 mea;

480 4935 671 5007 [aciem
712 4947 881 5006 tuam,
912 4937 1154 5005 Domine,
1182 4939 1564 5011 requiram.':_Et
1593 4940 1719 4997 alibi
1748 4960 1760 4995 :
1791 4941 1942 4998 Sicut
1961 4960 2070 4998 cer-

479 5042 598 5092 vus,
627 5027 819 5099 inquit,
860 5029 1122 5084 desiderat
1147 5031 1214 5084 ad
1251 5030 1419 5101 fontes
1450 5048 1733 5103 aquarum,
1761 5033 1836 5086 ita
1866 5033 2071 5088 deside-

481 5133 563 5176 rat
591 5123 770 5177 anima
795 5139 910 5177 mea
933 5122 1003 5176 ad
1025 5133 1094 5190 te,
1125 5123 1286 5178 Deus.
1309 5123 1378 5178 Et
1391 5122 1590 5194 singuli
1611 5123 1860 5179 deferent
1879 5125 1928 5178 ei
1951 5141 2070 5179 mu-

481 5231 633 5281 nera,
667 5217 794 5271 dum
821 5216 1193 5287 unusquisque
1218 5217 1516 5273 secundum
1548 5216 1601 5271 id
1627 5216 1772 5286 quod
1790 5216 1936 5271 vires
1963 5215 2067 5272 sibi

479 5317 789 5379 suppetunt,
834 5309 888 5362 in
937 5309 1104 5366 verbo
1155 5324 1254 5366 seu
1299 5309 1461 5366 factis
1503 5307 1827 5380 obsequium
1884 5309 2067 5364 studet

477 5410 739 5474 praestare
766 5401 898 5457 Deo.

553 5494 756 5549 Habuit
780 5512 984 5567 quoque
1007 5495 1259 5553 Salonton
1302 5496 1658 5570 quadraginta
1698 5493 1867 5548 millia
1910 5510 2068 5565 equo-

479 5606 595 5644 rum
626 5589 680 5642 in
726 5589 946 5642 stabulis
970 5631 984 5655 ,
1028 5600 1076 5645 et
1117 5608 1371 5646 curruum
1416 5589 1748 5662 equitumque
1789 5585 2067 5640 duodecim

476 5680 666 5746 millia,
702 5681 1071 5755 constituitque
1121 5699 1208 5738 eos
1239 5683 1296 5737 in
1319 5683 1534 5737 urbibus
1575 5679 1954 5752 quadrigarum
1980 5717 1994 5743 ,
2015 5683 2066 5729 et

477 5773 569 5830 ubi
599 5783 713 5828 erat
750 5790 842 5830 rex
893 5773 949 5828 in
979 5772 1335 5829 Hierusalem.
1386 5771 1524 5840 Quid
1551 5787 1649 5842 per
1689 5769 2064 5840 quadragena-

481 5869 622 5925 riutn
649 5884 933 5925 numerum
963 5870 1066 5925 nisi
1093 5876 1339 5937 tempora
1359 5866 1495 5936 legis
1539 5864 1733 5934 prisca:
1776 5862 2062 5931 designan-

2212 1990 2354 2030 verae
2385 1977 2662 2049 religionis
2685 1979 3084 2036 observantiam
3109 1983 3439 2038 erudiuntur
3469 2003 3483 2036 :
3517 1985 3610 2038 ita
3639 1985 3805 2055 illiqai

2205 2066 2316 2136 jam
2370 2070 2566 2123 eruditi
2616 2070 2763 2124 omni
2802 2071 3046 2127 doctrina
3072 2073 3331 2128 virtutum
3356 2115 3370 2140 ,
3413 2075 3657 2131 habiles
3701 2087 3804 2131 sunt

2209 2160 2330 2214 usui
2359 2163 2504 2232 regis
2533 2161 2798 2230 caelestis,
2821 2151 3177 2233 praesentiam
3207 2166 3324 2219 veri
3363 2166 3604 2235 paciﬁci
3643 2177 3702 2222 et
3742 2170 3802 2222 vi-

2207 2255 2483 2311 cinitatem
2539 2258 2740 2314 habere
2792 2269 3114 2326 merentur,
3162 2261 3227 2315 de
3279 2261 3487 2332 quibus
3543 2266 3800 2336 scriptum

2206 2353 2330 2399 est:
2364 2343 2564 2402 Currus
2601 2349 2696 2402 Dei
2733 2351 2910 2406 decem
2957 2350 3188 2405 millibus
3241 2351 3529 2423 multiplex
3558 2397 3577 2418 ,
3654 2357 3800 2408 initiis

2206 2436 2515 2505 laztantium,
2558 2442 2817 2496 Dominus
2878 2444 2933 2497 in
2983 2444 3109 2500 illis.
3183 2445 3252 2500 Et
3301 2446 3432 2501 alibi
3474 2490 3486 2500 .
3537 2448 3800 2512 Quonim

2206 2531 2487 2586 ascendens
2512 2535 2758 2589 ascendes
2783 2552 2939 2606 super
2961 2554 3118 2608 equos
3148 2546 3265 2592 tuos
3295 2549 3343 2592 et
3376 2539 3665 2608 equitatus
3695 2551 3800 2591 tua:

2204 2617 2421 2671 sanitas.
2474 2617 2639 2686 Cujus
2662 2621 2934 2688 equitatus
2963 2621 3135 2691 ﬁgura
3171 2624 3336 2678 etiam
3363 2623 3528 2693 juxta
3561 2625 3798 2680 litteram

2203 2708 2258 2762 in
2282 2694 2506 2763 Domino
2523 2719 2820 2765 monstrata
2843 2722 2946 2776 est,
2967 2729 3088 2768 cum
3106 2715 3544 2787 Hierosolymam
3573 2720 3800 2774 tendens

2203 2801 2426 2857 sedebat
2452 2801 2506 2855 in
2534 2802 2708 2866 asino,
2745 2805 3156 2861 concinentibus
3205 2807 3376 2862 turbis
3415 2825 3547 2878 qua:
3582 2822 3800 2866 antenec»

2202 2894 2398 2949 debant
2419 2901 2474 2948 et
2509 2909 2628 2964 qum
2671 2897 3056 2964 sequebantur,
3093 2908 3148 2954 et
3187 2915 3309 2969 quae
3353 2902 3579 2958 obviam
3615 2908 3796 2961 venie-

2200 2986 2330 3040 bant
2363 3001 2376 3040 :
2407 2985 2684 3052 Hosanna,
2718 2987 3014 3043 benedictus
3048 2991 3139 3060 qui
3177 2993 3316 3045 venit
3339 2993 3398 3047 in
3429 2998 3669 3071 nomine
3699 2999 3800 3052 Do-

2199 3078 2347 3131 mini.
2390 3078 2448 3132 ln
2503 3094 2610 3148 qua
2648 3079 2979 3148 equitatione
3036 3082 3241 3136 sanitas
3287 3085 3588 3139 resonabat
3623 3105 3640 3139 :
3679 3089 3797 3158 quia

2200 3171 2458 3225 nimirum
2481 3170 2695 3226 illorum
2730 3172 2836 3226 iter
2864 3172 3146 3243 spirituale
3179 3174 3526 3244 signabatur,
3560 3179 3664 3247 qui
3705 3179 3794 3232 Do-

2192 3264 2338 3318 mino
2364 3265 2501 3321 duce
2527 3279 2625 3334 per
2649 3267 2922 3336 apostolos
2946 3267 3012 3320 ad
3047 3265 3163 3334 ejus
3189 3284 3310 3338 quae
3340 3284 3568 3324 sursum
3600 3282 3695 3326 est
3717 3270 3792 3324 Je-

2192 3355 2448 3423 rusalem,
2476 3372 2597 3429 quae
2625 3365 2706 3412 est
2740 3368 2915 3412 mater
2935 3358 3176 3413 omnium
3204 3367 3474 3426 nostrum,
3500 3377 3682 3434 regna
3709 3365 3791 3418 du-

2189 3459 2408 3508 cuntur.

2257 3542 2514 3598 Exercuit
2554 3545 2714 3599 etiam
2752 3553 3055 3615 potestatem
3099 3562 3256 3617 super
3306 3556 3528 3601 cunctos
3581 3565 3735 3619 reges
3762 3567 3788 3601 ε

2185 3637 2349 3707 ﬂuvio
2378 3636 2651 3708 Euphrate
2676 3654 2840 3708 usque
2877 3639 2947 3691 ad
2993 3648 3186 3692 terram
3227 3637 3715 3704 Philisthinorum,
3743 3653 3785 3693 et

2185 3746 2348 3802 usque
2369 3731 2439 3786 ad
2473 3732 2719 3785 terminos
2743 3731 2985 3802 Afggpti.
3020 3731 3295 3801 Scriptum
3324 3741 3412 3786 est
3435 3732 3506 3787 de
3535 3734 3657 3787 veri
3688 3734 3784 3788 Sa-

2185 3824 2438 3890 lomonis,
2467 3825 2572 3879 hoc
2600 3834 2704 3889 est,
2739 3825 2947 3894 paciﬁci
2976 3831 2988 3890 ζ
2999 3824 3169 3878 nostri
3210 3838 3377 3895 regno
3427 3831 3485 3878 et
3539 3825 3788 3880 domina-

2183 3915 2330 3970 tione
2379 3915 2433 3970 in
2489 3914 2730 3984 psalmis.
2788 3915 2889 3970 Ubi
2919 3914 3508 3970 diciturzDominatur
3571 3933 3605 3968 a
3656 3917 3788 3970 mari

2182 4023 2343 4077 usque
2373 4005 2442 4059 ad
2489 4021 2657 4071 mare,
2688 4014 2738 4059 et
2767 4023 2798 4058 a
2825 4005 3040 4074 ﬂumine
3068 4020 3230 4074 usque
3260 4002 3327 4057 ad
3355 4004 3621 4059 terminos
3648 4005 3785 4058 orbis

2181 4108 2440 4153 terrarum
2457 4096 2630 4169 (Psal.
2664 4097 2835 4169 LXXI).
2860 4096 3007 4152 Istud
3038 4105 3221 4151 autem
3251 4096 3319 4150 ad
3341 4094 3710 4153 Salomonem
3728 4099 3785 4152 ﬁ-

2179 4190 2310 4245 lium
2342 4190 2511 4245 David
2549 4189 2798 4245 omnibus
2821 4190 2996 4246 modis
3021 4204 3128 4244 non
3152 4196 3331 4258 potest
3356 4187 3672 4258 pertinere.
3696 4191 3779 4259 qui

2179 4288 2388 4335 tantum
2440 4280 2494 4333 in
2525 4287 2681 4350 gente
2702 4278 2885 4334 Iudaea
2905 4293 2999 4334 rex
3025 4277 3194 4332 fuisse
3219 4278 3602 4348 cognoscitur.
3635 4279 3777 4334 Mare

2175 4372 2318 4427 enim
2346 4370 2621 4428 Oceanum
2644 4371 2904 4427 debemus
2927 4372 3222 4438 advertere,
3255 4371 3346 4440 qui
3377 4385 3573 4425 aream
3618 4376 3776 4428 totius

2176 4472 2357 4531 terrae,
2387 4463 2528 4518 sicut
2572 4462 2790 4533 quidam
2833 4461 3039 4527 dicunt,
3067 4460 3232 4515 limbo
3275 4475 3374 4515 suo
3406 4461 3630 4517 circum
3661 4480 3774 4517 am-

2177 4556 2332 4612 biens
2370 4555 2615 4611 includit.
2653 4555 2792 4610 Nam
2836 4555 2880 4610 si
2924 4555 3096 4608 maria
3150 4555 3253 4608 ista
3281 4559 3472 4607 nostra
3503 4554 3652 4610 velis
3701 4558 3774 4608 in-

2179 4647 2456 4718 telligere,
2508 4647 2673 4702 totius
2723 4646 2908 4700 mundi
2939 4644 3202 4698 ambitum
3255 4659 3416 4712 quem
3470 4659 3648 4699 verus
3679 4647 3772 4700 ist.-

2172 4739 2442 4810 signilicat
2473 4755 2578 4792 non
2609 4737 2926 4807 prmvalebis
2953 4737 3256 4791 advertere.
3290 4734 3558 4804 Sequitur
3598 4755 3612 4789 :
3652 4737 3719 4790 Et
3743 4756 3770 4788 α

2171 4835 2387 4906 ﬂumine
2414 4849 2578 4902 usque
2623 4831 2691 4884 ad
2720 4831 2966 4885 terminos
3013 4829 3152 4882 orbis
3192 4838 3477 4882 terrarum.
3532 4828 3768 4883 Pulchra

2171 4925 2386 4996 quidem
2417 4924 2678 4987 brevitas,
2698 4923 2790 4977 sed
2811 4921 3049 4990 ingentia
3075 4919 3232 4974 nobis
3257 4927 3613 4973 sacramenta
3643 4935 3764 4988 pro-

2171 5019 2331 5075 fudit.
2364 5019 2409 5072 A
2450 5019 2697 5089 ﬂumine,
2737 5031 2768 5070 a
2818 5013 3051 5069 Jordane
3080 5012 3250 5077 dicit,
3282 5012 3425 5066 unde
3457 5026 3563 5080 per
3594 5021 3761 5066 totum

2171 5116 2358 5172 orbem
2381 5122 2648 5168 terrarum
2672 5109 3024 5165 saluberrime
3051 5105 3233 5176 regula
3255 5105 3395 5159 sacri
3417 5104 3761 5171 baptismatis

2171 5214 2405 5263 emanat.
2445 5203 2765 5258 Dominatur
2805 5216 2933 5270 ergo
2986 5213 3084 5253 rex
3125 5205 3309 5252 noster
3337 5210 3508 5266 super
3537 5207 3759 5252 cunctos

2171 5313 2344 5370 reges,
2392 5296 2496 5351 hoc
2530 5305 2614 5349 est
2641 5309 2804 5363 super
2832 5290 3114 5344 universos
3140 5289 3231 5358 qui
3283 5295 3431 5341 recte
3475 5287 3756 5356 regiminis

2170 5399 2431 5449 exercent
2483 5395 2846 5456 potestatem,
2877 5401 2910 5438 a
2947 5384 3106 5452 ﬂuvio
3149 5379 3420 5449 Euphrate
3457 5380 3555 5448 qui
3592 5377 3756 5432 inter-

2167 5494 2413 5557 pretatur
2448 5482 2668 5554 frugifer
2695 5481 2809 5535 sive
2829 5494 3082 5540 crescens,
3113 5490 3272 5542 usque
3297 5472 3366 5526 ad
3397 5481 3597 5525 terram
3632 5470 3752 5524 Phi-

2165 5578 2521 5637 listhinorum,
2553 5573 2603 5628 id
2623 5580 2726 5637 est,
2747 5569 3033 5640 dupliciter
3053 5565 3357 5622 cadentium
3384 5582 3397 5618 :
3423 5563 3748 5618 Philisthiim

2166 5672 2310 5729 enim
2340 5670 2725 5737 interpretatur
2757 5664 2910 5718 ruina
2941 5661 3132 5731 duplex
3163 5674 3180 5711 :
3210 5672 3333 5712 cum
3380 5671 3482 5727 per
3527 5655 3748 5711 oblivio-

2167 5780 2291 5821 nem
2330 5768 2673 5834 peccatorum
2707 5756 2776 5813 ab
2809 5754 3152 5810 inchoatione
3184 5750 3268 5804 sui
3297 5749 3352 5804 in
3388 5745 3628 5802 Jordane
3658 5747 3748 5801 ba-

2107 5853 2111 5857 ’
2163 5857 2437 5930 ptismatis
2469 5867 2639 5925 usque
2685 5850 2754 5907 ad
2798 5846 3204 5906 conversionem
3233 5843 3476 5901 omnium
3507 5839 3745 5914 gentium

3737 411 3828 467 ιῇ
