3920 6470
75 398 195 454 481

1024 395 1380 454 COMMENT.
1419 394 1489 452 IN
1526 392 2082 453 PARALIPOMENA.
2120 423 2192 434 —-
2227 393 2355 448 LIB.
2396 394 2484 450 111.

79 513 161 567 ad
214 509 388 565 ﬁdem
413 549 428 573 ,
475 508 594 579 ejus
633 507 900 564 redundat
939 509 1113 580 gratia
1153 508 1434 580 potestatis
1467 527 1481 562 :
1515 508 1690 564 utubi
1715 515 1765 574 Α
1793 509 1946 574 lium,
1989 508 2117 578 quia
2151 523 2246 563 eos
2277 485 2397 578 qui.
2418 517 2634 565 terrena
2678 518 2994 582 appetentes
3020 511 3079 567 in
3107 510 3280 568 altum
3317 527 3380 568 se

81 605 360 661 deﬂuxus
385 601 487 658 fuit
515 601 815 658 carnalium
843 602 1252 669 desideriorum,
1280 603 1353 658 ibi
1389 601 1698 658 stabiliatur

83 701 384 753 bonorum
412 711 634 767 germen
660 695 939 759 virtutum,
992 703 1051 749 ut
1094 695 1185 750 ubi
1234 704 1344 750 tam
1395 694 1698 750 idololatria

83 807 273 860 quam
307 789 473 845 etiam
502 787 731 845 scelesta
773 789 1190 845 conversatione
1233 789 1429 858 duplex
1478 788 1698 859 populo-

84 899 224 936 rum
266 879 372 936 fuit
412 882 610 948 ruina;
653 880 728 936 ibi
769 896 869 951 per
917 880 1315 938 confessionem
1361 890 1526 936 recta:
1573 879 1697 934 ﬁdei

86 989 161 1027 ac
203 973 419 1029 cultum
448 988 592 1028 vera:
616 973 857 1044 pietatis,
909 975 977 1028 ad
1009 973 1231 1030 caeleste
1293 981 1517 1044 regnum
1568 971 1698 1029 ﬁde-

86 1065 236 1119 lium
289 1073 546 1138 exsurgat
586 1065 717 1120 vita.
761 1064 1030 1138 Pertingit
1075 1067 1238 1121 etiam
1285 1073 1528 1136 potestas
1581 1063 1698 1133 ejus

87 1172 270 1226 usque
301 1156 372 1209 ad
399 1156 648 1210 terminos
683 1155 928 1227 Egypti,
955 1157 1059 1212 hoc
1081 1168 1164 1212 est
1187 1199 1203 1224 ,
1233 1173 1406 1227 usque
1441 1157 1507 1212 ad
1547 1165 1696 1211 tene-

86 1249 301 1301 brosas
337 1255 548 1302 mentes
591 1246 888 1303 inﬁdelium
912 1288 927 1313 ,
957 1263 1094 1319 quas
1131 1249 1202 1303 ab
1246 1263 1434 1304 errore
1476 1262 1700 1304 conver-

89 1348 225 1394 tens
260 1338 465 1394 lumine
503 1355 614 1395 sua:
662 1339 832 1410 replet
870 1339 1015 1395 ﬁdei.
1063 1340 1192 1396 Inde
1221 1349 1306 1396 est
1335 1340 1478 1411 quod
1509 1354 1700 1395 conse-

87 1441 343 1502 quenter
369 1449 534 1503 supra
584 1443 887 1490 memorato
933 1434 1114 1489 versui
1149 1435 1413 1505 propheta
1457 1434 1701 1489 annectit

87 1524 296 1578 dicens
335 1541 348 1577 :
394 1521 587 1579 Coram
632 1524 712 1578 illi
763 1524 1034 1596 procident
1072 1525 1370 1596 Afthiopes,
1412 1535 1462 1581 et
1497 1525 1698 1580 inimici

85 1617 219 1687 ejus
263 1627 461 1672 terram
511 1617 729 1690 lingent.
783 1618 1070 1690 Ethiopes
1107 1628 1422 1691 peccatores
1472 1620 1698 1692 populos

89 1711 371 1767 debemus
408 1711 710 1768 advertere.
748 1712 887 1768 Nam
917 1714 1058 1768 sicut
1086 1712 1163 1768 illi
1217 1715 1498 1770 teterrimo
1550 1715 1701 1771 corio

87 1802 433 1868 vestiuntur,
483 1802 794 1859 ita-anima:
832 1804 1260 1874 delinquentium
1289 1805 1556 1861 scelerum
1603 1807 1700 1861 ob-

1797 601 2004 672 erigere
2026 615 2133 655 non
2157 600 2432 667 valebant,
2458 601 2524 656 ad
2552 601 2937 659 fecunditatem
2962 605 3228 660 bonorum
3252 619 3382 674 ope-

1798 708 1918 747 rum
1974 701 2028 748 et
2078 693 2455 750 celsitudinem
2493 695 2738 764 pervexit
2789 696 3072 752 virtutum.
3134 695 3381 751 Diximus

1797 789 2066 860 superius,
2098 797 2153 844 et
2178 803 2321 844 nunc
2349 789 2540 844 eadem
2562 790 3035 845 commemorando
3061 790 3376 861 repetimus,

1799 883 1942 950 quod
1963 880 2157 936 cedrus
2179 881 2343 937 arbor
2362 889 2446 936 est
2463 881 2916 951 ineomputribilis
2942 890 3172 947 naturae,
3196 881 3380 938 odoris

1791 972 2032 1044 jucundi,
2071 981 2320 1043 aspectus
2370 972 2550 1037 nitidi,
2595 982 2876 1044 serpentes
2915 988 3143 1029 accensa
3191 972 3382 1028 nidore

1799 1064 1991 1137 fugans
2013 1081 2076 1121 ac
2106 1066 2378 1135 perimens
2413 1083 2425 1119 :
2452 1080 2572 1135 qum
2601 1065 2857 1120 universa
2884 1064 3140 1136 perfectis
3162 1066 3383 1135 quihus-

1798 1173 1904 1229 que
1926 1159 2272 1224 convcniunt,
2308 1173 2539 1230 quorum
2576 1156 2954 1228 insuperabilis
2982 1165 3068 1211 est
3098 1157 3378 1227 patientia,

1800 1249 1945 1304 fama
1971 1250 2230 1305 virtutum
2255 1250 2471 1313 eximia,
2505 1250 2794 1320 praesentia
2836 1249 3045 1304 eunetis
3076 1248 3418 1324 gratissimaf

1799 1343 1977 1410 bonis,
2003 1345 2301 1398 auctoritas
2328 1345 2398 1399 ad
2421 1344 2774 1400 revincendos
2802 1341 3268 1414 confutandosque
3289 1358 3384 1397 eos
3407 1333 3414 1342 ’

1799 1435 1892 1505 qui
1916 1435 2128 1490 veritati
2159 1436 2422 1490 resistunt
2465 1435 2928 1499 constantissima,
2957 1434 3050 1504 qui
3085 1442 3140 1489 et
3186 1433 3242 1488 in
3278 1433 3383 1487 hac

1799 1526 1929 1592 vita,
1959 1535 2013 1582 et
2043 1526 2097 1580 in
2128 1525 2308 1581 futura
2350 1525 2610 1598 singulari
2639 1543 2751 1598 prze
2777 1526 2990 1582 caeteris
3019 1525 3223 1581 sanctis
3249 1523 3386 1580 emi-

1800 1617 1984 1673 nentia
2011 1616 2232 1686 fulgent.

1877 1709 2099 1780 Reliqua
2127 1719 2302 1764 autem
2321 1725 2534 1780 cperam
2557 1707 2856 1765 Salomonis
2876 1710 3112 1780 priorum
3138 1717 3185 1762 et
3214 1708 3386 1763 novis-

1800 1805 2073 1871 simorum,
2097 1805 2292 1875 scripta
2341 1815 2460 1860 sunt
2500 1807 2554 1859 in
2589 1806 2753 1860 verbis
2784 1805 3001 1860 Nat/tan
3023 1804 3308 1876 prophetw,
3338 1811 3388 1857 et

89 1896 372 1951 scuritate
415 1897 791 1954 tenebrantur.
848 1897 960 1970 Ego
994 1899 1084 1954 isti
1115 1897 1422 1968 jEthiopes,
1453 1899 1547 1969 qui
1569 1907 1697 1954 sunt
1725 1913 1773 1974 Β
1801 1897 1856 1950 in
1885 1895 2032 1949 libris
2083 1894 2231 1949 Aliia:
2263 1893 2525 1963 Silonitis,
2553 1897 2608 1950 in
2637 1896 2836 1952 visione
2880 1911 3082 1966 quoque
3129 1894 3281 1948 Addo
3314 1893 3389 1946 vi-

87 1997 448 2056 pcocatores,
480 1997 607 2045 ante
636 1989 785 2045 illum
825 1989 1134 2062 procidunt,
1166 1991 1382 2059 quando
1416 2007 1474 2046 se
1517 1992 1694 2062 poeni—

94 2080 294 2134 tentia:
343 2079 622 2136 humiliter
659 2090 1032 2151 prosternunt.
1090 2081 1301 2152 Adjecit
1333 2101 1344 2136 :
1380 2082 1447 2135 Et
1495 2082 1697 2137 inimici

90 2171 220 2240 ejus
268 2183 460 2227 terram
505 2173 719 2244 lingent.
758 2173 884 2231 Illos
923 2174 1119 2246 quibus
1169 2184 1254 2232 est
1289 2175 1503 2230 Domini
1537 2175 1699 2231 mise—

93 2261 321 2317 ratione
346 2265 678 2332 parcendum
706 2280 894 2320 coram
935 2267 1056 2336 ipso
1102 2265 1384 2337 procidere
1416 2266 1577 2332 dixit,
1607 2267 1699 2322 isti

93 2363 292 2408 autem
331 2352 502 2411 Judaei
545 2358 852 2428 pertinaces
883 2359 1087 2415 inimici
1117 2361 1483 2425 nominantur,
1517 2361 1609 2431 qui
1643 2361 1697 2416 in

93 2459 204 2498 sua
253 2445 620 2503 obstinatione
671 2450 918 2505 mansuri
974 2459 1119 2506 sunt.
1170 2450 1301 2518 Quae
1330 2466 1458 2522 ergo
1487 2451 1591 2507 illis
1615 2461 1700 2508 est

93 2537 315 2604 paena?
361 2536 577 2592 Terram
621 2539 812 2611 lingent
843 2582 857 2605 ,
888 2541 942 2596 id
971 2550 1073 2607 est,
1109 2549 1306 2596 terram
1341 2543 1571 2613 sapient,
1594 2544 1698 2598 hoc

95 2629 256 2682 enim
287 2629 430 2698 sapit
459 2621 750 2702 unicuique
780 2635 924 2704 quod
952 2633 1109 2706 lingit
1133 2675 1149 2701 ,
1175 2635 1370 2704 quibus
1396 2636 1451 2690 in
1475 2636 1697 2691 modum

95 2723 380 2791 serpentis
423 2723 622 2779 humus
670 2735 753 2780 est
795 2742 920 2782 esca
973 2728 1220 2797 pmnalis.
1273 2729 1391 2785 Hoc
1426 2730 1494 2784 ad
1521 2730 1697 2784 humi-

92 2811 316 2868 litatem
354 2815 524 2885 ipsius
552 2818 696 2888 juste
736 2818 966 2875 dicimus
1011 2819 1354 2876 referendum
1383 2861 1398 2886 ,
1439 2823 1696 2891 quoniam

97 2904 203 2972 qui
244 2905 517 2962 Christum
571 2909 859 2964 Dominum
907 2911 1132 2968 credere
1174 2913 1465 2968 noluerunt
1495 2914 1590 2969 tali
1617 2914 1699 2968 ul-

99 3009 124 3049 t
137 2997 261 3050 ioue
291 2998 527 3053 damnati
555 3011 701 3056 sunt.

183 3087 506 3160 Tantumque
557 3094 760 3163 copiam
791 3096 1013 3165 prmbuit
1053 3098 1254 3168 argenti
1304 3097 1362 3152 in
1403 3096 1698 3151 Jerusalem

90 3183 260 3252 quasi
289 3181 560 3253 lapidum;
612 3198 660 3240 et
703 3189 978 3243 eedrorum
1028 3201 1230 3246 tantam
1287 3191 1693 3260 multitudinem,

1797 1988 2006 2052 dentis,
2064 1996 2246 2041 contra
2305 1987 2586 2042 Jeroboam
2651 1987 2822 2057 ﬁlium
2868 1984 3068 2044 Nabat.
3138 1985 3388 2056 Regnavit

1799 2090 1974 2136 autem
2029 2079 2283 2136 Salomon
2323 2082 2380 2134 in
2409 2079 2706 2135 Jerusalem
2753 2097 2909 2151 super
2962 2093 3168 2133 omnem
3217 2074 3390 2132 Israel

1797 2173 2150 2246 quadraginta
2195 2173 2370 2238 annis,
2399 2173 2742 2244 dormivitque
2786 2189 2906 2226 cum
2933 2169 3171 2242 patribus
3193 2167 3304 2223 suis
3342 2175 3391 2222 et

1797 2264 2112 2336 sepelierunt
2136 2279 2255 2317 eum
2292 2265 2346 2316 in
2381 2263 2588 2318 civitate
2634 2262 2824 2317 David.
2881 2261 3035 2329 Quod
3080 2274 3211 2314 vero
3262 2257 3394 2312 dicit

1801 2353 2081 2426 Scriptura
2113 2369 2280 2424 opera
2323 2355 2507 2424 priora
2553 2352 2896 2418 Salomonis,
2946 2365 3012 2406 ea
3058 2351 3397 2405 demonstrat

1799 2461 1966 2518 opera
2001 2463 2121 2518 quae
2160 2446 2330 2519 gessit
2354 2452 2647 2514 antequam
2678 2440 3152 2511 prmvaricaretur,
3182 2449 3240 2494 ut
3284 2438 3396 2493 fue-

1800 2549 1929 2595 runt
1952 2539 2236 2594 aediﬁcatio
2276 2538 2484 2609 templi,
2514 2545 2569 2592 et
2613 2535 2947 2590 oblationum
2972 2534 3230 2598 varietas,
3258 2539 3392 2598 etc.,

1799 2632 1942 2690 facta
1971 2632 2088 2701 ejus
2132 2649 2252 2703 qua:
2275 2632 2564 2704 mysticam
2610 2627 3064 2700 significationem
3090 2626 3312 2690 habent,
3339 2632 3397 2678 ut

1799 2745 1964 2800 supra
1997 2728 2352 2785 ostendimus.
2396 2725 2702 2781 Novissima
2752 2729 2936 2777 autem
2980 2735 3046 2775 ea
3097 2734 3218 2788 qua:
3267 2717 3397 2773 dicit

1799 2837 1987 2892 opera,
2019 2830 2147 2877 sunt
2166 2836 2229 2876 ea
2265 2836 2386 2891 qum
2412 2818 2578 2888 gessit
2597 2823 2889 2887 postquam
2917 2821 3292 2883 transgressus
3313 2817 3399 2864 est

1800 2914 1973 2986 legem
2017 2914 2135 2979 Dei,
2175 2913 2378 2967 ducens
2407 2910 2740 2980 alienigenas
2767 2919 2986 2969 uxores,
3029 2917 3148 2972 qua:
3178 2916 3303 2955 eum
3331 2898 3398 2953 ad

1801 3003 2159 3059 idololatriam
2188 3019 2361 3072 usque
2378 2995 2864 3071 perduxerunt.,De
2893 2994 2980 3049 his
2998 3007 3128 3062 ergo
3145 2989 3402 3061 operibus

1804 3094 2110 3150 Salomonis
2159 3095 2288 3166 quid
2321 3093 2533 3148 dicam?
2559 3105 2679 3160 qua:
2722 3088 3078 3145 vehementer
3107 3082 3285 3152 arguit
3315 3095 3401 3135 sa-

1802 3205 1896 3244 era
1925 3189 2228 3260 Scriptura,
2257 3198 2421 3258 atque
2447 3185 2796 3249 condemnat,
2833 3181 3080 3250 nihilque
3113 3179 3180 3234 de
3225 3175 3400 3246 pmui-

93 3271 245 3326 velut
291 3289 620 3342 sycomorum
666 3295 783 3348 quae
844 3280 1130 3350 gignuntur
1189 3283 1246 3336 in
1299 3282 1693 3352 campestribus.
1725 3275 1769 3338 C
1802 3281 1970 3334 tentia
1990 3279 2128 3347 ejus,
2160 3279 2243 3332 vel
2267 3279 2319 3332 in
2344 3294 2469 3332 eum
2493 3273 2826 3344 indulgentia
2858 3271 2954 3326 Dei
2997 3268 3217 3324 omnino
3249 3279 3397 3320 com-

89 3362 253 3430 Quid
294 3379 393 3433 per
438 3365 640 3434 lapides
669 3369 773 3424 nisi
803 3371 1003 3427 duritia
1051 3384 1106 3428 et
1152 3375 1544 3431 insensibilitas
1572 3393 1702 3448 gen—

89 3456 250 3510 tium
281 3457 635 3525 exprimitur?
667 3460 734 3516 Et
782 3465 912 3532 quid
949 3481 1048 3535 per
1077 3477 1360 3538 argentum
1407 3469 1511 3523 nisi
1558 3470 1703 3525 nitor

94 3547 437 3616 eloquentiae
458 3559 512 3604 et
532 3548 849 3619 jucunditas
885 3556 1146 3612 doctrina:
1184 3559 1569 3617 ecclesiastica:
1604 3561 1700 3617 de-

100 3640 394 3711 signatur?
426 3641 562 3709 Quid
618 3661 715 3715 per
762 3649 954 3704 cedros
993 3651 1097 3705 nisi
1124 3651 1428 3708 sublimitas
1471 3665 1528 3708 et
1568 3654 1704 3709 odor

103 3734 409 3788 Virtutum?
438 3735 677 3792 Praebuit
727 3754 856 3811 ergo
889 3758 1051 3798 verus
1087 3745 1343 3800 Salomon
1392 3747 1446 3801 in
1477 3749 1703 3818 mystica

105 3821 412 3881 Jerusalem
464 3837 672 3884 tantam
710 3833 920 3902 e0piam
971 3837 1182 3906 argenti
1239 3837 1391 3907 quasi
1438 3837 1701 3908 lapidum,

109 3933 242 3970 cum
295 3921 457 3974 corda
503 3924 804 3992 gentilium,
830 3942 950 3995 qua:
983 3929 1051 3982 ad
1093 3930 1427 3986 intellectum
1459 3934 1705 4004 omnipo-

115 4007 284 4062 tentis
307 4010 398 4064 Dei
430 4011 763 4070 insensibilia
793 4015 964 4083 fuere,
1010 4027 1065 4074 ct
1109 4020 1316 4090 lapides
1343 4038 1442 4094 pro
1470 4025 1709 4078 numini-

114 4097 224 4151 bus
251 4098 484 4166 coluere,
517 4104 584 4157 ad
613 4106 1020 4164 meditationem
1049 4110 1183 4181 legis
1212 4111 1308 4167 Dei
1337 4122 1391 4166 et
1415 4115 1481 4167 ad
1511 4115 1708 4183 praedi-

118 4188 389 4244 cationem
420 4192 697 4263 Evangelii
722 4201 1009 4254 convertit.
1029 4201 1139 4256 Nec
1162 4203 1436 4258 immerito
1467 4205 1706 4275 lapidum

119 4283 338 4338 nomine
361 4296 550 4356 gentes
587 4289 908 4360 signiﬁcata:
953 4305 1098 4360 sunt,
1128 4311 1247 4364 qua:
1290 4297 1497 4366 lapides
1527 4299 1709 4353 colue—

119 4382 272 4440 runt,
301 4377 426 4444 quia
457 4378 720 4448 scriptum
757 4391 881 4436 est:
913 4381 1124 4438 Similes
1171 4386 1277 4440 illis
1321 4388 1452 4456 [iant
1498 4390 1587 4458 qui
1623 4390 1710 4459 fa-

121 4468 270 4520 ciunt
322 4485 414 4534 ea,
452 4480 498 4524 et
547 4489 722 4528 omnes
751 4475 842 4545 qui
883 4477 1151 4545 conﬁdunt
1182 4479 1238 4532 in
1265 4480 1360 4533 eis.
1394 4481 1471 4534 De
1514 4480 1710 4550 quibus

127 4557 377 4612 nimirum
403 4559 671 4631 lapidibus
689 4562 926 4620 Joannes
948 4567 1188 4638 Baptista
1215 4569 1270 4623 in
1290 4569 1581 4639 Evangelio
1602 4571 1708 4624 ait:

1802 3380 2090 3426 memorat.
2133 3368 2285 3424 Licet
2313 3367 2526 3422 Hebraei
2575 3369 2858 3420 autument
2895 3359 3093 3415 librum
3133 3354 3403 3410 Ecclesia—

1803 3472 1924 3518 sten
1975 3462 2032 3516 in
2087 3460 2411 3531 paenitentia
2460 3473 2558 3512 sua
2625 3455 2776 3510 illum
2825 3448 3236 3520 conscripsisse.
3291 3443 3403 3499 Nec

1801 3571 2027 3627 prorsus
2064 3554 2303 3610 occurrit
2329 3553 2460 3623 quid
2511 3550 2702 3606 saltem
2752 3548 2807 3602 in
2847 3543 3103 3616 allegoria
3148 3538 3276 3596 boni
3317 3537 3396 3599 si-

1804 3648 2028 3721 gniﬁcet
2073 3648 2189 3702 hmo
2245 3643 2487 3701 deflenda
2529 3639 2854 3704 submersio,
2912 3636 3018 3691 nisi
3064 3633 3203 3689 forte
3256 3629 3406 3684 dicat

1805 3743 1928 3812 quis
1965 3739 2221 3794 mulieres
2257 3737 2585 3808 alienigenas
2608 3747 2838 3804 quarum
2881 3744 3067 3784 amore
3093 3729 3402 3787 exarserat,

1805 3830 2113 3902 signiﬁcare
2135 3827 2408 3884 Ecelesias
2435 3827 2642 3882 electas
2668 3839 2736 3878 ex
2782 3821 3057 3892 gentibus.
3087 3816 3281 3870 Posset
3309 3813 3402 3868 hic

1805 3924 2040 3979 fortasse
2085 3937 2193 3976 non
2236 3920 2469 3976 absurde
2513 3913 2758 3986 intelligi,
2790 3913 2836 3969 si
2870 3911 2976 3967 illa:
3005 3915 3225 3980 propter
3255 3903 3406 3959 Salo-

1808 4031 2023 4072 moncm
2070 4015 2389 4070 desererent
2430 4013 2559 4066 deos
2611 4023 2739 4064 suos
2753 4014 2777 4072 ',
2833 4012 2890 4061 et
2935 4000 3178 4057 colerent
3225 3997 3396 4051 Deum

1807 4111 1956 4180 ejus;
2011 4125 2135 4165 cum
2185 4123 2315 4163 vero
2379 4113 2604 4176 propter
2661 4101 2782 4156 illas
2833 4095 3058 4154 oﬁendit
3110 4091 3397 4147 Dominum

1808 4219 1967 4258 suum
1993 4211 2048 4257 et
2067 4201 2237 4256 coluit
2263 4200 2394 4255 deos
2429 4212 2640 4261 earum,
2666 4209 2775 4249 non
2809 4200 2892 4248 est
2922 4190 3052 4262 quid
3102 4188 3227 4244 inde
3272 4183 3400 4240 boni

1811 4297 2105 4366 conjectari
2141 4293 2332 4364 possit,
2378 4307 2478 4345 nec
2527 4300 2705 4344 tamen
2757 4285 2889 4340 nihil
2919 4283 3154 4338 arbitror
3199 4277 3408 4350 signiti-

1811 4402 1957 4452 care,
1991 4385 2085 4440 sed
2133 4385 2356 4449 malum,
2408 4383 2548 4437 sicut
2589 4380 2655 4434 de
2706 4391 2876 4431 uxore
2930 4374 3251 4440 ﬁliabusque
3301 4370 3399 4421 Lot

1813 4480 2071 4535 diximus.
2122 4475 2360 4546 Apparet
2400 4473 2545 4529 enim
2575 4471 2628 4524 in
2656 4482 2889 4539 persona
2933 4462 3241 4519 Salomonis
3270 4460 3406 4514 mira

1815 4572 2138 4630 excellentia
2177 4580 2234 4625 et
2279 4570 2417 4624 mira
2455 4563 2779 4622 submersio.
2827 4559 2983 4628 Quod
3033 4571 3165 4626 ergo
3206 4555 3260 4609 in
3318 4552 3408 4607 illo

123 4648 323 4704 Potens
362 4660 448 4706 est
498 4653 642 4710 Deus
670 4656 736 4710 de
778 4656 1047 4727 lapidibus
1089 4659 1208 4715 istis
1247 4661 1514 4716 suscitare
1574 4662 1712 4717 ﬁlios
1736 4640 1790 4700 D
1816 4667 2048 4724 diversis
2102 4663 2434 4736 temporibus
2474 4668 2530 4714 et
2576 4657 2728 4728 prius
2770 4654 2995 4716 bonum,
3043 4657 3098 4705 et
3140 4646 3411 4718 posterius

127 4741 388 4798 Abrahae:
408 4744 505 4799 ﬁlii
526 4746 760 4804 Abrahae
779 4751 844 4806 de
861 4751 1127 4820 lapidibus
1149 4755 1394 4810 suscitati
1424 4764 1568 4820 sunt,
1585 4757 1712 4825 quia

129 4848 257 4888 cum
279 4833 409 4890 dura
429 4839 592 4893 corda
621 4841 902 4909 gentilium
919 4843 973 4897 in
986 4843 1218 4900 Abrahae
1244 4847 1448 4901 semine
1467 4847 1716 4902 credide—

132 4933 280 4990 runt,
293 4925 404 4994 ejus
424 4927 522 4985 ﬁlii
544 4928 672 4985 facti
694 4941 838 5000 sunt,
856 4933 1010 5004 cujus
1025 4937 1220 4992 semini
1245 4945 1372 4992 sunt
1385 4938 1541 4992 uniti.
1562 4938 1715 4994 Unde

131 5026 190 5072 et
218 5017 415 5073 elsdem
442 5022 691 5093 gentibus
710 5039 807 5095 per
831 5027 1108 5098 egregium
1136 5028 1549 5098 prazdicatorem
1578 5030 1715 5086 diei-

137 5107 323 5164 tur:Si
347 5119 527 5167 autem
552 5129 648 5170 vos
674 5114 896 5182 Christi,
927 5133 1058 5189 ergo
1090 5133 1274 5175 semen
1299 5121 1533 5178 Abrahae
1561 5123 1714 5190 estis,

137 5207 196 5254 et
220 5203 507 5258 secundum
535 5207 950 5276 promissionem
983 5209 1251 5267 haeredes.
1283 5211 1548 5268 Similiter
1571 5214 1722 5284 paci-

141 5291 274 5347 ﬁcus
301 5303 481 5351 noster
507 5297 562 5352 in
592 5295 893 5356 Jerusalem
914 5303 1147 5372 praebuit
1180 5303 1468 5358 eedrorum
1509 5313 1719 5360 tantam

141 5387 533 5449 multitudinem
563 5395 712 5452 velut
741 5411 1110 5470 sycomorum,
1156 5399 1504 5456 sterilitatem
1544 5401 1720 5472 genti-

1818 4761 2045 4828 malum,
2075 4761 2189 4815 hate
2216 4759 2271 4812 in
2305 4754 2547 4811 Ecclesia
2577 4753 2632 4807 in
2664 4752 2770 4807 isto
2799 4749 2976 4804 adhuc
3021 4744 3220 4800 szeculo
3248 4737 3410 4796 simul

1817 4855 1873 4910 in
1901 4869 2008 4909 uno
2052 4862 2295 4920 tempore
2341 4847 2674 4912 ostenditur;
2724 4859 2854 4899 nam
2894 4843 3036 4896 bona
3064 4838 3208 4892 illius
3235 4836 3410 4888 bonos

1819 4946 2098 5011 Ecclesiae,
2113 4943 2253 4998 mala
2275 4952 2454 4998 autem
2472 4939 2613 4994 illius
2629 4936 2798 4992 malos
2812 4933 3072 4990 Ecclesiae
3098 4927 3344 5000 signiﬁca
3354 4939 3412 4977 rc

1817 5047 1982 5111 puto:
2017 5047 2272 5106 tanquam
2299 5034 2354 5088 in
2402 5033 2610 5088 unitate
2655 5029 2800 5084 illius
2830 5040 2989 5089 area},
3032 5023 3112 5078 sic
3150 5017 3288 5074 etin
3325 5015 3415 5115 illo

1819 5147 1928 5187 uno
1949 5130 2169 5186 homine
2194 5128 2364 5183 bonos
2391 5125 2446 5181 in
2471 5123 2680 5196 granis,
2707 5118 2880 5176 malos
2909 5117 2963 5172 in
2991 5112 3203 5185 paleis;
3234 5114 3329 5164 aut
3357 5112 3412 5160 in

1821 5226 2032 5280 unitate
2057 5222 2216 5276 unius
2235 5219 2455 5291 segetis,
2477 5219 2649 5273 bonos
2675 5215 2732 5270 in
2751 5210 2937 5267 tritico
2990 5206 3166 5263 malos
3190 5203 3248 5258 in
3270 5201 3412 5256 ziza-

1822 5317 1932 5374 niis
1956 5314 2288 5386 accepimus.

1324 5671 2224 5712 ια’-*ψ-
