3920 6470
166 454 281 517 485

168 572 242 629 ab
271 568 498 627 incastis
526 576 583 627 et
610 564 894 629 desidiosis
919 566 1204 627 abstrahit.
1230 567 1398 625 Sesae
1422 581 1553 639 ergo
1583 565 1764 637 byssus
1791 577 1846 640 Α

168 662 408 720 cilicium
436 663 551 719 sive
577 663 835 734 gaudium
853 662 1084 719 cilicium
1119 662 1527 733 interpretatur.
1552 659 1620 714 Et
1641 659 1766 731 quia

166 754 372 826 hyssus
402 753 762 813 subtilitatem
790 753 1083 824 signiﬁcat,
1106 753 1345 815 cilicium
1365 768 1496 809 vero
1529 751 1674 823 quod
1701 751 1768 807 de

168 862 467 918 Caprarum
496 847 627 907 setis
652 847 959 913 coniicitur,
1008 855 1258 918 peccata,
1304 845 1435 916 quid
1478 844 1672 901 melius
1712 843 1766 898 in

167 939 339 1010 bysso
358 938 595 997 cilicium
615 954 779 1010 quam
790 938 1029 999 versutia
1053 938 1261 1001 fraudis
1273 935 1553 995 diabolicae
1578 935 1633 997 in
1648 949 1767 1007 per—

169 1030 428 1091 suasione
448 1038 799 1102 peccatorum
825 1030 998 1105 accipi
1022 1030 1242 1101 potest?
1274 1029 1441 1091 Scsac
1460 1028 1605 1089 enim
1632 1025 1762 1085 llic-

171 1124 598 1197 rosolymitanas
623 1140 754 1196 opes
775 1123 973 1189 aufert,
998 1142 1121 1185 cum
1148 1125 1415 1190 diabolus,
1452 1124 1544 1198 qui
1573 1122 1766 1179 callide

169 1216 375 1286 decipit
398 1226 452 1275 et
479 1218 680 1289 gaudet
724 1218 779 1272 in
820 1218 1168 1278 multitudine
1192 1230 1559 1290 peccatorum,
1591 1219 1764 1277 eccle-

167 1306 427 1369 siasticos
455 1324 699 1381 quosque
723 1309 950 1367 scientia
982 1310 1276 1381 spirituali,
1301 1326 1469 1383 opere
1501 1311 1765 1369 virtutum

167 1397 545 1469 depraedatur,
575 1415 776 1473 tuisque
802 1402 894 1471 qui
924 1402 1247 1459 videbantur
1287 1402 1341 1461 in
1380 1402 1623 1461 Ecclesia
1671 1404 1764 1458 de-

166 1490 288 1549 cori
324 1505 464 1557 esse,
497 1492 759 1567 spoliatas
784 1508 971 1555 secum
1007 1494 1065 1551 in
1090 1493 1414 1553 barathrum
1441 1493 1764 1566 perditionis

165 1595 284 1639 sure
313 1578 596 1654 demergit.
635 1582 749 1645 Nec
769 1593 823 1643 et
854 1584 987 1643 illud
1012 1584 1158 1657 quod
1184 1583 1327 1645 idem
1355 1601 1450 1647 rex
1478 1593 1635 1647 scuta
1663 1602 1763 1645 au—

166 1686 265 1733 rea
292 1693 413 1753 qua:
438 1676 648 1739 iecerat
694 1694 789 1734 rex
842 1678 1101 1741 Salomon
1135 1678 1383 1747 abstulit,
1412 1694 1514 1751 pro
1565 1679 1764 1751 quibus

163 1764 299 1823 fecit
324 1783 415 1823 rex
445 1768 689 1833 Roboam
714 1778 870 1827 scuta
891 1785 1054 1837 aerea,
1082 1778 1138 1827 et
1158 1771 1383 1827 tradidit
1414 1787 1479 1829 ea
1516 1773 1573 1829 in
1598 1787 1765 1833 manu

164 1860 369 1917 ducum
412 1864 799 1932 scutariorum,
826 1866 894 1931 ad
949 1866 1200 1923 eumdem
1251 1883 1473 1924 sensum
1501 1867 1760 1938 respicit;

1104 445 1458 508 COMMENT.
1498 444 1565 503 1N
1602 436 2158 517 musmonem.
2196 470 2270 485 —
2302 435 2432 498 LIB.
2468 435 2559 498 Iv.

3346 426 3454 497 lbﬁ

2460 552 2695 614 CAPUT
2730 546 2865 611 ΧῙῙῙ.

2237 695 2317 752 De
2338 711 2497 767 regno
2526 692 2674 748 Abiu:
2699 691 2798 769 ﬁlii
2828 690 3087 755 Roboam.

1939 832 2007 907 (ll
2039 833 2172 891 Pan.
2201 832 2347 907 xm.)
2377 834 2531 888 Anno
2568 840 2748 887 octauo
2782 831 2987 889 decimo
3012 830 3147 901 regis
3172 828 3457 891 lambentis

1868 926 2098 997 regnauit
2122 925 2257 981 Abiu
2282 941 2441 996 super
2466 924 2687 983 ludam.
2732 922 2919 979 Tribus
2955 924 3108 979 minis
3140 922 3368 992 regnavit
3398 920 3454 975 in

1867 1018 2186 1086 Jerusalem,
2210 1033 2501 1089 manu
2522 1017 2708 1071 miris
2735 1015 2851 1085 ejus
2894 1014 3131 1071 Michaia
3159 1013 3275 1082 ﬁlia
3307 1011 3455 1069 Uriel

1867 1114 1932 1168 de
1961 1111 2165 1169 σοῦστι.
2198 1112 2267 1166 Et
2312 1119 2428 1166 erat
2468 1109 2661 1165 bellum
2696 1110 2834 1163 inter
2853 1108 3041 1165 Abiam
3073 1116 3122 1163 et
3145 1105 3450 1163 Jeroboam.

1867 1206 2037 1262 Porro
2059 1207 2205 1276 quod
2230 1205 2429 1277 legitur
2450 1206 2505 1260 in
2520 1205 2740 1263 Dierum
2763 1202 3035 1258 volumine
3064 1216 3287 1257 necnon
3315 1210 3369 1256 et
3396 1200 3452 1255 in

1866 1301 2094 1372 Regum,
2112 1301 2312 1356 bellum
2337 1298 2504 1356 fuisse
2517 1300 2660 1355 inter
2681 1295 3009 1370 regeanda,
3034 1304 3092 1350 et
3112 1309 3269 1364 reges
3287 1292 3455 1349 Israel

1863 1395 2078 1451 cunctis
2125 1395 2316 1451 diebus
2360 1407 2551 1449 eorum
2578 1430 2593 1461 ,
2632 1407 2740 1449 non
2786 1390 2931 1446 aliud
2968 1387 3281 1460 signiﬁcare
3324 1391 3456 1455 puto

1865 1501 2031 1557 quam
2058 1485 2202 1557 quod
2225 1492 2413 1541 sancta
2443 1484 2712 1550 Ecclesia,
2738 1496 2859 1554 qum
2880 1481 3159 1537 inunitate
3187 1478 3311 1533 ﬁdei
3334 1490 3454 1546 per-

1864 1579 2031 1644 sistit,
2058 1578 2261 1635 bellum
2302 1579 2501 1634 habeat
2536 1589 2756 1646 semper
2789 1588 2915 1630 cum
2947 1571 3221 1631 bereticis
3243 1565 3458 1625 etschi-

1866 1670 2132 1737 smaticis,
2179 1678 2235 1725 et
2280 1670 2535 1725 omnibus
2559 1669 2651 1739 qui
2692 1667 2900 1723 violare
2928 1664 3266 1722 contendunt
3294 1660 3454 1716 fidem

1864 1764 2216 1831 catholicam;
2248 1778 2438 1819 omnes
2462 1763 2608 1819 enim
2628 1798 2644 1828 ,
2667 1769 2727 1815 ut
2750 1761 2829 1815 ait
2853 1758 3174 1831 Apostolus,
3226 1755 3319 1826 qui
3361 1768 3456 1809 vo-

1868 1857 1987 1912 lunt
2012 1858 2100 1928 pie
2122 1858 2308 1913 vivere
2337 1858 2393 1912 in
2415 1855 2639 1912 Christo
2656 1897 2671 1921 ,
2697 1853 3132 1927 persecutionem
3151 1850 3453 1922 patiuntur,

165 1950 428 2015 Salernou
457 1954 605 2019 enim
632 1965 786 2019 scuta
814 1970 983 2017 aurea
1020 1957 1280 2023 condens,
1317 1957 1633 2017 custodibus
1665 1955 1761 2013 (1ο-
1790 1956 1838 2017 Β
1865 1951 1994 2021 quia
2028 1950 2194 2006 draco
2221 1951 2476 2020 antiquus
2501 1949 2852 2020 persequitur
2877 1945 3160 2002 mulierem
3190 1940 3457 1997 insidians

163 2060 294 2101 mus
323 2061 437 2103 suae
462 2047 632 2114 dedit,
669 2064 795 2103 cum
830 2049 1163 2121 Redemptor
1191 2060 1378 2111 noster
1427 2050 1763 2122 spiritualem

162 2137 453 2201 scientiam
473 2155 571 2209 per
594 2140 700 2199 duo
727 2140 1072 2203 Testamenta
1087 2144 1398 2201 doctoribus
1420 2143 1675 2200 Ecclesiae
1695 2143 1764 2201 ad

166 2228 426 2298 tuendam
457 2230 669 2299 plebem
694 2248 846 2287 suam
875 2234 1300 2291 commendavit.
1332 2234 1485 2293 Hauc
1508 2235 1765 2305 antiquus

163 2317 465 2390 bostisper
492 2320 759 2379 incuriam
808 2332 1082 2383 rectorum
1117 2325 1414 2393 abstrahit,
1460 2328 1589 2396 quia
1639 2342 1765 2382 cum

162 2408 367 2475 intenti
412 2422 539 2473 sunt
601 2416 765 2471 rebus
799 2416 1057 2484 terrenis,
1114 2418 1404 2488 minusque
1449 2427 1645 2477 curant
1698 2421 1765 2476 de

161 2502 502 2573 amicalibus,
538 2505 715 2563 ollicio
767 2508 1002 2578 pristino
1051 2516 1105 2565 et
1151 2511 1381 2566 scientia
1438 2511 1762 2582 denudatos,

161 2596 328 2665 quasi
360 2598 417 2657 in
473 2598 634 2655 domo
664 2601 881 2671 propria
930 2601 1122 2672 opibus
1173 2604 1437 2674 spoliatos
1482 2604 1757 2674 relinquit.

160 2687 415 2761 Denique
440 2691 574 2748 tales
620 2708 745 2748 cum
773 2709 833 2751 se
866 2710 1031 2752 sensu
1072 2696 1341 2767 spirituali
1365 2698 1609 2767 privatos
1633 2712 1764 2753 con-

158 2782 423 2853 spiciuut,
465 2800 562 2855 per
607 2786 977 2858 eloquentiam
1024 2793 1316 2847 verborum
1351 2794 1567 2862 copiam
1614 2807 1764 2862 quae-

160 2883 326 2942 runt,
373 2886 640 2947 quatenus
680 2895 870 2945 eorum
920 2884 1235 2951 sonoritate,
1288 2883 1435 2939 velut
1485 2891 1765 2939 scutorum

156 2982 435 3025 aereorum
473 2972 753 3040 ﬁrmitate,
784 2983 1024 3031 tutamen
1057 2987 1247 3033 contra
1286 2978 1472 3033 hostes
1500 2992 1601 3048 pro
1640 2977 1768 3032 sub-

150 3056 326 3131 jectis
350 3063 458 3119 sibi
484 3078 784 3136 opponant.
828 3067 938 3127 Sed
980 3077 1183 3151 quanto
1231 3085 1306 3125 ως
1342 3079 1427 3124 est
1456 3070 1617 3124 vilius
1647 3068 1766 3123 auri

160 3152 410 3220 metallo,
456 3163 607 3210 tanto
661 3157 887 3213 inferior
966 3166 1052 3215 est
1089 3176 1229 3215 vana
1275 3161 1584 3231 eloquentia
1625 3175 1768 3216 vene

169 3245 449 3315 sapientiae
478 3245 683 3305 fructu.
716 3248 872 3307 Unde
897 3267 996 3321 per
1027 3255 1319 3323 quemdam
1346 3256 1649 3325 sapientem
1697 3255 1763 3309 de

168 3336 482 3407 eloquentia
508 3342 706 3398 dicitur
739 3362 750 3397 :
792 3344 897 3400 Ubi
918 3346 1154 3416 plurima
1186 3350 1373 3415 verba,
1403 3349 1480 3403 ibi
1508 3349 1763 3419 frequen—
1789 3327 1836 3390 Ο

171 3436 262 3483 ter
287 3438 607 3498 egestasmt
641 3433 698 3489 in
722 3434 953 3492 Psalmis
984 3438 1062 3493 ita
1090 3439 1289 3510 legitur
1321 3458 1335 3495 :
1375 3440 1471 3495 Vir
1496 3440 1765 3512 linguosus

169 3537 279 3578 non
315 3525 574 3597 dirigetur
602 3529 660 3582 in
689 3539 831 3585 terra
876 3530 1051 3604 (Paul.
1098 3534 1348 3607 cxxxrx).
1399 3534 1537 3590 Nam
1570 3536 1636 3591 de
1678 3551 1766 3591 sa-

169 3617 374 3687 pientia
404 3618 478 3674 ita
510 3622 776 3692 scriptum
797 3632 910 3679 est:
930 3624 1210 3696 Sapientia
1232 3628 1511 3697 pretiosior
1538 3636 1615 3682 est
1640 3643 1768 3681 cun-

167 3709 269 3762 ctis
293 3709 555 3779 operibus,
597 3722 650 3766 et
686 3716 866 3769 omnia
915 3734 1033 3787 qua;
1077 3718 1466 3783 desiderantur,
1495 3718 1619 3773 huic
1663 3733 1769 3773 non

164 3801 345 3857 valent
371 3807 689 3875 comparari.
720 3807 1023 3880 Longitudo
1049 3811 1255 3865 dierum
1277 3812 1338 3864 in
1364 3810 1579 3865 dextera
1612 3810 1766 3881 ejus;

163 3897 236 3950 in
260 3896 472 3952 sinistra
499 3898 641 3954 illius
671 3900 869 3955 divitia:
888 3914 935 3955 et
958 3901 1126 3973 gloria
1157 3901 1341 3974 (Prov.
1368 3904 1475 3975 ιιι).
1508 3903 1614 3971 Qui
1640 3917 1770 3958 vem

163 3997 536 4057 opportunam
587 3992 961 4049 defensionem
1024 3995 1282 4052 Ecclesiae
1330 3997 1595 4052 exhibere
1655 3997 1771 4051 vult

165 4092 367 4137 contra
399 4083 704 4153 haereticos,
734 4096 789 4142 et
814 4101 1010 4145 contra
1042 4104 1234 4145 omues
1258 4088 1532 4155 inimicos,
1559 4088 1769 4158 sapien-

168 4176 269 4231 tiae
295 4178 483 4248 utique
515 4181 851 4237 adminiculo
885 4184 990 4239 hoc
1022 4183 1181 4239 debet
1207 4183 1505 4254 perlicere,
1534 4198 1637 4239 nec
1659 4182 1773 4238 elo-

168 4271 400 4341 quentia
443 4274 650 4342 aliquid
687 4275 756 4329 ad
806 4275 911 4331 hoc
946 4277 1352 4348 sinesapientia
1378 4277 1618 4349 prolicit,
1660 4276 1772 4331 imo

168 4361 473 4435 plurimum
501 4375 680 4421 nocet.

256 4477 428 4549 Opera
479 4492 597 4535 vero
658 4481 894 4537 Roboam
932 4484 1105 4554 prima
1152 4491 1201 4537 et
1246 4482 1528 4537 novissima
1580 4482 1775 4553 scripta

172 4579 305 4625 sunt
335 4572 390 4624 in
420 4570 567 4626 libris
598 4571 821 4628 Semeia:
857 4575 1142 4646 prophettc,
1170 4584 1221 4628 et
1252 4570 1405 4628 Addo
1447 4573 1685 4639 videntis,
1728 4582 1776 4627 et

173 4662 457 4733 diligenter
484 4668 739 4736 exposita.
769 4668 1011 4723 Semeias
1036 4668 1181 4723 idem
1206 4674 1358 4723 Vates
1389 4676 1472 4723 cst
1499 4668 1591 4738 qui
1615 4681 1775 4737 supe-
1799 4694 1854 4754 D

174 4759 299 4815 rius
348 4758 592 4817 Boboam
645 4773 700 4818 et
745 4764 887 4819 illius
914 4762 1050 4820 Juda
1086 4780 1186 4836 pro
1233 4765 1670 4836 transgressione
1718 4772 1773 4818 ct

174 4855 422 4924 peccatis
477 4856 589 4911 suis
645 4857 936 4930 arguebat;
970 4866 1024 4911 et
1067 4856 1223 4912 Addo
1274 4859 1390 4913 sive
1440 4856 1611 4912 Jaddo
1659 4856 1776 4927 ipse

176 4953 267 5001 est
296 4949 588 5018 prophetes
609 4950 701 5019 qui
726 4950 792 5003 ad
814 4950 1149 5019 arguentium
1172 4948 1459 5005 Jeroboam
1489 4964 1587 5019 pro
1618 4950 1778 5005 altari

179 5036 329 5106 quod
357 5037 563 5093 fecerat
592 5056 621 5094 a
650 5040 881 5096 Domino
918 5042 1115 5096 missus
1137 5042 1298 5096 estin
1320 5040 1647 5097 Samariam.
1679 5042 1779 5097 llic

182 5141 242 5189 et
271 5148 302 5186 a
340 5133 494 5190 leone
529 5135 742 5190 occisus
791 5144 896 5200 est,
935 5148 1001 5189 eo
1026 5136 1171 5205 quod
1220 5143 1410 5189 contra
1450 5145 1778 5205 praeceptum

181 5225 403 5280 Domini
439 5238 469 5280 a
511 5228 981 5298 pseudopropheta
1031 5228 1287 5284 seductus
1316 5226 1515 5282 ibidem
1549 5227 1780 5291 tumidu-

184 5314 355 5371 cavit.

262 5424 639 5502 Pugnaverunt
686 5430 960 5495 adversum
1017 5448 1071 5487 se
1124 5421 1357 5497 Bobpam
1400 5439 1449 5485 et
1495 5422 1778 5484 Jeroboam

188 5523 389 5577 cunctis
414 5515 619 5591 diebus,
632 5534 678 5579 et
711 5523 953 5591 dormivit
977 5518 1212 5585 Robaam
1237 5540 1355 5578 cum
1388 5522 1624 5594 patribus
1645 5521 1777 5585 suis,

190 5614 451 5685 sepultum
486 5626 559 5679 est
591 5618 646 5679 in
675 5618 879 5681 civitate
901 5617 1098 5684 David,
1128 5626 1176 5677 et
1204 5616 1437 5690 regnavit
1466 5615 1605 5671 Abia
1633 5610 1782 5684 βίίυδ

191 5707 309 5778 ejus
336 5724 433 5783 pro
462 5726 543 5773 eo.
646 5748 647 5751 η

1868 2043 2123 2100 calcaneo
2148 2041 2285 2115 ejus.

1940 2136 2094 2193 Stetit
2117 2150 2240 2207 ergo
2280 2134 2414 2190 Abia
2454 2150 2610 2205 super
2643 2140 2870 2187 montem
2901 2130 3180 2195 Semeron,
3220 2127 3311 2196 qui
3341 2132 3458 2181 erat

1864 2230 1923 2285 in
1948 2229 2225 2299 Ephraim,
2257 2237 2306 2283 et
2332 2228 2407 2283 ait
2428 2241 2446 2279 :
2469 2227 2630 2294 Audi,
2660 2225 2940 2281 imbuant
2964 2234 3013 2279 et
3043 2223 3214 2278 omnis
3267 2216 3455 2285 Israel,

1869 2338 1994 2379 num
2023 2322 2279 2394 ignoratis
2307 2321 2449 2393 quod
2478 2320 2739 2375 Dominus
2774 2320 2916 2374 Deus
2943 2317 3115 2373 Israel
3144 2316 3346 2371 dederit
3372 2327 3458 2369 ro-

1866 2432 2026 2488 gnum
2055 2415 2228 2470 David
2252 2428 2409 2486 super
2434 2412 2606 2468 Israel
2634 2412 2692 2466 in
2721 2412 3094 2481 sempiternum
3123 2406 3224 2481 ipsi
3246 2414 3297 2459 et
3330 2403 3459 2473 ﬁliis

1867 2508 2019 2579 ejus?
2041 2514 2146 2562 etc.
2191 2505 2455 2561 Sememn
2478 2504 2612 2559 urbs
2639 2510 2759 2559 erat
2772 2516 2935 2571 quam
2973 2500 3119 2569 cegiit
3144 2495 3308 2552 insue
3326 2532 3340 2560 ,
3372 2508 3460 2549 re-

1867 2614 1932 2672 ge
1956 2599 2099 2655 illius
2128 2598 2436 2654 interfecto.
2490 2596 2634 2652 Dicit
2667 2602 2850 2650 autem
2889 2592 3157 2663 Josephus
3182 2603 3329 2643 nunc
3359 2602 3458 2657 pro

1866 2708 1931 2748 ea
1963 2692 2229 2747 Sebasten
2260 2691 2445 2746 vocari
2488 2689 2746 2761 oppidum
2793 2686 3079 2742 Palestina:
3102 2724 3117 2749 ,
3162 2682 3254 2737 ubi
3283 2678 3460 2736 sancti

1866 2784 2093 2851 Joannis
2119 2785 2381 2859 Baptistm
2408 2783 2653 2854 reliquiae
2680 2788 2808 2837 sunt
2836 2780 3086 2836 condita.
3124 2775 3378 2846 Logimus
3404 2772 3463 2827 in

1867 2876 2179 2949 Regnorum
2207 2876 2362 2933 libris
2380 2876 2524 2947 quod
2552 2874 2740 2929 Ambri
2764 2888 2862 2928 rex
2887 2869 3053 2926 lsrael
3079 2867 3276 2923 emerit
3302 2878 3461 2919 mon-

1869 2978 1979 3026 tem
2020 2970 2317 3034 Semeron,
2369 2980 2401 3023 a
2444 2967 2674 3038 quodam
2728 2966 2941 3028 Semer,
2988 2970 3045 3017 et
3089 2957 3379 3014 aedificavit
3404 2955 3464 3010 in

1870 3062 2077 3120 vertice
2112 3063 2231 3135 ejus
2255 3062 2560 3125 civitatem,
2592 3071 2756 3130 quam
2785 3072 2850 3113 ex
2880 3055 3101 3111 nomine
3129 3050 3341 3106 Domini
3366 3061 3465 3118 ap-

1870 3156 2088 3227 pellavit
2117 3156 2401 3212 Semeron.

1882 3236 1887 3241 ’
1945 3247 2264 3305 Persecutus
2287 3256 2360 3304 est
2392 3256 2569 3302 autem
2596 3244 2731 3298 Abiu
2771 3241 3053 3313 fugientem
3081 3235 3393 3297 lambent,-
3412 3240 3463 3286 ct

1869 3343 2003 3414 cepit
2049 3342 2282 3395 civitates
2336 3338 2451 3410 ejus
2478 3379 2493 3402 ,
2529 3334 2711 3391 Bothe!
2756 3343 2803 3388 et
2847 3331 2990 3402 ﬁlias
3019 3326 3460 3400 ejus,etJesaua

1870 3451 1988 3499 cum
2020 3432 2236 3507 ﬁliabus
2272 3418 2407 3496 suis,
2438 3429 2658 3500 Ephron
2684 3440 2889 3498 quoque
2910 3431 2959 3477 et
2988 3422 3131 3491 ﬁlias
3164 3418 3302 3488 ejus.
3353 3415 3461 3471 Be-

1872 3524 1983 3583 tbel
2015 3526 2209 3582 civitas
2239 3530 2357 3581 erat
2400 3523 2456 3578 in
2506 3519 2828 3577 duodecimo
2864 3516 2933 3570 ab
2974 3511 3349 3580 Hierosolyma
3386 3507 3466 3562 la-

1869 3620 1993 3697 pide
2020 3621 2088 3679 ad
2109 3618 2356 3675 dextram
2393 3615 2651 3672 euntibus
2685 3610 2988 3682 Neapolim,
3016 3622 3137 3678 qua:
3170 3604 3326 3697 prius
3356 3601 3465 3655 Lu-

1871 3694 1954 3779 ia,
1972 3712 2039 3768 'id
2061 3718 2165 3776 est,
2192 3707 2512 3779 Amigdalon
2536 3704 2855 3769 vocabatur,
2882 3709 2935 3756 et
2960 3697 3154 3754 cecidit
3179 3694 3235 3749 in
3262 3700 3463 3748 sortem

1872 3807 2048 3862 tribus
2085 3802 2366 3873 Beniamin
2387 3843 2401 3869 ,
2431 3798 2586 3869 juxta
2621 3794 2828 3852 Bethan
2855 3801 2912 3848 et
2945 3791 3071 3855 Hal,
3101 3800 3263 3859 quam
3293 3798 3465 3853 expu-

1872 3897 2059 3973 gnavit
2085 3894 2268 3963 Josue,
2304 3908 2433 3965 rege
2459 3891 2601 3947 illius
2631 3885 2940 3945 interfecto.
2979 3881 3154 3937 Porro
3173 3875 3463 3973 quodqui-

1873 3968 1997 4051 dam
2037 3997 2231 4063 putant
2278 3986 2574 4044 secundum
2624 3993 2870 4038 errorem
2900 3977 3245 4035 Grzecorum,
3281 3968 3467 4063 Ulam-

1871 4061 2054 4141 luzam
2082 4082 2381 4155 antiquitus
2411 4085 2682 4145 vocatam,
2709 4074 3067 4131 vehementer
3089 4070 3297 4121 errant.
3327 4061 3464 4155 Ver-

1871 4172 2002 4234 bum
2041 4151 2241 4251 quippe
2284 4174 2615 4233 Hebraicum
2661 4178 2716 4225 et
2754 4180 2950 4222 nomen
2980 4160 3149 4232 ipsius
3178 4151 3471 4251 civitatulas

1872 4246 2081 4351 pariter
2122 4246 2480 4333 miscuerunt,
2525 4278 2647 4319 cum
2696 4261 2855 4317 Ulam
2901 4255 3171 4328 significet
3209 4252 3379 4351 prius,
3412 4246 3467 4351 id

1876 4339 1979 4429 est,
2009 4370 2275 4435 proteron.
2316 4354 2630 4416 Vocabatur
2652 4362 2831 4409 autem
2866 4350 3022 4422 prius
3047 4347 3220 4411 Luza,
3256 4339 3464 4405 Bethel,

1875 4472 1979 4513 nec
2005 4470 2113 4510 non
2138 4463 2193 4509 et
2220 4450 2507 4517 Bethaum,
2536 4447 2679 4521 quod
2716 4444 2859 4501 aliud
2895 4441 3151 4513 oppidum
3180 4435 3467 4507 suspican-

1878 4558 1996 4616 tur;
2033 4548 2243 4603 Hebrzei
2271 4553 2463 4618 putant
2490 4544 2737 4600 eamdem
2763 4555 2884 4596 esse
2908 4533 3134 4599 Bethel;
3164 4532 3261 4588 sed
3296 4546 3363 4586 ex
3407 4543 3473 4584 eo

1880 4653 2124 4713 tempore
2152 4658 2259 4711 quo
2301 4639 2374 4695 ibi
2414 4655 2442 4693 a
2469 4636 2757 4692 Jeroboam
2801 4632 2911 4687 ﬁlio
2939 4628 3112 4684 Nabal
3142 4624 3298 4681 vituli
3320 4620 3473 4677 aurei

1882 4736 2129 4792 fabricati
2159 4742 2318 4800 sunt,
2354 4740 2409 4787 et
2437 4748 2466 4785 a
2503 4731 2689 4787 decem
2720 4726 2969 4781 tribubus
3000 4718 3247 4785 adorati,
3278 4722 3473 4772 vocata
3536 4796 3540 4800 ν

1884 4838 1969 4886 est
1993 4830 2283 4892 Bethaum,
2318 4824 2369 4879 id
2400 4830 2505 4889 est,
2537 4823 2758 4877 domum
2786 4818 2939 4883 idoli,
2972 4815 3119 4888 quod
3150 4820 3276 4915 ante
3308 4823 3472 4915 voca-

1887 4926 2046 4979 batur
2075 4921 2269 4975 domus
2299 4918 2415 4974 Dei.
2458 4916 2657 4971 iesana
2686 4922 2870 4971 autem
2899 4912 3094 4968 civitas
3126 4915 3210 4964 est
3238 4906 3294 4961 in
3325 4904 3472 4959 tribu

1884 5014 2042 5079 Julia,
2072 5011 2324 5067 similiter
2357 5018 2413 5065 et
2435 5009 2656 5079 Ephron
2682 5008 2741 5063 in
2765 5006 2907 5061 tribu
2931 5002 3069 5059 Juda
3094 5008 3196 5056 est.
3240 4996 3395 5055 Unde
3421 5000 3478 5049 et

1886 5107 2014 5163 villa
2046 5104 2367 5176 pergrandis
2395 5103 2609 5174 Ephrea
2649 5099 2870 5159 nomine
2905 5102 3098 5152 contra
3140 5087 3474 5161 Septentrio-

1886 5214 2012 5254 nem
2042 5198 2096 5253 in
2119 5197 2382 5253 vicesimo
2406 5196 2474 5251 ab
2493 5192 2795 5250 Jerusalem
2819 5186 3072 5246 milliaria
3095 5184 3360 5240 hactenus
3382 5195 3477 5236 vo-

1888 5299 2065 5348 catur.

1961 5386 2017 5440 Ν
2019 5402 2076 5441 ec
2096 5384 2265 5439 valuit
2287 5382 2429 5437 ultra
2448 5381 2689 5435 resistere
2708 5377 2990 5433 Iacobum
3011 5375 3070 5431 in
3095 5372 3283 5430 diebus
3305 5370 3473 5435 Abiu;

1881 5494 2041 5551 quem
2064 5475 2321 5548 penetrarit
2351 5472 2633 5536 Dominus,
2676 5480 2727 5525 ct
2750 5478 2995 5523 Ws
3029 5475 3128 5522 at.
3168 5463 3289 5523 Non
3321 5460 3478 5518 loro-

1889 5574 2052 5629 bosm
2072 5567 2345 5640 percussit
2370 5566 2512 5619 Deus
2534 5572 2595 5619 ut
2606 5562 3153 5634 pleriqueastt'msnt,
3182 5556 3472 5627 siquidm,

1889 5663 2042 5718 iuxta
2068 5660 2379 5731 Regnorum
2400 5657 2620 5722 librum,
2651 5657 2708 5712 in
2732 5655 2995 5711 vicesimo
3013 5667 3159 5710 anno
3186 5647 3338 5721 regni
3360 5644 3481 5714 dus

1891 5754 2261 5823 imperaverat
2286 5748 2395 5804 Aea
2418 5747 2563 5803 illius
2583 5746 2720 5803 Abin
2748 5761 2915 5818 super
2939 5743 3135 5800 ludam
3163 5750 3220 5797 et
3254 5737 3485 5793 Jam—

1896 5846 2003 5901 lem
2023 5861 2038 5911 ;
2062 5844 2165 5900 sed
2185 5843 2403 5910 Abiam,
2430 5841 2559 5912 quis
2588 5854 2747 5912 capsa
2772 5839 2961 5895 Betbel
2982 5877 2997 5903 ,
3032 5836 3176 5893 idola
3203 5828 3399 5889 breui
3420 5827 3483 5885 in

1901 5937 2212 5994 scandalum
2243 5935 2564 6003 reservavit,
2589 5942 2648 5989 ut
2677 5932 2887 5989 Hebraei
2911 5935 3177 5987 asserunt.
