3920 6466
1076 492 1303 551 CAPUT
1337 491 1475 548 XIV.

923 607 1004 663 De
1027 608 1136 664 Asa
1161 624 1279 680 rege
1298 606 1615 663 Ierusalem.

567 727 629 797 (ll
654 726 787 782 Pan.
818 723 956 798 xw.)
1008 723 1265 780 Dormivit
1302 732 1476 779 autem
1517 723 1651 778 Abia
1684 740 1801 778 cum
1834 722 2069 794 patribus

491 820 623 884 suis,
653 828 700 872 et
721 815 1034 889 sepelierunt
1058 831 1177 871 eum
1200 817 1257 871 in
1279 817 1484 871 civitate
1511 815 1716 881 David;
1744 814 2070 886 regnavitque

491 911 596 963 Ara
616 909 760 979 ﬁlius
782 907 897 980 ejus
938 924 1034 980 pro
1053 923 1135 963 eo.
1196 906 1268 962 In
1299 906 1455 978 cujus
1492 907 1674 962 diebus
1706 908 1897 979 quievit
1929 916 2069 962 terra

490 1001 642 1055 annis
668 1000 864 1056 decem.
893 997 1045 1053 Fecit
1072 1007 1249 1054 autem
1294 998 1403 1053 Asa
1434 999 1574 1070 quod
1607 998 1795 1053 bonum
1821 1008 1867 1052 et
1898 997 2067 1069 placi-

488 1100 602 1145 tum
627 1099 740 1145 erat
763 1091 819 1145 in
840 1098 1118 1161 conspectu
1144 1089 1245 1145 Dei
1269 1091 1375 1156 sui,
1400 1100 1449 1145 et
1478 1090 1726 1146 subvertit
1762 1089 1957 1145 altaria
1979 1107 2069 1160 pe-

489 1182 686 1253 regrini
712 1181 884 1236 cultus
913 1189 963 1235 et
987 1179 1224 1248 excelsa;
1253 1190 1304 1236 et
1322 1181 1578 1252 confregit
1599 1190 1801 1236 statuas
1827 1180 2070 1251 lucosque

488 1272 732 1337 succidit,
789 1289 852 1327 ac
893 1272 1137 1343 pracepit
1180 1271 1340 1327 Iuda:
1390 1280 1447 1325 ut
1493 1279 1765 1343 quareret,
1792 1270 2067 1324 Dominum

488 1362 657 1417 Deum
676 1371 887 1432 patrum
914 1378 1132 1417 suorum
1155 1402 1172 1430 ,
1213 1370 1277 1430 et.
1297 1362 1491 1432 faceret
1533 1361 1716 1433 legem,
1752 1371 1801 1415 et
1826 1361 2067 1416 universa

488 1452 776 1518 mandata;
815 1462 863 1507 et
891 1451 1105 1507 abstulit
1147 1470 1177 1508 e
1206 1453 1405 1507 cunctis
1443 1452 1658 1507 urbibus
1698 1452 1843 1506 Iuda
1871 1469 1993 1506 aras
2018 1462 2065 1505 et

487 1544 616 1614 [ana
639 1584 654 1610 ,
701 1553 751 1600 et
786 1545 1020 1615 regnavit
1046 1545 1101 1598 in
1122 1560 1270 1615 pace,
1312 1551 1420 1600 etc.
1474 1544 1582 1600 lste
1617 1551 1701 1599 est
1742 1544 1853 1599 Asa
1888 1544 1980 1614 qui
2011 1545 2064 1600 in

485 1634 751 1704 principio
795 1635 949 1706 regni
990 1634 1075 1690 sui
1113 1635 1439 1691 restauravit
1475 1635 1678 1690 cultum
1706 1634 1974 1701 divinum,
2012 1642 2068 1689 et

484 1725 613 1782 fecit
639 1727 782 1797 quod
808 1729 1012 1783 bonum
1039 1734 1096 1783 et
1115 1728 1255 1784 bene
1273 1727 1533 1799 placitum
1559 1735 1679 1783 erat
1699 1727 1755 1782 in
1772 1736 2065 1798 conspectu

483 1819 600 1885 Dei,
634 1820 1008 1892 subvenitque
1043 1820 1237 1876 altaria
1280 1820 1581 1885 idolorum,
1616 1827 1673 1876 et
1697 1819 1963 1892 confregit
1993 1821 2065 1875 si—

482 1911 746 1968 mulacra.
788 1912 942 1970 Unde
987 1912 1220 1985 gratiam
1256 1911 1473 1968 Domini
1523 1911 1860 1983 promeruit,
1902 1911 1978 1966 ita
2002 1918 2061 1964 ut

480 2019 729 2075 pugnans
756 2012 947 2059 contra
974 2003 1264 2076 IEthiopes
1287 2004 1574 2059 victoriam
1602 2010 1852 2074 caperet,
1887 2011 1945 2058 et
1968 2018 2062 2058 eos

479 2108 654 2164 usque
678 2094 745 2149 ad
774 2095 1208 2169 internecionem,
1234 2095 1466 2151 caederet
1484 2135 1501 2162 ,
1544 2095 1672 2167 quia
1711 2094 1938 2151 Domino
1961 2110 2061 2165 pro

475 2201 543 2243 eo
564 2195 857 2258 pugnante,
905 2195 962 2242 et
984 2188 1287 2244 exercitum
1325 2187 1444 2259 ejus
1482 2185 1803 2255 adiuvante,
1841 2187 2060 2242 contriti

479 2289 627 2348 sunt,
658 2281 753 2336 sed
778 2290 967 2352 postea
992 2281 1047 2337 in
1073 2281 1313 2338 deterius
1345 2279 1614 2345 relabens,
1655 2294 1779 2335 cum
1800 2280 2062 2335 auxilium

477 2374 828 2447 Assyriorum
858 2382 1050 2429 contra
1074 2374 1247 2429 Baasa
1271 2387 1454 2444 regem
1482 2371 1649 2427 Israel
1676 2372 1979 2442 quaesisset,
2007 2380 2065 2427 et

477 2463 685 2519 llanani
706 2466 1027 2535 prophetam
1063 2464 1134 2518 ad
1154 2477 1214 2520 se
1241 2478 1272 2518 a
1307 2462 1538 2518 Domino
1572 2461 1799 2516 missum
1842 2468 1904 2514 ut
1936 2473 2062 2515 eum

480 2556 606 2612 inde
650 2557 990 2626 corriperet,
1041 2555 1096 2610 in
1122 2553 1335 2611 vincula
1375 2554 1641 2619 misisset,
1669 2552 1907 2624 graviter
1935 2552 2062 2608 inde

476 2647 766 2703 Dominum
805 2645 1048 2702 offendit.
1117 2646 1271 2702 Unde
1311 2647 1455 2715 ipse,
1487 2644 1634 2715 juste
1676 2644 1781 2701 sibi
1819 2643 1930 2699 Deo
1959 2646 2059 2699 tri-

474 2740 697 2806 buente,
724 2739 916 2795 incidit
935 2739 992 2793 in
1021 2738 1337 2810 languorem
1355 2739 1762 2810 gravissimum,
1792 2744 1846 2793 et
1863 2736 2060 2807 pedum

473 2833 719 2889 dolorem
740 2832 1304 2897 vehementissimum,
1352 2832 1407 2886 in
1447 2846 1555 2901 quo
1583 2839 1638 2886 et
1666 2829 1820 2885 obiit.
1870 2828 1982 2884 Nec
2003 2829 2059 2882 in

471 2924 779 2992 inﬁmitate
803 2939 903 2977 sua
923 2921 1159 2993 quaesivit
1181 2919 1486 2985 Dominum,
1525 2919 1616 2975 sed
1646 2920 1813 2990 magis
1854 2920 1909 2973 in
1952 2935 2061 2973 me-

471 3014 713 3068 dicorum
754 3023 868 3069 arte
911 3014 1211 3084 conﬁdens,
1262 3014 1482 3069 delusus
1513 3020 1615 3068 est.
1676 3011 1728 3067 ls
1756 3012 1939 3081 itaque
1964 3026 2059 3067 eos

471 3109 745 3182 signiﬁcat
770 3110 967 3182 typiee,
997 3112 1090 3182 qui
1120 3112 1262 3167 bono
1293 3110 1552 3166 inchoant
1578 3108 1756 3175 initio,
1785 3107 1883 3162 sed
1915 3103 2059 3160 malo

470 3202 669 3260 ﬁniunt
699 3203 931 3281 termino
952 3243 969 3267 ,
999 3202 1091 3273 qui
1118 3213 1245 3273 post
1279 3202 1678 3258 abdicationem
1716 3197 2053 3263 idololatriae,
2083 3212 2130 3275 ο

468 3302 528 3351 et
548 3304 793 3367 spretam
831 3294 1148 3352 servitutem
1187 3293 1481 3358 daemonis,
1522 3300 1578 3348 et
1602 3298 1860 3362 percepta
1883 3287 2057 3360 gratia

472 3385 850 3459 baptismatis,
887 3395 943 3442 et
970 3386 1282 3441 chrismatis
1312 3385 1456 3441 sacri
1486 3384 1766 3449 unctione,
1791 3381 1978 3437 statim
2004 3379 2059 3434 in

472 3478 773 3549 primordio
801 3478 926 3533 vitae
953 3492 1063 3532 sua:
1084 3477 1306 3547 pietatis
1330 3477 1602 3547 arripiunt
1623 3489 1811 3544 opera,
1836 3473 1934 3529 sed
1950 3472 2061 3527 for-

473 3567 598 3623 tiori
618 3577 798 3632 aetate,
826 3584 889 3623 ae
905 3568 1064 3639 juxta
1090 3568 1382 3622 terminum
1408 3566 1694 3637 praesentis
1718 3565 1862 3629 vitae,
1888 3578 2061 3634 quan-

468 3659 539 3714 do
569 3658 862 3715 virtutibus
886 3674 1109 3729 operam
1136 3660 1267 3715 dare
1296 3658 1624 3724 debuerant,
1656 3657 1725 3713 ad
1752 3656 1884 3711 vitia
1923 3655 2062 3710 rela-

468 3752 699 3819 buntur,
745 3760 802 3808 et
847 3752 903 3807 in
948 3752 1132 3822 pravis
1167 3751 1505 3808 delectantur
1537 3752 1767 3808 actibus.
1832 3750 1901 3805 Hi
1933 3750 2061 3806 licet

469 3840 597 3896 dum
629 3840 797 3897 cultui
825 3841 1008 3899 divino
1038 3842 1339 3910 instabant,
1369 3841 1656 3913 Ethiopes
1687 3839 1979 3911 spiritales,
2007 3849 2062 3895 et

467 3940 709 3989 rectores
747 3933 1096 4002 tenebrarum
1130 3935 1325 3988 harum
1373 3932 1682 4002 superando
1731 3929 2057 4003 fugaverint,

469 4030 654 4078 tamen
694 4032 979 4094 postquam
1017 4022 1385 4095 voluptatibus
1422 4021 1712 4093 praesentis
1746 4020 1874 4077 vitae
1895 4019 2059 4077 dediti

469 4113 725 4185 Assyrios
748 4114 841 4186 qui
863 4129 1091 4188 regnum
1121 4113 1455 4171 confusionis
1481 4122 1666 4171 tenent
1706 4113 2059 4169 auxiliatores

471 4213 519 4261 et
570 4206 886 4265 defensores
915 4215 1166 4279 quaerunt
1190 4248 1205 4273 ,
1251 4206 1388 4263 adeo
1426 4206 1572 4277 juste
1608 4208 1958 4273 deseruntur,
2003 4214 2060 4261 et

469 4299 636 4353 variis
664 4298 1013 4368 languoribus
1040 4316 1288 4357 errorum
1328 4300 1471 4371 capti
1513 4300 1805 4369 fructuosis
1835 4300 2056 4372 privan—

470 4403 557 4447 tur
580 4393 814 4460 actibus,
848 4408 949 4449 nec
965 4394 1081 4465 jam
1106 4396 1372 4451 bonorum
1410 4409 1635 4465 operum
1662 4395 1846 4450 valent
1868 4410 2059 4466 proce-

448 4485 598 4551 dere
612 4485 911 4553 gressibus,
934 4486 1031 4540 sed
1054 4485 1372 4541 imminente
1398 4494 1572 4541 morte
1599 4486 1715 4541 sine
1736 4473 2054 4555 poenitentia

468 4587 520 4629 et
570 4577 946 4633 emendatione
990 4593 1205 4633 morum
1240 4578 1410 4634 vitam
1439 4578 1729 4646 nefandam
1780 4588 1957 4637 morte
1994 4578 2135 4650 ﬁ-D

470 4668 625 4721 niunt
649 4676 928 4738 perpetua.

1034 4763 1285 4821 -CAPUT
1324 4762 1462 4819 XVI.

1015 4877 1260 4949 Sequitur
1292 4878 1358 4933 de
1386 4879 1514 4935 Asa.

541 4993 606 5065 (ll
632 4992 768 5049 ΡΑιι.
794 4993 933 5067 xvr.)
965 4993 1328 5068 Dormivitque
1347 4997 1455 5051 Asa
1491 5013 1609 5052 cum
1644 4997 1880 5066 patribus
1920 5012 2050 5061 suis,

468 5092 520 5137 et
548 5095 786 5140 mortuus
809 5093 885 5139 est
907 5102 1047 5141 anno
1069 5088 1471 5158 quadragesimo
1496 5089 1666 5158 primo
1701 5087 1845 5156 regni
1873 5086 1980 5153 sui,
2003 5095 2052 5141 et

470 5173 783 5244 sepelierunt
810 5192 928 5229 eum
974 5177 1031 5231 in
1059 5176 1296 5248 sepulcro
1331 5194 1428 5231 suo
1462 5177 1601 5246 quod
1636 5176 1831 5245 fecerat
1874 5178 1976 5234 sibi
1997 5179 2054 5233 in

470 5267 677 5321 civitate
707 5267 912 5335 David;
934 5280 1319 5341 posueruntque
1346 5285 1463 5323 eum
1498 5285 1656 5342 super
1678 5270 1868 5328 lectum
1898 5291 2053 5330 suum

465 5354 683 5428 plenum
731 5358 1055 5414 aromatibus
1116 5368 1165 5413 et
1209 5357 1491 5427 unguentis
1540 5363 1849 5417 meretriciis
1870 5404 1886 5429 ,
1934 5381 2055 5436 quae

467 5455 619 5501 erant
649 5445 1117 5517 pigmentariorum
1145 5456 1260 5501 arte
1281 5446 1516 5517 confecta
1533 5489 1547 5515 ,
1586 5459 1632 5504 et
1659 5452 2054 5510 combusserunt

468 5551 628 5609 super
666 5555 785 5594 eum
830 5541 1112 5595 ambitione
1158 5540 1343 5596 nimia.
1400 5541 1659 5598 Aromata
1686 5552 1743 5599 et
1780 5557 2055 5617 unguenta

468 5628 775 5684 meretricia
788 5628 947 5699 juxta
967 5630 1248 5685 historiam
1276 5641 1588 5705 nuncupant
1614 5635 1833 5702 odores,
1860 5637 2057 5707 quibus

469 5713 733 5773 luxuriosi
759 5718 830 5773 ob
863 5718 1141 5774 libidinem
1166 5720 1247 5775 uti
1285 5720 1477 5777 solent.
1529 5723 1839 5781 Notandum
1871 5733 2054 5783 autem

468 5808 617 5879 quod
643 5810 699 5864 in
726 5809 963 5881 regibus,
997 5818 1057 5864 ut
1084 5808 1296 5868 Hebraei
1322 5813 1577 5884 tradunt,
1610 5831 1773 5875 causa
1797 5830 2054 5874 reveren-

1144 375 1205 431 Β.
1244 371 1502 430 mm
1537 371 1759 430 mum
1793 344 2114 428 ARCHIEP.
2153 368 2463 427 uocum.
2500 367 2787 426 OPERUM
2823 366 3005 425 mus
3036 366 3076 422 ι.

3662 368 3768 425 488

2092 487 2148 550 Α
2170 486 2278 552 ιίαε,
2314 486 2713 543 combustiones
2741 484 3103 556 pretiosarum
3130 482 3362 539 vestium
3379 523 3397 550 ,
3425 483 3609 540 simul
3640 500 3766 540 eum

2170 581 2499 636 aromatibus
2529 579 2750 635 ﬁebant.
2794 578 2947 635 Unde
2977 577 3103 635 alibi
3133 579 3395 649 scriptum
3429 587 3563 635 est:
3601 577 3766 635 Juxta

2168 670 2570 726 combustiones
2597 669 2865 741 majorum
2903 668 3102 724 facient
3137 668 3252 731 tibi,
3292 669 3421 739 quia
3463 685 3596 725 mos
3625 670 3768 739 apud

2167 773 2381 821 veteres
2406 765 2529 830 fuit,
2574 771 2637 820 ut
2669 778 2858 835 regum
2894 773 3212 819 ornamenta
3242 766 3489 835 pretiosa
3520 779 3652 834 qua:
3674 763 3765 819 ha-

2167 857 2367 914 bebant
2396 865 2518 929 post
2543 859 2751 913 obitum
2777 873 2933 913 suum
2961 858 3016 912 in
3056 873 3187 930 pyra
3216 856 3543 924 urerentur,
3580 866 3765 913 tamen

2168 951 2371 1021 absque
2415 950 2789 1006 cadaveribus.
2845 949 3173 1021 Figuraliter
3210 958 3393 1006 autem
3424 958 3691 1006 aromata
3717 962 3767 1005 α

2169 1049 2441 1113 unguenta
2488 1042 2827 1109 meretricia,
2870 1058 2990 1114 quas
3027 1044 3080 1097 in
3124 1043 3324 1099 lectulo
3352 1045 3469 1100 Asa
3498 1044 3766 1100 obhouo-

2169 1150 2284 1189 rem
2310 1134 2456 1189 illius
2476 1136 2978 1202 concremabantur,
3010 1151 3208 1192 vanam
3243 1138 3573 1209 signiﬁcant
3610 1137 3767 1192 fam

2163 1222 2503 1294 jactantiam,
2539 1225 2793 1295 quoniam
2818 1226 3123 1297 philosophi
3160 1228 3245 1283 vel
3286 1236 3467 1299 poetae
3498 1237 3632 1298 post
3685 1229 3768 1283 ob-

2169 1316 2300 1371 itum
2318 1331 2505 1388 regum
2528 1332 2770 1382 suorum,
2789 1318 2903 1373 sive
2919 1320 3080 1374 etiam
3099 1319 3216 1376 falsi
3231 1320 3549 1376 Christiani
3571 1323 3770 1377 obeun-

2167 1407 2332 1473 tibus,
2365 1408 2477 1462 suis
2508 1408 2829 1479 impendunt
2862 1410 3153 1481 magistris.
3215 1410 3588 1482 Supervacua
3629 1414 3769 1469 enim

2168 1516 2263 1556 eos
2300 1500 2564 1557 extollunt
2595 1502 2783 1570 laude,
2827 1518 3058 1573 quorum
3101 1506 3451 1562 conversatio
3502 1514 3633 1561 tota
3680 1506 3773 1562 fuit

2167 1593 2326 1664 plena
2363 1594 2727 1665 turpitudine,
2757 1602 2814 1649 et
2863 1596 2981 1651 haec
3018 1596 3071 1651 in
3116 1596 3296 1668 ignem
3343 1597 3617 1666 mittunt,
3654 1600 3774 1670 quia

2169 1685 2347 1739 omnia
2376 1686 2634 1756 gehennae
2657 1685 2870 1757 ignibus
2888 1687 3124 1743 obnoxia
3151 1702 3272 1745 esse
3296 1691 3639 1755 ostendunt,
3664 1708 3774 1761 qua

2168 1775 2258 1832 hic
2286 1777 2404 1833 sine
2435 1777 2613 1847 aliqua
2660 1778 2893 1834 utilitate
2920 1788 3083 1850 atque
3121 1779 3491 1837 aediﬁcatione
3540 1781 3771 1837 fratrum

2091 1853 2140 1913 Β
2167 1870 2525 1939 protulerunt.
2569 1870 2722 1927 Unde
2749 1871 2805 1925 in
2830 1869 2933 1927 Iob
2962 1873 3028 1927 de
3057 1872 3192 1928 viris
3229 1873 3439 1943 iniquis
3491 1874 3769 1945 scriptum

2163 1970 2246 2017 est
2276 1975 2294 2013 :
2324 1959 2539 2016 Succisa
2570 1972 2648 2017 est
2684 1964 2874 2018 erectio
2920 1980 3101 2019 eorum
3128 2005 3144 2032 ,
3190 1972 3242 2019 et
3277 1964 3552 2036 reliquias
3600 1983 3772 2020 eorum

2161 2052 2427 2107 devoravit
2453 2054 2589 2125 ignis
2630 2053 2774 2126 (Iob.
2804 2054 2974 2126 xm),
3006 2061 3061 2110 et
3091 2054 3148 2110 in
3182 2054 3396 2126 psalmo
3429 2074 3445 2110 :
3478 2055 3770 2127 δεραιεγα,

2161 2140 2354 2211 inquit,
2411 2159 2592 2197 eorum
2633 2142 2819 2198 domus
2859 2160 3041 2199 eorum
3072 2145 3130 2199 in
3177 2155 3478 2212 aeternum;
3523 2148 3774 2201 taberna-

2161 2232 2282 2287 cula
2321 2249 2503 2288 eorum
2535 2233 2591 2287 in
2636 2236 2969 2305 generatione
3011 2244 3062 2290 et
3096 2237 3341 2308 progenie
3368 2278 3385 2303 ,
3440 2237 3771 2292 invocabant

2161 2327 2376 2381 nomina
2401 2342 2580 2381 eorum
2621 2327 2677 2381 in
2722 2328 2875 2382 terris
2903 2327 3138 2398 ipsorum
3169 2325 3343 2401 (Psal.
3371 2330 3615 2400 xum).
3670 2330 3772 2384 llas

2160 2421 2307 2476 enim
2349 2420 2639 2477 stultorum
2682 2429 2788 2486 est,
2840 2421 3003 2476 ritum
3048 2421 3201 2492 sequi
3247 2421 3573 2493 gentilium,
3618 2437 3768 2493 quem

2162 2511 2219 2567 in
2246 2513 2617 2582 parentalibus
2660 2529 2822 2584 agere
2864 2521 3289 2580 consueverunt,
3339 2516 3579 2585 quando
3632 2514 3767 2569 fatua

2162 2606 2546 2675 superstitione
2570 2606 2626 2662 in
2668 2608 2833 2663 terris
2873 2622 3084 2675 eorum,
3137 2608 3192 2664 id
3221 2617 3341 2676 est,
3387 2609 3449 2663 in
3498 2608 3768 2679 sepulcris

2161 2694 2348 2751 laudes
2374 2695 2652 2752 celebrant
2696 2707 3069 2766 mortuorum,
3117 2706 3175 2754 et
3213 2698 3453 2753 credunt
3501 2699 3634 2753 haec
3671 2698 3766 2752 illis

2160 2789 2444 2858 prodesse,
2472 2790 2618 2859 quod
2644 2804 2831 2847 eorum
2857 2791 3111 2848 videntur
3129 2791 3388 2848 exhibere
3415 2793 3731 2848 memoria.

2746 2920 2976 2978 CAPUT
3013 2920 3176 2978 XVII.

2157 3038 2240 3094 De
2266 3036 2529 3109 Iosophat
2548 3053 2668 3108 rege
2688 3034 2857 3119 Iuda,
2888 3044 2936 3091 et
2955 3036 3104 3118 bonis
3130 3036 3359 3105 actibus,
3384 3044 3437 3092 et
3461 3039 3758 3110 prouisione

2836 3123 3061 3178 impera.

2233 3251 2296 3323 (ll
2323 3249 2455 3305 Pan.
2480 3246 2642 3319 xvn.)
2688 3244 2943 3318 Regnavit
2971 3253 3149 3300 autem
3169 3245 3434 3317 Iosophat
3463 3245 3624 3315 ﬁlius
3651 3247 3751 3316 ejus

2158 3359 2254 3413 pro
2284 3359 2365 3408 eo,
2393 3351 2440 3395 et
2466 3337 2688 3396 invaluit
2714 3346 2897 3392 contra
2932 3335 3124 3391 Israel.
3189 3334 3586 3408 Constituitque
3614 3338 3746 3391 milio

2163 3443 2275 3488 tum
2302 3448 2546 3487 numeros
2574 3431 2631 3485 in
2655 3428 2858 3485 cunctis
2886 3428 3100 3482 urbibus
3121 3427 3290 3494 Iuda,
3318 3445 3439 3501 qute
3459 3439 3623 3484 erant
3653 3429 3754 3483 eal-

2162 3523 2285 3580 lata:
2326 3523 2512 3589 muris,
2536 3520 2885 3593 praesidiaque
2910 3519 3167 3590 disposuit
3202 3520 3259 3574 in
3287 3529 3431 3575 terra
3478 3519 3636 3574 Iuda
3656 3564 3673 3588 ,
3708 3529 3749 3574 et

2160 3617 2218 3670 in
2238 3616 2534 3671 civitatibus
2562 3612 2819 3684 Ephraim
2837 3652 2855 3679 ,
2890 3629 3021 3683 quas
3058 3620 3263 3683 ceperat
3289 3610 3401 3667 Asa
3422 3626 3583 3683 pater
3621 3613 3746 3683 ejus.

2162 3707 2233 3762 Et
2260 3708 2359 3778 fuit
2389 3707 2647 3762 Dominus
2673 3721 2790 3759 cum
2819 3703 3103 3775 Iosophat,
3136 3705 3227 3770 qui
3255 3703 3554 3760 ambulavit
3581 3705 3643 3759 in
3666 3705 3752 3758 aiis

2164 3797 2335 3853 David
2369 3798 2533 3868 patris
2560 3797 2644 3851 sui
2670 3796 2893 3867 primis,
2935 3804 2985 3849 et
3024 3812 3127 3851 non
3153 3796 3378 3867 speravit
3416 3796 3477 3849 in
3517 3795 3751 3861 Baalint,

2162 3890 2252 3944 sed
2280 3890 2337 3943 in
2365 3888 2475 3943 Deo
2499 3889 2666 3960 patris
2692 3890 2797 3953 sui,
2826 3898 2875 3943 et
2908 3888 3137 3959 perrexit
3187 3888 3244 3943 in
3271 3889 3553 3958 praeceptis
3586 3888 3747 3949 illius,

2161 3991 2209 4038 et
2236 3998 2341 4037 non
2352 3982 2509 4052 juxta
2537 3992 2750 4054 peccata
2774 3980 2966 4037 Israel.
3009 3980 3165 4048 Quod
3190 3988 3374 4036 autem
3397 3980 3541 4036 dicit
3569 3981 3641 4037 de
3663 3979 3750 4036 Jo-

2162 4074 2374 4144 saphat,
2409 4074 2715 4131 ambulasse
2751 4089 2877 4130 eum
2914 4074 2971 4128 in
2995 4073 3100 4130 viis
3124 4072 3298 4129 David
3320 4072 3500 4144 patris
3538 4075 3628 4130 sui
3650 4073 3755 4146 pri-

2161 4165 2284 4230 mis,
2316 4166 2552 4222 ostendit
2573 4181 2698 4221 eum
2730 4175 3111 4223 exsecutorem
3141 4163 3310 4222 fuisse
3336 4166 3751 4238 sagacissimum

2161 4258 2469 4314 divinorum
2507 4266 2957 4315 testamentorum
2976 4300 2990 4325 ,
3052 4259 3196 4314 sicut
3239 4256 3559 4315 fuit-David
3604 4268 3756 4331 pater

2160 4351 2279 4421 ejus
2317 4351 2474 4407 initio
2507 4353 2659 4423 regni
2689 4351 2809 4418 sui,
2837 4360 3129 4422 antequam
3171 4351 3229 4406 in
3267 4366 3440 4407 uxore
3464 4351 3755 4423 deliquerit

2162 4446 2311 4503 Urie.
2349 4445 2514 4517 Cujus
2534 4445 2748 4514 peccati
2773 4444 3070 4517 ignominia
3090 4444 3224 4500 licet
3247 4444 3550 4500 obscurare
3572 4446 3755 4502 videa-

2161 4547 2249 4593 tur
2274 4538 2476 4594 famam
2508 4536 2626 4607 ejus
2647 4578 2662 4603 ,
2721 4538 2816 4593 sed
2855 4538 3191 4609 poenitentia:
3217 4538 3510 4595 laudabilis
3541 4539 3756 4595 satisfa-

2161 4629 2271 4685 ctio
2299 4638 2556 4684 aeternam
2584 4627 2662 4683 illi
2689 4629 3007 4684 memoriam
3040 4630 3385 4699 praeparavit.

2233 4719 2681 4792 Conﬁrmavitque
2714 4721 2972 4777 Dominus
3001 4738 3221 4793 regnum
3246 4724 3304 4778 in
3343 4739 3509 4778 manu
3541 4725 3685 4796 ejus,
3708 4735 3753 4778 et

2159 4816 2305 4868 dedit
2334 4817 2504 4869 omnis
2527 4813 2674 4868 Iuda
2698 4831 2920 4870 munera
2944 4814 3205 4886 Iosophat
3223 4856 3241 4882 ,
3272 4816 3536 4889 factwque
3565 4828 3689 4873 sunt
3711 4818 3755 4872 ei

2161 4907 2384 4974 inﬁnita:
2410 4906 2606 4961 divitia:
2634 4916 2683 4961 et
2711 4907 2875 4962 multa
2913 4908 3106 4979 gloria.
3164 4906 3399 4980 Cumque
3447 4915 3751 4985 sumpsisset

2161 5014 2253 5053 cor
2281 4998 2395 5068 ejus
2434 4998 2718 5054 audaciam
2753 5008 2964 5070 propter
2998 5002 3107 5055 vias
3142 5000 3360 5057 Domini
3397 5012 3448 5057 et
3473 5005 3683 5060 excelsa
3708 5016 3751 5059 et

2162 5088 2309 5143 lucos
2349 5088 2414 5143 de
2458 5089 2605 5144 Iuda
2650 5089 2897 5154 abstulit,
2926 5099 3032 5147 etc.
3086 5091 3332 5161 Denique
3365 5076 3643 5166 Iosaphat
3662 5111 3751 5151 rex

2164 5188 2351 5253 typum
2394 5178 2613 5251 praefert
2653 5182 2836 5252 populi
2872 5184 3208 5239 credentium
3238 5184 3306 5240 de
3335 5186 3619 5257 gentibus,
3665 5188 3749 5258 qui

2165 5273 2231 5328 ad
2257 5272 2677 5342 Redemptorcm
2712 5281 2985 5342 nostrum,
3005 5274 3199 5331 relicto
3223 5286 3512 5348 parentum
3540 5294 3746 5344 errore,

2165 5379 2290 5419 cum
2317 5363 2467 5419 venit
2510 5379 2667 5419 sacro
2705 5364 3032 5437 baptismate
3058 5367 3275 5425 ablutus
3320 5376 3379 5426 et
3406 5372 3587 5427 sancti
3612 5373 3751 5429 chri-

2168 5457 2359 5512 smatis
2408 5456 2663 5512 unctione
2697 5456 2909 5525 linitus,
2949 5474 2981 5515 a
3009 5458 3231 5517 Christo
3258 5460 3632 5521 Christianum
3656 5480 3747 5521 no-

2161 5563 2286 5603 men
2319 5556 2373 5602 et
2397 5548 2600 5619 regiam
2643 5547 2968 5618 dignitatem
3000 5552 3233 5622 accepit,
3267 5553 3355 5610 cui
3395 5553 3600 5612 Petrus
3622 5573 3747 5629 apo-

2163 5639 2332 5694 stolus
2359 5642 2414 5695 in
2446 5640 2688 5710 Epistola
2711 5657 2809 5697 sua
2837 5643 2916 5697 ait
2943 5661 2957 5697 :
2991 5642 3098 5700 Vos
3127 5654 3303 5701 autem
3330 5663 3497 5719 genus
3526 5648 3741 5703 electam

2161 5746 2193 5784 a
2226 5732 2474 5797 Domino,
2504 5733 2677 5804 regale
2697 5735 3081 5805 sacerdotium,
3116 5755 3240 5810 gens
3269 5750 3488 5802 sancta,
3518 5742 3738 5811 populus

2161 5820 2521 5891 acquisitionis
2550 5821 2602 5894 (Ι
2632 5821 2778 5880 Petr.
2816 5828 2901 5898 ιι).
2928 5825 3083 5895 Quod
3108 5830 3347 5886 nominis
3375 5830 3547 5901 ipsius
3570 5830 3735 5886 inter-
