3920 6478
177 396 284 453 489

1067 387 1413 447 COMMENT.
1452 389 1518 444 IN
1557 380 2106 442 PARALIPOMENA.
2145 411 2215 421 —
2253 379 2387 462 LIB._
2422 379 2509 437 IV.

3328 383 3436 446 ιω

176 507 413 580 pretatio
454 506 592 562 bene
634 503 937 561 conﬁrmat.
977 501 1368 571 Interpretatur
1412 503 1557 557 enim
1598 501 1751 556 Josa-
1780 503 1830 562 Α
1858 495 2042 564 ditque
2065 495 2133 549 ad
2161 509 2285 549 eum
2316 494 2371 548 in
2401 493 2728 561 Samariam,
2755 503 2946 551 contra
2975 496 3156 554 hostes
3181 499 3440 570 praebens

177 600 312 671 phat
370 597 580 651 Domini
633 595 747 660 dos,
795 594 910 649 sive
941 593 1031 663 qui
1086 600 1169 648 est
1222 593 1470 647 donatus.
1515 591 1756 647 Ecclesia

177 704 310 763 ergo
336 688 609 758 gentium,
658 686 833 755 pretio
875 684 1152 756 sanguinis
1189 683 1391 740 Christi
1421 692 1753 755 comparata,

177 789 237 839 et
270 777 506 848 Spiritus
530 777 754 848 pignore
775 777 958 832 dotata
976 817 990 842 ,
1021 776 1354 832 consortium
1385 776 1568 846 sponsi
1589 776 1756 832 coele-

177 868 282 926 stis
303 877 358 922 et
393 867 706 923 societatem
743 860 904 938 regni'
932 866 1231 937 promeruit
1261 885 1274 922 :
1311 866 1399 923 cui
1443 865 1600 922 facta:
1631 873 1758 922 sunt

178 959 410 1016 inﬁnita:
439 958 660 1024 divitiae,
692 959 805 1013 sive
826 958 880 1012 in
915 966 1183 1014 conventu
1221 958 1551 1015 diversarum
1583 957 1760 1014 natio-

180 1067 313 1106 num
354 1050 422 1106 ad
469 1050 648 1114 ﬁdem,
686 1065 780 1105 seu
809 1051 863 1105 in
898 1051 1256 1120 acquisitione
1284 1052 1557 1106 variarum
1588 1051 1760 1107 virtu-

176 1151 319 1207 tum,
350 1151 405 1196 et
439 1141 607 1196 multa
649 1141 819 1210 gloria
854 1141 1108 1212 specialis
1139 1143 1450 1213 sapientiae,
1477 1141 1545 1198 de
1565 1157 1671 1212 qua
1701 1141 1758 1197 in

177 1230 490 1286 Proverbiis
509 1230 769 1301 scriptum
789 1239 874 1286 est
897 1245 911 1284 :
938 1229 1124 1286 Multa:
1148 1231 1275 1300 ﬁlice
1315 1241 1759 1304 congregaverant

175 1321 392 1375 divitias
416 1360 431 1386 ,
484 1330 540 1374 tu
584 1337 917 1391 supergressa
957 1337 1011 1376 es
1058 1322 1323 1377 universas
1365 1321 1547 1393 (Prov.
1578 1321 1755 1394 xxxx).

175 1413 279 1468 Cui
309 1412 486 1467 omnis
523 1411 661 1467 Juda
702 1427 930 1467 munera
969 1413 1192 1480 obtulit,
1238 1412 1366 1483 quia
1389 1412 1759 1483 unusquisque

175 1507 356 1564 ﬁdelis
385 1522 530 1563 sanae
557 1508 818 1562 doctrinae
843 1515 898 1563 et
916 1508 1182 1563 bonorum
1203 1521 1429 1579 operum
1456 1522 1680 1562 munera
1704 1507 1759 1562 in

176 1600 326 1655 illius
354 1599 564 1655 unitate
586 1614 716 1655 vero
741 1601 854 1670 regi
867 1615 925 1656 se
948 1600 1194 1655 conferre
1223 1600 1499 1672 gaudebit.
1531 1601 1759 1656 Excelsa

174 1701 234 1746 et
255 1691 406 1748 lucos
427 1692 494 1746 de
530 1699 674 1746 terra
698 1690 832 1747 Juda
879 1691 1022 1756 tulit,
1071 1693 1197 1762 quia
1243 1709 1403 1748 omne
1443 1694 1759 1750 scandalum

175 1783 245 1838 de
271 1784 610 1840 credentium
652 1783 845 1838 turmis
878 1783 1093 1839 auferre
1135 1785 1432 1840 contendit.
1474 1784 1640 1839 Mittit
1662 1799 1758 1839 rex

175 1877 282 1932 iste
307 1877 582 1948 principes
620 1891 748 1932 suos
780 1891 843 1932 ac
876 1876 1182 1932 sacerdotes
1223 1878 1277 1931 in
1313 1878 1477 1933 urbes
1512 1876 1666 1941 Juda,
1700 1886 1760 1933 ut

173 1968 430 2023 erudiant
475 1967 732 2039 populum
761 1976 1035 2038 praecepta
1073 1967 1208 2038 legis
1233 1969 1468 2037 Domini,
1511 1984 1635 2024 cum
1665 1968 1762 2024 do-

173 2069 359 2116 ctores
403 2067 622 2115 sanctos
663 2058 730 2113 ad
765 2059 1010 2115 diversos
1055 2058 1281 2129 papulos
1322 2059 1526 2130 dirigit,
1564 2068 1626 2114 ut
1656 2060 1762 2116 illis

172 2150 472 2220 pradicant
491 2150 840 2222 Evangelium
865 2148 1091 2205 Christi.
1125 2149 1323 2221 Sicque
1353 2149 1447 2206 ﬁet
1470 2150 1604 2207 illud
1618 2151 1762 2222 quod

176 2242 247 2299 de
275 2239 538 2312 Josaphat
568 2243 829 2312 scriptum
856 2250 943 2298 est
967 2261 980 2296 :

248 2329 441 2403 Itaque
471 2333 642 2402 factus
670 2342 744 2386 est
770 2347 932 2402 pavor
955 2333 1170 2388 Domini
1206 2350 1362 2405 super
1397 2336 1576 2390 omnia
1604 2352 1763 2407 regna

177 2432 443 2477 terrarum
478 2440 597 2494 qua:
645 2434 792 2478 erant
823 2440 917 2494 per
949 2441 1133 2495 gyrum
1175 2424 1342 2491 Iuda,
1385 2441 1478 2480 nec
1499 2425 1763 2480 audebant

103 2498 117 2511 ’
176 2515 370 2570 bellare
393 2527 571 2571 contra
594 2515 870 2588 Iosophat,
893 2517 982 2580 sed
1002 2527 1052 2572 et
1075 2517 1352 2573 Philisthei
1373 2517 1627 2588 Iosophat
1648 2534 1763 2572 mu-

181 2622 310 2661 nera
343 2606 664 2677 deferebant,
707 2617 756 2663 et
794 2607 1014 2679 vectigal
1051 2609 1296 2679 argenti:
1329 2607 1528 2665 Arabes
1557 2625 1764 2680 quoque

176 2696 507 2751 adducebant
527 2713 717 2767 pecora
737 2699 960 2753 arietum
981 2708 1173 2769 septem
1197 2698 1366 2754 millia
1385 2700 1760 2770 septingentos,

178 2799 230 2844 et
262 2789 436 2844 hircos
467 2790 702 2844 totidem.
765 2788 900 2846 Cum
947 2799 1168 2861 propter
1203 2805 1401 2846 nomen
1444 2790 1761 2862 gloriosum,

180 2887 240 2935 et
260 2888 482 2950 prepter
509 2881 740 2936 virtutes
768 2896 890 2951 qua:
913 2889 1177 2952 geruntur
1204 2881 1259 2934 in
1289 2879 1554 2944 Ecclesia,
1600 2879 1767 2934 auda-

180 2969 264 3025 cia
289 2970 664 3040 comprimitur
705 2986 1072 3043 paganorum,
1117 2979 1172 3027 et
1200 2971 1440 3043 gentium
1472 2971 1768 3026 incitantur

181 3062 378 3127 corda,
411 3071 469 3118 ut
506 3061 820 3120 deferantur
851 3080 983 3120 vero
1021 3064 1156 3136 Regi
1198 3063 1445 3130 Christo,
1483 3063 1577 3133 qui
1606 3071 1769 3133 caput

1857 587 1906 642 ei
1931 586 2219 650 auxilium,
2271 584 2392 640 illos
2422 584 2718 656 ﬁguraliter
2759 586 3131 655 demonstrat,
3170 591 3262 661 qui
3290 607 3322 649 e
3345 609 3440 652 cae

1857 677 2075 733 tholicis
2101 676 2168 732 ad
2194 675 2572 731 haereticorum
2603 677 2898 733 amicitiam
2921 693 2981 736 se
3009 679 3290 738 inclinant.
3332 685 3438 754 Qui

1857 770 1983 826 licet
2009 786 2038 824 a
2069 777 2232 825 rectae
2260 768 2388 824 ﬁdei
2412 769 2632 824 tramite
2661 784 2769 824 non
2804 771 3062 829 recedant
3087 813 3102 840 ,
3150 781 3331 832 tamen
3351 793 3440 834 er-

1856 862 2094 919 rantium
2134 861 2448 916 societatem
2496 867 2656 930 atque
2711 863 3151 920 communionem
3198 866 3440 937 perfecte

1857 970 1967 1010 non
1993 953 2234 1010 devitant
2260 971 2273 1007 :
2311 952 2454 1023 quod
2496 951 2644 1008 nullo
2667 953 2829 1009 modo
2870 955 2988 1012 sine
3023 957 3177 1029 culpa
3202 975 3323 1016 esse
3343 977 3439 1032 po-

1857 1045 2004 1110 terit,
2045 1043 2280 1099 maxime
2307 1059 2431 1100 cum
2465 1042 2665 1099 Paulus
2692 1045 2968 1114 apostolus
2995 1047 3188 1104 doceat
3221 1050 3442 1107 haereti-

1858 1153 1984 1194 cum
2011 1137 2288 1192 hominem
2307 1143 2429 1207 post
2452 1149 2616 1190 unam
2639 1145 2694 1190 et
2725 1137 3017 1192 secundam
3041 1141 3441 1210 correptionem

1859 1228 2223 1293 devitandum,
2257 1237 2313 1282 et
2343 1226 2580 1283 Joannes
2618 1227 2673 1281 in
2722 1225 2965 1298 Epistola
3005 1243 3102 1283 sua
3146 1229 3222 1284 ita
3252 1232 3438 1289 dicat:

1859 1317 1919 1375 Si
1949 1321 2064 1392 quis
2090 1320 2229 1375 venit
2255 1319 2324 1373 ad
2355 1335 2444 1374 vos
2465 1329 2513 1373 et
2535 1319 2670 1374 hanc
2691 1318 2988 1374 doctrinam
3013 1337 3119 1374 non
3149 1321 3324 1391 oﬁ‘ert,
3351 1339 3445 1377 no-

1859 1411 1949 1468 lite
1975 1413 2200 1482 recipere
2219 1427 2336 1466 eum
2385 1412 2442 1466 in
2484 1411 2719 1478 domum,
2761 1428 2856 1466 nec
2883 1411 2988 1466 Ave
3009 1412 3057 1466 ei
3085 1412 3327 1467 dixeritis
3353 1412 3442 1486 (II

1859 1505 2065 1578 Ioan.).
2088 1504 2191 1572 Qui
2219 1504 2365 1561 enim
2381 1503 2515 1560 dicit
2544 1503 2622 1559 illi
2647 1503 2782 1571 Ave,
2803 1505 3166 1560 communicat
3187 1505 3446 1576 operibus

1860 1596 1979 1669 ejus
2004 1596 2272 1668 malignis.
2313 1595 2453 1651 Hinc
2491 1603 2547 1650 et
2575 1610 2673 1666 per
2707 1596 3027 1666 sapientiam
3069 1597 3304 1652 dicitur:
3340 1597 3445 1664 Qui

1861 1689 2085 1760 tetigerit
2111 1690 2300 1761 picem,
2327 1689 2695 1760 inquinabitur
2721 1690 2785 1743 ab
2813 1689 3005 1744 illa:et
3030 1692 3120 1761 qui
3150 1692 3447 1746 communiv

1863 1780 2055 1833 caverit
2092 1779 2313 1849 superbo
2339 1820 2354 1844 ,
2395 1779 2577 1834 induet
2607 1779 2904 1850 superbiam
2946 1780 3136 1851 (Eccli.
3178 1781 3323 1854 xui).
3365 1781 3447 1838 Ob

1786 1862 1833 1922 B
1863 1868 1966 1923 hoc
1993 1875 2048 1922 et
2087 1868 2202 1938 ipse
2243 1865 2504 1937 Iosaphat
2542 1881 2640 1938 per
2672 1865 2810 1923 Jehu
2840 1868 3113 1924 videntem
3140 1870 3310 1926 ﬁlium
3340 1869 3448 1925 lla-

1863 1959 1988 2012 nani
2017 1959 2182 2030 (illius
2208 1958 2459 2014 videlicet
2477 1959 2762 2029 prophetae
2782 1960 2875 2029 qui
2895 1958 3002 2016 Asa
3047 1961 3448 2034 increpaverat)

1863 2049 2128 2120 arguitur,
2162 2050 2305 2119 quod
2331 2049 2496 2126 impio
2518 2049 2810 2119 praebuerit
2835 2049 3116 2116 auxilium,
3155 2059 3212 2106 et
3238 2051 3321 2106 his
3349 2051 3444 2121 qui

1863 2143 2092 2196 oderunt
2121 2139 2407 2195 Dominum
2446 2140 2683 2195 amicitia
2715 2138 3053 2212 iungeretur.
3111 2140 3452 2213 Quapropter

1862 2232 2243 2288 haereticorum
2281 2232 2556 2288 consortia
2604 2243 2733 2288 sunt
2773 2235 3092 2303 devitanda,
3140 2236 3268 2306 quia
3302 2236 3450 2293 nulla

1864 2328 2098 2384 societas
2124 2336 2210 2384 est
2232 2328 2340 2384 luci
2373 2329 2440 2383 ad
2465 2328 2750 2394 tenebras,
2801 2344 2904 2385 nec
2939 2331 3222 2385 conventio
3246 2330 3451 2387 Christi

1864 2418 1974 2474 ullo
2003 2419 2166 2475 modo
2192 2427 2372 2490 potest
2401 2433 2524 2475 esse
2562 2435 2687 2474 cum
2716 2420 2918 2487 Belial,
2951 2436 3128 2492 neque
3160 2437 3454 2493 possumus

1862 2515 2070 2585 pariter
2092 2513 2317 2570 calicem
2337 2513 2553 2571 Domini
2583 2514 2772 2570 bibere
2790 2554 2806 2581 ,
2836 2515 2930 2571 ubi
2956 2514 3194 2572 salubris
3225 2517 3454 2575 haustus

1864 2612 1950 2661 est
1979 2604 2278 2676 sapientiae,
2303 2613 2360 2660 et
2387 2604 2609 2661 calicem
2631 2604 3042 2672 daemoniorum,
3067 2606 3158 2663 ubi
3182 2621 3454 2664 venenum

1865 2695 2207 2752 mortiferum
2244 2695 2566 2766 propinatur
2596 2697 2872 2768 nequitiae.

1944 2783 2160 2842 Vocavit
2189 2803 2310 2858 ergo
2351 2803 2444 2842 rex
2473 2785 2646 2841 Israel
2682 2802 2847 2841 unum
2871 2786 2936 2841 de
2954 2786 3208 2843 eunuchis
3230 2796 3282 2842 et
3319 2787 3453 2843 dixit

1865 2875 1913 2929 ei
1933 2891 1952 2929 :
1982 2871 2124 2930 Voca
2143 2876 2245 2930 cito
2262 2875 2544 2932 Michteam
2565 2875 2739 2945 ﬁlium
2758 2875 2954 2930 Iemla.
2978 2875 3151 2931 Porro
3169 2893 3262 2932 rex
3282 2876 3454 2932 Israel

1866 2976 1914 3021 et
1940 2967 2203 3038 Iosophat
2231 2985 2324 3024 rex
2361 2969 2532 3034 Iuda,
2582 2979 2798 3042 uterque
2832 2971 3042 3026 sedebat
3086 2973 3143 3026 in
3186 2972 3319 3028 solio
3354 2989 3452 3027 suo

1868 3059 2035 3112 vestiti
2057 3059 2199 3113 cultu
2232 3062 2395 3131 regio,
2435 3060 2679 3116 sedebant
2706 3071 2880 3116 autem
2911 3062 2967 3116 in
2995 3079 3121 3116 area
3136 3063 3300 3132 juxta
3329 3079 3454 3134 por-

178 3159 266 3206 est
287 3151 572 3220 Ecclesiae,
603 3168 832 3209 munera
857 3162 1020 3209 recta:
1054 3153 1421 3219 credulitatis,
1462 3160 1517 3209 et
1545 3166 1768 3209 censum
1870 3155 1978 3201 tam
2002 3148 2265 3205 Samaria:
2293 3191 2308 3217 ,
2361 3168 2640 3222 omnesque
2676 3154 2941 3223 propheta:
2979 3153 3335 3208 vaticinabant
3363 3169 3454 3208 co-

177 3241 447 3299 bonomm
475 3259 699 3315 operum
721 3285 736 3310 ,
779 3260 844 3301 ac
888 3247 992 3317 pia;
1023 3245 1380 3303 confessionis
1409 3247 1640 3314 solvam,
1669 3246 1765 3302 ad.
1793 3224 1838 3288 C
1871 3253 1986 3292 ram
2011 3239 2106 3304 eis,
2138 3248 2244 3295 etc.
2288 3241 2534 3310 Denique
2569 3243 2833 3312 propheta
2859 3242 3110 3298 Michaeas
3134 3253 3360 3299 vocatus
3387 3243 3458 3299 ad

179 3333 490 3405 ducantque
538 3336 615 3392 illi
663 3352 861 3408 pecora
903 3337 1270 3407 simplicitatis
1313 3353 1452 3405 suae;
1505 3339 1608 3394 hoc
1657 3345 1763 3404 est,

179 3426 421 3480 arietum
449 3435 654 3496 septem
681 3427 848 3483 millia
877 3430 1246 3500 septingentos
1270 3469 1285 3495 ,
1329 3440 1383 3484 et
1420 3430 1604 3485 hircos
1635 3429 1768 3485 toti-

181 3515 330 3580 dem,
354 3531 477 3571 cum
505 3533 602 3588 per
631 3517 866 3589 Spiritus
891 3521 1064 3576 sancti
1091 3521 1320 3591 gratiam
1347 3520 1663 3586 illuminati,
1711 3527 1768 3576 et

179 3605 334 3661 viros
356 3605 563 3663 habiles
595 3609 906 3680 magisterio
942 3620 1166 3681 propter
1203 3612 1488 3666 scientiam
1516 3620 1571 3667 et
1598 3612 1768 3668 bono-

181 3711 306 3750 rum
348 3711 573 3766 operum
615 3699 943 3769 probitatem
991 3700 1224 3757 otl‘erunt
1247 3743 1262 3769 ,
1321 3710 1378 3756 et
1417 3711 1767 3772 peccatorum

182 3786 590 3843 multitudinem
613 3805 712 3860 per
733 3790 1128 3847 confessionem
1165 3801 1221 3847 et
1249 3791 1627 3861 paenitentiam
1653 3807 1769 3848 ser-

179 3879 318 3934 vitio
341 3880 484 3936 illius
515 3881 824 3950 subjiciunt.
892 3884 1104 3941 Arietes
1132 3886 1278 3940 enim
1304 3885 1470 3941 duces
1500 3893 1630 3940 sunt
1652 3900 1768 3956 gre-

181 3971 288 4043 gis,
317 3979 370 4026 et
398 3972 453 4026 in
476 3973 590 4045 lege
630 3975 685 4028 in
714 3974 1066 4045 paciﬁcorum
1101 3977 1294 4033 hostiis
1324 3975 1762 4034 immolabantur.

182 4062 336 4119 Hirci
359 4075 541 4122 autem
563 4081 663 4137 pro
688 4077 916 4139 peccato
941 4068 1326 4126 offerebantur.

745 4199 972 4258 CAPUT
1022 4202 1205 4259 XVIII.

645 4312 892 4386 Sequitur
927 4314 992 4369 de
1032 4315 1310 4386 Iosophat.

261 4426 325 4499 (ll
348 4426 484 4484 Pan.
510 4427 691 4500 xvm.)
721 4426 852 4482 Fuit
877 4445 999 4500 ergo
1026 4429 1282 4500 Iosophat
1307 4431 1448 4486 dives
1472 4440 1521 4486 et
1542 4430 1768 4502 inclytus

177 4519 430 4588 multum,
445 4530 494 4576 et
524 4521 772 4592 affinitate
803 4520 1114 4591 conjunctus
1143 4531 1217 4577 est
1244 4522 1455 4589 Achab;
1479 4523 1771 4578 descendit-

178 4629 287 4684 que
313 4621 426 4682 post
477 4629 644 4670 annos
684 4613 752 4667 ad
779 4629 898 4668 eum
924 4614 980 4668 in
1011 4612 1313 4670 Samariam
1337 4656 1353 4682 ,
1385 4617 1456 4671 ad
1485 4617 1638 4687 cujus
1663 4618 1766 4672 ad-

179 4712 396 4758 ventum
424 4705 673 4759 mactavit
695 4704 872 4759 Achab
899 4705 1088 4760 arietes
1120 4715 1168 4761 et
1209 4705 1357 4762 boves
1384 4706 1639 4778 plurimos
1667 4709 1769 4780 ipsi

179 4804 237 4850 et
281 4793 477 4866 populo
528 4796 620 4867 qui
675 4806 882 4852 venerat
909 4814 1029 4851 cum
1065 4814 1164 4864 eo;
1198 4800 1558 4872 persuasitque
1596 4800 1676 4856 illi
1711 4811 1769 4856 ut

182 4886 488 4942 ascenderet
531 4887 587 4942 in
635 4887 857 4943 Romoth
896 4886 1123 4944 Galaad.
1186 4889 1435 4963 Dixitque
1463 4893 1642 4948 Achab
1677 4911 1770 4949 rex

182 4977 364 5036 Israel
390 4979 460 5033 ad
490 4977 748 5050 Iosophat
772 4997 942 5051 regem
964 4980 1146 5036 Iuda:
1178 4981 1308 5036 Veni
1336 4999 1538 5038 mecum
1571 4987 1628 5040 in
1660 4986 1768 5041 Ra-

180 5068 336 5126 πωιὴ
360 5067 568 5123 Galaad
584 5085 603 5134 ;
640 5070 724 5123 cui
750 5069 838 5124 ille
863 5071 1124 5140 respondit
1147 5083 1166 5122 :
1191 5069 1259 5125 Ut
1289 5059 1406 5144 ego,
1433 5083 1482 5129 et
1505 5083 1597 5141 tu;
1629 5079 1767 5132 sicut

184 5157 413 5232 populus
433 5169 575 5225 tuus,
604 5161 680 5213 sic
708 5168 756 5214 et
794 5158 1018 5230 populus
1045 5177 1190 5217 meus
1213 5203 1227 5229 ,
1279 5172 1548 5236 tecumque
1571 5169 1766 5224 erimus

183 5252 247 5307 in
283 5250 436 5305 bello.
475 5251 768 5321 Josaphat,
801 5260 862 5307 ut
898 5252 1147 5323 superius
1197 5254 1466 5323 diximus,
1513 5259 1766 5329 populum

186 5341 465 5414 signiﬁcat
485 5340 872 5408 Christianum,
895 5342 986 5413 qui
1014 5342 1175 5398 ﬁdem
1205 5353 1349 5401 tenet
1370 5347 1691 5404 catholicam
1714 5359 1771 5406 et

186 5433 508 5506 religionem
531 5441 716 5488 servat
739 5433 1127 5490 Christianam.
1143 5436 1330 5493 Achab
1345 5448 1526 5495 autem
1548 5440 1766 5512 impius,

186 5527 286 5598 qui
321 5525 374 5580 in
420 5525 665 5580 Samaria
691 5526 956 5596 regnabat
979 5568 994 5594 ,
1047 5528 1439 5585 haeresiarchas
1486 5533 1769 5603 exprimit,

191 5618 286 5688 qui
311 5617 647 5690 perditorum
695 5618 908 5672 turbam
940 5632 1039 5687 per
1072 5633 1320 5674 errorum
1353 5620 1508 5676 devia
1546 5621 1769 5690 ducunt,

193 5716 251 5764 et
279 5707 335 5761 in
372 5713 649 5777 perpetua:
694 5708 885 5762 mortis
925 5709 1278 5780 praecipitium
1322 5712 1564 5766 trahunt.
1620 5712 1772 5779 Quod

194 5805 375 5854 autem
397 5794 655 5869 Josaphat
679 5797 936 5855 atﬁnitatc
961 5801 1280 5871 conjunctus
1305 5803 1514 5871 Achab,
1548 5805 1772 5865 descen-

591 5890 863 5953 PATROL.
909 5895 1067 5957 CIX.

1869 3339 2052 3397 regem
2071 3325 2236 3384 Israel
2257 3337 2312 3384 et
2336 3343 2521 3401 regem
2547 3331 2754 3400 pariter
2780 3329 2938 3398 Iuda,
2963 3332 3306 3403 prophetavit
3325 3348 3459 3390 con-

1869 3423 1954 3472 tra
1975 3432 2156 3488 regem
2186 3419 2355 3478 Israel
2384 3421 2460 3476 ita
2483 3421 2670 3478 dicens
2697 3439 2710 3476 :

1946 3515 2068 3572 Vidi
2109 3517 2397 3576 Dominum
2444 3523 2708 3577 sedentem
2753 3523 2811 3578 in
2852 3522 2986 3578 solio
3029 3540 3125 3578 suo
3169 3533 3220 3579 et
3250 3541 3458 3582 omnem

1867 3610 2152 3664 exercitum
2171 3610 2284 3666 cteli
2304 3614 2627 3668 assistentem
2655 3615 2703 3668 ei
2725 3631 2760 3667 a
2779 3614 2979 3669 dextris
3003 3625 3050 3669 et
3080 3632 3112 3670 a
3143 3615 3393 3682 sinistris,
3409 3625 3458 3672 et

1868 3696 2000 3752 dixit
2023 3698 2281 3756 Dominus
2318 3719 2337 3757 :
2378 3703 2511 3770 Quis
2533 3704 2754 3774 decipiet
2778 3704 2953 3759 Achab
2977 3721 3147 3776 regem
3167 3704 3360 3772 Israel,
3400 3717 3458 3763 ut

1867 3791 2119 3846 ascendat
2141 3803 2189 3848 et
2226 3804 2437 3850 corruat
2467 3797 2524 3852 in
2565 3795 2792 3852 Romoth
2832 3794 3040 3852 Calaad
3057 3799 3080 3852 ?
3116 3795 3352 3871 Cumque
3377 3799 3460 3855 di-

1869 3891 2005 3936 ceret
2035 3899 2169 3938 unus
2191 3885 2290 3939 hoc
2319 3889 2496 3953 modo,
2543 3886 2679 3942 alter
2719 3888 2832 3954 alii,
2873 3890 3122 3958 processit
3151 3891 3371 3961 spiritus
3407 3899 3457 3946 et

1868 3975 2009 4028 stetit
2040 3991 2216 4029 coram
2258 3975 2485 4032 Domino
2515 3987 2564 4032 et
2591 3978 2691 4044 ait,
2719 3976 2834 4049 Ego
2875 3979 3132 4049 decipiam
3165 3996 3305 4035 eum.
3357 3978 3461 4036 Cui

1876 4065 2126 4122 Dominus
2147 4085 2165 4122 :
2190 4067 2258 4122 In
2277 4085 2403 4139 quo,
2426 4071 2617 4141 inquit,
2646 4070 2914 4140 decipies?
2939 4071 3007 4125 At
3028 4069 3118 4125 ille
3149 4071 3458 4143 respondit:

1869 4153 2132 4225 Egredior
2161 4167 2209 4211 et
2246 4173 2334 4211 ero
2367 4158 2583 4226 spiritus
2621 4158 2850 4213 mendax
2875 4159 2930 4212 in
2960 4175 3049 4214 ore
3071 4160 3304 4215 omnium
3333 4176 3460 4232 pro-

1869 4248 2144 4317 phetarum
2179 4249 2318 4320 ejus.
2360 4249 2609 4321 Dixitque
2645 4250 2904 4306 Dominus
2939 4266 2958 4304 :
2992 4251 3229 4323 Decipies
3251 4264 3300 4308 et
3327 4271 3463 4324 prm-

1869 4335 2097 4402 valebis;
2122 4338 2366 4407 egredere
2393 4348 2442 4392 et
2470 4339 2555 4408 fac
2583 4340 2680 4394 ita.
2708 4339 2847 4406 Quid
2897 4356 2996 4410 per
3014 4341 3206 4397 solium
3242 4342 3458 4399 Domini

1871 4427 1978 4484 nisi
2002 4429 2274 4499 angelicas
2307 4437 2604 4499 potestates
2641 4431 2966 4500 accipimus,
3001 4446 3234 4502 quarum
3262 4435 3462 4489 menti-

1871 4519 1977 4577 bus
2007 4519 2152 4576 Deus
2181 4521 2342 4576 altius
2377 4522 2676 4591 praesidens
2710 4510 2941 4578 inferius
2977 4532 3174 4580 cuncta
3199 4525 3458 4596 disponit.

1875 4613 1944 4671 Et
1965 4611 2096 4683 quid
2122 4613 2397 4668 exercitus
2421 4613 2544 4668 caeli
2569 4613 2674 4668 nisi
2695 4613 3122 4670 ministrantium
3140 4613 3459 4686 angelorum

1875 4705 2165 4762 multitudo
2198 4703 2556 4762 describitur?
2585 4703 2726 4772 Quid
2749 4711 2836 4760 est
2861 4719 2992 4777 ergo
3013 4705 3161 4776 quod
3184 4705 3464 4764 exercitus

1876 4799 2001 4854 coeli
2031 4815 2064 4854 a
2104 4797 2314 4855 dextris
2351 4805 2405 4851 et
2441 4812 2473 4852 a
2517 4797 2756 4853 sinistris
2785 4796 2904 4868 ejus
2929 4807 3077 4855 stare
3102 4799 3418 4869 perhibetur
3438 4799 3464 4853 i

1875 4892 2020 4948 Deus
2043 4891 2210 4958 enim,
2235 4891 2330 4962 qui
2353 4891 2428 4945 ita
2453 4899 2539 4946 est
2557 4892 2702 4948 inter
2715 4891 2918 4957 omnia,
2942 4900 3004 4948 ut
3029 4891 3198 4948 etiam
3219 4892 3461 4949 sitextra

1875 4983 2078 5049 omnia,
2103 4996 2206 5038 nec
2233 4982 2423 5038 dextra
2449 4997 2550 5038 nec
2563 4982 2787 5039 sinistra
2809 4981 3124 5051 includitur,
3159 4984 3463 5041 seddextra

1874 5075 1971 5130 Dei
1999 5074 2316 5146 angelorum
2347 5091 2474 5145 pars
2495 5075 2697 5141 electa,
2730 5074 2953 5130 sinistra
2981 5082 3164 5132 autem
3199 5076 3297 5132 Dei
3334 5092 3462 5149 pars

1876 5168 2188 5240 angelorum
2216 5169 2447 5238 reproba
2469 5169 2806 5240 designatur.
2843 5166 2962 5224 Non
2974 5169 3124 5225 enim
3147 5170 3482 5228 ministrant

1874 5261 1986 5316 Deo
2017 5260 2356 5317 solummodo
2379 5260 2507 5317 boni
2538 5261 2630 5330 qui
2660 5259 2938 5329 adjuvent,
2967 5261 3062 5317 sed
3089 5269 3144 5317 et
3163 5263 3255 5333 qui
3280 5263 3460 5320 redire

1875 5349 2120 5407 nolentes
2165 5357 2411 5421 gravent.
2473 5349 2586 5404 Nec
2629 5350 2772 5419 quod
2807 5349 2931 5404 coeli
2965 5351 3239 5408 exercitus
3263 5353 3463 5410 dicitur

1876 5439 2190 5509 angelorum
2219 5455 2348 5510 pars
2371 5439 2632 5510 reproba,
2672 5439 2726 5494 in
2763 5453 2828 5495 eo
2871 5439 3097 5510 intelligi
3130 5456 3292 5513 posse
3331 5458 3463 5514 pro-

1877 5531 2119 5600 hibetur;
2154 5546 2290 5601 quos
2318 5533 2461 5587 enim
2485 5533 2744 5600 suSpendi
2774 5533 2828 5587 in
2860 5548 2988 5589 aere
3015 5534 3266 5591 novimus
3284 5577 3299 5600 ,
3330 5549 3462 5594 aves

1877 5625 2000 5679 eceli
2030 5625 2390 5680 nominamus.
2428 5625 2495 5680 Et
2519 5625 2585 5679 dc
2608 5626 2813 5682 eisdem
2837 5627 3120 5697 spiritibus
3151 5628 3352 5683 Paulus
3378 5628 3459 5682 di-

1879 5719 1996 5773 xit:
2031 5719 2227 5773 Contra
2248 5720 2508 5789 spiritalia
2541 5723 2784 5792 nequitia:
2823 5723 2878 5776 in
2917 5721 3205 5777 caelestibus
3229 5721 3458 5792 (Ephes-

1876 5810 1972 5882 ν¹)ο
2012 5810 2251 5877 Quorum
2288 5821 2450 5885 caput
2494 5813 2781 5871 cuuntians
2819 5813 2892 5868 ait
2924 5832 2934 5867 :
2970 5812 3271 5867 Secundum
3312 5809 3452 5879 prin-
