3920 6464
469 365 571 422 491

1143 356 1203 411 Β.
1245 351 1500 410 RABANI
1539 348 1756 408 MAURI
1794 343 2112 403 ARCHIEP.
2151 341 2463 399 MOGUNT.
2503 339 2790 399 OPERUM
2820 339 3001 396 PARS
3038 338 3082 396 Ι.

3637 339 3743 395 £92

471 488 638 556 cipem
684 480 952 552 potestatis
1007 474 1144 530 aeris
1191 471 1350 541 hujus
1396 467 1612 540 (Ephes.
1641 464 1726 536 ιι).
1782 462 1828 516 Α
1851 461 2040 516 dextra
2067 457 2120 516 Α
2144 454 2343 556 habet,
2367 455 2493 556 quia
2535 455 2670 511 nihil
2712 469 2833 512 esse
2876 455 3019 525 quod
3045 453 3329 527 displiceat
3356 465 3568 527 potest.
3632 455 3742 512 Sed

469 553 604 649 ergo
627 581 684 631 et
711 589 743 627 a
775 570 994 627 sinistra
1028 565 1338 636 angelorum
1364 561 1636 617 exercitus
1663 565 1800 622 stat,
1834 553 1960 625 quia
1988 558 2045 606 et

470 647 721 725 uoluntas
737 661 1034 718 electorum
1057 655 1344 726 spirituum
1375 651 1569 707 divinae
1609 647 1798 719 pietati
1825 658 2046 701 concor-

470 761 586 825 dat,
625 765 686 814 et
713 754 1069 824 reprohorum
1098 763 1321 813 sensus,
1355 745 1468 800 sive
1515 741 1734 798 malitiae
1779 738 2041 803 serviens,

464 851 676 925 judicio
693 843 1049 905 districtionis
1101 839 1218 910 ejus
1245 840 1597 906 obtemperat.
1657 831 1810 890 Unde
1837 837 1892 885 et
1915 841 2044 883 mox

469 942 634 998 fallax
687 937 910 1009 spiritus
958 930 1256 1004 prosiliisse
1311 925 1634 984 describitur
1652 963 1667 989 ,
1733 935 1832 991 per
1881 931 2043 988 quem

469 1034 654 1090 Achab
679 1046 776 1088 rex
795 1026 1136 1100 exigentibus
1160 1022 1272 1078 suis
1299 1017 1514 1074 meritis
1555 1012 1854 1082 decipiatur
1895 1027 1909 1062 :
1951 1021 2044 1062 ne-

468 1141 576 1197 que
621 1123 766 1180 enim
812 1121 896 1175 fas
940 1126 1024 1174 est
1059 1115 1280 1171 credere
1308 1113 1508 1167 bonum
1539 1107 1788 1178 spiritum
1817 1101 2045 1197 fallaciae

469 1191 748 1274 deservire
768 1211 1020 1273 voluisse,
1053 1216 1112 1261 ut
1140 1205 1348 1262 diceret
1387 1221 1400 1257 :
1446 1198 1705 1271 Egrediar
1740 1204 1790 1249 et
1825 1209 1914 1248 ero
1938 1191 2045 1260 spi-

375 1353 384 1356 .
470 1308 603 1361 ritus
623 1304 849 1358 mendax
876 1302 933 1355 in
963 1314 1052 1354 ore
1083 1296 1315 1350 omnium
1350 1291 1724 1363 prapltetarum
1751 1285 1885 1355 ejus.
1935 1280 2046 1336 Sed

469 1399 596 1468 quia
623 1395 807 1450 Achab
836 1406 932 1447 rex
958 1388 1195 1461 peccatis
1221 1379 1654 1456 praecedentibus
1681 1377 1876 1446 dignus
1903 1381 2043 1441 erat,

471 1499 532 1546 ut
557 1488 652 1544 tali
678 1486 952 1543 debuisset
983 1480 1298 1550 deceptione
1323 1474 1606 1540 damnari,
1652 1478 1920 1542 quatenus
1952 1468 2046 1538 qui

469 1595 614 1651 saepe
635 1578 823 1634 volens
846 1574 1117 1630 ceciderat
1142 1570 1196 1625 in
1231 1568 1446 1637 culpam
1463 1606 1478 1632 ,
1506 1562 1828 1634 quandoque
1854 1558 2048 1615 nolens

471 1680 751 1743 raperetur
774 1669 841 1725 ad
869 1680 1086 1738 poenam
1104 1705 1119 1732 ,
1167 1661 1380 1719 occulta
1411 1659 1620 1728 justitia
1648 1656 1868 1713 licentia
1893 1652 2048 1710 mali-

471 1766 593 1836 guis
621 1763 904 1835 spiritibus
927 1759 1106 1824 datur,
1137 1764 1198 1811 ut
1220 1769 1358 1827 quos
1382 1752 1624 1808 volentes
1654 1751 1711 1805 in
1738 1749 1944 1821 peccati
1970 1747 2050 1802 la-

2145 546 2271 617 quia
2303 545 2462 601 simul
2488 548 2670 602 omnia
2694 554 3004 613 contuetur,
3036 546 3198 602 simul
3219 555 3418 602 cuncta
3442 548 3658 616 aspicit
3678 564 3744 603 ea

2146 638 2221 703 vi,
2254 638 2309 692 in
2339 654 2447 708 qua
2473 646 2528 692 et
2568 639 2740 694 honos
2783 638 3003 710 spiritus
3030 645 3085 693 et
3118 638 3289 693 malos
3311 638 3470 693 vidit.
3516 637 3743 692 Exerci-

2147 735 2234 784 tus
2256 726 2380 783 coeli
2409 744 2442 782 a
2473 728 2684 784 dextris
2715 737 2772 784 et
2815 743 2848 783 a
2885 727 3121 783 sinistris
3143 727 3346 784 habere
3373 728 3742 792 describitur,

2144 826 2224 886 ut,
2255 819 2398 875 sicut
2433 834 2594 889 supra
2625 819 2888 886 diximus,
2920 833 3021 890 per
3050 819 3330 873 dexteram
3359 817 3741 889 intelligamus

2146 912 2366 983 angelos
2378 912 2601 979 electos,
2620 926 2719 982 per
2730 912 3003 968 sinistram
3023 925 3154 966 vero
3175 910 3401 980 spiritus
3431 909 3740 980 reprobus;

2145 1018 2246 1058 nec
2270 1019 2486 1058 movere
2516 1005 2697 1070 debet,
2723 1003 2863 1074 quod
2893 1002 3164 1058 exercitus
3177 1000 3304 1056 coeli
3330 1001 3508 1056 etiam
3537 1001 3740 1070 repulsi

2144 1096 2319 1165 angeli
2344 1105 2628 1162 vocantur,
2665 1097 2790 1167 quia
2815 1095 2915 1166 ipsi
2942 1094 3190 1166 quamvis
3221 1095 3288 1148 ab
3318 1094 3574 1149 aethereo
3603 1093 3743 1148 cmlo

2146 1188 2358 1260 expulsi
2386 1185 2546 1252 sunt,
2575 1189 2751 1244 adhuc
2793 1194 2974 1244 tamen
2999 1186 3052 1240 in
3083 1200 3244 1241 aereo
3276 1185 3418 1242 calo
3448 1185 3744 1240 demoran-

2145 1287 2254 1346 tur,
2280 1279 2422 1335 sicut
2457 1278 2658 1336 Paulus
2689 1279 2770 1334 ait
2802 1296 2816 1332 :
2843 1286 3030 1332 contra
3069 1274 3331 1348 spiritalia
3387 1275 3655 1346 nequitirr
3689 1275 3745 1326 in

2146 1371 2456 1428 amicalibus.

2155 1505 2167 1511 ’
2718 1504 2948 1563 CAPUT
2986 1505 3102 1562 XX.

2567 1615 2811 1688 Sequitur
2855 1617 2918 1670 de
2946 1615 3225 1686 Josaphat.

2220 1727 2350 1785 Post
2375 1731 2485 1785 lucc
2505 1731 2803 1801 congregati
2823 1739 2942 1784 sunt
2955 1728 3055 1798 ﬁlii
3069 1727 3225 1782 Moab
3241 1736 3287 1782 et
3307 1727 3408 1796 ﬁlii
3423 1727 3685 1792 Amnon,
3699 1740 3743 1784 α

469 1820 611 1925 queo
632 1820 990 1922 strangulant,
1035 1820 1102 1903 in:
1128 1820 1336 1918 peccati
1361 1857 1578 1914 poenam
1610 1820 1776 1897 etiam
1800 1840 2046 1896 nolentes
2072 1829 2122 1892 Β
2148 1837 2265 1876 cum
2286 1821 2359 1925 9:3
2381 1820 2856 1925 άεΙΑζιξηιοιξίιίξξᾷ
2870 1820 3221 1925 ιζςεαξύιαιίξξξ
3237 1829 3542 1925 ρξιςηανεηι
3561 1832 3750 1874 contra

470 1946 707 2000 trahant.
747 1941 988 2010 Denique
1017 1939 1107 1993 hic
1137 1936 1229 2007 qui
1258 1935 1428 1990 vitam
1465 1934 1751 2004 reprobam
1786 1945 1893 1985 non
1925 1945 2048 1985 mu-

471 2044 568 2100 tat,
599 2045 654 2088 et
681 2049 712 2087 a
734 2029 1115 2102 perpetrandis
1151 2025 1389 2098 peccatis
1417 2024 1657 2079 animum
1686 2037 1792 2077 non
1826 2020 2044 2085 avertit,

464 2141 590 2184 cum
611 2141 642 2179 a
664 2124 923 2196 propheta
955 2120 1159 2191 aliquid
1198 2118 1445 2186 requirit,
1485 2115 1576 2169 illa
1622 2113 1774 2168 audit
1799 2112 1910 2167 Deo
1936 2111 2046 2167 dis-

463 2226 697 2290 ponente
723 2257 739 2282 ,
785 2228 906 2283 qua;
944 2211 1243 2269 merebitur
1281 2209 1470 2265 audire
1510 2205 1866 2263 damnandus.
1905 2203 2046 2258 Ecce

462 2310 612 2367 enim
635 2315 697 2364 ut
716 2321 883 2362 unum
908 2304 992 2361 vel
1018 2305 1124 2360 duo
1142 2317 1210 2359 ex
1238 2301 1422 2357 multis
1451 2301 1754 2368 loquamur,
1779 2295 1846 2350 ab
1871 2295 2046 2350 omni-

462 2402 700 2474 potentis
721 2399 822 2455 Dei
833 2398 979 2455 cultu
1007 2397 1200 2452 domus
1243 2393 1412 2449 Israel
1439 2391 1540 2448 sub
1567 2389 1835 2445 idolorum
1875 2387 2046 2443 servi-

464 2503 580 2550 tute
601 2499 920 2557 recesserat,
951 2498 1009 2545 et
1038 2497 1219 2543 tamen
1249 2487 1317 2540 ad
1353 2484 1645 2554 prophetas
1670 2496 1702 2536 a
1729 2479 1925 2550 quibus
1952 2480 2046 2534 de-

463 2586 570 2657 cipi
589 2592 945 2642 consueverat
967 2615 992 2649 ,e
1015 2595 1156 2651 saepe
1176 2578 1422 2635 veniebat
1445 2589 1706 2646 prospera
1729 2572 2044 2642 requirens;

463 2693 588 2733 cum
619 2691 748 2732 vero
777 2691 842 2730 ex
869 2690 964 2730 01⁵8
991 2673 1376 2745 prophetarum
1422 2681 1678 2738 perversa
1725 2680 1894 2736 agens
1921 2678 2047 2734 pro-

461 2780 621 2836 spera
643 2765 832 2821 audire
873 2765 1205 2827 merebatur,
1252 2759 1380 2829 quid
1412 2757 1557 2813 aliud
1585 2771 1819 2828 superna
1839 2754 2044 2825 judicia

461 2860 712 2930 agebant,
745 2857 847 2912 nisi
873 2863 931 2910 ut
949 2862 1201 2924 peccator
1224 2851 1452 2923 populus
1479 2851 1535 2905 in
1565 2864 1661 2906 suo
1690 2850 1858 2905 corde
1887 2861 2046 2918 cape-

461 2948 649 3002 retur?
676 2955 944 3016 quatenus
971 2945 1063 3014 qui
1106 2943 1390 3013 perﬁdiam
1419 2939 1694 3011 sequendo
1721 2938 2043 3009 deliquerat,

459 3039 539 3094 sic
579 3039 965 3108 prophetarum
1004 3049 1224 3090 suorum
1266 3033 1477 3088 blandis
1517 3031 1856 3088 sermonibus
1902 3029 2048 3085 deci-

459 3137 700 3198 peretur,
736 3137 795 3181 ut
823 3126 937 3195 jam
969 3141 1070 3181 nec
1102 3119 1514 3194 pertimesceret
1547 3121 1673 3192 quia
1705 3120 2042 3190 deliquisset,

2151 1927 2288 1966 eum.
2305 1909 2459 1978 Quod
2473 1911 2716 1982 adiungit
2738 1909 2863 1966 ﬁliis
2883 1911 3037 1966 Moab
3057 1920 3112 1966 et
3130 1909 3253 1966 ﬁliis
3264 1909 3509 1965 Ammon
3535 1921 3602 1966 et
3626 1913 3748 1966 Am-

2150 2003 2396 2069 monitis,
2440 2002 2675 2058 ostendit
2730 2002 2991 2058 Idumaeos
3039 2001 3196 2057 simul
3230 2016 3354 2056 cum
3407 2000 3750 2060 Moabitisct

2149 2095 2480 2153 Ammonitis
2519 2095 2837 2167 coniunctos
2875 2111 2996 2153 esse
3035 2097 3106 2152 ad
3143 2096 3498 2167 pugnandum
3559 2105 3751 2153 contra

2146 2185 2332 2243 Israel.
2361 2187 2512 2244 Unde
2539 2189 2595 2243 in
2625 2188 2976 2258 sequentibus
2997 2197 3272 2255 narratur,
3303 2189 3454 2258 quod
3480 2188 3596 2245 ﬁlii
3627 2189 3751 2244 Am-

2146 2293 2274 2333 mon
2301 2285 2356 2334 et
2380 2279 2535 2335 Moab
2577 2288 3034 2336 consurrexerunt
3076 2279 3336 2336 adversus
3393 2281 3750 2338 habitatores

2146 2371 2350 2426 montis
2386 2368 2529 2437 Seir,
2565 2379 2625 2425 ut
2651 2371 3017 2427 interﬁcerent
3071 2380 3128 2426 et
3177 2372 3428 2428 delerent
3465 2389 3594 2430 eos.
3649 2373 3752 2430 Sed

2148 2465 2378 2534 scriptor
2414 2464 2651 2520 historiae
2695 2465 2766 2521 ob
2805 2466 3168 2521 reverentiam
3224 2463 3459 2521 fraterni
3502 2469 3751 2524 nominis

2147 2556 2318 2626 magis
2346 2557 2560 2612 volebat
2591 2557 2735 2628 quod
2775 2547 3066 2629 gerebatur
3093 2557 3489 2613 associatorum
3533 2561 3749 2616 occulte

2148 2648 2406 2702 adnotare
2430 2648 2714 2714 vocabulo,
2765 2663 2926 2718 quam
2966 2649 3299 2718 impietatem
3338 2648 3748 2720 impudentiam

2147 2753 2395 2794 sermone
2411 2739 2685 2811 divulgare
2711 2739 2943 2810 publico.
2977 2739 3208 2796 Maxime
3225 2756 3348 2796 cum
3377 2741 3522 2796 liber
3547 2741 3748 2798 Nume-

2149 2849 2333 2888 rorum
2358 2843 2544 2889 narret
2569 2835 2708 2905 quod
2737 2835 3076 2905 egredientes
3103 2835 3198 2890 lilii
3224 2835 3393 2890 Israel
3419 2839 3491 2892 de
3516 2837 3742 2893 deserti)

2148 2941 2256 2981 non
2282 2927 2528 2996 permissi
2581 2927 2694 2983 sint
2724 2927 2885 2982 ullam
2917 2927 3164 2982 Idumaeis
3197 2927 3405 2984 inferre
3428 2929 3742 2984 molestia

2146 3019 2469 3092 prohibente
2491 3019 2735 3073 Domino.
2776 3017 3080 3074 Notandum
3097 3029 3280 3074 autem
3301 3020 3449 3089 quod
3467 3017 3745 3089 Iosephus

2149 3127 2242 3168 eos
2259 3111 2353 3182 qui
2375 3126 2499 3166 cum
2527 3110 2650 3165 ﬁliis
2675 3109 2829 3166 Moab
2855 3119 2912 3166 et
2929 3111 3054 3167 ﬁliis
3072 3111 3309 3168 Ammon
3325 3111 3508 3166 ierant
3527 3112 3590 3166 in
3609 3127 3742 3181 pm-

459 3186 524 3276 et,
567 3227 716 3274 tanto
763 3229 884 3289 post
932 3186 1121 3274 durius
1163 3225 1447 3287 raperetur
1474 3215 1543 3270 ad
1565 3186 1808 3286 poenam,
1830 3186 2045 3282 quanto
2072 3186 2118 3251 Ο
2150 3203 2280 3258 lium
2301 3202 2508 3258 Arabes
2535 3217 2656 3258 esse
2686 3202 3002 3258 arbitratur.

459 3327 604 3366 nunc
639 3311 886 3367 securius
926 3311 1136 3366 viveret
1178 3311 1235 3364 in
1277 3309 1452 3378 culpa.
1507 3307 1615 3363 Sed
1648 3321 1776 3362 ecce
1797 3305 1914 3375 iam
1937 3306 2048 3360 Iar-

457 3401 639 3473 giente
663 3403 1033 3471 omnipotente
1063 3402 1174 3456 Deo
1209 3400 1278 3455 ab
1307 3399 1575 3454 idolorum
1600 3397 1744 3454 cultu
1773 3405 2046 3453 remotum

455 3499 542 3548 est
587 3492 1046 3562 quamplurimum
1087 3506 1257 3560 genus
1289 3492 1607 3555 humanum,
1657 3502 1846 3543 veram
1879 3486 2044 3541 ﬁdem

456 3584 673 3657 publice
698 3583 931 3649 fatetur;
964 3583 1120 3639 subdi
1142 3582 1304 3653 lignis
1331 3589 1386 3635 ct
1412 3580 1698 3650 lapidibus,
1719 3579 1805 3635 vel
1827 3577 2049 3634 cuilibet

458 3677 726 3734 creaturis
756 3677 956 3734 renuit.
1000 3675 1240 3731 Securus
1273 3690 1402 3745 ergo
1429 3671 1544 3742 jam
1576 3672 1896 3743 prophetam
1925 3669 2048 3740 qui-

457 3769 592 3826 libet
612 3769 668 3824 in
690 3767 796 3823 ﬁde
813 3767 1024 3838 positus
1051 3766 1319 3830 consulet,
1352 3765 1479 3834 quia
1509 3764 1613 3818 hoc
1633 3762 1918 3818 auditurus
1937 3768 2046 3826 est,

457 3862 604 3932 quod
633 3860 823 3916 audire
850 3859 1062 3914 ﬁdelem
1094 3857 1269 3912 decet.
1308 3855 1571 3911 Fidenter
1617 3855 1826 3919 dicam,
1891 3852 1938 3908 si
1975 3852 2046 3908 ab

458 3951 817 4010 immunditiis
856 3959 1024 4020 atque
1073 3963 1102 4002 a
1140 3947 1322 4018 pravis
1361 3946 1665 4002 actionibus
1700 3943 2044 4008 recessisset,

456 4051 682 4102 neeurus
703 4049 872 4108 esset,
900 4056 1027 4096 nam
1059 4055 1184 4095 cum
1214 4038 1414 4094 Paulus
1443 4038 1694 4108 egregius
1720 4035 2044 4106 praedicator

457 4135 658 4191 clamet
685 4141 735 4188 et
775 4132 1002 4187 auaritia
1037 4145 1156 4201 quae
1191 4138 1269 4183 est
1309 4127 1572 4182 idolorum
1600 4126 1841 4191 servitus,
1890 4124 2045 4193 quis-

457 4227 582 4297 quis
602 4226 782 4280 adhuc
805 4223 1050 4279 avaritiae
1080 4219 1360 4291 subjectus
1388 4226 1471 4274 est
1488 4258 1504 4284 ,
1538 4234 1568 4273 a
1591 4217 1738 4273 cultu
1772 4217 2043 4272 idolorum

452 4319 592 4376 iber
631 4332 740 4373 non
790 4323 894 4372 est.
954 4313 1013 4371 Si
1037 4329 1182 4386 ergo.
1219 4313 1342 4378 hic,
1414 4310 1506 4380 qui
1537 4309 1783 4364 avaritiae
1818 4307 2042 4364 aestibus

451 4412 670 4470 anhelat
711 4411 768 4468 in
817 4409 925 4466 ﬁde
971 4408 1190 4478 quidem
1238 4405 1448 4476 positus
1495 4417 1615 4458 esse
1651 4399 1896 4465 videtur,
1945 4397 2045 4455 sed

451 4505 629 4562 aliena
676 4503 847 4560 ambit
897 4502 1184 4572 accipere,
1248 4501 1484 4556 honores
1535 4497 1725 4553 mundi
1766 4495 2042 4553 desiderat

452 4595 912 4666 comprehendere
934 4633 951 4660 ,
1035 4594 1346 4663 habereque
1396 4591 1749 4662 temporalem
1808 4588 2039 4659 gloriam

449 4685 812 4755 concupiscit,
859 4693 1024 4753 atque
1053 4684 1120 4738 de
1154 4684 1257 4739 hac
1293 4683 1482 4738 eadem
1513 4681 1684 4753 gloria
1713 4681 2034 4750 prophetam

449 4777 699 4836 considat
719 4817 738 4844 ,
772 4775 982 4845 justum
1016 4775 1174 4831 valde
1209 4782 1295 4830 est
1333 4789 1404 4830 ex
1449 4773 1621 4843 culpae
1653 4786 1762 4828 suae
1788 4770 1984 4826 merito
2003 4783 2036 4823 a

445 4871 726 4942 propheta:
773 4882 872 4926 ore
895 4883 1154 4939 prospera
1204 4882 1314 4924 non
1367 4866 1586 4931 audiat,
1635 4872 1905 4936 quatenus
1941 4862 2035 4932 qui

445 4962 613 5018 verba
635 4961 733 5016 Dei
762 4961 952 5016 audire
975 4960 1028 5014 in
1065 4974 1224 5016 sacro
1253 4959 1470 5028 eloquio
1504 4957 1708 5023 noluit,
1734 4965 1795 5011 ut
1817 4964 2034 5010 terrena

446 5051 774 5123 despiceret,
803 5049 1052 5107 emicstia
1073 5050 1307 5106 ambiret
1325 5089 1342 5115 ,
1373 5049 1504 5104 illud
1527 5047 1710 5102 divino
1730 5046 1936 5117 judicio
1962 5061 2030 5102 ex

443 5145 726 5214 propheta
752 5157 848 5198 ore
885 5143 1092 5207 audiat,
1123 5141 1266 5196 unde
1297 5140 1528 5210 amplius
1556 5139 1825 5209 obligatus
1848 5139 2029 5203 cadat,

445 5245 508 5291 ut
540 5236 669 5290 dum
686 5250 781 5306 spe
805 5242 1037 5290 terrena
1059 5234 1246 5305 gloriae
1283 5232 1583 5288 delectatus
1627 5232 1888 5301 pascitur,
1917 5231 2041 5286 suis

445 5325 732 5383 desideriis
758 5325 827 5380 ad
854 5325 963 5379 ima
990 5339 1204 5395 semper
1229 5323 1476 5378 ducatur.
1515 5321 1699 5391 Neque
1724 5330 1905 5376 autem
1937 5321 2031 5375 bo-

447 5433 550 5473 nus
574 5417 663 5472 ille
693 5415 796 5471 fuit
826 5417 1048 5487 spiritus
1079 5455 1093 5479 ,
1139 5413 1231 5482 qui
1275 5413 1504 5468 mendax
1555 5427 1676 5468 esse
1709 5411 1932 5482 appetiit
1972 5411 2029 5465 in

445 5523 541 5564 ore
563 5507 966 5578 prophetarum.
1007 5504 1162 5560 Unde
1192 5505 1537 5574 praemissum
1567 5511 1681 5569 est,
1726 5504 1853 5575 quia
1871 5518 2028 5558 exer-

445 5598 586 5654 citus
619 5597 745 5654 caeli
786 5597 936 5652 stetit
981 5611 1015 5650 a
1055 5595 1260 5650 dextris
1284 5604 1340 5650 et
1378 5611 1408 5650 a
1433 5596 1670 5651 sinistris
1700 5595 1839 5664 eius.
1882 5596 2024 5651 Deus

446 5690 614 5756 enim,
645 5690 738 5760 qui
768 5688 1235 5756 incircumscripta
1265 5695 1347 5742 est
1376 5687 1595 5753 veritas,
1626 5687 1682 5742 in
1713 5687 1802 5741 illa
1823 5696 2026 5742 aiterna

445 5783 778 5842 beatitudine
810 5795 929 5850 qua:
963 5779 1154 5836 dextra
1202 5779 1316 5848 ejus
1357 5780 1551 5836 dicitur
1593 5780 1870 5836 sinistram
1900 5794 2008 5836 non

2228 3296 2590 3367 Veneruntque
2612 3296 2783 3350 nuntii
2805 3304 2853 3348 et
2875 3295 3238 3349 indicaverunt
3274 3293 3538 3362 Iosophat
3563 3293 3739 3348 dicen-

2149 3399 2246 3455 tes,
2284 3389 2432 3444 Venit
2455 3401 2636 3442 contra
2664 3396 2712 3440 te
2739 3387 3022 3442 multitudo
3052 3402 3243 3457 magna
3273 3385 3337 3439 de
3357 3386 3441 3439 his
3470 3385 3607 3440 locis
3630 3402 3740 3456 qua

2149 3489 2296 3536 trans
2344 3497 2488 3534 mare
2519 3488 2658 3546 sunt,
2691 3491 2739 3534 et
2769 3479 2834 3533 de
2875 3477 3054 3549 Syria,
3102 3488 3152 3532 et
3188 3494 3303 3532 ecce
3346 3479 3650 3532 consistunt
3689 3479 3738 3531 in

2147 3569 2584 3636 Asaso'nthamar,
2606 3587 2724 3642 qua:
2749 3580 2826 3625 est
2848 3569 3117 3639 Eugaddi.
3151 3569 3326 3624 Trans
3353 3583 3509 3624 mare
3526 3569 3736 3634 dicens,

2148 3663 2484 3720 demonstrat
2526 3661 2643 3716 loca
2677 3661 2768 3716 illa
2815 3676 2924 3716 non
2965 3676 3084 3731 quae
3135 3660 3274 3714 ultra
3308 3674 3464 3715 mare
3499 3660 3741 3730 Tyrrhe-

2147 3770 2299 3821 num,
2331 3755 2424 3810 sed
2454 3769 2518 3810 ea
2545 3770 2664 3823 quae
2687 3753 2832 3808 ultra
2863 3768 3013 3808 mare
3039 3751 3349 3807 Salinarum
3374 3753 3558 3820 posita
3589 3762 3738 3815 sunt.

2146 3847 2290 3920 quod
2319 3855 2374 3900 et
2410 3845 2544 3900 alias
2595 3853 2844 3916 stagnum
2888 3843 3203 3914 Asphaltide
3247 3842 3362 3898 sive
3407 3858 3566 3898 mare
3603 3842 3740 3897 Mor-

2147 3945 2298 3992 tuum
2318 3936 2648 4000 nominatur,
2674 3935 2763 3990 ubi
2777 3932 3027 3990 Iordanis
3055 3934 3248 3990 inﬂuit.
3267 3933 3422 4000 Quod
3445 3944 3634 3989 autem
3667 3935 3740 3990 di-

2144 4027 2222 4083 cit
2245 4027 2438 4082 hostile
2477 4041 2673 4098 agmen
2716 4026 3016 4082 consistere
3041 4026 3096 4080 in
3125 4026 3584 4092 Asasonthamar,
3617 4041 3737 4095 qua

2143 4125 2228 4173 cst
2248 4118 2509 4188 Engaddi.
2534 4118 2772 4189 Engaddi
2797 4117 2851 4171 in
2875 4118 3018 4172 tribu
3046 4125 3129 4171 est
3155 4114 3312 4182 Juda,
3334 4117 3428 4172 ubi
3447 4117 3736 4173 abscondi-

2143 4218 2231 4266 tus
2268 4219 2352 4265 est
2367 4210 2536 4265 David
2565 4211 2618 4265 in
2648 4210 2958 4274 solitudine,
3009 4223 3129 4279 qum
3157 4217 3239 4263 est
3263 4209 3318 4263 in
3345 4209 3564 4264 Aulone
3597 4209 3734 4266 leri-

2142 4302 2266 4367 cho,
2297 4302 2400 4357 hoc
2428 4309 2530 4367 est,
2563 4302 2620 4355 in
2669 4302 2887 4371 regione
2924 4301 3214 4370 campestri
3245 4318 3258 4353 :
3289 4311 3524 4356 vocatur
3552 4313 3730 4359 autem

2141 4412 2315 4467 usque
2343 4396 2504 4452 hodie
2540 4395 2694 4452 vicus
2743 4394 3062 4466 pergrandis
3091 4393 3404 4450 Iudaeorum
3449 4394 3728 4466 Eligendus,

2138 4490 2293 4562 juxta
2326 4503 2477 4543 mare
2511 4488 2802 4552 Mortuum,
2824 4487 2968 4543 unde
2995 4495 3049 4542 et
3071 4485 3482 4556 opobalsamum
3509 4489 3662 4544 venit
3679 4498 3733 4544 et

2265 4591 2394 4638 sunt
2441 4581 2612 4660 vineae
2662 4595 2798 4650 quas
2833 4578 3076 4650 Engaddi
3125 4576 3390 4634 Salomon
3428 4589 3726 4650 nuncupat.

2141 4677 2218 4732 De
2270 4676 2374 4731 hoc
2426 4675 2545 4745 pari
2592 4674 2752 4728 modo
2807 4671 3076 4743 Josephus
3126 4670 3316 4738 refert,
3384 4672 3583 4729 dicens
3636 4688 3728 4729 eos

2140 4772 2321 4822 castra
2377 4764 2624 4835 posuisse
2675 4762 2817 4835 apud
2875 4763 3047 4819 Gaddi
3094 4763 3403 4830 civitatem,
3473 4780 3602 4835 qua
3647 4777 3728 4822 est

2140 4857 2284 4915 circa
2335 4856 2588 4928 paludem
2633 4855 3026 4926 Asphaltidem,
3077 4856 3335 4911 trecentis
3386 4857 3584 4913 stadiis
3606 4873 3725 4928 pro-

2139 4947 2227 5004 cul
2282 4948 2350 5002 ab
2393 4946 2755 5010 Jerosolimis,
2802 4946 2858 5001 in
2887 4961 2994 5015 qua
3038 4947 3280 5002 nascitur
3320 4947 3506 5018 pahna
3535 4949 3724 5020 praci-

2133 5054 2244 5110 pua
2265 5048 2321 5094 et
2344 5038 2750 5109 opobalsamum
2782 5052 2797 5092 :
2828 5037 3066 5094 Thamar
3079 5038 3222 5094 enim
3245 5038 3427 5109 palma
3457 5042 3722 5112 interpre-

2138 5137 2304 5187 tatur.

2205 5221 2462 5290 Iosophat
2483 5230 2660 5275 autem
2681 5219 2866 5274 timore
2899 5221 3206 5290 perterritus
3229 5229 3401 5277 totum
3423 5239 3483 5279 se
3503 5225 3715 5279 contulit

2135 5311 2204 5366 ad
2233 5310 2524 5381 rogandum
2569 5310 2873 5377 Dominum,
2903 5319 2952 5363 et
2995 5310 3299 5380 praedicavit
3354 5314 3632 5384 j‘ajwtiua
3665 5317 3715 5366 in

2133 5407 2374 5461 universo
2415 5402 2581 5458 Iuda.
2633 5401 3092 5474 Congregatusque
3137 5414 3211 5459 est
3241 5405 3417 5460 ludas
3441 5407 3512 5460 ad
3545 5407 3714 5476 depre-

2135 5497 2360 5554 candum
2383 5495 2687 5560 Domi-num,
2715 5494 2806 5548 sed
2827 5504 2875 5548 et
2899 5510 3076 5549 omnes
3099 5495 3162 5549 de
3191 5497 3407 5550 urbibus
3426 5499 3541 5552 suis
3565 5514 3710 5552 ratae-

2137 5599 2257 5645 runt
2301 5589 2368 5642 ad
2418 5587 2792 5642 obsecrantium
2828 5587 3132 5642 Dominum.
3187 5588 3423 5657 Cumque
3493 5592 3710 5644 stetisset

2136 5679 2388 5748 Iosophat
2412 5679 2470 5732 in
2490 5679 2659 5732 medio
2680 5686 2812 5731 coetu
2841 5676 3000 5732 Iuda:
3019 5689 3066 5732 et
3091 5677 3443 5740 Hierusalem,
3477 5682 3532 5732 in
3557 5680 3705 5731 domo

2137 5771 2348 5828 Domini
2382 5780 2501 5826 ante
2523 5773 2717 5826 atrium
2757 5787 2966 5837 novum,
2997 5771 3070 5825 ait
3112 5769 3393 5834 :Domine,
3435 5770 3575 5823 Deus
3618 5786 3702 5834 pa-
