3920 6480
149 451 278 510 493
1080 456 1427 518 COMMENT.
1467 461 1537 518 IN
1569 463 1697 520 PAF

1901 463 2117 522 tMENA.
2153 495 2224 509 -—
2258 466 2384 525 LIB.
2423 469 2512 528 Π.
3346 487 3449 547 494

149 576 319 622 trum
368 575 698 635 nostrorum,
741 576 800 623 tu
848 585 903 624 es
937 569 1080 626 Deus
1118 573 1176 627 in
1203 573 1352 640 calo,
1400 585 1447 630 et
1487 577 1774 635 dominaris
1802 583 1856 644 Α
1878 579 2185 636 nedictionis
2212 599 2374 656 usque
2400 585 2456 640 in
2474 596 2780 656 praesentem
2811 589 2969 648 diem.
3000 590 3352 672 Reversusque
3376 615 3453 662 est

149 662 391 715 cunctis
444 663 614 732 regnis
637 663 890 733 gentium,
935 664 992 718 in
1036 682 1196 721 manu
1221 676 1313 722 tua
1343 677 1420 723 est
1445 670 1699 740 fortitudo
1727 682 1775 728 et
1878 674 2044 726 omnis
2067 673 2146 728 uir
2167 673 2334 741 Iuda,
2368 686 2416 730 et
2438 677 2755 736 habitatores
2779 681 3097 754 Ierusalem,
3123 699 3170 745 et
3191 662 3450 762 Ioitaphat

149 754 450 821 potentia,
523 770 616 808 nec
665 755 938 825 quisquam
987 757 1082 812 tibi
1119 768 1286 831 potest
1348 763 1605 830 resistere,
1660 778 1697 818 el

1901 773 1996 818 mte
2021 780 2128 832 eos,
2163 767 2219 821 in
2249 764 2603 838 Hierusalem,
2631 790 2749 830 cum
2781 781 2964 836 latitia
2985 800 3204 856 magna,
3229 805 3288 843 eo
3308 792 3449 861 quod

147 841 400 898 Atrium
445 861 646 900 novum
695 847 872 917 ipsum
912 849 1169 921 templum
1213 852 1449 911 Domini,
1477 857 1689 913 Atrium
1720 859 1774 915 id
1875 852 2102 910 dedisset
2129 855 2209 949 eis
2233 856 2488 914 Dominus
2507 863 2764 932 gaudium
2805 869 2869 924 de
2897 841 3123 930 inimicis
3147 841 3279 934 suis.
3308 841 3449 949 buid

149 933 457 1001 nominat,
497 950 564 992 eo
584 937 727 1007 quod
753 936 1013 1010 Josaphat
1036 955 1130 998 rex
1164 943 1233 999 ab
1255 947 1504 1004 omnibus
1541 950 1774 1006 immun-
1871 947 2138 1044 εει-μαρὰ
2180 944 2439 1044 Josaphat
2469 960 2523 1008 et
2570 953 2667 1011 ﬁlii
2700 957 2868 1016 lsrael
2909 975 3173 1022 venerunt
3196 933 3450 1044 οοιιίξᾶξ

148 1022 321 1078 ditiis
385 1026 596 1096 quibus
644 1027 964 1086 idololatria
1031 1047 1188 1105 reges
1256 1035 1390 1093 illud
1442 1039 1770 1110 polluerant,
1872 1034 2044 1105 SPOiin
2072 1035 2501 1135 interfectorum,
2533 1053 2588 1100 et
2615 1061 2712 1116 per
2755 1057 2866 1106 tres
2911 1053 3027 1109 dies
3069 1056 3184 1113 hac

147 1115 546 1183 emundabat,
591 1126 646 1172 et
679 1118 758 1175 sic
801 1120 1000 1176 atrium
1031 1125 1174 1194 quod
1197 1126 1346 1197 prius
1370 1131 1642 1199 peccando
1674 1130 1771 1188 ﬁlii
1871 1133 2152 1197 severum}
2201 1132 2310 1187 nisi
2358 1134 2500 1204 quod
2538 1115 2711 1194 sancti
2766 1139 3015 1200 doctores
3075 1161 3199 1204 cum
3253 1115 3446 1211 caetera

143 1204 336 1262 Israel
396 1217 560 1265 vetus
587 1210 851 1280 fecerant,
883 1221 1012 1270 tunc
1048 1217 1361 1286 paenitendo
1388 1221 1455 1276 ad
1482 1223 1770 1294 pristinam
1872 1217 2026 1305 turba
2070 1219 2330 1290 ﬁdelium,
2387 1220 2700 1298 colligentes
2741 1229 2808 1285 de
2853 1247 3445 1305 supermemoratorum

142 1299 487 1357 novitatem
530 1303 881 1360 reduxerant.
929 1305 1082 1375 Quod
1136 1318 1315 1366 autem
1362 1312 1494 1369 dicit
1525 1312 1690 1369 Jabaz

1893 1309 2112 1365 testium
2138 1313 2346 1383 spoliis,
2375 1317 2635 1388 quidquid
2663 1321 2727 1376 de
2752 1299 2995 1394 physica,
3021 1327 3222 1395 ethice,
3246 1329 3441 1402 logica,

142 1391 451 1460 propheta
482 1393 681 1448 missus
719 1395 788 1449 ad
814 1393 1110 1467 Iosapbat:
1142 1399 1321 1456 Nolite
1341 1403 1520 1458 timere
1549 1420 1641 1458 nec
1674 1422 1769 1475 pa—
1868 1392 2114 1468 legendo,
2163 1402 2470 1471 scribendO,
2518 1414 2574 1460 et
2615 1391 2861 1467 docendo
2885 1414 3091 1470 utiliter
3141 1391 3446 1492 ediderunt;

143 1481 325 1536 ueatis
352 1483 506 1538 hanc
527 1476 938 1553 multitudinem,
963 1495 1068 1542 no'n
1092 1499 1167 1544 est
1202 1493 1340 1546 enim
1368 1503 1538 1548 vestra
1566 1512 1761 1566 pugna,
1866 1501 1964 1559 Per
1997 1501 2200 1549 sane”?
2223 1493 2502 1554 Trinitatis
2529 1498 2710 1568 ﬁdem,
2734 1503 2790 1558 in
2826 1519 2979 1561 “sum
3013 1510 3176 1566 totius
3209 1513 3448 1571 831111)ΐί-

141 1573 244 1626 sed
284 1573 402 1627 Dei
438 1590 460 1628 :
483 1592 598 1629 cras
629 1575 946 1633 descendetis
969 1589 1154 1634 contra
1182 1599 1271 1637 eas
1287 1601 1306 1649 ;
1333 1586 1602 1640 ascensuri
1627 1603 1688 1641 en

1893 1591 1954 1634 er
1984 1590 2306 1639 convertunt
2337 1583 2614 1656 Ecclesia,
2669 1599 2729 1646 ut
2753 1595 2897 1664 quod
2942 1595 3126 1666 injusti
3156 1616 3441 1672 possesso-

139 1675 277 1720 sunt
301 1665 516 1721 clivum
547 1669 754 1724 nomine
789 1670 900 1734 Sis,
937 1681 988 1726 et
1017 1673 1289 1729 invenietis
1319 1675 1438 1730 illos
1467 1677 1522 1730 in
1544 1678 1764 1732 summi—
1865 1683 1954 1727 res
2021 1683 2244 1747 propter
2286 1671 2663 1739 inﬁdelitatem
2706 1675 2887 1743 cordis
2915 1703 3126 1758 eorum,
3170 1693 3288 1750 sine
3335 1696 3445 1756 ullo

141 1766 260 1812 tate
300 1761 590 1825 torrentis,
618 1762 709 1831 qui
733 1769 810 1816 est
832 1774 1016 1818 contra
1055 1765 1389 1822 solitudinem
1430 1767 1634 1836 Israel;
1662 1787 1769 1825 non
1810 1828 1814 1832 ,
1864 1762 2058 1822 Samiis
2081 1782 2191 1822 sua?
2214 1770 2475 1838 remedio.
2505 1771 2799 1842 habebam,
2827 1777 2932 1833 hoc
2957 1780 3044 1850 Pie
3073 1781 3129 1836 in
3156 1781 3445 1842 Dominum

139 1852 304 1906 eritis
347 1867 450 1906 uos
471 1853 562 1924 qui
584 1853 922 1922 dimicabitis,
955 1858 1044 1912 sed
1071 1861 1430 1914 tantummodo
1445 1862 1768 1932 conﬁdenter
1865 1857 2169 1927 credentes,
2201 1871 2555 1936 sanctamque
2581 1867 2897 1940 religionem
2913 1871 3143 1930 iideiilel'
3172 1884 3444 1948 tenentes,

139 1953 310 2010 state,
373 1955 432 2000 et
470 1946 705 2002 videbitis
753 1949 1014 2006 auxilium
1045 1952 1257 2008 Domini
1297 1973 1453 2027 super
1493 1975 1602 2026 vos,
1652 1968 1757 2015 etc.
1788 1944 1840 2005 Β
1864 1950 1934 2006 ad
1954 1952 2244 2009 sanitatem
2292 1956 2597 2014 animarum
2651 1975 2871 2024 suam?
2919 1975 3233 2034 Perpetuam
3269 1969 3447 2040 9085i-

138 2035 439 2092 Eumdem
479 2037 657 2094 locum
706 2039 919 2098 Hebraei
960 2053 1246 2102 autumant
1290 2063 1413 2105 esse
1445 2050 1642 2106 clivum
1677 2052 1686 2105 ε

1896 2043 2049 2100 leam.
2098 2045 2252 2104 Unde
2288 2049 2426 2106 bene
2472 2054 2724 2110 c0nvenit
2765 2055 2914 2126 quod
2953 2058 3167 2126 dicitur,
3203 2035 3347 2134 quod
3387 2065 3444 2121 in

140 2128 312 2197 quasi
341 2128 703 2186 solitudinem
733 2131 952 2190 Jeruel':
979 2135 1330 2196 dicuntenim
1355 2143 1496 2212 quod
1527 2142 1634 2210 Sis,
1660 2145 1763 2202 hoc
1864 2148 2060 2209 quam)
2107 2141 2194 2198 die
2238 2145 2552 2218 congregati
2595 2157 2722 2203 sum
2761 2148 2819 2205 in
2857 2150 2994 2207 vane
3020 2151 3441 2227 Βθηθάίθῑίοηίει

138 2226 230 2272 est
283 2217 440 2274 lebes
485 2221 598 2277 sive
636 2223 763 2290 olla,
821 2225 944 2282 ideo
990 2241 1329 2302 nuncupatus
1369 2235 1459 2301 sit,
1510 2251 1574 2292 eo
1617 2239 1762 2309 quod
1863 2231 1933 2286 ad
1962 2232 2388 2292 benedicendum
2434 2217 2746 2306 Dominum.
2790 2241 2977 2313 Sicque
3016 2245 3332 2304 introierint
3380 2250 3440 2306 in

137 2309 403 2380 plurima
433 2313 509 2366 ibi
559 2315 852 2373 multitudo
877 2318 1116 2376 hostium
1146 2326 1422 2383 conscissa
1446 2337 1560 2384 est:
1608 2338 1664 2385 et
1691 2331 1760 2386 ob
1863 2319 2222 2392 Hierusalem,
2251 2341 2374 2381 Cum
2403 2326 2590 2384 ιδειίῑίὸ
2616 2347 2834 2403 ηιθεηει·
2858 2332 3025 2392 Vallis
3049 2337 3196 2394 enim
3209 2338 3444 2398 Βεηεάί·

141 2400 252 2455 hoc
281 2400 485 2458 Jeruel
510 2404 904 2477 interpretatur
929 2412 1086 2468 (imor
1120 2414 1240 2483 Dei,
1285 2420 1413 2488 quia
1440 2421 1506 2476 de
1528 2422 1756 2479 manife.
1862 2415 2058 2505 ctionis
2088 2417 2365 2474 humilitas
2411 2431 2613 2476 sancta
2649 2400 2904 2482 Ecclesia
2935 2435 3019 2484 ast
3045 2430 3136 2485 ubi
3179 2433 3447 2505 condigne

139 2499 230 2547 sto
255 2495 481 2550 auxilio
513 2498 608 2552 Dei
641 2503 784 2569 quod
810 2504 1038 2578 contulit
1071 2511 1410 2578 sperantibus
1445 2513 1502 2568 in
1529 2530 1607 2581 se,
1662 2524 1758 2587 pa-
1861 2504 2046 2562 landes
2068 2508 2178 2564 D00
2221 2510 2462 2580 (ιιιοιὶἀίθ
2491 2512 2868 2582 decantauit”:
2917 2518 2985 2574 de
3017 2535 3125 2590 (ιιιο
3153 2522 3210 2577 in
3238 2523 3446 2594 Psalmo

140 2598 248 2637 vor
271 2586 530 2656 undique
560 2589 878 2663 alienigenis
926 2597 1070 2653 circa
1101 2597 1339 2656 Judaam
1386 2586 1688 2662 habitantib

1895 2602 1937 2650 La
1968 2597 2229 2667 scriptum
2261 2607 2347 2656 est
2372 2618 2385 2654 :
2418 2599 2602 2656 Induti
2628 2613 2748 2660 sunt
2775 2606 2963 2662 arietes
2990 2586 3187 2679 ouium,
3213 2586 3261 2668 ei
3285 2613 3443 2672 valles

139 2677 430 2730 excrevit.
463 2677 686 2748 Myslice
721 2693 901 2739 autem
940 2697 1052 2743 tres
1081 2689 1156 2745 ibi
1187 2691 1422 2747 hostium
1445 2697 1621 2764 cunei,
1651 2698 1687 2753 b

1899 2687 2203 2742 bundabunt
2262 2689 2524 2759 frumento
2552 2706 2571 2745 :
2601 2693 2924 2764 clamabunt,
2955 2700 3147 2755 etenim
3172 2677 3447 2773 hymnum

143 2772 256 2830 est,
287 2765 687 2838 Moabitarum,
718 2784 773 2828 et
811 2774 1243 2835 Ammonitarum
1295 2792 1456 2854 atque
1497 2785 1691 2844 Idumaa

1897 2779 2031 2832 icent
2053 2778 2224 2851 (Psal.
2253 2783 2517 2854 muli).
2542 2783 2644 2852 Qui
2656 2786 2800 2841 enim
2821 2796 3009 2845 sancto
3021 2765 3252 2861 quatuoi
3266 2793 3445 2850 Evan-

143 2868 296 2922 rum,
336 2857 613 2928 triplicem
635 2870 906 2919 catervam
934 2867 1242 2939 signiﬁcant
1270 2873 1527 2942 hostium,
1558 2885 1613 2932 et
1634 2893 1691 2948 pe

1895 2871 2123 2926 eliorum
2170 2874 2422 2945 dogmate
2459 2877 2757 2935 instructus
2786 2895 2885 2950 per
2931 2857 3126 2958 ﬁdem,
3165 2893 3220 2941 et
3268 2888 3443 2959 bapti-

145 2957 488 3004 secutorum
538 2963 739 3010 sancta
780 2954 1074 3027 Ecclesia;
1138 2975 1473 3034 paganorum
1526 2969 1752 3037 scilicet,
1859 2975 2039 3016 ﬁmum
2079 2963 2148 3017 ad
2195 2965 2457 3020 ιιηίιθιεηι
2495 2975 2695 3023 εδηοιδθ
2749 2972 2996 3041 Pervenit
3050 2972 3330 3043 Εοοιθείεθν
3369 2976 3447 3034 ibi

139 3036 496 3110 Iudaorum,
533 3053 697 3116 atque
750 3049 1153 3120 bareticorum,
1202 3057 1294 3126 qui
1339 3061 1508 3128 gratis
1554 3036 1756 3118 bellum
1861 3050 1966 3105 ι’ῖιθ
2023 3051 2272 3121 inlidit”:
2313 3069 2378 3110 ³ο
2413 3055 2574 3126 digne
2627 3057 2740 3114 1)εο
2776 3073 3106 3118 conversam
3154 3079 3279 3119 cum
3326 3065 3446 3136 ipsa

140 3130 409 3186 excitant
445 3133 714 3204 ﬁdelibus,
747 3147 802 3194 et
829 3155 1026 3198 nomen
1057 3144 1260 3202 Christi
1290 3149 1452 3204 simul
1474 3167 1597 3206 eum
1632 3168 1688 3208 re

1897 3153 2035 3198 iatre
2086 3145 2326 3202 omnium
2386 3147 2622 3204 ﬁdelium
2691 3151 2898 3208 visione
2946 3155 3097 3224 pacis
3147 3166 3445 3228 perpetua,

139 3221 322 3292 gione
358 3223 680 3284 Christiana
720 3231 935 3289 auferre
967 3240 1318 3295 contendunt.
1353 3241 1461 3298 Sed
1495 3243 1757 3318 Josapbat
1790 3303 1836 3318 η
1861 3248 1988 3288 cum
2051 3235 2209 3292 “inde
2255 3245 2310 3292 θῑ
2361 3237 2548 3294 limina
2602 3240 2934 3312 sempiterna
2990 3243 3220 3301 ίυιτοίτθ
3263 3261 3442 3302 mere‘

143 3314 460 3383 mysticus,
490 3319 594 3374 hoc
631 3329 715 3375 est
739 3323 997 3380 Ecclesia
1025 3330 1273 3398 populus,
1301 3348 1410 3388 non
1438 3337 1606 3393 armis
1625 3303 1757 3394 cor-
1784 3303 1836 3368 α
1859 3325 2029 3380 bim"-

137 3405 468 3474 poralibus,
532 3411 627 3465 sed
667 3413 1043 3482 spiritualibus
1073 3421 1332 3480 adversus
1379 3442 1474 3484 eos
1499 3429 1685 3486 dimica

1930 3416 2059 3473 Post
2088 3419 2200 3474 haec
2227 3419 2342 3474 iniit
2374 3421 2635 3478 amicitias
2672 3421 2930 3495 Iosophat
2977 3441 3070 3481 rem
3117 3425 3263 3482 Iuda
3314 3446 3435 3484 cum

140 3506 460 3566 praparat.
509 3501 715 3558 Insistit
776 3507 920 3562 enim
978 3513 1232 3581 precibus
1259 3525 1315 3570 et
1356 3518 1548 3575 intimo
1577 3536 1688 3576 ρον(

1895 3511 2096 3568 lchozia
2138 3531 2254 3586 rege
2298 3515 2493 3584 Israel,
2525 3519 2677 3589 cujus
2729 3537 2889 3592 opera
2935 3523 3151 3592 fuerunt
3192 3527 3443 3597 pessima.

141 3599 283 3648 voto
315 3608 617 3665 supernum
642 3603 838 3670 quarit
877 3604 1226 3676 adiutorium,
1276 3619 1335 3666 ut
1376 3614 1494 3684 ipse
1549 3615 1615 3671 de
1649 3631 1689 3686 q'

1898 3601 1928 3655 .‘t
1955 3603 2214 3675 particeps
2237 3605 2338 3675 fuit
2370 3615 2426 3660 ut
2453 3606 2686 3677 facerent
2712 3627 2869 3667 naves
2895 3630 3013 3684 qua:
3039 3613 3171 3670 irent
3195 3616 3251 3670 in
3285 3615 3446 3672 Thar-

144 3685 428 3758 scriptum
456 3699 558 3758 est,
577 3692 837 3751 Dominus
859 3696 1035 3766 {orn-8,
1056 3700 1311 3759 Dominus
1339 3716 1520 3776 ροεεηδ
1547 3709 1601 3764 in
1621 3727 1756 3781 ρηε,
1858 3691 1928 3745 sis
1954 3708 1973 3756 ;
2002 3692 2339 3766 feceruntque
2359 3693 2578 3752 classem
2603 3698 2658 3752 in
2683 3699 2849 3756 Asion
2878 3699 3070 3759 Gaber.
3102 3703 3442 3775 Prophetam't

146 3777 254 3844 lio,
297 3779 567 3839 Dominus
600 3795 870 3843 conterens
913 3790 1069 3858 bella,
1098 3792 1359 3852 Dominus
1386 3815 1575 3855 nomen
1597 3802 1676 3868 ei,

1896 3792 2032 3838 utem
2070 3782 2277 3841 Oliezer
2319 3786 2464 3856 ﬁlius
2493 3788 2684 3846 Dodau
2713 3792 2776 3848 de
2811 3791 3048 3863 Haresa,
3086 3795 3157 3850 ad
3178 3797 3440 3870 Iosophat

149 3874 304 3941 alibi,
355 3873 552 3934 Portas
577 3881 910 3938 inimicorum
948 3887 1170 3954 obsidet,
1217 3899 1265 3945 et
1307 3902 1482 3947 castra
1526 3895 1754 3950 hostium
1856 3872 2034 3929 άίθεηδ
2059 3890 2078 3930 ³
2108 3874 2248 3942 Qui“
2272 3875 2504 3934 habuisti
2531 3880 2699 3951 Ῑωάω
2725 3897 2846 3938 cum
2893 3883 3149 3953 θθήθίίαν
3181 3888 3439 3958 pacm“

148 3964 262 4034 ipse
291 3967 567 4036 subvertit,
622 3975 883 4042 superbos
911 3976 1182 4045 bumiliet,
1239 3993 1297 4037 et
1325 3990 1609 4052 protervos
1659 4001 1696 4056 ο]

1892 3965 2114 4020 Dominus
2151 3983 2310 4039 opera
2333 3979 2448 4037 tua,
2477 3974 2816 4044 contritaque
2861 3984 2984 4030 sunt
3007 3993 3185 4044 naues,
3209 3994 3302 4034 nec
3339 3994 3440 4048 po-

149 4057 388 4124 pﬁmat,
421 4066 583 4130 atque
603 4062 939 4122 conﬁdentes
968 4068 1025 4122 in
1070 4085 1151 4136 se,
1183 4086 1213 4124 a
1259 4075 1470 4129 cunctis
1499 4077 1755 4145 periculis
1857 4066 2068 4113 luerunt
2105 4060 2184 4114 ire
2208 4062 2265 4116 in
2296 4060 2533 4119 Tharsis.
2558 4064 2805 4122 Diximus
2828 4082 2991 4139 supra
3021 4070 3166 4140 quod
3205 4070 3444 4129 societas

151 4156 433 4220 protegat.
483 4150 623 4218 Quid
655 4153 798 4208 enim
828 4156 971 4212 aliud
997 4157 1125 4214 facit
1153 4162 1393 4231 quotidie
1425 4165 1699 4222 ecclesiasl

1893 4149 2171 4205 tamicitia
2194 4149 2460 4224 Josaphat
2495 4155 2639 4227 regis
2657 4153 2686 4211 J
2693 4157 2821 4224 uda,
2851 4173 2976 4214 cum
3002 4159 3221 4232 regibus
3252 4159 3441 4218 Sama-

152 4252 252 4293 cus
289 4241 456 4308 ordo,
500 4252 662 4314 atque
700 4247 988 4304 universus
1042 4258 1217 4308 catus
1246 4253 1502 4321 ﬁdelium,
1542 4259 1646 4314 nisi
1686 4261 1754 4315 ad
1856 4237 1972 4304 rimi
2013 4239 2223 4296 morum
2257 4260 2548 4313 personam
2584 4248 2933 4317 θΧΡΓίωθτθίν
2958 4252 3050 4321 qui
3103 4253 3170 4309 de
3208 4254 3438 4312 cauwli‘

155 4327 335 4387 instar
362 4332 629 4404 Iosophat
664 4352 915 4394 sermone
945 4341 1258 4399 admonitus
1303 4349 1644 4418 prophetico,
1672 4351 1756 4405 in-
1857 4346 2046 4385 eorum
2077 4349 2303 4390 “umero
2345 4338 2413 4392 ad
2458 4339 2840 4397 δωτθίίθοτυω
2895 4345 3210 4404 mem-“em
3259 4349 3440 4420 aliqua

154 4429 322 4477 vocat
377 4423 672 4481 Dominum
736 4435 847 4482 tota
878 4431 1044 4485 animi
1079 4432 1403 4503 intentione,
1433 4427 1618 4494 laudat
1665 4455 1699 4510 p

1891 4424 2212 4482 nderatione
2230 4443 2289 4483 se
2302 4430 2731 4504 compingerem,
2763 4434 2916 4504 cujus
2941 4439 3196 4496 amicitia
3215 4451 3439 4512 pactum

157 4511 522 4571 confessionis
542 4531 696 4584 voce,
719 4518 900 4588 psallit
938 4522 1079 4577 bona
1110 4527 1448 4596 operatione,
1482 4531 1705 4600 patientt

1889 4516 2076 4572 mnino
2101 4533 2209 4574 non
2247 4520 2425 4592 placet
2451 4521 2584 4578 Deo.
2617 4523 2772 4582 Unde
2797 4536 2852 4583 et
2873 4527 3137 4599 refertur,
3156 4533 3300 4603 quod
3336 4551 3437 4590 na-

157 4613 489 4672 exspeetans
506 4621 800 4678 supernum
821 4609 1084 4681 judicium
1100 4623 1264 4687 atque
1285 4633 1442 4689 opem
1470 4622 1705 4678 divinam

1894 4625 1950 4665 es
1998 4627 2134 4682 quas
2181 4627 2277 4668 rex
2322 4612 2461 4672 Juda
2489 4624 2547 4672 et
2577 4615 2838 4676 Samaria
2879 4623 3088 4692 pariter
3131 4625 3187 4681 in
3219 4625 3442 4686 Tharsis

159 4690 314 4749 Unde
342 4697 470 4765 pius
493 4698 696 4754 arbiter
724 4703 1063 4761 exaudientia
1092 4706 1390 4766 clamantes
1423 4712 1490 4766 ad
1515 4727 1593 4779 se,
1619 4713 1752 4770 libe-
1780 4690 1830 4711 υ
1856 4700 2147 4770 ωίδθΐυυιγ
2183 4705 2239 4759 in
2267 4705 2606 4779 Αείοηεῦδθΐ
2642 4712 2892 4770 οοηιτίιίθ
2921 4715 3052 4782 Sim:
3080 4719 3226 4787 (ἰυοά
3250 4719 3440 4776 Domi-

161 4791 264 4849 rat,
291 4795 460 4857 atque
500 4787 728 4846 insidias
766 4792 1000 4850 hostium
1040 4797 1093 4852 in
1135 4803 1414 4871 proprium
1441 4814 1603 4876 caput
1628 4821 1754 4863 con-
1854 4809 1958 4849 Πυδ
2006 4798 2273 4864 Ρθνευεδίι
2302 4812 2468 4870 Opera
2518 4815 2730 4871 eorum,
2767 4805 2836 4862 ad
2880 4806 3261 4864 ίηείηυθηάυω
3292 4813 3446 4880 ΨΜ

160 4875 355 4944 vertit;
390 4877 472 4933 ita
505 4886 566 4935 ut
593 4880 707 4951 ipsa
728 4885 1091 4955 amulatione,
1146 4906 1253 4961 qua
1280 4893 1346 4947 ad
1380 4875 1708 4953 innocentiui

1893 4885 2191 4956 uidquidin
2217 4891 2501 4958 praesentis
2523 4892 2647 4947 vita
2676 4895 2894 4968 navigio
2912 4913 3036 4952 cum
3056 4875 3439 4960 haereticorum

163 4976 350 5020 necem
387 4969 856 5038 conspiraverunt,
898 4978 1217 5050 semetipsos
1245 4982 1478 5040 invicem
1522 4985 1748 5056 lanient,
1853 4979 2083 5037 COnCiiiO
2144 4993 2237 5038 aut
2296 4983 2531 5042 faelione
2589 4989 2952 5044 communiter
2999 4990 3198 5060 agitur.
3250 5007 3437 5049 coram

164 5063 216 5107 et
241 5057 307 5112 ad
322 5067 629 5116 extremum
650 5063 910 5134 gehennae
939 5070 1267 5129 cruciatibus
1293 5081 1348 5129 et
1371 5078 1534 5132 morti
1556 5093 1750 5149 perpe-
1851 5071 2023 5127 oculis
2075 5073 2170 5128 Dei
2220 5073 2506 5146 displicere
2541 5077 2597 5134 in
2648 5086 2893 5135 extrema
2945 5079 3152 5137 ultione
3194 5080 3438 5140 declara-

167 5152 266 5199 tua
286 5150 594 5204 tradantur.
1854 5164 2023 5219 bitur.
2079 5163 2232 5222 Unde
2258 5167 2509 5225 Salvator
2543 5170 2600 5226 in
2632 5169 2926 5243 Evangelio
2957 5172 3094 5229 dicit
3123 5191 3137 5228 :
3165 5172 3278 5240 Qui
3327 5192 3438 5233 non

243 5237 400 5296 Venit
419 5259 544 5314 ergo
570 5242 852 5316 Iosaphat,
899 5257 948 5304 et
977 5253 1144 5308 omnis
1165 5256 1388 5326 populus
1427 5276 1544 5314 cum
1567 5279 1626 5316 eo
1679 5263 1750 5318 ad

1887 5262 1930 5310 st
1958 5272 2184 5324 mecum,
2233 5269 2418 5317 contra
2437 5277 2520 5316 mo
2556 5271 2665 5330 est,
2680 5272 2736 5318 et
2756 5237 2846 5334 qui
2864 5279 2971 5318 non
2983 5263 3186 5336 colligit
3207 5282 3435 5328 mecum.

169 5329 489 5390 detrahenda
533 5337 703 5407 spolia
751 5348 1118 5409 mortuorum;
1161 5345 1568 5422 inveneruntque
1613 5354 1753 5409 inter
1856 5344 2126 5418 dispergit-

172 5422 422 5480 cadavera
476 5430 678 5483 variam
741 5430 1111 5501 supellectilem
1139 5475 1153 5500 ,
1204 5447 1368 5492 vestes
1426 5420 1649 5512 quoque,
1701 5452 1760 5499 et“
1867 5507 1895 5512 _
1997 5511 2012 5512 η
2215 5511 2220 5512 ί
2372 5511 2394 5512 7
2447 5420 2674 5478 CAPUT
2711 5421 2852 5478 ΧΧῙο

173 5523 292 5567 vasa
315 5519 712 5587 pretiosissima,
740 5530 786 5575 et
845 5523 1195 5594 diripuerunt,
1232 5529 1306 5582 ita
1335 5539 1391 5583 ut
1418 5534 1593 5587 omnia
1634 5552 1721 5605 por

1885 5508 1935 5565 le
1977 5511 2164 5566 Ioram
2188 5511 2300 5581 ﬁlio
2356 5511 2633 5584 Iosaphal,
2662 5526 2709 5571 et
2748 5516 2853 5585 ﬁne
2889 5519 3111 5589 pessimo
3150 5521 3266 5577 vita:
3295 5520 3433 5592 ejus.

175 5607 281 5659 tare
303 5624 404 5663 non
431 5621 656 5680 possent,
685 5630 779 5667 nec
806 5630 896 5684 per
923 5624 1024 5670 tres
1064 5618 1174 5671 dies
1195 5620 1364 5689 spolia.
1401 5624 1610 5692 auferre
1635 5644 1747 5697 pne
1929 5623 2184 5678 Dormivit
2242 5634 2412 5678 autem
2450 5625 2706 5696 Iosaphat
2766 5644 2886 5683 cum
2934 5631 3170 5700 patribus
3204 5630 3337 5694 suis,
3385 5638 3437 5684 et

178 5697 359 5762 prteda:
419 5704 798 5772 magnitudine.
857 5704 951 5760 Die
1003 5718 1177 5762 autem
1231 5723 1418 5780 quarto
1449 5718 1748 5785 congregati
1854 5713 2086 5784 sepultus
2117 5731 2233 5768 cum
2264 5717 2336 5768 eis
2382 5717 2434 5769 in
2481 5717 2685 5772 ciuitate
2727 5719 2936 5785 David;
2979 5724 3311 5792 regnataque
3339 5721 3436 5775 λα’

180 5797 289 5840 sunt
312 5789 365 5843 in
399 5790 530 5846 valle
553 5792 955 5860 benedictionis;
1013 5798 1196 5851 etenim
1218 5801 1468 5870 quoniam
1504 5803 1574 5857 ibi
1597 5805 1746 5858 bene—
1856 5823 1968 5859 ram
1990 5806 2132 5874 ﬁlius
2158 5809 2271 5877 ejus
2295 5824 2388 5877 pro
2423 5824 2501 5862 eo.
2541 5809 2643 5876 Qui
2670 5811 2849 5865 habuit
2889 5811 3080 5880 fratres
3113 5811 3249 5880 ﬁlios
3273 5809 3432 5866 Ioso-

188 5878 410 5938 dixerant
450 5886 690 5953 Domino,
718 5899 1023 5944 vocaverunt
1063 5890 1231 5946 locum
1261 5892 1408 5948 illum
1442 5893 1604 5952 Vallis
1644 5898 1750 5953 Be-
1781 5957 1813 5976 ,Δ
1855 5900 1998 5970 pltat,
2025 5899 2270 5954 Azariam
2320 5910 2364 5953 et
2395 5899 2568 5955 Ja/ticl
2595 5913 2640 5956 et
2672 5901 3008 5972 Zachariam,
3035 5913 3081 5958 et
3106 5903 3354 5957 Azart'am
3379 5912 3432 5962 et
