3920 6464
484 417 592 476 495

1157 413 1216 469 Β.
1255 409 1508 468 MBAN!
1543 410 1763 469 MAURI
1795 409 2114 467 ARCHIEP.
2153 409 2463 468 MOGUNT.
2503 411 2786 468 OPERUM
2826 411 3002 469 PARS
3035 413 3057 468 l

3623 415 3736 472 496

482 528 734 593 Michael,
768 534 816 582 et
838 525 1160 596 Saphaziam
1184 539 1204 579 .'
1225 542 1399 581 omnes
1426 525 1480 580 hi
1507 525 1606 595 ﬁlii
1631 524 1887 594 Josaphat
1910 524 2042 594 regis
2071 531 2125 591 Α
2147 534 2388 592 consula,
2410 535 2459 580 et
2485 525 2743 593 fornicata
2762 543 2814 582 es
2835 544 2989 598 super
3011 528 3084 582 eis
3113 528 3244 581 sicut
3270 543 3375 582 non
3398 536 3478 582 est
3502 526 3738 597 factum,

479 619 648 684 Juda,
675 625 726 672 et
755 617 982 687 reliqua.
1013 613 1165 681 Quod
1183 629 1310 686 ergo
1360 628 1684 669 enumerans
1729 628 1823 670 sex
1854 612 2049 669 fratres

477 709 683 776 Joram,
726 707 863 762 ﬁlios
911 706 1159 763 videlicet
1179 705 1438 777 Josaphat
1458 706 1604 778 regis
1629 705 1785 773 Juda,
1826 705 2048 775 subjun-

428 823 435 858 :
477 803 557 876 git
607 800 886 870 Scriptura
915 800 1122 862 dicens.
1170 815 1346 854 omnes
1399 799 1455 853 hi
1480 798 1860 870 ﬁliilosaphat
1889 801 2043 870 regis,

474 890 745 962 signiﬁcat
778 890 922 960 quod
969 890 1062 945 isti
1108 889 1462 945 imitabantur
1499 889 1885 961 perfectionem
1914 906 2045 961 ope-

474 1002 596 1042 rum
626 985 769 1056 regis
791 983 1072 1055 Josapbat,
1120 983 1288 1039 fratre
1317 999 1505 1039 eorum
1529 982 1714 1040 Joram
1757 999 1968 1054 semper
1988 983 2047 1039 in

469 1063 744 1132 deteriora
772 1074 1003 1140 labente,
1052 1073 1122 1129 ob
1147 1074 1288 1144 quod
1315 1074 1434 1130 illos
1455 1074 1650 1146 legitur
1686 1075 1830 1132 idem
1860 1074 2045 1131 Joram

473 1165 816 1223 interfecisse
849 1180 972 1220 cum
1007 1164 1340 1234 principibus
1359 1165 1545 1221 Israel.

547 1257 1058 1328 Dereliquerat‘enim
1071 1255 1350 1311 Dominum
1370 1257 1539 1312 Deum
1557 1266 1766 1328 patrum
1788 1274 2002 1312 suorum
2022 1270 2041 1310 :

471 1353 689 1421 insuper
737 1359 782 1404 et
817 1348 1019 1404 excelsa
1071 1349 1358 1419 fabricatus
1383 1360 1457 1404 est
1478 1351 1535 1404 in
1566 1350 1780 1405 urbibus
1804 1350 1968 1416 Juda,
1993 1359 2043 1406 et

470 1441 725 1513 fornicari
751 1441 872 1511 fecit
893 1439 1212 1494 habitatores
1237 1439 1591 1508 Hierusalem,
1622 1451 1670 1496 et
1709 1440 2043 1512 praevaricari

467 1530 692 1586 Judam.
739 1530 930 1585 Allata:
980 1539 1099 1584 sunt
1138 1540 1310 1585 autem
1366 1532 1414 1584 ei
1457 1529 1642 1586 littera:
1670 1530 1734 1584 ab
1771 1529 1895 1584 Elia
1916 1546 2040 1600 pro-

467 1624 642 1693 pheta,
685 1621 742 1676 in
784 1621 971 1691 quibus
1008 1621 1258 1690 scriptum
1289 1630 1400 1675 erat
1428 1635 1448 1674 :
1471 1620 1601 1675 Htec
1629 1621 1754 1674 dicit
1785 1620 2040 1674 Dominus

473 1711 613 1765 Deus
636 1710 804 1764 David
824 1710 988 1780 patris
1009 1710 1088 1763 tui
1113 1724 1131 1761 :
1165 1709 1424 1775 Quoniam
1453 1726 1556 1763 non
1573 1708 1851 1763 ambulasti
1871 1709 1925 1762 in
1947 1709 2042 1762 viis

463 1800 721 1870 Josaphat
743 1800 909 1869 patris
942 1801 1038 1866 tui,
1071 1807 1116 1854 et
1146 1801 1201 1853 in
1225 1799 1319 1852 viis
1355 1799 1461 1854 Asa
1499 1800 1632 1870 regis
1651 1798 1688 1853 Ι
1693 1799 1819 1866 uda,
1843 1799 1930 1854 sed
1954 1800 2039 1852 in-

2148 633 2309 689 neque
2353 616 2592 686 futurum
2622 628 2719 686 est,
2745 629 2796 674 et
2846 619 3013 674 tulisti
3041 636 3168 674 vasa
3199 620 3402 674 decoris
3445 620 3552 684 tui,
3583 628 3639 674 et
3674 620 3740 675 de

2145 723 2276 761 auro
2309 722 2444 774 meo,
2477 718 2528 762 et
2568 717 2782 780 argento
2813 725 2950 776 meo,
2995 711 3135 780 quod
3175 710 3296 764 dedi
3323 710 3439 774 tibi,
3467 721 3520 765 et
3559 711 3740 780 fecisti

2144 798 2395 869 imagines
2435 799 2527 853 tibi
2563 801 2903 868 masculinas,
2946 813 2995 858 et
3044 803 3303 872 fornicata
3339 804 3497 859 es.in
3537 805 3641 859 eis.
3671 806 3741 860 Et

2144 890 2408 960 sumpsisti
2428 891 2730 946 vestimenta
2753 901 2845 947 tua
2866 892 3236 960 multicoloria,
3259 902 3306 948 et
3329 893 3594 963 aperuisti
3620 893 3743 948 illas

2145 988 2194 1034 et
2213 978 2384 1034 oleum
2405 996 2578 1036 meum
2598 990 2648 1036 et
2669 982 2955 1053 thymiama
2976 999 3152 1038 meum
3174 984 3398 1054 posuisti
3417 1000 3618 1038 coram
3641 985 3740 1048 eis,

2144 1077 2193 1124 et
2221 1085 2408 1140 panem
2433 1086 2605 1125 meum
2625 1087 2776 1142 quem
2816 1072 2937 1127 dedi
2975 1071 3088 1140 tibi,
3133 1071 3362 1126 similam
3381 1081 3430 1127 et
3461 1071 3672 1138 oleum,
3695 1083 3744 1127 et

2143 1160 2266 1228 mel,
2305 1162 2493 1233 quibus
2515 1164 2740 1218 enutrivi
2763 1172 2832 1229 te,
2855 1163 3073 1234 posuisti
3119 1164 3174 1217 in
3216 1172 3503 1234 conspectu
3551 1178 3742 1216 eorum

2142 1253 2200 1308 in
2221 1253 2431 1308 odorem
2453 1255 2742 1310 suavitatis.
2770 1255 2839 1310 Et
2859 1255 3018 1326 paulo
3042 1263 3192 1326 post:
3218 1254 3540 1325 Propterea,
3566 1270 3742 1307 mere-

2149 1345 2277 1411 trix,
2304 1345 2431 1398 audi
2455 1345 2663 1399 verbum
2684 1345 2917 1400 Domini.
2939 1344 3069 1400 Hazc
3107 1346 3234 1399 dicit
3257 1344 3528 1399 Dominus
3553 1343 3702 1397 Deus
3723 1356 3741 1393 :

2145 1430 2284 1498 Quia
2304 1433 2528 1503 effusum
2547 1443 2621 1488 est
2669 1449 2741 1488 ws
2773 1444 2944 1500 tuum,
2971 1443 3018 1489 et
3057 1433 3284 1488 revelata
3308 1444 3384 1487 est
3432 1432 3740 1503 ignominia

2143 1530 2256 1590 tua,
2319 1525 2377 1579 in
2415 1523 2850 1592 fornicationibus
2894 1526 3017 1592 tuis,
3067 1540 3223 1594 super
3275 1533 3550 1578 amatores
3599 1533 3740 1587 tuos,

2146 1624 2196 1669 et
2234 1632 2390 1686 super
2425 1615 2569 1670 idola
2615 1617 3062 1672 abominationum
3119 1627 3332 1670 tuarum
3365 1616 3424 1669 in
3473 1616 3742 1685 sanguine

2142 1703 2374 1773 ﬁliorum
2423 1714 2654 1771 tuorum,
2700 1724 2830 1778 quos
2869 1707 3059 1761 dedisti
3099 1708 3216 1761 eis:
3255 1723 3370 1760 ecce
3391 1722 3487 1776 ego
3518 1722 3742 1775 congre-

2142 1795 2273 1865 gabo
2327 1811 2501 1850 omnes
2548 1807 2808 1850 amatores
2863 1806 2978 1849 tuos
2999 1837 3012 1861 ,
3045 1796 3232 1867 quibus
3270 1796 3558 1849 commista
3589 1812 3667 1861 es,
3695 1805 3741 1848 et

470 1891 669 1944 cessisti
711 1907 802 1959 per
831 1890 927 1943 iter
966 1906 1142 1960 regum
1169 1888 1339 1943 Israel
1379 1900 1427 1944 et
1473 1891 1724 1960 fornicari
1754 1890 1922 1959 fecisti
1945 1889 2040 1943 Ju-
2067 1873 2116 1934 Β
2143 1902 2321 1940 omnes
2366 1903 2495 1958 quos
2541 1886 2796 1952 dilexisti,
2826 1903 2943 1940 cum
2977 1887 3228 1940 universis
3276 1903 3408 1955 quos
3435 1886 3663 1950 oderas,
3696 1897 3740 1939 et

464 1982 586 2033 dant
612 1990 656 2033 et
701 1979 1014 2033 habitatores
1041 1978 1393 2044 Hierusalem,
1445 1980 1680 2034 imitatus
1734 1980 2040 2049 fornicatio-

465 2088 580 2125 nem
609 2071 793 2124 domus
841 2071 1055 2137 Achab;
1100 2072 1311 2142 insuper
1330 2082 1377 2126 et
1409 2072 1597 2141 fratres
1630 2081 1766 2136 tuos,
1824 2072 2037 2127 domum

461 2161 625 2231 patris
672 2160 771 2225 tui,
818 2160 1056 2214 meliores
1088 2169 1159 2224 te,
1183 2160 1420 2215 occidisti
1445 2178 1463 2216 :
1489 2179 1602 2216 ecce
1633 2161 1889 2215 Dominus
1916 2178 2037 2232 per-

463 2252 619 2304 cutiet
652 2261 700 2304 te
726 2251 882 2322 plaga
911 2268 1102 2322 magna
1146 2269 1262 2304 cum
1313 2251 1504 2322 populo
1546 2263 1654 2317 tuo,
1696 2263 1742 2307 et
1809 2252 1957 2321 ﬁliis,
1989 2263 2037 2307 et

462 2341 714 2395 uxoribus
746 2344 871 2408 tuis,
923 2344 1264 2412 universaque
1289 2342 1580 2395 substantia
1607 2352 1720 2396 tua.
1751 2341 1878 2397 Hmc
1908 2356 2038 2413 ergo

460 2431 696 2486 vindicta
727 2449 844 2502 qua:
876 2447 971 2501 per
998 2432 1315 2502 prophetam
1341 2433 1602 2501 praedicta
1645 2431 1826 2487 fuerat
1851 2431 2039 2487 Joram

459 2523 594 2593 regi,
633 2539 731 2592 per
780 2537 971 2577 manus
1007 2523 1472 2590 Philisthinorum,
1512 2533 1566 2579 et
1592 2524 1852 2590 Arabum,
1881 2525 2037 2596 juxta

463 2614 657 2668 merita
717 2629 838 2680 sua,
876 2615 930 2669 in
968 2629 1034 2669 eo
1057 2614 1320 2684 completa
1371 2624 1476 2682 est,
1508 2631 1632 2671 cum
1685 2613 1799 2685 ejus
1834 2623 2037 2671 terram

457 2712 834 2772 vastaverunt,
878 2715 934 2761 et
982 2705 1320 2776 diripuerunt
1368 2717 1618 2764 cunctam
1659 2710 2033 2774 substantiam,

462 2793 711 2865 ﬁliosque
759 2794 895 2864 ejus,
937 2797 1144 2866 pariter
1185 2805 1240 2852 et
1267 2812 1480 2853 uxores.
1529 2797 1690 2852 Juxta
1722 2798 2037 2870 allegoriam

461 2902 676 2956 quoque
711 2887 916 2955 Joram,
954 2889 1044 2958 qui
1077 2889 1463 2960 interpretatur
1499 2892 1615 2962 quis
1653 2900 1730 2946 est
1778 2891 2033 2956 excelsus,

455 2979 601 3032 etde
641 2980 893 3050 religioso
916 2989 1069 3051 patre
1102 2980 1358 3052 losapbat
1379 2971 1617 3053 genitus,
1658 2983 1724 3038 ad
1752 2981 2033 3052 perﬁdiam

458 3067 768 3131 declinavit,
805 3078 860 3125 et
906 3069 1164 3126 fornicari
1216 3071 1343 3127 fecit
1389 3071 1529 3128 ﬁlios
1579 3070 1736 3139 Juda,
1790 3074 2034 3128 imitatus

455 3157 867 3215 fornicationem
894 3162 1084 3217 domus
1114 3163 1320 3229 Achab,
1354 3179 1446 3219 eos
1493 3173 1671 3234 potest
1699 3165 2029 3237 signiﬁcare,

463 3248 553 3318 qui
587 3251 850 3306 catholica
891 3253 994 3307 ﬁde
1022 3253 1232 3319 imbuti,
1278 3269 1342 3308 ac
1365 3253 1677 3310 Christiano
1709 3255 2033 3327 baptismate

458 3342 795 3410 regenerati,
859 3343 1111 3398 Ecclesiae
1182 3343 1588 3400 instruebantur
1639 3348 2028 3413 sacramentis;

455 3433 550 3486 sed
592 3433 959 3503 relinquentes
988 3434 1110 3489 ﬁdei
1157 3436 1436 3490 veritatem
1488 3452 1706 3492 errores
1735 3449 2035 3508 sequuntur

455 3522 859 3588 haereticorum,
888 3533 943 3579 et
983 3541 1089 3579 non
1133 3525 1304 3580 solum
1330 3526 1434 3595 ipsi
1477 3543 1509 3580 a
1539 3529 1754 3583 tramite
1789 3531 1905 3584 sani
1939 3532 2034 3585 do-

455 3609 652 3682 gmatis
669 3613 992 3679 exorbitant,
1010 3616 1117 3669 imo
1133 3615 1267 3670 alios
1285 3629 1464 3669 secum
1495 3633 1591 3688 per
1615 3633 1860 3674 errorum
1881 3621 2033 3675 devia

459 3703 658 3756 ducere
692 3711 922 3758 certant.
957 3704 1106 3759 Unde
1122 3705 1241 3761 illos
1277 3706 1441 3773 Elias,
1473 3708 1576 3762 hoc
1603 3718 1684 3764 est
1707 3724 1884 3765 sermo
1902 3727 2031 3780 pro-

459 3791 706 3861 pheticus
736 3794 1027 3863 redarguit,
1068 3797 1193 3864 quia
1224 3799 1401 3852 omnis
1436 3799 1741 3855 divinorum
1772 3801 2033 3858 librorum

459 3886 669 3939 sauctio
700 3887 832 3940 tales
864 3888 1209 3957 reprehendit
1237 3906 1251 3954 ;
1306 3905 1369 3943 ac
1404 3892 1598 3947 merito
1630 3907 1740 3946 suae
1761 3895 2032 3962 perversi-

457 3977 586 4030 tatis
616 3978 948 4047 gravissimis
977 3981 1458 4035 contestationibus
1491 3982 1750 4051 increpat.
1782 3982 1918 4037 Hinc
1938 3999 2034 4052 per

457 4069 792 4125 Ezechielem
830 4087 1260 4127 commemorans
1295 4073 1554 4129 beneﬁcia
1593 4091 1712 4141 sua,
1748 4085 1803 4131 et
1853 4078 2032 4147 populi

455 4159 697 4225 perversi
735 4160 1236 4230 tergiversationem
1273 4164 1608 4232 exprobrans
1651 4163 1929 4234 Dominus,
1962 4169 2032 4224 ad

456 4246 647 4301 Judam
696 4249 771 4302 ait
805 4267 818 4303 :
850 4251 1037 4304 Juravi
1079 4252 1193 4318 tibi,
1246 4263 1294 4307 et
1355 4255 1618 4324 ingressus
1667 4275 1784 4313 sum
1824 4268 2033 4331 pactum

457 4348 646 4402 tecum,
665 4342 737 4392 ait
762 4341 1015 4396 Dominus
1037 4343 1198 4409 Deus,
1222 4355 1269 4399 et
1291 4344 1436 4415 facta
1461 4364 1515 4400 es
1539 4349 1687 4415 mihi,
1709 4359 1758 4405 et
1784 4350 1886 4406 lavi
1908 4361 1957 4407 te
1979 4354 2034 4408 in

455 4446 612 4498 aqua,
661 4441 710 4483 et
739 4431 1016 4487 emundavi
1041 4436 1346 4504 sanguinem
1368 4447 1514 4490 tuum
1537 4455 1602 4493 ex
1639 4448 1708 4506 te,
1745 4450 1792 4495 et
1825 4443 1953 4496 αηπὶ
1983 4452 2032 4497 te

2141 1977 2462 2048 congregabo
2509 1993 2595 2031 eos
2626 1994 2783 2047 super
2823 1987 2871 2031 te
2905 1977 3153 2048 undique,
3183 1988 3231 2030 et
3263 1976 3476 2029 nudabo
3505 1978 3739 2046 ignomi-

2141 2067 2284 2120 niam
2305 2076 2450 2120 tuam
2483 2083 2660 2120 coram
2693 2068 2785 2130 eis,
2819 2077 2868 2121 et
2917 2068 3159 2121 videbunt
3188 2084 3394 2122 omnem
3444 2067 3742 2136 turpitudi—

2141 2175 2256 2213 nem
2296 2169 2460 2225 tuam,
2485 2168 2532 2213 et
2553 2159 2804 2228 judicabo
2831 2169 2878 2214 te
2896 2158 3117 2228 judiciis
3148 2158 3548 2231 adulterarum,
3585 2168 3636 2210 et
3669 2158 3743 2226 ef-

2140 2249 2473 2318 fundentium
2501 2249 2829 2320 sanguinem,
2864 2258 2911 2302 et
2947 2249 3082 2302 dabo
3112 2259 3160 2302 te
3184 2249 3240 2301 in
3283 2249 3556 2317 sanguine
3599 2248 3745 2316 furo-

2140 2341 2212 2395 ris
2241 2351 2289 2395 et
2324 2339 2442 2405 zeli,
2488 2349 2535 2394 et
2563 2339 2695 2394 dabo
2739 2348 2787 2394 te
2818 2340 2873 2392 in
2916 2355 3104 2392 manus
3149 2353 3329 2392 eorum
3366 2346 3418 2391 et
3462 2336 3744 2390 destruent

2139 2432 2366 2500 lupanar
2409 2440 2557 2485 tuum
2583 2471 2598 2495 ,
2652 2441 2700 2485 et
2751 2429 3098 2485 demolientur
3150 2427 3504 2501 prostibulum
3569 2439 3740 2489 tum,

2137 2533 2187 2579 et
2240 2523 2581 2578 denudabunt
2619 2531 2668 2577 te
2707 2523 3022 2578 vestimentis
3066 2522 3192 2588 tuis,
3243 2531 3293 2576 et
3321 2519 3583 2589 auferent
3623 2537 3741 2572 rasa

2137 2615 2338 2671 decoris
2368 2617 2465 2682 tui,
2496 2624 2544 2670 et
2565 2615 2922 2686 derelinquent
2945 2624 2993 2669 te
3022 2613 3223 2670 nudam
3246 2613 3575 2683 plenamque
3603 2613 3742 2682 igno-

2136 2708 2323 2772 minia,
2353 2716 2461 2762 etc.

2208 2817 2285 2871 Tu
2302 2818 2480 2873 autem
2506 2818 2782 2887 wgrotabis
2801 2818 3023 2888 pessimo
3050 2816 3303 2886 languore
3329 2815 3496 2880 uteri,
3550 2815 3722 2868 donec

2135 2907 2474 2976 egrediantur
2508 2907 2691 2962 vitalia
2712 2917 2805 2961 tua
2832 2907 3092 2978 paulatim
3109 2922 3203 2976 per
3227 2906 3339 2961 dies
3365 2905 3638 2976 singulos,
3683 2915 3736 2960 et

2136 3000 2363 3070 reliqua.
2381 2999 2705 3056 Cruciantur
2721 3015 2850 3071 ergo
2873 3000 3035 3066 uteri,
3059 3001 3166 3056 hoc
3189 3007 3294 3064 est,
3313 3008 3532 3053 mentes
3564 2997 3739 3053 hatre-

2137 3091 2390 3158 ticorum,
2436 3091 2696 3164 languore
2751 3092 2988 3162 pessimo
3045 3091 3306 3162 perﬁdim,
3361 3091 3539 3146 donec
3580 3105 3736 3158 egre

2139 3185 2357 3241 diantur
2403 3185 2591 3238 vitalia
2637 3199 2824 3239 eorum
2852 3185 3112 3255 paulatim
3157 3198 3257 3255 per
3304 3184 3419 3239 dies
3450 3183 3730 3254 singulos;

2138 3291 2420 3347 quousque
2448 3275 2705 3331 videlicet
2733 3275 2913 3330 omnis
2951 3275 3106 3347 vigor
3159 3290 3351 3330 sensus
3381 3289 3604 3338 eorum,
3642 3290 3732 3344 per

2133 3367 2440 3423 vecordiam
2488 3366 2837 3436 desipiendo,
2904 3367 3115 3421 veracis
3163 3365 3442 3435 sapientia:
3504 3365 3724 3419 vitalem

2134 3457 2376 3512 funditus
2404 3457 2594 3527 perdat
2636 3456 2989 3512 intellectum.
3019 3456 3390 3511 Devastabunt
3419 3471 3522 3511 eos
3551 3455 3725 3510 Phili-

2135 3547 2289 3601 stbaai
2340 3554 2396 3601 et
2438 3545 2724 3616 x’Etbiopes
2756 3547 3049 3617 spiritales,
3101 3547 3416 3618 diripientes
3466 3557 3727 3602 cunctam

2133 3641 2492 3696 substantiam
2521 3639 2640 3709 ejus
2671 3641 2893 3706 laboris,
2950 3656 3070 3709 quae
3124 3640 3344 3694 inventa
3368 3649 3453 3695 est
3478 3641 3536 3694 in
3570 3641 3729 3696 domo

2134 3732 2564 3786 conversationis
2593 3747 2721 3795 suae,
2756 3731 2976 3801 insuper
3003 3740 3058 3785 et
3089 3731 3229 3786 ﬁlios
3265 3745 3462 3786 eorum
3492 3740 3548 3785 et
3601 3747 3730 3786 uxo-

2133 3835 2246 3885 res,
2291 3822 2395 3876 hoc
2423 3831 2526 3887 est,
2580 3821 3000 3877 sollicitudinem
3049 3823 3346 3888 carnalem,
3403 3831 3457 3876 et
3517 3822 3730 3877 fructus

2135 3926 2361 3980 operum
2392 3911 2767 3979 nefandorum,
2804 3912 3002 3968 ducent
3036 3930 3158 3967 cum
3207 3913 3356 3968 omni
3387 3913 3733 3983 supellectile

2135 4019 2228 4057 sua
2263 4003 2317 4056 in
2351 4003 2472 4058 loca
2498 4005 2866 4069 tenebrarum,
2897 4012 2954 4059 et
2978 4003 3304 4074 profundum
3336 4004 3532 4057 tartari
3564 4003 3733 4058 infer-

2133 4090 2208 4156 ni,
2241 4090 2645 4160 morienturque
2667 4091 2984 4146 inﬁrmitate
3013 4092 3249 4162 pessima
3280 4092 3730 4162 dispensationis,

2132 4196 2235 4236 nec
2261 4183 2340 4236 eis
2363 4183 2589 4250 populus
2634 4183 2836 4236 cultum
2878 4184 3148 4239 celebrem
3183 4185 3386 4252 praebet
3441 4187 3730 4254 exsequia-

2137 4287 2278 4336 rum,
2333 4271 2428 4328 sed
2455 4273 2702 4327 delentur
2726 4275 2792 4329 de
2841 4274 2979 4330 libro
3008 4275 3328 4340 viventium,
3376 4291 3562 4345 neque
3605 4292 3728 4331 cum

2127 4362 2288 4433 justis
2338 4362 2392 4416 in
2440 4362 2650 4418 caelesti
2699 4380 2868 4435 regno
2906 4365 3174 4419 conscribi
3221 4373 3532 4421 merentur.
3591 4364 3727 4421 Justi

2133 4466 2266 4508 vero
2292 4453 2644 4522 possidebunt
2687 4463 2890 4510 terram
2913 4455 3232 4522 viventium,
3255 4465 3311 4511 et
3340 4456 3726 4512 inhabitabant

455 4519 592 4585 oleo,
617 4530 664 4574 et
692 4523 869 4576 vestivi
897 4531 946 4576 te
970 4523 1336 4592 discoloribus,
1359 4537 1406 4582 et
1441 4528 1669 4584 calceavi
1687 4538 1737 4585 te
1755 4532 2027 4601 hyantino,

2140 4543 2189 4597 in
2212 4545 2466 4598 saeculum
2487 4544 2668 4600 saeculi
2693 4560 2856 4614 super
2877 4561 3029 4611 eam;
3050 4545 3251 4600 inimici
3278 4554 3462 4602 autem
3484 4548 3726 4613 Domini,

455 4619 503 4662 et
525 4609 665 4662 cin:ci
695 4621 744 4664 te
777 4611 948 4681 bysso,
990 4625 1038 4668 et
1071 4616 1224 4668 indui
1267 4625 1317 4670 te
1335 4617 1634 4686 subtilibus,
1662 4629 1711 4675 et
1754 4624 1939 4678 ornavi
1984 4634 2033 4680 te

456 4708 783 4767 ornamento,
821 4713 869 4757 et
896 4704 1018 4758 dedi
1045 4705 1282 4761 armillas
1319 4708 1374 4762 in
1405 4709 1647 4765 manibus
1690 4711 1813 4780 tuis,
1843 4723 1893 4768 et
1921 4723 2035 4769 tor-

453 4807 606 4862 quem
649 4794 789 4850 circa
827 4796 1020 4850 collum
1057 4809 1225 4865 tuum,
1269 4811 1317 4856 et
1356 4803 1477 4856 dedi
1513 4806 1760 4860 ‘inaurem
1780 4805 1936 4877 super
1975 4825 2033 4864 os

456 4888 624 4948 tuum,
666 4892 715 4937 et
735 4885 957 4941 circulos
977 4888 1192 4944 auribus
1214 4892 1341 4958 tuis,
1387 4902 1434 4947 et
1457 4911 1706 4950 coronam
1749 4897 1953 4953 decoris
1977 4901 2034 4955 in

456 4975 622 5043 capite
655 4985 765 5043 tuo,
789 4986 836 5031 et
861 4988 1049 5033 ornata
1089 4997 1143 5035 es
1165 4998 1295 5036 auro
1333 4992 1382 5037 et
1410 4996 1644 5054 argento,
1684 4997 1733 5042 et
1771 4990 1956 5044 vestita
1977 5006 2033 5045 es

457 5064 606 5133 bysso
627 5076 672 5120 et
692 5067 962 5137 polymita,
986 5079 1037 5124 et
1065 5071 1478 5128 multicoloribus
1501 5091 1521 5140 ;
1560 5076 1811 5145 similam,
1834 5089 1884 5135 et
1907 5081 2026 5146 mel,

455 5163 504 5207 et
526 5155 695 5208 oleum
721 5159 1019 5224 comedisti;
1042 5172 1089 5214 et
1111 5163 1301 5217 decora
1336 5165 1478 5233 facta
1509 5183 1562 5220 es
1601 5170 1921 5225 vehementer
1947 5173 2032 5225 ni-

459 5243 582 5307 mis,
616 5255 663 5298 et
704 5247 1043 5316 profecistiin
1084 5268 1321 5322 regnum,
1345 5265 1396 5310 et
1425 5272 1688 5326 egressum
1727 5270 1803 5315 est
1839 5279 2028 5318 nomen

458 5342 606 5387 tuum
636 5335 692 5388 in
731 5347 904 5406 gentes
938 5352 1148 5411 propter
1174 5345 1396 5414 speciem
1423 5354 1590 5413 tuam,
1634 5349 1762 5420 quia
1802 5353 2033 5422 perfecta

457 5439 576 5478 eras
595 5423 649 5478 in
671 5425 853 5481 decore
872 5445 1005 5496 meo,
1033 5449 1183 5502 quem
1203 5451 1481 5506 posueram
1500 5454 1656 5509 super
1677 5449 1745 5506 te,
1769 5441 1899 5497 dicit
1921 5444 2031 5500 Do-

456 5514 630 5570 minus
653 5514 793 5572 Deus
827 5529 948 5576 tuus
970 5538 990 5589 ;
1010 5534 1057 5578 et
1080 5525 1272 5581 habens
1292 5528 1544 5596 ﬁduciam
1565 5531 1622 5584 in
1639 5532 2029 5602 pulchritudine

459 5613 574 5672 tua,
625 5608 886 5676 fornicata
916 5630 970 5670 es
991 5617 1046 5671 in
1072 5619 1278 5674 nomine
1306 5630 1417 5687 tuo,
1473 5635 1521 5678 et
1552 5627 1834 5696 exposuisti
1856 5629 2027 5698 forni-

459 5697 718 5752 cationem
741 5709 883 5756 tuam
904 5709 1044 5761 omni
1067 5712 1378 5777 transeunti,
1417 5721 1474 5767 ut
1499 5715 1614 5785 ejus
1636 5717 1807 5786 ﬁeres.
1840 5697 1909 5774 Et
1932 5740 2023 5777 su-

461 5802 603 5842 mens
634 5791 696 5844 de
725 5796 1031 5852 vestimentis
1059 5801 1183 5865 tuis,
1220 5803 1386 5868 fecisti
1411 5807 1501 5858 tibi
1530 5809 1734 5864 excelsa
1758 5813 1876 5866 hinc
1902 5815 2018 5868 inde

2137 4650 2264 4690 mox
2288 4645 2348 4689 ut
2384 4635 2728 4692 honoriﬁcati
2777 4644 2832 4692 et
2873 4637 3096 4692 exaltati
3140 4636 3365 4703 fuerint,
3408 4638 3725 4695 deﬁcientes

2135 4733 2198 4780 ut
2257 4723 2436 4780 fumus
2474 4725 2746 4793 deﬁcient,
2791 4727 2991 4796 peribit
3033 4728 3299 4783 memoria
3354 4742 3552 4784 eorum
3602 4745 3720 4783 cum

2137 4813 2338 4878 sonitu,
2391 4821 2446 4868 et
2496 4829 2694 4870 nomen
2735 4831 2925 4872 eorum
2975 4817 3030 4872 in
3082 4827 3229 4873 coetu
3269 4826 3589 4875 sancton
3620 4836 3719 4873 non

2137 4903 2528 4959 memorabitur
2575 4906 2806 4975 amplius
2856 4906 3031 4963 (Psal.
3074 4907 3282 4980 xxxvx).
3343 4908 3500 4966 Unde
3544 4920 3604 4965 et
3643 4925 3718 4965 εε-

2137 4994 2322 5064 quitur
2353 5014 2366 5050 :

2208 5107 2552 5180 Mortuusque
2574 5120 2647 5164 est
2674 5111 2728 5164 in
2755 5111 3062 5180 inﬁrmitate
3089 5114 3336 5183 pessima,
3365 5124 3416 5169 et
3447 5131 3555 5169 non
3604 5116 3716 5185 fecit

2135 5199 2184 5252 ei
2207 5199 2430 5269 populus
2479 5201 2763 5255 secundum
2794 5218 2989 5257 morem
3027 5203 3398 5258 combustionis
3422 5209 3711 5276 exsequias,

2134 5287 2268 5342 sicut
2283 5287 2474 5359 fecerat
2488 5291 2777 5361 majoribus
2800 5293 2933 5361 ejus.
2961 5292 3199 5365 Triginta
3210 5294 3438 5349 duorum
3462 5313 3713 5352 annorum

2135 5377 2238 5447 fuit
2281 5395 2400 5434 cum
2424 5397 2640 5452 regnare
2681 5383 2933 5454 coepisset,
2985 5393 3035 5438 et
3079 5393 3192 5439 octo
3229 5386 3384 5440 annis
3409 5389 3642 5457 regnavit
3662 5388 3708 5440 is

2132 5469 2448 5539 Jerusalem,
2494 5474 2880 5547 ambulavitque
2939 5493 3040 5530 non
3090 5487 3243 5532 recte.
3279 5477 3350 5531 Et
3405 5479 3708 5549 sepelierunt

2132 5579 2250 5617 eum
2281 5565 2336 5618 in
2380 5566 2582 5622 civitate
2618 5566 2814 5635 David,
2845 5579 3201 5625 verumtamen
3221 5586 3326 5624 non
3375 5571 3432 5625 in
3477 5570 3705 5641 sepulcro

2132 5668 2331 5724 regum.
