3920 6480
193 381 321 437 497

803 500 1029 560 CAPUT
1066 505 1231 560 XXII.

191 572 574 656 De-Ochozia
599 580 712 656 ﬁl_io
733 580 926 656 tiaran;
972 593 1020 639 et
1049 587 1288 656 nefandis
1334 590 1532 646 actibus
1559 593 1691 656 ejus.
1722 593 1800 648 De

275 644 439 734 {gas
492 644 610 720 rege
633 651 776 734 Iuda
796 663 864 734 ft
889 644 1183 710 Jerusalem
1203 697 1218 722 ,
1245 674 1394 726 quem
1434 644 1799 734 nidiﬁcia;

274 716 447 798 tifexr
459 716 756 798 reservavit.
771 722 864 798 _De
891 740 1012 778 nece
1037 716 1520 798 quagm'euercuerat
1550 716 1796 798 Athalia;

270 787 568 843 canstituit
593 807 647 844 se
675 794 906 863 reginam
934 787 1086 864 super
1112 796 1243 851 duas
1271 798 1457 854 tribus.

282 881 378 951 (ll
412 882 552 938 PAR.
590 887 772 951 χιιι.)
819 885 1212 945 Constituerunt
1260 902 1431 948 autem
1478 895 1796 952 habitatores

182 966 527 1026 Jerusalem
588 973 870 1054 Ochoziam
921 977 1093 1046 ﬁlium
1145 981 1258 1050 ejus
1309 983 1583 1039 minimum
1626 1002 1796 1057 regem

182 1079 294 1134 pro
325 1079 438 1125 eo:
491 1083 664 1123 omnes
691 1070 829 1124 enim
854 1071 1082 1140 majores
1113 1083 1242 1127 natu
1270 1076 1358 1145 qui
1385 1085 1506 1130 ante
1530 1093 1647 1131 eum
1676 1078 1792 1147 fue-

183 1169 319 1207 rant
343 1193 360 1216 ,
412 1157 790 1227 interfecerunt
828 1159 1056 1216 latrones
1095 1162 1360 1232 Arabum,
1404 1167 1494 1236 qui
1533 1167 1795 1224 irruerant

178 1241 243 1296 in
287 1254 514 1302 castra.
556 1245 906 1321 Regnavitque
952 1248 1208 1307 Ochozias
1247 1255 1392 1323 ﬁlius
1432 1256 1615 1311 Joram
1659 1259 1787 1328 regis

177 1329 369 1386 Juda.
421 1333 797 1406 Quadraginta
832 1339 1056 1394 duorum
1093 1360 1356 1399 annorum
1393 1355 1504 1400 erat
1535 1346 1794 1404 Ochozias

176 1435 311 1472 cum
349 1437 585 1492 regnare
612 1427 879 1496 coepisset,
907 1439 956 1484 et
985 1446 1089 1485 uno
1119 1449 1258 1488 anno
1285 1437 1516 1506 regnavit
1543 1437 1600 1492 in
1635 1438 1793 1494 Jeru-

174 1508 384 1564 salem.
424 1512 668 1580 Quazstio
696 1517 854 1574 valde
879 1520 1136 1591 perplexa
1164 1523 1256 1579 hic
1284 1525 1548 1593 oboritur,
1588 1529 1682 1584 ubi
1711 1529 1790 1584 di-

172 1596 336 1652 citur
389 1598 585 1657 Joram
635 1612 759 1660 octo
806 1608 961 1664 annis
1002 1625 1291 1682 regnasse,
1334 1622 1391 1669 et
1429 1617 1786 1688 quadraginta

167 1685 446 1756 vixisse;
493 1691 662 1747 ﬁlium
700 1703 881 1751 autem
924 1698 1040 1768 ejus
1081 1700 1375 1758 Ochoziam
1403 1685 1527 1760 cum
1557 1685 1786 1778 regnare

169 1781 465 1849 cwpisset
479 1823 494 1848 ,
519 1783 684 1840 fuisse
707 1788 1059 1860 quadraginta
1080 1791 1307 1849 duorum
1326 1811 1608 1853 annorum.
1633 1799 1783 1868 Quod

1129 386 1480 448 COMME'NT.
1517 392 1586 450 IN
1622 393 2168 454 PARALIPOMENA.
2203 401 2437 460 -‘LlB.
2471 403 2562 462 IV.

3367 419 3472 478 498

1828 513 1882 576 Α
1906 520 1958 568 te
1975 554 1990 579 ,
2020 529 2140 585 quae
2163 517 2455 588 prophetas
2482 527 2539 575 et
2565 521 2740 592 ipsum
2769 523 3055 584 Dominum
3083 531 3473 602 prophetaru

1901 604 2132 671 occidit,
2182 613 2238 661 et
2283 609 2556 678 apostolos
2613 613 2732 684 ejus
2777 627 3062 686 persecuta
3109 629 3222 689 est,
3264 623 3471 695 judicia

1898 707 2218 766 exerceret,
2265 709 2323 756 et
2357 717 2478 758 eam
2516 703 2724 764 ultione
2758 708 2908 779 justa
2942 715 3262 783 perimeret,
3305 727 3471 790 atque

1899 785 2261 844 sacerdotium
2313 807 2511 848 vanum
2565 797 2709 866 quod
2757 809 2881 869 post
2933 801 3134 861 Christi
3175 785 3469 867 adventum

1898 874 2133 934 inaniter
2166 879 2430 939 habuerat
2463 883 2799 954 destrueret,
2840 892 3208 965 templumque
3240 897 3467 956 subver-

1897 974 2072 1037 teret,
2102 973 2335 1028 nec'non
2367 982 2422 1029 et
2451 975 2670 1046 impiam
2707 978 3074 1055 Synagogam,
3105 1003 3226 1058 quae
3252 993 3470 1064 sangui-

1897 1072 2023 1113 nem
2057 1068 2364 1117 sanctorum
2399 1079 2611 1136 semper
2648 1069 2904 1138 sitiebat,
2948 1076 3014 1129 de
3043 1080 3196 1148 regni
3231 1081 3467 1139 culmine

1893 1147 2288 1218 praecipitaret,
2319 1169 2382 1208 ac
2411 1165 2651 1214 rectores
2678 1159 2849 1229 ipsius
2877 1147 3227 1224 interﬁceret.

1967 1237 2081 1292 Nec
2103 1251 2214 1295 erat
2235 1259 2348 1312 spes
2376 1245 2552 1316 aliqua
2578 1257 2637 1301 ut
2660 1249 2724 1303 de
2748 1253 2908 1322 stirpe
2933 1267 3169 1326 regnaret
3196 1257 3463 1329 Ocho-site;

1892 1328 1939 1382 si
1955 1330 2162 1399 quidem
2185 1343 2352 1387 mater
2362 1336 2476 1405 ejus
2493 1338 2704 1394 Athalia
2720 1341 2894 1396 videns
2912 1345 3052 1415 quod
3073 1358 3311 1404 mortuus
3334 1328 3464 1407 esset

1891 1417 2035 1486 ﬁlius
2062 1439 2219 1489 suus,
2251 1428 2510 1493 surrexit,
2541 1439 2590 1481 et
2617 1428 2872 1500 interfecit
2901 1449 3107 1490 omnem
3134 1438 3346 1510 stirpem
3378 1458 3462 1512 re-

1889 1515 2031 1584 giam
2059 1515 2243 1570 domus
2269 1516 2474 1573 Joram.
2503 1519 2674 1576 Porro
2703 1522 2951 1580 Josabeth
2969 1567 2982 1590 ,
3015 1527 3130 1596 ﬁlia
3155 1531 3310 1602 regis,
3342 1533 3462 1588 tulit

1890 1605 2019 1659 Joas
2054 1606 2223 1675 ﬁlium
2255 1607 2531 1676 Ochozite,
2562 1623 2612 1666 et
2640 1613 2818 1682 furata
2849 1627 2922 1671 est
2953 1634 3071 1672 eum
3100 1619 3166 1672 de
3196 1620 3367 1675 medio
3395 1623 3462 1690 ﬁ-

1887 1695 2081 1750 liorum
2120 1699 2255 1768 regis
2293 1716 2409 1753 cum
2443 1702 2878 1772 interﬁcerentur,
2919 1707 3288 1780 absconditque
3335 1728 3453 1766 eum

1888 1804 2004 1841 cum
2029 1791 2228 1844 nutrice
2251 1808 2350 1844 sua
2377 1792 2431 1845 in
2459 1794 2697 1848 cubiculo
2723 1795 3046 1853 lectulorum.
3072 1799 3322 1856 Josabeth
3354 1821 3454 1858 au-

167 1868 248 1922 ita
293 1879 391 1925 est
424 1886 445 1925 ε
491 1873 701 1930 duobus
748 1877 905 1933 annis
947 1887 1238 1951 antequam
1276 1884 1389 1953 ipse
1430 1895 1585 1956 pater
1624 1899 1784 1947 natus
1810 1894 1858 1954 Β
1888 1888 1989 1931 tem
2011 1895 2128 1949 qua:
2151 1879 2490 1937 absconderat
2513 1900 2652 1950 eum,
2677 1895 2790 1939 erat
2809 1886 2924 1955 ﬁlia
2950 1891 3081 1960 regis
3096 1890 3459 1958 Joram,ua‘.or

167 1967 363 2026 esset,
396 1960 576 2017 ﬁlium
605 1966 810 2036 genuit.
844 1967 958 2024 Hoc
985 1971 1087 2026 nisi
1116 1973 1221 2028 alio
1246 1975 1405 2030 modo
1434 1977 1780 2049 intelligatur,

168 2066 350 2119 quam
399 2055 482 2108 sit
523 2055 844 2124 ridiculum,
878 2061 1104 2130 simplex
1133 2064 1294 2118 etiam
1328 2065 1498 2122 lector
1528 2070 1779 2127 advertit.

165 2138 338 2196 Unde
379 2143 533 2200 hanc
578 2149 928 2216 quaestionem
976 2151 1183 2208 Hebraei
1226 2155 1302 2209 ita
1349 2156 1590 2223 solvunt,
1638 2162 1782 2230 quod

161 2231 365 2288 Joram
397 2236 520 2306 ipse
549 2239 640 2308 qui
668 2241 759 2296 hic
785 2243 1144 2314 quadraginta
1167 2248 1324 2303 annis
1350 2250 1548 2307 vixisse
1575 2252 1780 2309 descri-

162 2324 346 2391 bitur,
394 2335 460 2383 et
498 2338 620 2386 octo
663 2334 820 2389 annis
866 2351 1152 2408 regnasse,
1199 2340 1401 2396 vixerit
1437 2359 1610 2400 annos
1638 2363 1776 2417 qua-

162 2419 476 2491 draginta,
520 2432 576 2479 et
618 2429 926 2496 regnaverit
966 2430 1156 2501 viginti
1197 2440 1338 2488 octo.
1396 2434 1612 2491 Etenim
1651 2437 1778 2493 anni

163 2517 298 2564 octo
330 2512 439 2583 qui
470 2513 521 2568 ei
552 2514 605 2567 in
635 2531 804 2586 regno
833 2518 1162 2587 tribuuntur,
1185 2521 1286 2592 ipsi
1313 2532 1438 2577 sunt
1466 2524 1659 2593 quibus
1687 2540 1776 2581 re-

163 2601 370 2669 gnavit
403 2611 698 2672 antequam
739 2604 934 2662 fratres
964 2609 1269 2674 occideret,
1301 2627 1425 2666 cum
1457 2613 1636 2669 adhuc
1664 2615 1774 2669 uti-

162 2704 278 2759 que
331 2692 662 2749 innocenter
703 2697 928 2753 viveret.
981 2699 1194 2770 Reliqui
1235 2717 1364 2757 vero
1411 2705 1601 2776 viginti
1645 2708 1774 2764 anni

167 2781 387 2850 quibus
426 2792 613 2854 postea
654 2790 929 2860 regnavit,
966 2792 1169 2848 idcirco
1199 2809 1231 2848 a
1263 2811 1490 2852 numero
1523 2798 1640 2867 ejus
1677 2816 1775 2855 au-

165 2871 459 2940 feruntur,
499 2877 626 2946 quia
669 2878 722 2932 in
759 2879 1021 2952 languore
1059 2892 1114 2939 et
1152 2886 1504 2944 tribulatione
1551 2889 1776 2948 deduxit

169 2977 294 3017 eos.
354 2962 596 3036 Ideoque
633 2967 743 3024 filio
788 2970 904 3039 ejus
947 2974 1107 3030 iidem
1151 2979 1487 3048 tribuuntur,
1531 2983 1621 3050 qui
1663 2999 1770 3038 non

169 3053 430 3123 amplius
458 3072 623 3126 quam
663 3060 856 3132 viginti
900 3078 1165 3122 annorum
1217 3069 1478 3137 duorum,
1516 3070 1672 3139 juxta
1716 3074 1769 3128 id

170 3145 334 3213 quod
375 3146 434 3201 in
469 3147 678 3218 Regum
707 3153 969 3222 scriptum
998 3164 1083 3212 est
1101 3198 1116 3223 ,
1147 3173 1400 3229 regnasse
1429 3162 1768 3232 perhibetur,

1882 1970 2092 2025 Joiadtc
2118 1973 2411 2044 pontiﬁcis,
2442 1992 2592 2030 soror
2621 1976 2866 2034 Ochozitc
2889 1996 2908 2041 ;
2933 1991 2982 2034 et
3012 1982 3208 2036 idcirco
3242 1983 3457 2041 Athalia

1883 2079 1990 2116 non
2027 2063 2288 2133 interfecit
2331 2083 2490 2123 eum:
2529 2068 2632 2137 fuit
2676 2087 2798 2140 ergo
2837 2089 2956 2126 cum
2995 2073 3066 2127 eis
3094 2075 3149 2128 in
3177 2075 3327 2129 domo
3359 2074 3459 2131 Dei

1881 2155 2220 2212 absconditus
2241 2175 2334 2213 sex
2355 2161 2506 2216 annis
2523 2201 2540 2228 ,
2569 2162 2754 2232 quibus
2783 2167 3013 2234 regnavit
3036 2165 3276 2221 Athalias
3300 2184 3458 2238 super

1881 2255 2094 2302 terram.
2124 2247 2339 2304 Athalia
2367 2265 2498 2322 ergo
2526 2252 2675 2319 huic,
2703 2269 2824 2325 qua:
2853 2271 3035 2311 semen
3061 2257 3228 2313 David
3255 2259 3456 2313 exstin-

1881 2352 2044 2407 guere
2077 2339 2420 2408 moliebatur,
2457 2349 2512 2398 et
2546 2345 2752 2413 regiam
2789 2346 3010 2416 stirpem
3059 2347 3270 2414 delere,
3314 2349 3454 2405 bene

1878 2427 2210 2498 impietatem
2241 2432 2497 2500 exprimit
2523 2431 2819 2504 Synagogm
2836 2475 2851 2500 ,
2883 2450 3002 2504 qua:
3029 2451 3128 2505 per
3152 2437 3451 2506 nequitiam

1879 2518 2080 2572 mentis
2113 2521 2334 2574 seminis
2371 2520 2576 2587 David,
2613 2523 2717 2577 hoc
2749 2534 2829 2578 est
2869 2523 3104 2590 Christi,
3141 2525 3451 2582 insidiatrix

1878 2615 2028 2674 erat,
2067 2617 2121 2664 et
2155 2610 2337 2665 odium
2372 2621 2560 2667 contra
2591 2628 2713 2667 eum
2753 2629 2967 2685 semper
3000 2617 3054 2670 in
3094 2617 3257 2671 corde
3293 2631 3452 2685 gere-

1875 2701 1988 2755 bat.
2032 2701 2162 2768 Quas
2199 2704 2489 2774 aliquando
2534 2723 2763 2778 regnare
2802 2709 3106 2774 videbatur,
3149 2725 3272 2766 cum
3319 2709 3452 2780 legis

1877 2795 2228 2849 caeremonias
2263 2796 2630 2865 temporaliter
2663 2797 3008 2854 observabat.
3049 2799 3449 2870 Interpretatur

1875 2893 2056 2940 autem
2082 2886 2297 2941 Athalia
2323 2887 2621 2957 temporalis
2650 2888 2879 2943 Domini.
2911 2889 3018 2944 Sed
3038 2889 3298 2946 Josabcth
3320 2898 3456 2946 stre-

1875 2976 2116 3040 nuitate,
2144 2992 2264 3046 qua:
2301 2977 2688 3048 interpretatur
2715 2981 2966 3034 saturitas
2998 2980 3246 3050 Domini,
3278 2983 3335 3037 id
3368 2992 3453 3039 est

1874 3064 2160 3133 Ecclesiae,
2191 3067 2246 3121 in
2276 3083 2384 3137 qua
2413 3084 2556 3124 vera:
2585 3079 2710 3124 sunt
2739 3070 2976 3137 deliciae,
3009 3081 3259 3126 servatur
3286 3070 3414 3128 loas
3434 3113 3451 3139 ,

1875 3155 1966 3224 qui
2005 3156 2392 3226 interpretatur
2424 3160 2674 3214 memoria
2710 3159 2956 3226 Domini,
2984 3160 3233 3217 Christus
3263 3162 3452 3217 videli-

161 3251 237 3290 ne
269 3239 345 3292 de
377 3254 732 3297 numerorum
761 3259 972 3300 summa
1002 3259 1347 3306 remanentes
1373 3252 1500 3306 anni
1529 3268 1768 3311 errorem
1798 3249 1842 3312 C
1875 3252 1994 3311 (εει,
2031 3245 2084 3299 in
2121 3262 2229 3316 quo
2266 3248 2529 3304 memoria
2563 3258 2646 3304 εει
2686 3251 2921 3305 nominis
2955 3251 3165 3306 Domini
3188 3291 3203 3317 ι
3245 3267 3312 3307 ne
3351 3265 3451 3321 Per

161 3325 223 3380 in
260 3327 620 3399 indagatione
661 3341 967 3405 temporum
1009 3337 1270 3397 facerent.
1315 3342 1581 3401 Ochozias
1615 3347 1761 3402 enim

161 3417 315 3470 vixit
355 3417 432 3473 25
467 3421 652 3489 annis,
686 3438 755 3480 ex
783 3426 980 3495 quibus
1011 3445 1120 3485 uno
1152 3438 1362 3487 tantum
1398 3449 1540 3489 anno
1575 3449 1768 3507 regna-

163 3505 272 3560 vit.
313 3505 551 3566 Collatio
588 3513 732 3568 enim
764 3515 1014 3574 lectionis
1052 3519 1177 3576 libri
1211 3522 1420 3593 Regum
1458 3526 1586 3584 huic
1622 3505 1767 3598 qua:-

159 3599 341 3654 stioni
372 3602 646 3661 solvendae
679 3623 935 3680 magnum
964 3615 1170 3682 praebet
1195 3617 1476 3674 auxilium.

240 3690 432 3762 Igitur
470 3696 693 3754 Azarias
727 3700 872 3770 ﬁlius
900 3703 1085 3777 lotam
1113 3724 1206 3762 rea:
1233 3708 1271 3763 J
1276 3710 1380 3764 uda
1408 3712 1672 3769 descendit
1701 3724 1760 3770 ut

162 3783 424 3877 inviseret
469 3787 654 3844 Joram
693 3791 866 3862 ﬁlium
905 3795 1083 3853 Achab
1132 3801 1188 3854 in
1227 3800 1473 3859 Jesrahel
1499 3816 1765 3877 aegrotanc

167 3885 297 3931 tem.
337 3876 444 3934 Hic
477 3879 700 3939 Azarias
733 3887 897 3956 paulo
927 3891 1176 3961 superius
1209 3894 1474 3952 Ochozias
1507 3876 1764 3954 nomina-

168 3976 259 4024 tus
288 3979 410 4038 est,
443 3971 709 4032 Ochozias
748 3980 893 4036 enim
934 3981 1324 4054 interpretatur
1363 3991 1756 4061 apprehendens

169 4060 469 4118 Dominum
490 4106 504 4131 ,
540 4076 597 4122 et
627 4068 852 4127 Azarias
883 4075 1211 4145 adjutorium
1247 4060 1483 4135 Domini.
1527 4081 1764 4155 Ideoque

121 4209 127 4212 4
170 4157 226 4205 et
257 4151 481 4209 Hebrari
512 4165 705 4226 putant
750 4170 1015 4219 mutatum
1057 4165 1108 4221 ei
1151 4183 1350 4224 nomen
1385 4171 1441 4225 in
1472 4151 1764 4232 nteliusin

170 4241 278 4298 hoc
315 4243 441 4301 loco
459 4287 474 4313 ,
505 4263 572 4302 eo
602 4251 744 4320 quod
773 4251 931 4323 juxta
961 4267 1290 4330 praeceptum
1321 4260 1538 4320 Domini
1575 4267 1644 4322 ad
1674 4267 1762 4322 in—

171 4334 400 4392 ﬁrmum
432 4339 764 4398 visitandum
793 4346 1166 4405 descenderat.

255 4426 567 4488 Voluntatis
589 4437 779 4508 quippe
804 4439 905 4509 fuit
930 4441 1031 4498 Dei
1054 4445 1330 4502 adversum
1354 4448 1639 4506 Ochoziam
1660 4493 1676 4520 ,
1703 4463 1761 4510 ut

173 4520 368 4575 veniret
391 4523 464 4576 ad
481 4523 519 4578 Ι
521 4543 690 4596 oram,
714 4538 902 4587 etcum
921 4535 1166 4603 venisset,
1193 4547 1249 4592 ut
1291 4541 1621 4611 egrederetur
1642 4563 1761 4601 cum

1873 3335 2248 3392 crudelitatem
2279 3339 2552 3395 saevientis
2587 3341 2758 3396 hostis
2794 3341 3142 3396 interimatur
3176 3341 3231 3396 in
3267 3341 3448 3397 cordi-

1870 3426 1972 3481 bus
2001 3426 2296 3482 electorum
2315 3469 2330 3495 ,
2363 3429 2645 3500 magisque
2675 3432 2948 3486 nutriatur
2975 3432 3032 3486 in
3061 3433 3221 3487 domo
3245 3431 3450 3489 Joiadaz

1868 3517 2175 3588 pontiﬁcis,
2204 3521 2296 3589 qui
2319 3520 2546 3576 delectus
2572 3523 2787 3578 Domini
2814 3524 3222 3594 interpretatur,
3249 3525 3316 3580 de
3342 3541 3451 3595 quo

1866 3608 2044 3666 Patris
2078 3626 2182 3667 vox
2214 3613 2291 3668 ait
2320 3632 2332 3667 :
2372 3611 2479 3666 Hic
2515 3623 2590 3669 est
2624 3613 2800 3669 Filius
2834 3632 2980 3670 meus
3014 3615 3234 3670 dilectus
3260 3619 3316 3670 in
3343 3633 3448 3687 quo

1865 3702 1994 3755 mihi
2022 3703 2148 3757 bene
2174 3703 2467 3775 complacui
2495 3704 2724 3778 (Matth.
2753 3723 2863 3763 xvn
2882 3707 2921 3779 ).
2954 3707 3119 3780 Cujus
3146 3709 3338 3767 domus
3363 3718 3450 3766 est

1865 3803 2056 3851 sancta
2085 3795 2328 3852 Ecclesia
2345 3837 2362 3864 ,
2395 3798 2487 3854 ubi
2518 3798 2572 3853 in
2598 3798 2704 3855 ﬁde
2728 3801 3024 3857 electorum
3052 3818 3280 3860 manens
3307 3818 3447 3874 quos

1864 3886 1998 3940 tidie
2027 3886 2161 3943 facit
2188 3898 2534 3961 augmentum
2566 3892 2812 3962 corporis
2840 3894 2920 3948 sui
2949 3934 2964 3959 ,
2996 3895 3166 3950 donec
3197 3903 3444 3965 tempore

1857 3973 2049 4044 judicii
2093 3985 2367 4048 sceptrum
2409 3979 2558 4051 regni
2602 3987 2656 4034 et
2705 3983 3004 4050 potentiam
3050 3983 3310 4039 adversus
3351 3998 3447 4040 eos

1865 4069 2085 4124 extollet
2119 4071 2211 4140 qui
2244 4084 2368 4126 eum
2405 4071 2710 4141 deprimere
2746 4074 3088 4144 cogitabant,
3127 4082 3182 4130 et
3223 4073 3446 4130 interfe-

1866 4159 2090 4215 ctricem
2120 4169 2432 4218 sanctorum
2462 4163 2680 4219 aeternis
2708 4165 2987 4233 deputant
3012 4166 3234 4234 poenis.-

2432 4274 2657 4331 CAPUT
2690 4275 2874 4331 XXIII.

2356 4366 2603 4438 Sequitur
2645 4368 2710 4421 de
2754 4383 2936 4438 supra.

1933 4458 1952 4527 (
1981 4455 2026 4511 ll
2058 4456 2194 4518 Pas.
2224 4473 2382 4513 xxm.
2410 4456 2430 4527 )
2465 4458 2616 4511 Anno
2651 4466 2828 4511 autem
2859 4456 3078 4526 septimo
3109 4455 3438 4526 confortatus

1863 4545 2062 4601 Joiada
2105 4547 2387 4616 assumpsit
2427 4547 2786 4607 centuriones,
2829 4545 3081 4599 Asariam
3109 4543 3344 4599 videlicet
3371 4547 3442 4614 ﬁ-

173 4625 232 4664 eo
263 4614 546 4671 adversum
575 4618 715 4675 Jehu
745 4623 858 4691 ﬁlio
889 4623 1080 4682 Namsi
1099 4669 1114 4696 ,
1142 4647 1295 4701 quem
1322 4635 1472 4688 unxit
1501 4635 1760 4693 Dominus
1784 4617 1838 4678 D
1864 4634 1995 4688 lium
2020 4614 2308 4701 Jeroham,
2336 4643 2383 4689 et
2410 4633 2640 4689 lsmahel
2668 4633 2840 4703 ﬁlium
2866 4633 3115 4689 Johanan
3134 4672 3151 4700 ,
3184 4633 3439 4689 Azariam

173 4715 232 4796 ut
263 4707 463 4765 deleret
491 4713 705 4770 domum
733 4717 933 4776 Achab.
963 4721 1096 4777 Cum
1123 4741 1243 4796 ergo
1270 4727 1580 4783 subverteret
1621 4728 1761 4784 Jehu

174 4795 390 4854 domum
419 4801 630 4872 Achab,
661 4808 853 4864 invenit
883 4814 1143 4887 principes
1170 4795 1347 4884 Iuda,
1385 4828 1432 4874 et
1461 4820 1601 4889 ﬁlios
1645 4820 1759 4890 fra-

177 4895 315 4943 trum
346 4892 615 4964 Ochozite,
639 4901 730 4970 qui
752 4902 1120 4959 ministrabant
1145 4907 1228 4972 ei,
1256 4918 1303 4962 et
1329 4910 1583 4980 interfecit
1614 4910 1754 4966 illos.

179 4976 467 5056 Ipsumque
495 4991 798 5058 perquirens
825 4993 1109 5050 Ochoziam
1130 5038 1148 5064 ,
1179 4976 1562 5070 comprehendit
1590 5001 1758 5058 laten-

181 5078 278 5126 tem
309 5077 366 5130 in
396 5077 649 5134 Samaria
675 5083 1064 5157 adductumque
1092 5088 1162 5142 ad
1190 5105 1245 5144 se
1269 5090 1476 5144 occidit.
1504 5090 1757 5148 Refertur

181 5157 236 5250 in
271 5164 502 5222 hiStoria
539 5167 746 5240 Regum
779 5174 1012 5242 qualiter
1039 5192 1137 5247 per
1166 5177 1400 5233 Eliseum
1438 5181 1756 5250 prophetam

181 5247 443 5340 Dominus
471 5259 807 5317 ordinaverit
833 5263 969 5320 Jehu
999 5267 1067 5322 ad
1096 5247 1507 5340 exstirpandum
1535 5247 1756 5330 domum

182 5335 402 5412 Achab,
453 5356 509 5402 et
556 5350 870 5408 sacerdotes
914 5354 1044 5409 Baal
1089 5335 1511 5415 interﬁciendos.
1563 5359 1666 5429 Qui
1703 5370 1760 5420 et

183 5439 450 5502 percussit
485 5439 670 5497 Joram
708 5461 889 5516 regem
924 5445 1123 5515 Israel,
1158 5458 1212 5505 et
1242 5449 1534 5507 Ochoziam
1574 5468 1756 5525 regem

185 5519 346 5614 Iuda,
379 5537 433 5585 et
459 5530 677 5591 chabel
707 5536 1081 5608 impiissimam
1112 5541 1352 5612 reginam
1382 5543 1446 5598 de
1472 5519 1672 5614 palatiu
1701 5546 1755 5600 in

187 5610 432 5707 Iezrahel
464 5626 804 5697 prazcipitare
834 5630 979 5685 fecit.
1014 5630 1150 5688 Jehu
1179 5610 1327 5688 enim
1362 5610 1539 5706 typice
1575 5644 1756 5707 potest

190 5704 468 5795 designare
507 5719 746 5786 gentium
783 5723 1145 5792 principatum
1167 5765 1182 5791 ,
1213 5740 1372 5795 quem
1387 5704 1660 5785 Dominus
1689 5746 1754 5787 ac

195 5793 514 5879 Redemptor
547 5821 732 5870 noster
766 5814 1063 5874 destinavit
1093 5825 1154 5875 ut
1185 5793 1246 5874 in
1269 5819 1531 5893 sacrilega
1561 5823 1754 5889 civita-

1861 4743 2064 4798 quoque
2092 4727 2265 4796 ﬁlium
2299 4725 2478 4792 Obed,
2520 4733 2568 4781 et
2610 4724 2873 4780 Maasiam
2914 4724 3084 4795 ﬁlium
3129 4725 3346 4791 Adaiaz,
3388 4735 3440 4780 et

1867 4820 2143 4890 Elizaphat
2183 4817 2355 4888 ﬁlium
2393 4816 2610 4884 Zechri,
2637 4827 2684 4872 et
2715 4819 2829 4872 iniit
2855 4834 2974 4873 cum
2999 4818 3076 4873 eis
3107 4817 3294 4886 foedus.
3329 4819 3435 4883 Qui

1858 4911 2234 4965 circumeuntes
2259 4909 2460 4964 Judam
2477 4949 2493 4975 ,
2525 4918 2960 4980 congregaverunt
3000 4908 3204 4963 Levitas
3230 4909 3295 4962 de
3323 4925 3431 4962 om-

1858 5001 2011 5055 nibus
2042 4999 2169 5055 locis
2193 4999 2370 5066 Iuda,
2399 5008 2446 5053 et
2472 5001 2730 5071 principes
2763 4999 3088 5068 familiarum
3116 4999 3286 5055 Israel
3308 5039 3324 5064 ,
3355 5017 3414 5054 vc

1859 5101 2144 5163 noruntque
2184 5091 2240 5146 in
2277 5090 2593 5146 Jerusalem.
2637 5091 2764 5145 Iniit
2793 5108 2914 5162 ergo
2945 5093 3112 5146 omnis
3155 5092 3452 5178 multitudo.

1858 5193 2066 5256 pactum
2099 5185 2154 5239 in
2186 5183 2589 5245 domo.Domini
2623 5201 2742 5238 cum
2771 5201 2922 5255 rege,
2959 5193 3065 5240 etc.
3101 5185 3177 5241 De
3205 5186 3308 5240 hac
3339 5201 3431 5241 ca-

1860 5276 1980 5332 dem
2011 5291 2070 5332 re
2096 5283 2152 5331 et
2178 5277 2234 5332 in
2265 5276 2402 5332 libro
2423 5276 2632 5347 Regum
2657 5286 2852 5346 quarto
2880 5285 3136 5334 narratur
3160 5295 3174 5332 :
3198 5278 3253 5332 in
3279 5278 3436 5349 cujus

1859 5366 2198 5436 expositione
2225 5381 2347 5436 quae
2373 5381 2442 5423 ex
2469 5364 2690 5421 Patrum
2720 5367 2880 5423 dictis
2907 5367 3196 5438 explanata
3226 5367 3436 5423 inveni-

1861 5475 2019 5526 mus,
2057 5460 2402 5515 inseruimus.
2445 5457 2553 5513 Sed
2587 5466 2644 5514 et
2677 5473 2821 5514 nunc
2858 5451 3128 5530 quomodo
3165 5457 3436 5530 Iosephus

1857 5552 2156 5608 historicus
2200 5549 2510 5606 Iudaeorum
2565 5551 2632 5606 de
2682 5551 2788 5608 hoc
2835 5553 3037 5608 referat
3087 5553 3448 5609 inserendum

1857 5657 2171 5709 censemus,
2207 5649 2270 5698 ut
2306 5641 2478 5697 lector
2511 5641 2741 5710 diligens
2770 5658 2894 5698 cum
2933 5643 3269 5699 diversorum
3301 5656 3432 5696 nar-

1856 5733 2097 5788 rationes
2121 5731 2386 5797 audierit,
2415 5729 2626 5787 facilius
2649 5732 2932 5788 veritatem
2960 5734 3040 5788 rei
3068 5733 3238 5792 possit
3264 5745 3404 5802 agno
3429 5769 3433 5774 -

1856 5837 2031 5882 scere.
2075 5841 2094 5877 ι
2129 5821 2232 5891 Qui
2278 5823 2378 5880 hoc
2421 5822 2582 5885 modo
2628 5823 2844 5885 refert;
2889 5822 3157 5884 Ochozias
3201 5838 3268 5880 ex
3317 5835 3431 5882 uno
