3920 6464
478 291 588 350 499
1154 293 1215 346 Β.
1259 293 1512 350 BABANI
1550 295 1771 352 MAURI
1804 297 2037 353 ARCHI]

2166 296 2476 358 MOGUNT.
2519 298 2804 358 OPERUM
2844 299 3023 359 PARS
3060 301 3103 357 Ι.
3658 303 3763 358 500

475 409 637 477 patre
664 407 857 461 habuit
883 415 1128 459 sororem
1155 405 1375 460 nomine
1403 403 1659 461 Josabcth
1682 447 1697 472 ,
1728 407 1815 462 cui
1844 407 2060 477 copula-
2085 412 2139 474 Α
2163 405 2306 463 ferre
2332 417 2653 466 tentaverat.
2681 407 2872 468 Joiada
2915 428 3046 469 vero
3090 427 3321 472 evocans
3361 418 3762 482 centuriones,

477 503 570 553 ιω
601 502 727 554 ent
758 493 998 564 puniti:
1035 491 1248 551 histis.
1283 495 1413 554 ibe
1446 497 1689 568 ingressa
1724 499 1929 569 regiam
1963 498 2060 554 do-
2156 503 2322 576 jussit
2352 512 2413 559 ut
2442 505 2732 561 educerent
2753 504 3026 562 Athaliam
3066 507 3121 560 in
3162 506 3467 562 convallem
3498 504 3756 575 Cedron,

473 600 664 655 mum,
693 586 787 643 uti
806 593 970 642 erant
995 585 1271 642 interfecti
1305 586 1406 642 ﬁlii
1436 602 1654 658 regulm
1684 587 1812 645 leas
1838 589 2037 644 nomint

2163 611 2395 668 eamque
2433 596 2545 653 illic
2573 598 2908 668 perimerent
2930 638 2946 664 ,
2985 613 3055 653 ne
3095 598 3354 669 templum
3373 640 3390 665 ,
3423 598 3754 658 occidentes

834 674 1149 731 anniculam
1191 675 1428 733 celatum
1471 677 1751 734 inveniens
1794 693 1921 733 cum
1962 693 2060 734 nu-
2163 686 2278 742 illic
2309 687 2638 754 veneﬁcam,
2679 687 2965 744 violarent.
3000 687 3176 744 Unum
3215 688 3582 759 praecipiens,
3614 701 3684 746 ut
3707 693 3751 748 si

473 764 646 831 ariae.
673 772 737 823 et
771 773 996 836 portans
1027 765 1084 821 in
1115 767 1428 823 cubiculim
1461 767 1688 837 clausit,
1723 778 1780 826 et
1826 769 2058 827 latenter
2159 777 2284 848 quis
2309 778 2361 833 ei
2387 778 2532 836 ferre
2557 778 2691 835 velit
2712 779 2974 836 auxilium
2995 819 3012 846 ,
3037 778 3155 849 pari
3174 788 3328 838 sorte
3351 781 3747 851 perimes-etum

459 856 790 928 aiuitipm,
812 863 876 913 et
901 858 989 914 vir
1009 857 1130 928 eius
1153 857 1343 916 loiada
1368 859 1430 914 in
1459 861 1693 933 templo,
1725 869 1934 933 septem
1959 878 2058 919 ιιι-
2159 868 2312 925 Tunc
2347 869 2598 940 quidam,
2637 870 2725 928 cui
2759 869 2942 927 tum
2970 869 3098 940 ejus
3125 871 3369 942 iniuncta
3395 873 3745 942 βωμία,

459 945 581 1016 ἐι.
599 946 808 1018 quibus
833 947 892 1003 in
911 947 1304 1021 Hierosolymis
1328 965 1496 1022 super
1523 952 1660 1009 duos
1680 953 1862 1010 tribus
1885 954 2057 1011 Atha-

465 1035 547 1100 lil
575 1039 830 1113 meavit
857 1055 874 1106 ;
911 1041 1144 1112 septimo
1181 1057 1312 1098 vero
1341 1059 1488 1100 anno
1523 1043 1716 1101 Joiada
1749 1048 1899 1104 hunc
1931 1061 2052 1105 ser-

470 1143 689 1191 monem
711 1132 964 1202 pandidit
989 1134 1230 1204 quinque
1253 1133 1387 1190 viris
1407 1137 1840 1204 centurionibus,
1859 1138 2054 1209 eisque

462 1225 644 1282 suasit
670 1235 737 1282 ut
765 1227 822 1283 ei
851 1227 1221 1286 consisterent
1251 1238 1446 1286 contra
1479 1247 1544 1288 ea
1581 1248 1702 1302 qua:
1739 1235 1805 1288 ab
1837 1232 2053 1290 Athalia

465 1319 687 1377 fuerant
717 1331 1064 1394 perpetrata,
1109 1331 1168 1379 et
1209 1340 1436 1396 regnum
1481 1325 1679 1380 infanti
1726 1327 2048 1383 traderent:

467 1423 935 1486 percepturusque
961 1415 1036 1471 ab
1067 1416 1157 1472 eis
1181 1417 1567 1488 jusjurandum
1602 1419 1747 1490 quod
1785 1420 2048 1477 securitas

465 1503 601 1560 talia
646 1505 969 1576 gerentibus
1023 1517 1422 1579 prtepararetur
1439 1549 1454 1575 ,
1509 1509 1746 1578 prodidit
1798 1510 1878 1565 eis
1922 1491 2050 1580 [quae

469 1596 707 1668 gerenda
743 1597 924 1652 forent
957 1606 1122 1669 atque
1155 1599 1495 1670 complenda.
1528 1601 1681 1656 Tunc
1716 1600 1819 1656 viri
1850 1601 2049 1671 quibus

465 1689 723 1744 sacerdos
750 1688 942 1746 loiada
979 1706 1139 1747 suum
1179 1693 1466 1749 consilium
1503 1694 1889 1761 commiserat,
1935 1695 2042 1750 cir-

2149 974 2380 1018 umm
2405 960 2676 1018 Athaliam
2707 961 2929 1018 deduxit
2951 976 3077 1018 eam
3106 961 3176 1017 ad
3203 969 3420 1032 portam
3462 961 3746 1017 mtuam

2147 1054 2332 1126 regis,
2351 1063 2413 1111 et
2431 1055 2540 1112 illic
2568 1054 2862 1112 interfecit.
2889 1074 2911 1108 ι
2932 1053 3063 1111 [huc
3081 1053 3370 1125 Iosephus.
3392 1053 3576 1110 Pam
3595 1055 3747 1124 qud

2153 1142 2213 1199 in
2235 1143 2466 1200 historia
2501 1146 2764 1215 scriptum
2799 1153 2915 1213 est,
2943 1143 3090 1215 quod
3118 1145 3328 1199 snserit
3367 1142 3578 1198 Jeiada
3619 1160 3751 1214 ροι-

2147 1236 2288 1306 lifew
2327 1245 2382 1292 et
2413 1237 2512 1306 [iiii
2541 1240 2658 1308 ejus
2683 1237 2838 1295 Joam
2877 1240 2935 1295 in
2979 1252 3162 1311 regem
3179 1278 3195 1305 ,
3241 1237 3634 1307 imprecatique
3673 1238 3751 1292 di-

2153 1329 2338 1384 xerint
2367 1346 2383 1382 :
2419 1328 2573 1384 Vivat
2600 1343 2694 1386 rex
2717 1371 2734 1397 ,
2765 1331 2907 1386 ﬁlios
2933 1328 3138 1386 Ioiadas
3165 1329 3609 1400 synechdocbice
3645 1343 3745 1398 pro

2155 1418 2273 1475 solo
2300 1419 2559 1475 Zacharia
2587 1420 2801 1492 posuit,
2831 1421 2923 1491 qui
2964 1420 3226 1490 propheta
3251 1425 3403 1483 erat,
3437 1431 3612 1487 quem
3651 1431 3747 1484 po-

2153 1522 2272 1569 stea
2309 1513 2455 1569 idem
2495 1511 2623 1570 Joas
2661 1512 2968 1580 interfecit,
3006 1519 3068 1567 ut
3108 1511 3177 1566 ad
3215 1524 3479 1581 magnum
3512 1510 3743 1564 damna-

2151 1603 2316 1659 tionis
2357 1604 2658 1674 pertineret
2693 1611 3073 1676 augmentum,
3119 1616 3244 1656 eum
3281 1600 3610 1656 interficere
3655 1601 3744 1669 qui

2153 1709 2214 1753 se
2241 1697 2296 1752 in
2326 1712 2509 1768 regem
2537 1705 2790 1752 unxerat.

463 1788 784 1836 cumcuntes
812 1796 1002 1838 omnes
1021 1783 1376 1852 provinciam,
1407 1786 1718 1841 sacerdotes
1748 1793 1803 1840 et
1828 1784 2046 1842 Levitas
2073 1769 2123 1830 Β
2221 1785 2377 1853 Quod
2407 1803 2525 1840 cum
2554 1787 2786 1842 audisset
2814 1785 3029 1840 Athalia
3068 1800 3242 1839 uocem
3285 1782 3488 1838 scilicet
3529 1798 3747 1837 cm-

462 1878 857 1942 congregantes
882 1887 950 1927 ex
978 1886 1042 1927 ea
1061 1913 1077 1938 ,
1103 1873 1266 1928 simul
1289 1882 1346 1929 et
1368 1875 1642 1945 principes
1667 1876 1907 1931 tribuum
1930 1891 2046 1931 om-

461 1974 591 2026 nes,
633 1959 1039 2034 llierosolymas
1070 1965 1139 2019 ad
1171 1965 1482 2034 pontiﬁcem
1529 1966 1890 2023 deduxerunt.
1939 1967 2044 2035 Qui

459 2066 588 2108 mox
610 2052 776 2108 ﬁdem
798 2054 867 2108 ab
885 2057 967 2111 eis
990 2055 1342 2127 jurejurando
1362 2059 1500 2128 petit
1523 2067 1584 2114 ut
1606 2061 1751 2131 quod
1777 2061 1845 2117 ab
1872 2075 1937 2116 eo
1961 2075 2047 2116 co-

461 2153 786 2214 gnoscerent
805 2161 932 2201 cum
961 2147 1332 2206 taciturnitate
1359 2159 1676 2218 servarent,
1699 2152 1871 2207 donec
1891 2151 2044 2208 nisus

457 2231 577 2304 eius
617 2235 944 2292 intentionis
987 2240 1258 2308 potuisset
1292 2241 1530 2312 impleri.
1570 2240 1781 2309 Quibus
1811 2241 2042 2312 juranti«

455 2325 589 2393 bus,
615 2342 841 2385 secums
869 2329 1123 2398 elfectus,
1153 2333 1377 2388 deduxit
1403 2349 1529 2389 eum
1557 2350 1719 2404 quem
1751 2336 1815 2390 de
1844 2350 2044 2405 genere

457 2415 630 2474 David
660 2421 981 2478 enutrierat.
1014 2422 1152 2489 Iste,
1183 2424 1360 2494 inquit
1379 2466 1394 2491 ,
1424 2425 1579 2480 vobis
1606 2442 1705 2482 rex
1734 2441 1801 2481 ex
1830 2426 1919 2481 illa
1946 2425 2042 2482 do-

457 2522 552 2566 mo
583 2510 724 2576 erit,
759 2526 926 2582 quam
957 2513 1132 2569 nostis
1165 2513 1453 2569 Dominum
1485 2517 1842 2585 prophetasse
1879 2529 2042 2585 super

453 2615 559 2658 nos
588 2603 740 2658 omni
773 2611 1020 2674 tempore
1052 2614 1422 2676 regnatorem.
1457 2603 1650 2662 Moneo
1681 2607 2042 2676 siquidem-ut

449 2692 674 2749 tertiam
717 2702 930 2764 partem
976 2704 1218 2750 vestram
1255 2711 1380 2750 eum
1425 2696 1481 2750 in
1526 2696 1725 2766 templo
1767 2695 2041 2752 custodire

452 2784 695 2855 faciatis,
721 2796 960 2858 quatuor
984 2802 1116 2844 vero
1141 2788 1198 2843 in
1227 2787 1478 2844 omnibus
1503 2787 1689 2857 templi
1711 2786 1895 2856 januis
1924 2794 2037 2842 sta-

450 2877 650 2945 tuatis,
686 2878 898 2948 reliqua
933 2893 1067 2936 vero
1103 2893 1234 2951 pars
1269 2886 1454 2934 teneat
1487 2887 1704 2949 portam
1739 2893 1861 2947 quae
1891 2876 2041 2932 ducit

455 2966 526 3022 ad
557 2975 699 3023 tecta
730 2967 934 3039 regalia
955 3008 971 3035 ,
1003 2967 1110 3024 alia
1156 2982 1288 3024 vero
1321 2968 1547 3024 inermis
1579 2966 1870 3022 multitudo
1902 2982 2038 3023 con-

451 3059 612 3116 sistat
654 3060 708 3115 in
753 3060 992 3130 temple,
1037 3059 1355 3132 nullumque
1398 3068 1666 3115 armatum
1707 3058 2038 3128 permittatis

452 3150 697 3220 intrare,
729 3153 837 3208 nisi
868 3152 1248 3209 tantummodo
1278 3153 1613 3210 sacerdotes.
1659 3152 1862 3223 Eisque
1888 3166 2031 3222 prve-
2061 3135 2109 3198 C

448 3246 594 3318 cepit
619 3257 681 3303 ut
710 3247 893 3320 aliqua
919 3262 1048 3318 pars
1077 3247 1425 3303 sacerdotum
1460 3253 1516 3302 et
1544 3245 1858 3301 Levitarum
1890 3245 2037 3300 circa

447 3337 626 3410 ipsum
657 3352 844 3411 regem
873 3338 1186 3404 assisterct,
1219 3353 1345 3394 eum
1371 3337 1678 3408 evaginatis
1710 3335 1900 3406 gladiis
1929 3335 2036 3390 cir-

445 3427 801 3495 cumdantes,
839 3436 901 3483 ut
938 3427 984 3484 Si
1016 3427 1140 3498 quis
1171 3435 1415 3482 armatus
1443 3426 1504 3481 in
1531 3425 1795 3495 templum
1828 3424 2036 3478 intrare

443 3526 799 3588 praemetet
817 3558 832 3584 ,
863 3526 1088 3587 repente
1116 3517 1502 3588 perimeretur,
1535 3524 1591 3571 et
1619 3515 1757 3570 nihil
1789 3523 2036 3570 metuen-

447 3617 568 3678 tes,
598 3624 784 3681 regem
820 3618 934 3665 tam
967 3610 1184 3666 fortiter
1215 3609 1593 3665 observarent.
1626 3607 1708 3664 Illi
1737 3623 1870 3664 vero
1898 3624 2032 3665 con-

449 3702 575 3760 silio
607 3703 883 3774 pontiﬁcis
917 3703 1265 3770 obedientes,
1307 3718 1462 3759 suam
1491 3703 1835 3760 voluntatem
1869 3719 2034 3775 opere

446 3795 813 3853 declararunt.
843 3793 1056 3854 interea
1087 3793 1279 3853 Joiada
1311 3797 1564 3868 aperiens
1595 3806 1994 3853 armamentum
2013 3838 2032 3866 ,

444 3889 590 3959 quod
626 3897 746 3945 erat
780 3888 838 3944 in
868 3887 1074 3961 templo
1119 3904 1151 3944 a
1196 3887 1370 3944 David
1413 3889 1768 3946 constitutum
1786 3929 1802 3956 ,
1849 3887 2034 3945 divisit

443 3979 858 4036 centurionibus
876 4020 893 4047 ,
930 3988 985 4036 et
1018 3980 1426 4045 sacerdotibus,
1460 3989 1516 4035 et
1548 3981 1756 4052 pariter
1788 3979 1995 4037 Levitis
2013 4020 2030 4047 ,

443 4085 598 4126 arma
628 4084 963 4142 quaecunque
991 4070 1106 4127 illic
1132 4071 1361 4138 invenit,
1392 4071 1611 4127 lanceas
1633 4079 1690 4126 et
1716 4072 2023 4142 pharetras,

443 4170 500 4218 et
526 4162 891 4234 quodcunque
920 4160 1066 4216 aliud
1113 4162 1472 4234 apprehendit
1511 4178 1684 4235 genus
1720 4177 2028 4229 armorum,

441 4259 499 4308 et
525 4260 769 4310 armatos
795 4253 941 4310 circa
973 4253 1235 4325 templum
1267 4255 1498 4320 statuit,
1528 4263 1591 4309 ut
1621 4268 1788 4309 manu
1817 4268 1916 4310 sua
1943 4260 2029 4310 to-

442 4353 561 4401 tum
587 4345 899 4416 constipare
923 4346 1242 4403 viderentur
1272 4349 1578 4418 ingressum
1597 4387 1613 4412 ,
1640 4355 1696 4402 et
1726 4347 1882 4416 quasi
1913 4361 2032 4402 mu-

2145 1875 2280 1928 rium
2299 1915 2314 1940 ,
2371 1883 2526 1944 atque
2559 1873 2892 1928 laudantium
2921 1888 3123 1943 regem,
3155 1873 3396 1942 ingressa
3426 1879 3508 1924 est
3557 1869 3630 1923 ad
3658 1885 3747 1939 po-

2145 1968 2329 2040 pulum
2370 1969 2426 2022 in
2466 1968 2712 2040 templum
2754 1967 2987 2022 Domini.
3030 1963 3263 2034 Cumque
3299 1963 3523 2018 vidisset
3573 1977 3744 2032 regem

2146 2070 2370 2116 stantem
2407 2077 2560 2131 super
2597 2059 2820 2130 gradum
2853 2058 2907 2112 in
2945 2057 3164 2111 introitu
3185 2097 3199 2121 ,
3231 2065 3278 2109 et
3309 2054 3592 2126 principes
3633 2062 3742 2104 tur-

2141 2169 2359 2225 masque
2388 2154 2528 2207 circa
2558 2168 2678 2207 eum
2700 2193 2716 2218 ,
2746 2151 2900 2205 scidit
2925 2150 3230 2205 vestimenta
3257 2164 3355 2204 sua
3373 2188 3389 2213 ,
3417 2156 3467 2201 et
3497 2147 3584 2200 ait
3607 2158 3626 2196 :
3658 2143 3748 2198 In-

2143 2245 2328 2308 sidiae,
2359 2243 2598 2308 insidiw,
2632 2252 2737 2298 etc.
2779 2241 3018 2297 Gradum
3061 2241 3190 2296 dicit
3223 2239 3558 2295 columnam
3601 2235 3746 2291 illam

2142 2337 2262 2392 sive
2303 2336 2477 2391 basim
2508 2350 2671 2406 quam
2708 2334 3037 2405 praeparavit
3079 2333 3332 2389 Salomon
3373 2332 3432 2387 in
3475 2331 3743 2394 basilica,

2141 2427 2211 2481 de
2251 2441 2360 2496 quo
2400 2425 2455 2479 in
2497 2425 2866 2496 superioribus
2897 2422 3174 2495 scriptum
3213 2434 3299 2478 est
3339 2423 3489 2493 quod
3533 2421 3746 2476 fecerat

2139 2517 2398 2572 Salomon
2429 2517 2605 2572 basim
2651 2531 2861 2572 aerucam
2881 2557 2895 2581 ,
2927 2524 2982 2571 et
3011 2523 3268 2585 posuerat
3294 2529 3420 2568 eam
3459 2514 3518 2568 in
3567 2512 3746 2567 medio

2140 2612 2379 2668 basilicae
2396 2654 2410 2677 ,
2437 2612 2731 2667 habentem
2757 2610 2998 2681 quinque
3023 2607 3235 2663 cubitos
3261 2604 3635 2676 longitudinis
3653 2644 3669 2666 ,
3696 2611 3746 2656 et

2139 2703 2378 2774 quinque
2401 2705 2613 2760 cubitos
2639 2701 2959 2768 latitudinis,
2983 2709 3040 2756 et
3064 2709 3175 2754 tres
3201 2697 3416 2752 cubitos
3443 2696 3498 2750 in
3531 2695 3711 2748 altum
3726 2733 3740 2758 ,

2139 2793 2462 2862 steteritque
2501 2805 2662 2862 super
2701 2807 2854 2858 eam,
2885 2800 2940 2847 et
2980 2790 3263 2859 deinceps,
3305 2785 3464 2841 ﬂexis
3507 2785 3741 2856 genibus

2139 2892 2331 2939 contra
2360 2884 2672 2939 universam
2701 2883 3106 2939 multitudinem
3133 2880 3298 2937 lsrael
3318 2920 3334 2946 ,
3365 2888 3422 2933 et
3450 2877 3660 2948 paimis
3686 2878 3739 2932 in

2138 2971 2337 3028 ctelum
2363 2971 2586 3036 levatis,
2614 2971 2868 3026 oraverit.

2211 3065 2417 3138 Pepigit
2441 3075 2618 3120 autem
2643 3063 2811 3133 {tedas
2837 3061 3034 3116 Joiada
3057 3061 3192 3115 inter
3216 3076 3300 3125 se,
3328 3059 3737 3126 universumque

2139 3155 2420 3228 populum,
2453 3165 2501 3210 et
2530 3171 2734 3224 regem,
2781 3163 2838 3207 ut
2875 3162 3007 3208 esset
3043 3150 3267 3222 papulas
3308 3148 3551 3204 Domini.
3597 3147 3734 3215 Quid

2140 3253 2223 3302 est
2260 3245 2404 3315 quod
2443 3245 2576 3300 dicit
2614 3241 2858 3298 Joiada-m
2890 3243 3033 3298 inter
3057 3257 3150 3308 se,
3180 3241 3620 3308 universumque
3645 3252 3736 3309 pe-

2138 3338 2321 3411 pulum
2351 3347 2408 3394 et
2437 3352 2622 3410 regem
2655 3337 2939 3406 pepegisse
2967 3334 3176 3400 fmdus,
3207 3333 3311 3387 nisi
3339 3332 3490 3402 quod
3522 3346 3588 3386 se
3619 3330 3732 3386 loco

2137 3428 2273 3501 legis
2301 3438 2356 3483 et
2382 3429 2512 3495 Dei,
2557 3426 2713 3496 cujus
2739 3426 3004 3482 minister
3038 3434 3192 3491 erat,
3231 3423 3458 3494 posuit?
3499 3423 3650 3477 sicut
3679 3423 3729 3476 in

2137 3521 2275 3578 libro
2305 3521 2513 3592 Regum
2541 3519 2868 3584 ostenditur,
2897 3516 2989 3571 ubi
3020 3517 3094 3571 ita
3121 3516 3386 3586 scriptum
3404 3520 3496 3568 est
3524 3532 3537 3567 :
3579 3511 3729 3581 Peri-

2135 3613 2209 3688 git
2236 3632 2357 3686 ergo
2381 3613 2578 3667 Joiada
2603 3612 2771 3682 fwdus
2795 3611 2932 3666 inter
2955 3608 3239 3663 Dominum
3259 3648 3273 3671 ,
3297 3615 3346 3661 et
3370 3606 3512 3659 inter
3536 3619 3726 3674 regem,

2136 3717 2186 3761 et
2216 3707 2351 3760 inter
2374 3703 2626 3776 populum
2645 3744 2660 3770 ,
2689 3713 2745 3757 ut
2770 3710 2902 3756 esset
2927 3699 3156 3771 populus
3181 3698 3420 3754 Domini.
3457 3694 3622 3751 Unde
3648 3695 3730 3748 in-

2136 3803 2470 3868 terpretatur
2520 3794 2808 3850 Domi-num
2855 3801 3188 3863 cognoscens
3206 3828 3222 3854 ,
3265 3788 3388 3843 sive
3429 3784 3728 3841 Demittunt

2137 3889 2365 3961 diligens
2382 3928 2396 3953 ,
2429 3886 2556 3957 quia
2588 3885 2876 3941 Dominum
2901 3895 3236 3954 cognoscere
3259 3877 3408 3933 ﬁlios
3437 3875 3610 3932 Israel
3639 3877 3730 3930 do-

2135 3983 2268 4039 cuit.
2310 3980 2525 4052 Pepigit
2564 3979 2748 4048 itaque
2787 3975 2969 4032 {tedas
2997 3974 3187 4030 Joiada
3215 3972 3362 4028 inter
3390 3968 3723 4031 Domina,

2135 4085 2191 4143 et
2225 4073 2516 4147 populum,
2557 4080 2612 4128 et
2657 4084 2869 4142 regem,
2913 4077 2975 4122 ut
3009 4067 3259 4136 utrique,
3289 4064 3395 4119 hoc
3422 4069 3513 4117 est
3547 4075 3644 4115 rex
3673 4067 3726 4114 tu

2127 4168 2400 4241 populus,
2429 4165 2726 4222 obedirent
2752 4161 2865 4217 Deo
2901 4168 2960 4216 et
2998 4159 3103 4231 legi
3145 4157 3282 4228 ejus.
3324 4154 3543 4225 Pepigit
3583 4154 3728 4206 inter

2135 4275 2318 4331 regem
2348 4267 2403 4316 et
2426 4255 2682 4330 populum
2699 4296 2714 4322 ,
2743 4255 2848 4311 hoc
2873 4262 2963 4309 est
2979 4293 2992 4318 ,
3024 4262 3086 4306 ut
3112 4249 3342 4321 populus
3369 4261 3504 4316 erga
3536 4258 3725 4316 regem

2134 4351 2367 4408 ﬁdeliter
2406 4356 2620 4421 ageret,
2659 4358 2715 4403 et
2747 4362 2851 4402 rex
2887 4344 3142 4416 populum
3171 4357 3299 4398 cum
3323 4339 3545 4408 justitia
3574 4353 3726 4409 rege-

443 4449 566 4492 runt
601 4435 841 4502 habere,
887 4437 1113 4494 studere
1155 4436 1498 4494 molirentur.
1550 4435 2030 4507 Producentesque

2147 4454 2252 4512 ret,
2281 4444 2378 4499 sub
2403 4441 2646 4496 manibus
2674 4439 3004 4495 sacerdotum
3031 4446 3078 4492 et
3106 4435 3412 4490 Levitarum
3435 4474 3451 4498 ,
3479 4445 3721 4502 quorum

438 4532 594 4590 Joam
617 4532 682 4587 in
705 4530 890 4587 medio
915 4545 1212 4602 puerorum
1232 4529 1292 4587 ei
1315 4531 1530 4602 regium
1551 4531 1806 4587 diadema
1829 4545 2027 4602 posue-

440 4633 602 4692 runt,
629 4633 688 4681 et
709 4638 924 4697 ungens
945 4639 1076 4680 eum
1107 4622 1298 4679 loiada
1319 4665 1333 4690 ,
1364 4637 1551 4696 regem
1584 4623 1902 4680 solemniter
1925 4637 2025 4679 or-

442 4717 670 4774 dinavit.
721 4714 962 4788 Populus
1011 4715 1197 4786 itaque
1246 4715 1487 4788 gaudeas
1532 4714 1787 4772 clamavit
1821 4735 1834 4770 :
1867 4715 2030 4771 Vivat

441 4811 579 4870 rex!
610 4811 785 4871 Porro
826 4791 1043 4870 A‘tbalia
1081 4811 1374 4868 tumultum
1415 4821 1472 4868 et
1508 4811 1697 4868 laudes
1723 4811 2029 4883 inopinatas

439 4913 664 4980 mpente
699 4920 1036 4979 cognoscens
1053 4948 1068 4972 ,
1107 4905 1465 4962 vehementer
1503 4903 1822 4977 perturbata
1843 4943 1858 4970 ,
1901 4917 2028 4958 cum

443 5014 544 5057 suo
571 4999 816 5058 exercitu
847 4998 915 5056 de
943 4998 1224 5071 regalibus
1253 4987 1523 5065 exsilivit;
1553 5006 1609 5055 et
1638 5013 1761 5054 cum
1791 4995 2031 5053 venisset

441 5096 512 5152 ad
538 5093 794 5168 templum
811 5134 827 5160 ,
852 5093 1168 5150 sacerdotes
1194 5091 1414 5164 quidam
1441 5105 1564 5146 eam
1590 5090 1843 5161 protinus
1869 5105 2028 5147 exce-

440 5193 666 5259 perunt,
697 5192 940 5241 armatos
967 5197 1098 5241 vero
1129 5185 1222 5254 qui
1250 5183 1622 5254 sequebantur
1652 5182 1878 5238 introire
1902 5197 2030 5253 pro-

441 5277 754 5335 hibuerunt.
791 5275 968 5333 Erant
1003 5278 1149 5334 enim
1191 5292 1223 5332 a
1263 5275 1520 5348 pontiﬁce
1546 5275 1850 5348 praepositi,
1887 5276 2030 5331 sicut

380 5355 384 5358 ’
443 5371 650 5428 dictum
699 5377 783 5428 est
808 5411 824 5438 ,
872 5378 936 5427 ut
983 5370 1171 5443 templi
1223 5369 1402 5426 aditus
1450 5371 1822 5427 observarent.
1873 5368 2028 5423 Tunc

445 5461 630 5531 itaque
663 5458 914 5529 Athalia,
949 5461 1142 5518 videns
1177 5475 1406 5532 puerum
1448 5468 1682 5518 stantem
1721 5474 1888 5531 super
1930 5459 2032 5514 tri—

445 5549 613 5608 bunal
649 5551 895 5622 regium,
926 5551 1083 5623 eique
1123 5551 1373 5608 diadema
1411 5552 1595 5625 regale
1635 5550 2029 5623 superimposi-

447 5654 599 5713 tum,
624 5644 796 5702 scissa
823 5653 975 5702 veste
1005 5660 1101 5701 sua
1125 5687 1138 5711 ,
1164 5631 1516 5701 vehementer
1543 5646 1855 5703 exclamans
1873 5687 1887 5712 ,
1915 5644 2032 5715 jus-

444 5738 524 5802 sit
548 5737 720 5799 occidi
752 5739 842 5812 qui
874 5739 926 5797 ei
958 5735 1088 5798 fecit
1127 5737 1391 5808 insidias,
1429 5747 1488 5798 et
1524 5739 1890 5811 principatum
1934 5753 2030 5792 au-

2054 4489 2108 4550 D

2132 4540 2293 4598 oﬂicii
2331 4538 2436 4594 fuit
2464 4546 2525 4593 ut
2553 4544 2823 4610 praecepta
2849 4531 3103 4596 Domini,
3138 4537 3193 4586 et
3219 4528 3464 4600 legitima
3497 4526 3620 4599 ejus
3644 4525 3724 4582 eis

2130 4633 2491 4690 insinuarent.

2699 4738 2928 4796 CAPUT
2957 4735 3147 4793 XXIV.

2133 4859 2212 4915 De
2261 4874 2320 4912 eo
2370 4855 2509 4928 quod
2549 4854 2680 4928 leas
2725 4844 3375 4928 prgcepiasacerdotibus
3422 4843 3722 4928 instaurare

2206 4938 2349 4984 sarta
2376 4917 2526 4981 'tecta
2565 4917 2751 4978 domus
2788 4917 3031 4986 Domini,
3059 4928 3104 4973 et
3145 4917 3410 4971 culturam
3457 4917 3720 4986 renovari!

2207 4997 2401 5078 teme“-
2423 4996 2523 5078 ,υε
2704 4992 2914 5075 ροεααω
2953 4985 3721 5078 ρεοξείθςίξεμςεηῖξίετίεεεεοξ

2205 5054 2481 5124 Zacharias
2497 5107 2514 5131 ,
2543 5054 2642 5134 lilii
2667 5064 2816 5133 ejus,
2843 5054 2996 5131 quem
3023 5054 3155 5114 Joas
3183 5074 3276 5112 rex
3299 5058 3445 5110 inter
3474 5054 3720 5124 templum

2206 5149 2254 5196 et
2281 5139 2450 5194 altare
2479 5135 2712 5192 occidere
2731 5134 2917 5204 jussit.
2950 5131 3029 5187 De
3056 5129 3201 5185 obitu
3227 5127 3384 5183 Joas.

2207 5269 2283 5344 (Il
2300 5267 2435 5326 Pan.
2458 5266 2633 5340 xxrv.)
2660 5265 2787 5321 Post
2808 5281 2926 5337 qua:
2943 5262 3143 5335 placuit
3162 5258 3295 5314 leas
3313 5268 3375 5312 ut
3394 5257 3716 5311 instaurant

2134 5369 2345 5421 domum
2376 5363 2608 5418 Domini.
2633 5360 3077 5432 Congregaritque
3097 5353 3394 5410 sacerdotes
3413 5360 3466 5406 et
3490 5349 3714 5411 Levites,

2133 5467 2180 5514 et
2203 5457 2337 5511 dixit
2366 5457 2439 5509 eis
2463 5469 2481 5506 :
2507 5452 2834 5524 Egredimini
2860 5449 2928 5503 ad
2955 5448 3188 5503 civitates
3211 5443 3248 5498 J
3253 5443 3361 5497 uda
3377 5484 3393 5508 ,
3419 5451 3470 5496 et
3493 5438 3716 5508 colligite

2133 5549 2198 5605 de
2225 5549 2462 5602 universo
2492 5543 2661 5599 Israel
2689 5542 2962 5614 pecuniam
2989 5538 3057 5593 ad
3084 5545 3230 5592 sarta
3257 5542 3394 5588 tecta
3421 5529 3601 5601 templi
3623 5524 3713 5580 Dei

2132 5641 2290 5696 vestri
2335 5655 2428 5709 per
2466 5635 2699 5707 singulos
2742 5649 2906 5687 annos
2932 5673 2947 5696 ,
3000 5629 3349 5700 festinatoque
3391 5624 3491 5677 hoc
3535 5619 3706 5688 facile.

2134 5731 2305 5789 Porro
2352 5728 2542 5784 Levitw
2585 5734 2797 5798 egerunt
2840 5721 3204 5795 negligentius.
3254 5715 3572 5786 Vocarilque
3623 5720 3711 5762 res
