3920 6466
503 423 612 482 503

1129 421 1192 477 B.
1232 418 1487 477 RABANI
1525 419 1746 478 MAURI
1784 417 2101 477 ARCHIEP.
2145 414 2452 473 MOGUNT.
2489 414 2772 474 OPERUM
2810 414 2987 471 PARS
3021 415 3061 470 ι.

3657 413 3762 470 5N

494 537 704 595 semina
731 547 832 606 per
855 540 1028 590 totum
1050 533 1238 589 orbem
1265 533 1621 605 sparserunt?
1646 541 1911 603 quatenus
1940 546 2066 602 ope-
2091 531 2146 593 Α
2169 531 2475 586 alimoniam
2504 533 2686 599 verbi,
2720 533 2912 602 cuique
2953 539 3111 602 prout
3139 529 3393 588 convenit
3421 531 3721 602 dispertiri
3741 574 3760 598 ,

493 629 668 686 rarios
711 625 1005 682 voluntatis
1048 625 1144 680 Dei
1191 624 1415 680 idoneos
1465 624 1521 679 in
1568 624 1903 680 auditoribus
1951 625 2063 680 suis

491 718 836 791 perﬁcerent.
899 715 1139 784 Quorum
1189 717 1282 772 alii
1329 717 1667 773 fabricabant
1709 716 1850 787 ligna
1874 757 1888 780 ,
1943 731 2066 771 cum

490 809 834 880 semetipsos,
865 815 922 864 et
947 823 1043 864 eos
1067 809 1159 880 qui
1189 809 1292 864 sibi
1322 808 1677 876 obediebant,
1721 808 1936 878 quando
1975 807 2067 862 illa

491 918 613 974 quae
639 917 739 974 per
763 901 1015 958 haeresim
1046 910 1102 958 et
1129 903 1421 958 schismata
1451 912 1610 974 rupta
1639 912 1830 971 erant,
1872 904 2064 959 resedi-

491 993 749 1054 ﬁcabant.
803 995 908 1050 Alii
946 1011 1078 1052 saxa
1112 997 1426 1065 caedebant,
1475 1013 1597 1052 cum
1625 998 1788 1053 duros
1816 998 1979 1052 corde
2013 1004 2068 1053 et

487 1083 799 1143 incredulos
824 1085 1034 1142 fortiter
1062 1087 1430 1157 increpabant.
1462 1085 1568 1142 Alii
1597 1087 1828 1143 metallis
1856 1087 1986 1142 ferri
2013 1095 2068 1142 et

487 1177 616 1234 teris
640 1177 1012 1246 fabricabant,
1052 1195 1174 1235 cum
1208 1179 1422 1235 ﬁrmum
1451 1181 1617 1236 robur
1644 1189 1804 1236 rectae
1832 1180 2066 1236 creduli-

488 1269 650 1335 tatis,
680 1277 738 1325 et
749 1270 963 1326 ‘claram
991 1270 1387 1329 confessionem
1418 1273 1698 1329 catholicae
1724 1271 1971 1328 veritatis
1998 1274 2065 1328 ab

487 1379 810 1434 unaquaque
834 1379 1066 1436 persona
1098 1366 1201 1421 rite
1237 1368 1600 1438 expetebant,
1652 1369 1725 1422 ita
1770 1377 1829 1422 ut
1877 1368 2066 1439 imple-

488 1461 643 1510 retur
679 1454 998 1511 instauratio
1041 1457 1233 1514 domus
1274 1459 1488 1515 Domini
1537 1460 1592 1513 in
1635 1461 1903 1515 universis
1946 1473 2066 1528 quae

485 1543 799 1614 indigebant
824 1559 1059 1616 expensa
1089 1548 1158 1602 ad
1193 1549 1540 1604 muniendum
1571 1549 1788 1603 domum
1814 1549 2064 1616 Domini,

480 1634 638 1705 juxta
668 1635 796 1690 illud
833 1636 1039 1692 dictum
1064 1638 1306 1709 Apostoli
1344 1653 1452 1709 quo
1489 1640 1604 1694 ait:
1646 1637 1937 1710 Unicuique
1962 1655 2062 1693 au-

485 1735 588 1781 tem
633 1737 866 1783 nostrum
914 1729 1041 1783 data
1089 1739 1166 1784 est
1210 1731 1380 1801 gratia
1427 1731 1713 1786 secundum
1762 1748 2065 1786 mensuram

481 1817 782 1873 donationis
829 1815 1026 1874 Christi
1062 1819 1278 1890 (Ephes.
1308 1820 1406 1894 1v).
1462 1822 1529 1875 Et
1572 1821 1732 1892 paulo
1773 1829 1938 1892 post:
1993 1820 2065 1875 Et

2171 621 2297 692 quia
2327 631 2453 678 sunt
2483 623 2537 678 in
2565 624 2744 680 verbis
2786 625 2881 680 Dei
2929 623 3184 678 nonnulla
3207 665 3221 689 ,
3255 639 3376 693 quae
3405 632 3626 678 nostrae.
3655 624 3760 678 hu-

2168 711 2384 768 militati
2431 713 2672 770 revelare
2720 722 2777 769 et
2825 714 2893 770 ad
2939 726 3138 770 nostrae
3189 713 3376 784 epulas
3428 713 3760 771 refectioni:

2166 804 2460 859 concedere
2486 845 2502 871 ,
2550 805 2801 876 dignatus
2840 815 2924 861 est
2958 804 3226 861 Christus.
3281 806 3423 861 Sunt
3467 805 3581 860 alia
3630 805 3758 859 item

2167 901 2329 950 tanta:
2356 895 2754 966 profunditatis,
2783 915 2901 969 quae
2935 898 3170 969 Spiritus
3201 900 3370 955 sancti
3404 898 3760 953 solummodo

2166 987 2406 1043 scientiae
2430 996 2678 1060 pateant;
2714 1001 2912 1046 nostra:
2932 1006 3062 1046 vero
3087 991 3407 1061 capacitatis
3434 1005 3547 1062 per
3571 989 3760 1044 omnia

2165 1093 2475 1134 mensuram
2499 1082 2896 1136 transcendant.
2936 1081 3231 1136 Thuribula
3255 1088 3439 1137 autem
3466 1079 3602 1135 illos
3631 1079 3764 1150 ﬁgu-

2166 1180 2283 1228 rate
2310 1174 2709 1240 demonstrant,
2741 1174 2831 1243 qui
2863 1174 3117 1228 mundam
3145 1174 3490 1240 orationem,
3525 1187 3598 1228 ex
3635 1188 3760 1226 cono

2167 1262 2391 1317 scientia
2439 1278 2576 1332 pura
2602 1304 2616 1330 ,
2669 1271 2724 1318 et
2769 1263 2875 1317 ﬁde
2907 1279 3012 1318 non
3044 1263 3168 1319 ﬁcta
3195 1305 3210 1330 ,
3259 1262 3508 1319 offerunt
3539 1263 3684 1327 Deo,
3713 1270 3763 1317 et

2164 1369 2288 1411 cum
2313 1353 2583 1424 Propheta
2610 1355 2791 1410 dicere
2821 1364 3048 1424 possunt
3071 1373 3085 1410 :
3122 1354 3405 1426 Dirigatur
3433 1355 3622 1408 oratio
3655 1370 3761 1406 mea

2166 1446 2297 1499 sicut
2338 1447 2605 1500 incensum
2645 1447 2700 1500 in
2742 1455 3018 1516 conspectu
3058 1454 3146 1499 tuo
3178 1443 3350 1516 (Psal.
3382 1444 3544 1513 CXL).
3601 1442 3762 1497 Tuba:

2167 1544 2344 1590 autem
2387 1536 2516 1605 quid
2563 1537 2705 1591 aliud
2754 1535 3101 1607 significant,
3149 1551 3310 1606 quam
3358 1535 3762 1607 przedicators

2167 1634 2404 1692 sanctos,
2435 1627 2528 1696 qui
2567 1628 2622 1681 in
2663 1635 2777 1681 toto
2805 1629 2935 1682 orbe
2963 1636 3259 1692 terrarum,
3291 1640 3492 1681 vocem
3529 1639 3763 1695 evange-

2167 1717 2283 1772 licae
2323 1717 2724 1787 praedicationis
2762 1720 3059 1774 emittunt?
3105 1717 3344 1786 Quorum
3375 1733 3651 1788 persona
3675 1732 3765 1786 per

2168 1812 2486 1880 prophetam
2517 1810 2718 1864 dictum
2746 1820 2868 1865 est:
2899 1809 3104 1876 Clama,
3130 1828 3193 1865 ne
3213 1827 3405 1875 cesses,
3446 1811 3620 1881 quasi
3651 1809 3766 1862 tuba

481 1912 612 1980 ipse,
650 1911 854 1981 inquit,
892 1912 1035 1967 dedit
1059 1913 1314 1984 quosdam
1340 1915 1550 1984 quidem
1579 1913 1861 1985 apostolos,
1910 1931 2064 1986 quos.
2088 1901 2139 1963 B
2166 1901 2340 1956 exulta
2368 1919 2539 1957 vocem
2561 1912 2729 1970 tuam,
2751 1912 2801 1957 et
2826 1905 3082 1958 annuntia
3107 1903 3296 1975 populo
3320 1903 3535 1959 scelera
3563 1919 3764 1968 eorum,

480 1999 604 2054 dam
637 2010 812 2056 autem
849 2003 1151 2072 prophetas,
1192 2001 1324 2058 alios
1361 2019 1480 2058 vero
1513 2002 1887 2074 evangelistas,
1933 2002 2066 2058 alios

478 2107 598 2146 vero
626 2101 861 2162 pastores
891 2100 940 2147 et
965 2093 1204 2148 doctores
1236 2093 1306 2148 ad
1334 2094 2066 2148 consummationemsancto-

478 2197 630 2247 rum,
672 2182 728 2236 in
766 2199 895 2253 opus
936 2184 1254 2250 ministerii,
1301 2183 1360 2240 in
1396 2182 1800 2252 aediﬁcationem
1831 2183 2064 2254 corporis

479 2268 698 2326 Christi.

550 2357 784 2431 Cumque
807 2379 986 2418 omnes
1006 2362 1343 2434 complessent
1367 2363 1544 2418 omnia
1565 2378 1744 2434 opera,
1767 2361 2065 2417 detulerunt

477 2464 656 2502 coram
684 2467 801 2520 rege
825 2461 873 2504 et
892 2451 1089 2506 Joiada
1113 2453 1367 2524 reliquam
1394 2463 1596 2524 partem
1618 2454 1851 2524 pecunia:
1876 2452 1940 2506 de
1958 2469 2064 2522 qua

477 2539 622 2608 facta
652 2550 776 2595 sunt
804 2559 939 2597 vasa
966 2544 1144 2614 templi
1182 2545 1237 2598 in
1277 2546 1623 2600 ministerium
1649 2586 1664 2612 ,
1714 2554 1764 2601 et
1811 2546 1880 2599 ad
1909 2544 2060 2600 holo-

477 2638 663 2683 causta
689 2631 885 2700 phialae
911 2651 1146 2705 quoque,
1191 2644 1240 2690 et
1270 2644 1460 2691 cratera
1485 2651 1644 2702 uasa,
1685 2653 1847 2692 aurea
1887 2646 1934 2692 et
1969 2654 2060 2692 ar-

475 2731 801 2791 gentea,etc.
835 2724 1166 2792 Quibusdam
1189 2736 1372 2783 autem
1395 2729 1576 2784 minus
1595 2729 2062 2785 considerantibus

482 2825 656 2867 sacrm
689 2812 982 2885 Scripturae
1008 2818 1374 2884 concordiam,
1407 2819 1620 2875 videtur
1647 2821 1765 2875 haec
1795 2818 2060 2876 sententia

419 2963 431 2976 ,
477 2906 756 2960 contraria
782 2922 901 2963 esse
929 2907 1037 2975 illi,
1072 2925 1191 2980 quas
1222 2911 1275 2966 in
1303 2911 1442 2967 libro
1470 2912 1678 2983 Regum
1710 2913 1909 2982 scripta
1940 2919 2022 2967 est
2041 2952 2058 2979 ,

477 2995 570 3049 ubi
597 2995 835 3051 dicitur:
881 2996 1250 3056 Verumtamen
1280 3018 1385 3056 non
1412 3001 1605 3071 ﬁebant
1648 3018 1712 3057 ea:
1751 3002 1931 3057 eadem
1967 3019 2058 3072 pe-

476 3087 633 3141 cunia
652 3088 854 3158 hydria:
874 3090 1051 3161 templi
1077 3091 1374 3159 Domini,'et
1395 3093 1674 3164 fuscinula:
1697 3101 1746 3148 et
1765 3094 2058 3161 thuribula,

474 3186 526 3230 et
559 3178 720 3246 tubae,
743 3190 791 3233 et
817 3197 968 3235 omne
990 3198 1080 3236 vas
1106 3199 1325 3237 aureum
1350 3193 1400 3238 et
1425 3193 1727 3254 argenteum
1750 3184 1815 3239 de
1837 3183 2059 3255 pecunia

2167 2000 2216 2044 et
2248 1990 2427 2044 domui
2451 1989 2618 2046 Iacob
2647 2000 2859 2062 peccata
2887 2009 3067 2047 eorum
3096 1991 3233 2064 (lsa.
3261 1995 3445 2064 Lvm).
3503 1993 3585 2047 Et
3626 1992 3766 2046 Psal-

2163 2082 2360 2137 mista:
2393 2081 2460 2136 In
2488 2099 2695 2138 omnem
2731 2092 2924 2136 terram
2960 2083 3115 2138 exivit
3153 2098 3310 2138 sonus
3352 2099 3591 2150 eorum,
3637 2093 3684 2136 et
3719 2082 3764 2135 in

2162 2174 2294 2244 ﬁnes
2323 2175 2462 2230 orbis
2490 2184 2644 2230 terra:
2673 2175 2825 2231 verba
2851 2191 3029 2230 eorum
3060 2173 3231 2246 (Psal.
3259 2174 3450 2246 xvm).

2234 2265 2418 2323 Senuit
2441 2278 2615 2322 autem
2638 2265 2836 2322 Joiada
2863 2267 3044 2338 plenus
3073 2267 3299 2334 dierum,
3328 2275 3375 2320 et
3406 2275 3674 2320 mortuus
3701 2273 3765 2320 est

2163 2375 2281 2413 cum
2313 2366 2441 2413 esset
2483 2367 2689 2412 centum
2726 2359 2940 2429 triginta
2979 2374 3283 2420 annorum;
3335 2357 3763 2427 sepelieruntqle

2163 2465 2281 2503 eum
2311 2449 2367 2503 in
2405 2449 2610 2503 civitate
2639 2447 2808 2502 David
2851 2465 2968 2502 cum
3005 2449 3242 2518 regibus,
3284 2465 3345 2502 eo
3374 2449 3530 2517 quod
3564 2449 3764 2517 fecisset

2164 2537 2355 2592 bonum
2383 2553 2504 2590 cum
2531 2536 2702 2591 Israel
2730 2546 2775 2590 et
2805 2553 2922 2590 cum
2951 2536 3104 2590 domo
3133 2536 3266 2606 ejus.
3321 2535 3469 2603 Quid
3500 2545 3600 2591 est
3628 2535 3762 2606 quod

2161 2627 2351 2685 Joiada
2381 2629 2582 2683 bonum
2628 2626 2822 2682 fecisse
2859 2626 3058 2681 dicitur
3102 2641 3227 2681 cum
3268 2623 3443 2680 Israel
3493 2634 3558 2679 et
3612 2626 3760 2678 dum

2163 2719 2300 2789 ejus,
2332 2719 2436 2775 nisi
2463 2718 2607 2788 quod
2629 2718 2841 2788 plebem
2869 2717 3220 2772 lsraeliticam
3239 2757 3254 2783 ,
3287 2731 3412 2786 quas
3445 2716 3660 2770 domus
3682 2713 3762 2768 ιι-

2163 2814 2285 2878 cob,
2307 2811 2393 2866 vel
2423 2813 2616 2867 domus
2642 2811 2806 2866 Israel
2836 2826 2978 2882 saepe
3003 2811 3058 2866 in
3087 2809 3384 2879 Scripturis
3413 2809 3758 2870 nominatur,

2161 2905 2374 2960 cunctis
2403 2905 2592 2960 diebus
2619 2904 2906 2959 sacerdotii
2937 2904 3019 2958 sui
3047 2903 3149 2958 rite
3178 2903 3421 2973 regebat,
3457 2910 3513 2956 et
3545 2902 3622 2956 ad
3654 2899 3758 2954 cul-

2161 3006 2276 3053 tum
2322 2998 2416 3053 Dei
2459 2997 2746 3069 diligenter
2775 2997 3132 3052 instituebat?
3181 2995 3334 3051 Unde
3382 2993 3497 3049 illis
3541 2994 3755 3064 placato

2164 3087 2297 3154 Deo,
2324 3089 2466 3143 bona
2495 3087 2872 3158 prosperitatis
2897 3094 2952 3142 et
2978 3085 3128 3157 pacis
3155 3085 3448 3156 provenire
3478 3091 3751 3154 poterant.

2163 3177 2430 3248 Josephus
2475 3185 2655 3233 autem
2700 3178 2822 3234 ideo
2860 3193 2984 3233 eum
3025 3177 3198 3243 dicit,
3250 3174 3657 3245 Hierosolymis
3702 3174 3751 3227 in

474 3284 593 3336 qua:
633 3269 961 3340 inferebatur
1004 3272 1058 3326 in
1103 3272 1350 3344 templum
1397 3253 1608 3328 Domini
1637 3272 1745 3346 (IV
1773 3253 1902 3344 Reg.
1933 3271 2053 3344 xu).
2086 3253 2132 3317 C
2164 3270 2326 3341 regiis
2349 3271 2714 3326 monumentis
2735 3270 3020 3341 sepultum,
3051 3270 3308 3339 quoniam
3335 3268 3561 3340 generis
3589 3265 3749 3321 David

471 3357 592 3415 Non
620 3361 766 3416 enim
794 3361 882 3417 hic
910 3373 1169 3420 narratur
1194 3366 1338 3436 quod
1367 3365 1434 3421 de
1463 3367 1650 3422 eadem
1679 3367 1907 3436 pecunia
1936 3381 2057 3436 qua:

470 3449 803 3506 offerebatur
829 3468 861 3508 a
887 3455 1088 3526 populo
1119 3456 1175 3510 in
1204 3455 1464 3527 templum
1489 3457 1727 3524 Domini,
1758 3457 1826 3513 ad
1854 3458 2059 3513 instau-

470 3539 741 3596 rationem
789 3542 982 3600 domus
1031 3545 1125 3600 Dei
1176 3545 1320 3601 facta
1368 3545 1570 3602 fuerint
1616 3562 1773 3603 sacra
1822 3563 1954 3603 vasa
2001 3548 2057 3604 in

471 3628 837 3686 ministerium
866 3634 1070 3704 templi,
1095 3643 1150 3690 et
1174 3635 1241 3690 ad
1270 3635 1602 3703 holocausta,
1633 3638 1728 3693 sed
1754 3639 1821 3694 de
1852 3639 2058 3708 reliqua

473 3717 627 3794 ,i'arte
651 3724 913 3794 pecuniae,
943 3727 1048 3781 hoc
1072 3736 1174 3793 est,
1199 3741 1262 3783 ea
1287 3743 1408 3799 quae
1436 3744 1502 3784 ex
1529 3729 1651 3785 aliis
1675 3729 2058 3786 donationibus

469 3811 667 3869 collata
697 3814 896 3871 fuerat.
946 3816 1129 3872 Potuit
1158 3818 1304 3873 enim
1334 3818 1452 3873 ﬁeri
1483 3827 1545 3874 ut
1580 3820 1635 3874 in
1662 3820 1891 3876 diversis
1921 3829 2058 3876 tem-

470 3904 691 3974 poribus
724 3905 970 3975 pecunite
1001 3905 1224 3971 oblatas,
1265 3907 1496 3964 diversas
1522 3909 1745 3966 facturae
1771 3912 2057 3967 materiam

469 3995 794 4062 prmberent.
836 3995 1060 4066 Mystice
1085 4005 1265 4052 autem
1294 3998 1563 4070 signiﬁcat
1593 4001 1738 4070 quod
1764 4000 1870 4056 alia
1896 4000 2058 4059 debet

472 4099 595 4140 esse
645 4085 788 4142 ratio
835 4087 1242 4145 formandorum
1292 4091 1654 4161 spiritualium
1697 4107 1951 4149 vasorum
2001 4096 2056 4151 in

470 4174 830 4232 ministerium
855 4177 1103 4247 Domini;
1141 4181 1247 4236 alia
1291 4183 1657 4254 parandarum
1699 4185 1965 4258 lignorum
2003 4195 2058 4243 et

465 4282 727 4324 saxorum
757 4270 810 4325 in
841 4271 1129 4328 aediﬁcium
1159 4274 1350 4332 domus
1377 4293 1389 4331 :
1432 4279 1559 4348 quia
1599 4277 1706 4333 alia
1737 4280 1899 4336 debet
1936 4295 2056 4336 esse

467 4361 737 4428 doctrina,
768 4379 875 4434 qua
906 4365 1070 4421 rudes
1099 4367 1410 4422 imbuantur
1436 4369 1503 4423 ad
1532 4369 1712 4436 ﬁdem,
1740 4378 1797 4426 et
1821 4371 1926 4426 alia
1950 4386 2055 4442 qua

467 4450 577 4520 iam
614 4454 839 4524 perfecti
873 4458 1213 4514 instruuntur
1243 4461 1310 4515 ad
1355 4461 1597 4517 scientia:
1640 4463 2051 4532 plenitudinem.

467 4545 611 4601 Bene
635 4556 813 4602 autem
833 4565 965 4605 vasa
991 4551 1185 4608 domus
1204 4552 1418 4608 Domini
1449 4555 1526 4609 illi
1551 4563 1779 4624 possunt
1803 4554 2051 4626 intelligi,

469 4634 562 4703 qui
602 4633 717 4701 jam
746 4639 859 4707 apti
901 4648 1027 4694 sunt
1068 4642 1137 4696 ad
1182 4644 1443 4722 capienda
1479 4660 1703 4700 munera
1737 4646 1951 4712 divina,
1999 4655 2055 4701 et

469 4725 675 4781 habiles
701 4726 838 4783 ﬁunt
864 4731 931 4783 ad
961 4731 1326 4788 ministerium
1356 4735 1469 4790 Dei.
1502 4734 1610 4790 Sed
1628 4735 1822 4804 phialze
1843 4744 2053 4790 tantum

468 4815 788 4870 nominatim
818 4817 872 4871 in
900 4817 1351 4891 Paralipomenon
1379 4839 1501 4878 cum
1531 4825 1744 4880 caeteris
1763 4824 1910 4879 vasis
1935 4839 2054 4894 quae

467 4906 775 4976 specialimr
803 4925 913 4965 non
946 4913 1350 4982 exprimuntur,
1397 4915 1540 4972 facta
1576 4931 1697 4973 esse
1735 4926 2050 4983 narrantur,

466 5011 588 5068 quae
629 5011 855 5071 possunt
895 5004 1096 5077 ingenii
1141 5008 1534 5078 capacitatem,
1579 5009 1664 5065 vel
1709 5010 2052 5065 latitudinem

465 5091 684 5159 cordis,
725 5110 824 5166 per
857 5096 1202 5154 dilectionem
1245 5103 1570 5171 exprimere.
1629 5101 1755 5158 Haec
1803 5103 2052 5158 videlicet

466 5199 598 5241 vasa
629 5187 934 5245 efﬁciuntur
963 5191 1246 5260 aptissima
1275 5193 1344 5248 ad
1371 5195 1732 5250 ministerium
1761 5193 1878 5250 Dei.
1937 5194 2051 5251 Cte-

467 5283 646 5332 terum
691 5295 793 5336 nec
836 5280 965 5336 illud
1003 5284 1166 5338 ctiam
1203 5285 1322 5340 sine
1355 5285 1614 5356 mysterio
1641 5294 1762 5354 est,
1807 5286 1953 5357 quod
1995 5287 2048 5342 in

465 5363 677 5438 Regum
711 5380 986 5438 narratur,
1017 5373 1191 5430 factas
1215 5389 1336 5431 esse
1363 5377 1586 5448 hydrias
1631 5385 1686 5432 et
1732 5377 2046 5445 fuscinulas,

467 5457 767 5526 thuribula,
787 5469 843 5516 et
869 5463 1044 5519 tubas.
1078 5464 1214 5521 Nam
1242 5466 1448 5538 hydria:
1473 5481 1568 5523 eos
1595 5467 1903 5539 signiﬁcare
1926 5483 2052 5539 pos-

465 5556 630 5616 sunt,
657 5550 750 5619 qui
776 5566 972 5621 aquam
1002 5556 1280 5624 sapientia:
1306 5559 1503 5614 divinae
1544 5560 1596 5613 in
1637 5576 1695 5615 se
1733 5561 2048 5629 continent,

468 5638 748 5698 fuscinula:
775 5657 989 5714 quoque
1015 5644 1269 5703 doctores
1296 5653 1558 5721 speciales
1575 5693 1590 5718 ,
1624 5668 1858 5723 quorum
1889 5653 2050 5710 oflicii

467 5739 550 5786 est
577 5747 776 5802 corpus
802 5745 858 5790 et
886 5738 1204 5807 sanguinem
1232 5739 1444 5798 Domini
1495 5745 1838 5800 credentibus
1867 5746 2051 5801 distri-

466 5818 655 5890 buere,
679 5833 734 5882 et
757 5826 1062 5887 inﬁdelibus
1085 5830 1385 5905 abnegare;
1421 5851 1518 5891 nec
1546 5852 1651 5890 non
1679 5844 1731 5892 et
1759 5837 2051 5907 specialem

2079 4609 2132 4671 D

2163 3370 2472 3432 reparasset
2495 3362 2801 3432 imperium.
2835 3361 3104 3416 Numerus
3129 3367 3308 3415 autem
3338 3359 3458 3430 ipse
3484 3371 3751 3414 annorum

2159 3453 2336 3507 aetatis
2363 3451 2605 3521 Joiadaz,
2657 3454 2794 3508 bene
2831 3453 2975 3507 valet
3021 3450 3409 3523 perfectionem
3456 3450 3594 3505 vitae
3639 3448 3748 3518 ejus

2159 3547 2466 3618 signiﬁcare
2491 3589 2507 3615 ,
2557 3563 2660 3620 pro
2703 3563 2808 3618 qua
2843 3556 3102 3603 aeternam
3131 3545 3527 3603 beatitudinem
3555 3547 3750 3600 merito

2160 3644 2390 3713 adeptus
2430 3649 2554 3708 est;
2613 3642 2875 3711 nobisque
2916 3640 3213 3713 ﬁguraliter
3240 3639 3464 3703 innuit,
3517 3637 3670 3708 quod
3707 3636 3748 3691 si

2158 3743 2372 3806 tempus
2417 3734 2704 3806 prmsentis
2742 3733 2886 3800 vitae,
2930 3734 2985 3788 in
3037 3739 3239 3788 sanctas
3286 3729 3576 3786 Trinitatis
3629 3728 3746 3792 ﬁde,

2159 3843 2284 3884 cum
2310 3827 2647 3897 professione
2669 3826 2934 3882 bonorum
2957 3840 3181 3897 operum
3203 3821 3576 3879 studuerimus
3604 3836 3748 3876 eom-

2157 3918 2328 3990 plere,
2353 3918 2422 3973 ad
2446 3926 2703 3974 aeternam
2733 3916 3145 3981 beatitudinem,
3174 3929 3296 3985 qum
3323 3921 3409 3970 est
3436 3913 3494 3967 in
3523 3912 3746 3967 dextera

2157 4009 2276 4078 Dei,
2304 4009 2607 4081 opitulante
2632 4009 2804 4081 gratia
2835 4009 3028 4079 ipsius,
3052 4006 3450 4079 perveniemus,
3483 4015 3544 4062 et
3567 4002 3746 4075 quiete

2157 4106 2390 4165 aeterna,
2433 4115 2556 4154 cum
2586 4099 2790 4154 sanctis
2822 4099 2986 4166 illius,
3017 4099 3110 4169 qui
3135 4097 3252 4153 veri
3287 4111 3444 4167 reges
3475 4107 3613 4153 sunt
3635 4137 3651 4161 ,
3697 4097 3746 4150 in

2157 4202 2423 4250 aeternum
2451 4193 2814 4264 perfruemur.

2228 4286 2518 4360 Postquam
2549 4299 2724 4344 autem
2755 4288 2879 4342 obiit
2899 4287 3118 4354 Joiada,
3150 4288 3373 4358 ingressi
3397 4297 3522 4343 sunt
3553 4305 3748 4359 princi-

2155 4400 2244 4455 pes
2264 4383 2410 4439 Juda
2435 4393 2484 4438 et
2509 4383 2860 4438 adoraverunt
2885 4399 3076 4454 regem,
3098 4383 3189 4452 qui.
3217 4381 3465 4437 definitus
3490 4383 3747 4453 obsequiis

2155 4492 2367 4543 eorum,
2410 4475 2664 4545 acquievit
2693 4473 2799 4538 eis,
2843 4483 2891 4527 et
2931 4471 3316 4543 dereliquerunt
3356 4470 3612 4542 templum
3644 4471 3746 4524 De-

2154 4567 2285 4623 mini
2315 4567 2415 4622 Dei
2441 4576 2653 4638 patrum
2682 4584 2918 4634 suorum,
2950 4568 3336 4637 servieruntque
3365 4565 3499 4620 lucis
3534 4577 3586 4620 et
3613 4564 3748 4619 scul-

2155 4658 2400 4730 ptilibus,
2445 4666 2492 4713 et
2528 4658 2671 4728 facta
2699 4665 2773 4712 est
2806 4658 2885 4711 ira
2914 4664 3094 4710 contra
3117 4655 3321 4710 ludam
3359 4665 3406 4710 et
3438 4654 3742 4710 Jerusalem

2153 4756 2362 4817 prapter
2390 4747 2486 4799 hoc
2527 4754 2816 4815 peccatum.
2869 4743 3110 4798 Tradunt
3134 4741 3350 4799 Hebraai
3381 4745 3675 4798 adoratum
3706 4758 3736 4798 a

2153 4835 2490 4908 principibus
2529 4833 2665 4890 Juda
2713 4849 2892 4907 regem
2931 4833 3058 4890 Joas
3099 4834 3294 4900 fuisse,
3342 4842 3404 4890 ut
3435 4836 3648 4903 Deum,
3696 4843 3745 4892 et

2156 4929 2393 4983 honores
2421 4941 2584 4996 supra
2615 4927 2835 4982 modum
2868 4927 3166 4981 humanum
3195 4941 3226 4980 a
3253 4925 3356 4982 sibi
3386 4925 3627 4983 subditis
3652 4941 3742 4982 ex-

2157 5017 2386 5082 hibitos,
2437 5016 2671 5072 libenter
2699 5017 2995 5088 accepisse.
3050 5015 3206 5073 Unde
3237 5015 3400 5072 nimis
3433 5016 3743 5073 offendebat

2158 5109 2445 5166 Dominum
2469 5147 2485 5174 ,
2544 5105 2698 5177 cujus
2738 5107 2876 5163 iram
2915 5107 3099 5163 subito
3148 5115 3400 5178 expertus
3429 5118 3535 5163 est.
3592 5107 3740 5162 Nulla

2156 5199 2302 5254 enim
2330 5196 2596 5253 dementia
2628 5196 2800 5266 major
2823 5213 2946 5254 esse
2971 5198 3198 5268 poterit,
3241 5214 3405 5268 quam
3432 5207 3738 5253 creaturam

2157 5289 2565 5360 corruptibilem
2590 5329 2604 5355 ,
2655 5289 2997 5359 sempiternae
3050 5291 3268 5347 deitatis
3318 5291 3419 5347 sibi
3474 5304 3737 5362 usurpare

2155 5383 2448 5448 honorem,
2480 5389 2534 5436 et
2561 5396 2660 5452 per
2687 5381 3014 5453 arrogantiae
3039 5380 3260 5448 fastum,
3288 5383 3567 5453 propriam
3601 5381 3736 5437 nolle

2155 5485 2483 5544 cognoscere
2510 5485 2839 5525 mensuram.
2872 5470 2952 5527 Ob
2978 5486 3137 5542 quam
3165 5487 3386 5527 causam
3413 5480 3470 5526 et
3499 5470 3734 5526 Herodes

2149 5561 2347 5632 legitur
2376 5562 2430 5616 in
2459 5560 2684 5616 Actibus
2713 5562 3076 5629 apostolorum
3117 5563 3186 5617 ab
3223 5562 3415 5634 angelo
3449 5575 3572 5617 esse
3611 5576 3730 5631 per-

2153 5668 2373 5720 cussus,
2428 5669 2494 5708 eo
2544 5654 2687 5724 quod
2733 5653 2961 5709 Domino
3005 5669 3111 5709 non
3161 5653 3397 5709 reddidit
3449 5654 3727 5708 honorem.

2158 5746 2307 5802 Unde
2355 5747 2510 5803 nobis
2559 5762 2719 5801 omne
2769 5763 2938 5818 genus
2993 5749 3259 5818 superbire
3311 5756 3367 5803 et
3412 5745 3728 5817 arrogantis

2154 5839 2375 5894 omnino
2404 5837 2720 5909 fugiendum
2750 5848 2860 5905 cst,
2894 5840 3016 5908 quia
3043 5839 3290 5908 superbis
3317 5838 3457 5893 Deus
3485 5836 3722 5897 resistit.
