3920 6518
124 377 261 438 505

1079 371 1431 432 COMMENT.
1471 371 1541 430 IN
1575 324 2127 434 musmonem.
2162 406 2235 420 --
2268 373 2397 434 ue.
2436 377 2525 436 Iv.

3323 388 3426 448 506

125 507 197 552 et
250 492 454 550 omnis
497 489 805 564 arrogantia
840 487 1173 545 abominatio
1218 497 1302 545 est
1349 489 1490 560 apud
1530 488 1740 557 Deum;
1770 491 1822 552 Α
1846 491 2078 547 vastavit
2111 506 2273 559 eam;
2325 501 2487 563 atque
2527 494 2867 568 depopulavit
2908 496 3069 555 Geth.
3124 499 3258 557 Cum
3294 517 3425 559 vero

124 588 473 648 humilibus
500 594 677 643 autem
707 585 959 641 divinitas
1005 600 1099 640 sua
1139 592 1360 655 praestat
1385 583 1614 654 gratiam
1635 623 1650 649 ,
1696 591 1749 638 et
1845 593 1989 639 esset
2020 583 2086 637 ad
2116 584 2541 657 Hierosolymam
2574 597 2855 657 venturus,
2895 601 3145 649 metuens
3172 591 3299 650 Joas
3327 594 3426 650 ob-

124 700 329 756 super
348 676 609 740 humilem
632 692 794 753 atque
815 681 1054 753 quietum
1076 681 1368 750 requiescit
1388 680 1608 751 spiritus
1628 678 1742 734 Dei.

1845 676 2173 744 sessionem,
2217 680 2492 735 evacuatis
2520 683 2773 739 omnibus
2800 684 2896 740 Dei
2927 686 3229 756 thesauris,
3261 697 3426 759 atque

124 778 356 839 omnis
380 777 477 849 qui
505 790 565 835 se
588 775 791 832 exaltat
813 774 1205 841 humiliabitur,
1227 781 1283 830 et
1306 775 1398 844 qui
1421 790 1479 830 se
1500 773 1748 829 humiliat
1845 768 2132 840 regalibus,
2163 778 2219 826 et
2249 772 2536 829 ministerii
2564 775 2780 846 templi,
2817 779 2965 835 misit
2997 778 3257 853 Syrorum
3287 784 3421 857 regi.

126 870 520 931 exaltabitur.

213 964 471 1037 Spiritus
517 963 693 1035 itaque
735 960 950 1016 Domini
996 959 1166 1015 induit
1208 958 1544 1028 Zachariam,
1570 958 1742 1029 ﬁlium

125 1056 374 1112 Joiada:
411 1054 752 1122 sacerdotem,
794 1063 842 1108 et
882 1054 1019 1108 stetit
1063 1053 1119 1107 in
1160 1061 1432 1125 conspectu
1474 1051 1652 1123 populi
1694 1058 1744 1105 et

126 1148 291 1201 dixit
318 1147 400 1202 eis
421 1162 440 1201 :
471 1144 602 1201 Htec
627 1146 753 1200 dicit
783 1143 1040 1200 Dominus
1062 1158 1081 1197 .'
1115 1144 1290 1211 Quare
1319 1142 1743 1215 transgredimini

126 1246 482 1309 prmeeptum
509 1236 720 1291 Domini
744 1236 884 1308 quod
914 1237 1054 1292 vobis
1092 1253 1195 1291 non
1231 1236 1485 1308 proderit,
1515 1244 1564 1290 et
1591 1234 1741 1289 dere-

126 1329 389 1403 liquistis
419 1329 733 1408 Dominum,
779 1338 837 1383 ut
881 1328 1255 1401 derelinqueret
1295 1330 1431 1383 vos?
1481 1328 1583 1394 Qui
1620 1345 1743 1383 con-

128 1421 362 1493 gregati
397 1421 648 1477 adversus
685 1437 837 1488 eum,
888 1422 1137 1476 miserunt
1176 1420 1375 1490 lapides
1408 1420 1571 1490 juxta
1606 1420 1740 1491 regis

126 1513 470 1581 imperium,
502 1513 560 1567 in
589 1512 722 1566 atrio
753 1512 938 1566 domus
969 1510 1215 1575 Domini,
1254 1518 1302 1564 et
1334 1527 1437 1563 non
1466 1518 1541 1564 est
1570 1525 1741 1563 recor-

127 1604 311 1658 datus
340 1602 478 1659 Joas
523 1619 617 1659 rea;
659 1602 1065 1668 misericordias,
1113 1618 1271 1673 quam
1320 1601 1513 1671 fecerat
1540 1600 1739 1655 Joiada

126 1708 302 1770 pater
328 1700 477 1755 illius
507 1717 701 1767 secum,
726 1701 817 1756 sed
841 1701 1099 1772 interfecit
1125 1700 1296 1771 ﬁlium
1319 1701 1595 1785 ejus.'Qui
1617 1718 1735 1755 cum

125 1803 448 1849 moreretur
473 1796 588 1849 ait:
625 1792 803 1849 Videat
837 1794 1114 1862 Dominus,
1142 1804 1191 1849 et
1218 1796 1466 1866 requirat.
1499 1794 1734 1863 Quaestio

1842 859 1943 915 Hic
1989 869 2167 916 tamen
2212 858 2506 931 redimens,
2554 880 2623 920 ne
2663 867 2855 924 civitas
2889 878 3169 940 pateretur
3197 887 3427 945 oppres-

1842 950 2083 1015 sionem.
2131 964 2224 1010 aut
2258 955 2560 1024 periculum
2602 973 2783 1013 rerum
2829 962 3071 1018 omnium
3106 967 3421 1023 sustineret.

1841 1046 1939 1102 Cui
1968 1047 2095 1102 dum
2125 1048 2458 1105 satisfactum
2488 1049 2679 1108 fuisset
2707 1053 2912 1125 ingenti
2945 1056 3290 1115 multitudine
3315 1073 3413 1131 pe-

1842 1140 2145 1207 cuniarum,
2175 1157 2518 1212 nequaquam
2548 1143 2617 1198 ad
2646 1143 3077 1217 Hierosolymam
3106 1158 3285 1204 castra
3308 1164 3426 1207 me-

1843 1234 1985 1283 tatus
2003 1238 2106 1284 est.
2145 1228 2406 1285 Similiter
2425 1232 2567 1287 idem
2589 1249 2680 1288 rex
2707 1232 2879 1304 Syriae
2901 1236 3203 1292 devastavit
3231 1237 3422 1295 Sama-

1840 1322 1998 1387 riam,
2027 1322 2151 1391 quia
2178 1338 2244 1377 eo
2268 1329 2511 1394 tempore
2534 1323 2769 1380 Joachaz
2796 1325 2941 1381 ﬁlius
2967 1324 3104 1382 Jehu
3133 1328 3422 1398 imperium

1841 1414 2077 1468 tenebat.
2140 1413 2241 1481 Qui
2295 1414 2459 1484 impie
2509 1430 2741 1487 gerens,
2797 1416 2938 1472 sicut
2984 1417 3196 1486 priores
3243 1416 3425 1476 fecere

1838 1501 2202 1558 lsraelitarum
2232 1519 2405 1574 reges,
2436 1504 2603 1560 Deum
2634 1507 2902 1577 sprevisse
2927 1506 3233 1562 videbatur.
3265 1506 3424 1563 Hunc

1840 1599 2017 1647 autem
2041 1592 2346 1649 humiliavit
2365 1594 2566 1651 Hazael
2592 1612 2712 1652 rex.
2746 1596 2882 1653 Nam
2905 1597 3154 1654 civitates
3177 1598 3227 1653 ei
3254 1597 3424 1669 pluri-

1838 1699 1955 1739 mas
1984 1692 2038 1739 et
2070 1685 2334 1743 maximas
2362 1688 2615 1755 abstulit,
2655 1697 2712 1746 et
2737 1688 2855 1759 ejus
2881 1690 3083 1747 milites
3110 1691 3419 1747 trucidavit.

1839 1775 1965 1833 Ητεο
1992 1778 2177 1851 itaque
2201 1794 2393 1850 passus
2427 1788 2513 1838 est
2545 1782 2911 1839 lsraelitarum
2939 1783 3193 1854 populus,
3224 1798 3421 1839 secun-

123 1884 229 1940 hic
257 1885 534 1951 oboritur,
561 1900 731 1956 quare
753 1884 1012 1941 Dominus
1031 1885 1087 1940 in
1108 1862 1395 1957 Evangelio
1413 1862 1724 1941 Zachariam

1837 1867 1965 1923 dum
2008 1867 2189 1924 Elisaei
2227 1870 2592 1940 prophetiam.
2622 1872 2839 1942 quando
2864 1871 3059 1926 Hazael
3091 1871 3290 1928 occidit
3313 1871 3435 1927 Βοσ-

124 1975 288 2030 inter
317 1974 579 2045 templum
620 1982 677 2031 et
714 1974 886 2031 altare
912 1975 1154 2031 occisum
1183 1991 1520 2042 memorans,
1564 1974 1735 2031 ﬁlium

126 2064 432 2122 Barachia
461 2081 582 2123 esse
610 2067 845 2134 dixerit,
891 2083 1014 2124 cum
1042 2082 1283 2138 praesens
1310 2068 1537 2124 historia
1565 2068 1734 2124 ﬁlium

127 2174 267 2214 eum
299 2157 506 2214 Joiadze
534 2158 704 2215 fuisse
745 2157 1031 2215 manifeste
1059 2159 1351 2231 designet?
1400 2158 1555 2216 Unde
1592 2174 1731 2215 non-

127 2249 277 2304 nulli
308 2264 477 2321 super
500 2250 604 2306 hac
631 2251 901 2306 sententia
930 2251 1174 2308 diversas
1198 2259 1406 2322 ponunt
1432 2251 1729 2322 opiniones.

127 2339 245 2396 Alii
274 2341 601 2398 Zachariam
628 2342 798 2398 ﬁlium
822 2343 1119 2409 Barachia,
1144 2343 1330 2399 dicunt
1350 2358 1473 2398 eum
1495 2357 1617 2398 esse
1640 2343 1733 2412 qui

129 2433 193 2488 in
245 2432 534 2490 duodecim
582 2434 862 2505 prophetis
910 2433 1231 2492 undecimus
1279 2442 1401 2499 est,
1454 2433 1733 2503 patrisque

130 2539 345 2581 nomen
388 2526 661 2582 consentit
706 2526 762 2581 in
799 2541 897 2592 eo;
954 2525 1049 2582 sed
1087 2526 1179 2581 ubi
1223 2524 1436 2581 occisus
1477 2524 1548 2580 sit
1588 2524 1734 2579 inter

132 2621 411 2692 templum
447 2628 503 2676 et
549 2621 721 2677 altare
750 2618 1030 2690 Scriptura
1064 2635 1174 2675 non
1201 2618 1462 2689 loquitur,
1493 2617 1730 2672 maxime

135 2726 271 2769 cum
303 2711 639 2782 temporibus
665 2712 784 2782 ejus
810 2711 902 2766 vix
938 2711 1109 2765 ruinae
1139 2709 1321 2780 templi
1352 2708 1573 2764 fuerint.
1621 2706 1728 2763 Alii

134 2799 471 2856 Zachariam
494 2807 706 2870 patrem
732 2798 958 2855 Joannis
994 2799 1223 2870 intelligi
1251 2799 1439 2853 volunt
1457 2839 1473 2863 ,
1512 2814 1580 2854 ex
1608 2797 1728 2867 qui-

133 2891 368 2949 busdam
398 2890 827 2963 apocryphorum
849 2890 1002 2945 libris
1027 2890 1407 2960 approbantes,
1438 2889 1581 2958 quod
1604 2903 1730 2958 pro-

135 2981 308 3052 pheta
335 2981 548 3037 occisus
576 2980 685 3047 sit,
737 2980 867 3051 quia
898 2978 1200 3035 Salvatoris
1224 2977 1601 3049 praedicaverit
1627 2977 1726 3031 ad-

136 3078 384 3127 ventum.
427 3071 543 3129 Hoc
568 3072 697 3143 quia
725 3071 793 3127 de
820 3070 1115 3142 Scripturis
1138 3085 1247 3125 non
1273 3068 1464 3124 habuit
1490 3068 1726 3123 auctori-

138 3169 344 3230 tatem,
387 3164 580 3220 eadem
607 3162 871 3218 facilitate
911 3160 1278 3217 contemnitur
1305 3176 1411 3231 qua
1438 3159 1720 3229 probatur.

140 3251 251 3307 Alii
283 3221 445 3309 istum
474 3253 662 3309 volunt
688 3267 812 3309 esse
837 3251 1189 3319 Zachariam,
1219 3221 1552 3323 qui-occisus
1586 3251 1660 3306 sit
1690 3265 1723 3306 a
1751 3221 1797 3286 C

133 3339 269 3397 Joas
296 3356 423 3411 rege
443 3339 595 3396 Iudae
619 3341 761 3397 inter
786 3340 1042 3410 templum
1063 3349 1119 3398 et
1136 3341 1328 3410 altare,
1353 3342 1494 3398 sicut
1520 3341 1725 3412 Regum

138 3439 332 3486 narrat
358 3431 606 3487 historia.
647 3430 757 3487 Sed
783 3416 1201 3499 observandum,
1233 3431 1375 3504 quod
1406 3431 1496 3488 ille
1521 3432 1726 3488 Zacha-

137 3523 257 3578 rias
282 3538 391 3579 non
417 3523 489 3579 sit
514 3523 657 3580 titius
684 3524 985 3591 Barachia,
1018 3523 1114 3581 sed
1142 3523 1287 3580 ﬁlius
1314 3520 1518 3580 Joiadae
1544 3540 1727 3580 sacer-

143 3612 302 3670 dotis.
358 3611 511 3668 Unde
551 3613 816 3683 scriptum
857 3611 1063 3669 refert:
1110 3612 1237 3668 Non
1277 3612 1379 3683 fuit
1418 3613 1723 3668 recordatus

143 3700 275 3757 Joas
298 3702 464 3773 patris
491 3702 607 3773 ejus
632 3698 862 3770 Joiadae,
884 3719 1002 3774 qua:
1030 3702 1131 3758 sibi
1160 3703 1367 3775 fecisset
1396 3704 1551 3758 bona.
1585 3703 1723 3760 Cum

146 3808 274 3866 ergo
301 3801 578 3850 teneamus
605 3794 962 3861 Zachariami,
1005 3802 1060 3850 et
1100 3794 1389 3851 occisionis
1417 3796 1722 3852 consentiat

145 3885 324 3953 locus,
368 3884 673 3956 quaeramus
700 3900 870 3957 quare
911 3885 1193 3943 Barachiee
1221 3886 1419 3942 dicitur
1444 3885 1615 3953 ﬁlius,
1666 3893 1724 3943 et

146 3992 255 4033 non
293 3974 512 4034 Joiadee.
563 3976 829 4034 Barachia
875 3978 932 4033 in
974 3977 1156 4049 lingua
1198 3986 1386 4034 nostra
1421 3979 1718 4035 benedictus

146 4067 352 4122 Domini
396 4066 627 4133 dicitur;
682 4075 740 4122 et
785 4068 1085 4124 sacerdotis
1112 4066 1313 4124 Joiadaa
1346 4068 1573 4140 iustitiae
1611 4070 1719 4126 He-

146 4162 287 4217 braeo
324 4162 542 4218 nomine
581 4161 1045 4218 demonstrantur.
1096 4161 1156 4217 In
1184 4162 1477 4233 Evangelio
1502 4178 1718 4234 quoque

146 4266 253 4325 quo
287 4261 505 4308 utuntur
542 4253 844 4322 Nazareni,
892 4268 992 4325 pro
1039 4253 1151 4309 ﬁlio
1191 4255 1497 4319 Barachiae,
1546 4254 1718 4311 ﬁlium

145 4344 340 4403 .loiadte
363 4346 623 4418 scriptum
654 4347 976 4416 reperimus.
1011 4345 1382 4415 Simpliciores
1409 4345 1607 4402 fratres
1637 4346 1719 4401 in-

145 4444 234 4494 ter
259 4437 435 4493 ruinas
464 4436 649 4507 templi
694 4445 749 4492 et
790 4436 979 4492 altaris
1006 4436 1122 4492 sive
1156 4436 1213 4490 in
1247 4444 1531 4507 portarum
1560 4438 1718 4493 exiti-

144 4531 267 4597 bus,
291 4545 405 4599 qua:
430 4527 634 4584 Siloam
657 4528 877 4595 ducunt,
902 4518 1069 4584 rubra
1098 4542 1230 4583 saxa
1256 4528 1712 4596 demonstrantes,

146 4621 411 4678 Zachariae
451 4619 714 4689 sanguine
760 4627 951 4690 putant
996 4634 1116 4675 esse
1159 4618 1382 4690 polluta.
1436 4619 1554 4675 Non
1580 4635 1713 4675 eon-

150 4712 451 4767 damnamus
479 4723 744 4776 errorem,
770 4709 863 4779 qui
889 4709 956 4766 de
982 4709 1109 4765 odio
1135 4707 1472 4777 Judazorum,
1505 4718 1559 4765 et
1586 4708 1714 4766 ﬁdei

148 4803 336 4873 pietate
360 4801 654 4858 descendit.

220 4896 435 4968 Cumque
465 4894 700 4950 evolutus
727 4904 857 4950 esset
886 4912 1079 4963 annus,
1115 4897 1350 4953 ascendit
1379 4906 1561 4952 contra
1594 4914 1712 4953 eum

152 4989 389 5045 exercitus
418 4986 608 5059 Sgrite,
631 4989 867 5060 venitque
899 4989 956 5042 in
975 4986 1011 5042 Ι
1016 4987 1178 5043 udam
1203 4996 1253 5043 et
1278 4987 1639 5056 Hierusalem,
1666 4997 1716 5044 et

151 5078 389 5151 interfecit
418 5086 634 5135 cunctos
674 5079 933 5151 principes
967 5079 1180 5152 populi,
1226 5090 1382 5153 atque
1415 5083 1713 5138 universam

152 5169 364 5241 predum
399 5167 653 5225 miserunt
692 5170 801 5242 regi
842 5170 899 5224 in
936 5169 1259 5227 Damascum
1279 5212 1295 5239 ,
1337 5182 1383 5228 et
1425 5181 1563 5228 certe
1592 5189 1711 5227 cum

153 5259 455 5332 permodicus
490 5262 709 5317 venisset
740 5278 987 5316 numerus
1015 5259 1269 5333 Syrorum
1290 5303 1306 5330 ,
1354 5263 1574 5318 tradidit
1604 5263 1712 5318 Do-

154 5351 310 5408 minus
336 5353 389 5407 in
413 5352 655 5408 manibus
683 5369 865 5408 eorum
888 5353 1154 5423 inﬁnitam
1187 5354 1613 5423 multitudinem,
1648 5372 1710 5412 eo

154 5441 279 5515 quod
308 5442 693 5514 dereliquissent
718 5443 999 5500 Dominum
1026 5444 1192 5500 Deum
1219 5454 1433 5517 patrum
1460 5463 1707 5515 suorum;

158 5532 328 5591 inloas
338 5550 536 5605 quoque
552 5534 901 5607 ignominiosa
920 5551 1196 5590 exercuere
1215 5535 1439 5604 iudicia,
1453 5545 1501 5591 et
1520 5537 1710 5592 abeun-

161 5638 225 5683 tes
263 5627 553 5681 dimiserunt
598 5642 716 5681 eum
755 5628 812 5682 in
848 5626 1188 5697 languoribus
1228 5628 1453 5697 magnis.
1513 5627 1711 5684 Narrat

162 5737 347 5796 quoque
368 5720 672 5793 Josephus,
718 5722 863 5792 quod
905 5721 1105 5776 Hazael
1132 5720 1480 5791 Assyriorum
1520 5734 1613 5776 rex
1649 5721 1706 5777 in

166 5816 462 5879 orovinciam
485 5813 795 5877 iudicaram
822 5815 1062 5873 misisset
1086 5814 1386 5872 exercitum
1411 5854 1427 5882 ,
1473 5815 1567 5885 qui
1608 5815 1704 5873 de-

1745 4581 1799 4640 D

1835 1960 2043 2016 minum
2070 1976 2245 2026 suum,
2273 1962 2400 2032 quia
2425 1978 2549 2018 eum
2575 1971 2927 2035 regnaturum
2953 1978 3074 2020 esse
3094 1963 3423 2035 praedixerat

1837 2068 1999 2124 super
2024 2052 2192 2125 Syros
2217 2060 2272 2110 et
2302 2054 2687 2111 Damascenos.

1906 2142 2260 2201 Surrexerunt
2282 2157 2455 2202 autem
2478 2158 2661 2202 contra
2682 2163 2801 2203 eum
2820 2149 2956 2204 servi
2975 2150 3059 2204 sui
3084 2149 3142 2203 in
3168 2146 3418 2203 ultionem

1834 2236 2109 2306 sanguinis
2142 2236 2243 2306 filii
2277 2237 2485 2292 Joiadae
2519 2237 2838 2303 sacerdotis,
2880 2246 2929 2293 et
2964 2238 3265 2293 occiderunt
3300 2251 3423 2292 eum

1832 2326 1890 2381 in
1914 2326 2101 2381 lectulo
2124 2344 2241 2395 suo,
2271 2337 2319 2383 et
2344 2338 2581 2384 mortuus
2605 2338 2700 2385 est.
2737 2329 3164 2401 Sepelieruntque
3191 2329 3343 2384 illum
3363 2329 3422 2384 in

1792 2416 1799 2425 ’
1832 2417 2040 2472 civitate
2066 2418 2269 2485 David,
2301 2420 2392 2474 sed
2423 2436 2527 2474 non
2556 2420 2612 2474 in
2639 2418 2895 2491 sepulcris
2920 2434 3120 2490 regum.
3168 2415 3422 2474 Insidiati

1831 2521 1948 2558 vero
1987 2515 2108 2561 sunt
2145 2509 2194 2561 ei
2231 2504 2416 2561 Zabad
2454 2508 2597 2577 ﬁlius
2634 2507 2892 2563 Seniaatlt
2920 2507 3327 2573 Ammonitidis,
3370 2515 3422 2561 et

1829 2594 2072 2651 Jozabad
2095 2598 2238 2667 ﬁlius
2263 2597 2527 2653 Sentarith
2557 2598 2882 2653 Moabitidis.
2936 2598 3178 2668 Denique
3203 2593 3420 2652 ΗΘΜ-εἰ

1831 2695 2081 2744 asserunt
2127 2689 2327 2744 idcirco
2384 2689 2724 2743 Ammonitas
2752 2696 2809 2743 et
2835 2687 3101 2744 Moabitas
3136 2685 3421 2741 insidiatos

1828 2797 1948 2838 esse
1977 2781 2088 2853 regi
2116 2778 2279 2847 Joas,
2322 2782 2653 2837 detestantes
2695 2780 2953 2849 injustam
2986 2794 3179 2836 necem
3207 2778 3415 2833 Zacha-

1828 2874 1959 2939 rize,
2008 2872 2075 2928 ad
2115 2873 2550 2944 exaggerandam
2579 2872 2847 2928 malitiam
2876 2867 3240 2927 lsraelitarum
3263 2910 3278 2935 ,
3321 2865 3419 2939 qui
3506 2916 3515 2923 .

1826 2966 2012 3022 ulcisci
2033 2966 2323 3022 voluerunt
2348 2966 2685 3022 sacerdotem
2716 2964 2848 3021 Dei:
2880 2963 3024 3035 quod
3049 2962 3124 3018 illi
3148 2960 3416 3028 fecerunt,

1827 3055 1921 3128 qui
1947 3055 2042 3111 ﬁlii
2067 3055 2493 3126 alienigenarum
2519 3054 2756 3110 fuerunt.

2394 3167 2623 3226 CAPUT
2670 3166 2840 3222 XXV.

1982 3262 2061 3319 De
2088 3276 2247 3333 regno
2272 3260 2522 3327 Amasiw,
2554 3257 2656 3327 ﬁlii
2680 3257 2834 3323 Joas,
2860 3257 2917 3311 in
2940 3253 3260 3310 Ierusalem.

1907 3353 2103 3426 Viginti
2123 3352 2353 3425 quinque
2374 3364 2635 3404 annorum
2660 3356 2770 3403 erat
2791 3344 3035 3400 Amasias
3056 3360 3174 3398 cum
3196 3353 3418 3413 regnare

1826 3446 2095 3518 cepisset,
2143 3451 2194 3498 et
2236 3441 2419 3513 viginti
2465 3455 2644 3494 novem
2675 3437 2829 3493 annis
2858 3435 3087 3507 regnavit
3126 3435 3183 3489 in
3213 3431 3416 3487 Hieru-

1824 3534 2008 3592 salem.
2061 3530 2269 3587 Nomen
2307 3530 2493 3585 matris
2532 3530 2647 3601 ejus
2684 3527 2902 3583 Joadan
2942 3526 3007 3581 de
3044 3523 3407 3581 Hierusalem.

1825 3625 2076 3698 Fecitque
2117 3624 2306 3679 bonum
2348 3624 2404 3676 in
2446 3601 2723 3692 conspectu
2752 3618 3010 3674 Domini:
3053 3624 3412 3673 verumtamen

1824 3733 1931 3771 non
1967 3716 2024 3769 in
2061 3713 2218 3769 corde
2245 3710 2495 3783 perfecto.
2536 3708 2718 3777 Quaeri
2747 3715 2927 3778 potest
2955 3706 3233 3778 quomodo
3258 3701 3410 3760 Scri-

1820 3813 1982 3877 ptura
2028 3805 2174 3860 dicat
2216 3801 2493 3858 Amasiam
2536 3800 2739 3855 bonum
2782 3797 2975 3855 fecisse
3018 3798 3074 3852 in
3119 3800 3413 3866 conspectu

1822 3896 1957 3963 Dei,
2003 3895 2099 3951 sed
2139 3908 2248 3949 non
2286 3891 2343 3946 in
2385 3889 2548 3947 corde
2575 3889 2839 3961 perfecto,
2889 3902 3014 3943 cum
3057 3884 3208 3941 nullo
3249 3881 3413 3939 modo

1819 3989 2022 4045 bonum
2046 3986 2176 4043 illud
2200 3999 2360 4057 opus,
2385 3983 2441 4038 in
2469 3989 2763 4052 conspectu
2786 3980 2884 4037 Dei
2908 3978 3024 4034 ﬁeri
3050 3977 3245 4049 possit,
3266 3974 3413 4047 quod

1820 4098 1931 4139 non
1975 4082 2117 4138 bono
2164 4080 2372 4153 geritur
2409 4078 2630 4133 animo?
2677 4074 2915 4132 maxime
2960 4088 3085 4129 cum
3120 4069 3409 4135 Divinitas,

1821 4173 2108 4244 Scriptura
2138 4179 2377 4228 testante
2396 4211 2411 4235 ,
2456 4170 2732 4224 intueatur
2760 4181 2877 4231 cor,
2920 4171 2977 4220 et
3001 4161 3253 4218 voluntas
3281 4157 3412 4215 eﬁ'eé

1819 4274 1965 4320 ctum
1988 4262 2257 4331 condigne
2278 4267 2607 4316 remuneret.
2642 4256 2751 4312 Sed
2770 4256 2973 4311 bonum
2998 4252 3197 4309 dicitur
3216 4248 3411 4306 fecisse

1820 4354 1876 4409 in
1908 4359 2201 4423 conspectu
2231 4351 2366 4415 Dei,
2417 4349 2509 4418 qui
2556 4345 2846 4418 quamdam
2874 4342 3108 4411 speciem
3140 4341 3405 4395 bonorum

1819 4462 2043 4518 operum
2069 4486 2084 4511 ,
2134 4459 2254 4515 quae
2298 4443 2518 4513 placere
2545 4441 2658 4495 Deo
2683 4436 3031 4493 manifestum
3056 4442 3170 4499 est,
3221 4445 3406 4488 coram

1824 4536 2135 4594 hominibus
2161 4525 2417 4590 Ostendit.
2466 4530 2592 4586 Haec
2619 4529 2695 4584 illi
2724 4526 3062 4583 arbitrantur
3089 4526 3231 4579 bona
3261 4535 3404 4591 esse,

1825 4630 1951 4701 quia
1999 4627 2296 4683 facietenus
2338 4623 2635 4688 videbant,
2684 4626 2740 4675 et
2787 4616 3084 4676 secundum
3128 4615 3272 4671 hanc
3315 4611 3407 4668 illa

1817 4720 2148 4785 laudabant,
2187 4716 2283 4773 sed
2311 4730 2493 4771 coram
2522 4714 2633 4769 Deo
2658 4710 2774 4782 jam
2803 4719 3027 4782 accepta
3061 4723 3170 4765 non
3203 4713 3403 4772 erant,

1822 4811 1943 4882 quia
1976 4809 2203 4881 reprobo
2238 4806 2422 4863 animo
2452 4805 2593 4861 facta
2621 4802 2856 4860 fuerant.
2910 4801 3065 4858 Unde
3092 4800 3210 4872 ipse
3236 4798 3403 4855 Ama-

1818 4903 1927 4957 sias
1958 4917 2173 4971 semper
2202 4901 2255 4954 in
2284 4899 2556 4956 deteriora
2585 4896 2857 4961 relabens,
2886 4894 3178 4950 novissime
3203 4892 3257 4946 in
3285 4888 3402 4945 idou

1816 4992 2085 5049 lolatriam
2114 4991 2353 5057 corruit,
2384 5005 2484 5061 per
2511 5003 2675 5060 quam
2700 4996 2756 5043 et
2777 4985 2971 5058 periit,
3002 4983 3128 5055 quia
3154 4980 3395 5037 radicem

1815 5085 1996 5140 cordis
2021 5082 2356 5154 probabilem
2379 5096 2486 5137 non
2511 5068 2721 5147 habuit,
2745 5092 2866 5151 quae
2891 5091 2992 5149 pro
3012 5074 3163 5131 cultu
3180 5072 3400 5146 pietatis

1814 5177 2047 5250 gratiam
2072 5176 2167 5230 Dei
2195 5173 2495 5245 promereri
2521 5178 2725 5243 posset.
3376 5156 3391 5171 ’

1884 5267 2226 5341 Congregavit
2257 5283 2377 5337 ergo
2404 5266 2648 5319 Amasias
2679 5261 2880 5316 ludam
2918 5267 2969 5314 et
3005 5265 3271 5313 constituit
3306 5269 3396 5311 eos

1810 5379 1905 5436 per
1930 5361 2185 5434 familias,
2212 5360 2573 5431 tribunosque,
2610 5364 2659 5411 et
2689 5354 3038 5420 centuriones,
3073 5353 3132 5407 in
3154 5350 3413 5420 universo.

1814 5456 1959 5512 Juda
1978 5465 2026 5510 et
2046 5454 2350 5524 Beniamin,
2372 5461 2420 5507 et
2444 5449 2699 5506 recensuit
2720 5466 2755 5503 a
2777 5447 2956 5519 viginti
2980 5447 3134 5501 annis
3158 5458 3393 5509 sursum,

1814 5548 2104 5618 invenitque
2131 5544 2349 5615 triginta
2383 5540 2554 5597 millia
2575 5542 2862 5613 juvenum,
2901 5539 2992 5611 qui
3027 5537 3397 5609 egrederentur

1814 5638 1883 5692 ad
1914 5653 2173 5708 pugnam,
2216 5644 2263 5689 et
2292 5641 2520 5688 tenerent
2548 5632 2754 5687 hastam
2783 5639 2833 5686 et
2858 5629 3116 5702 clypeum.
3153 5622 3392 5682 Mercede

1812 5743 2014 5799 quoque
2034 5725 2283 5780 conduxit
2310 5723 2374 5778 de
2402 5722 2573 5778 Israel
2601 5732 2807 5777 centum
2837 5719 3009 5776 millia
3032 5719 3388 5779 robustorum,

1812 5828 2020 5875 centum
2069 5814 2277 5873 talentis
2323 5815 2567 5888 argenti:
2598 5814 2743 5892 venit
2782 5822 2956 5870 autem
2997 5812 3152 5869 homo
3178 5807 3277 5864 Dei
3312 5802 3387 5860 ad
