3920 6498
546 398 651 458 507

1180 399 1239 454 Β.
1279 396 1534 452 ΒᾹΒΑΝΙ
1575 394 1793 452 MAURI
1829 390 2100 449 ARCHlEi

2204 358 2496 448 uocum.
2539 392 2823 449 OPERUM
2863 392 3041 449 PARS
3078 394 3118 448 ι.
3214 447 3218 452 ,

3715 394 3799 448 m

542 516 727 582 illum,
770 524 816 570 et
845 515 960 570 ait:
996 514 1042 569 ο
1075 530 1186 579 rex,
1235 530 1297 568 ne
1339 512 1637 583 egrediatur
1666 519 1831 564 tecum
1861 507 2116 562 exercitus
2144 508 2191 567 A
2223 504 2500 570 dederint,
2548 504 2668 560 ideo
2698 505 2817 562 illos
2845 503 3161 560 interfectos
3190 518 3311 559 esse
3332 544 3347 570 ,
3396 504 3536 574 quia
3576 503 3637 558 in
3670 506 3796 562 eum

544 606 746 673 Israel;
786 622 886 661 non
914 616 987 661 est
1015 605 1152 660 enim
1185 604 1437 658 Dominus
1467 619 1584 657 cum
1614 598 1804 666 Israel,
1840 608 1887 653 et
1916 597 2114 652 cunctis

540 697 668 769 ﬁliis
698 697 972 769 Ephraim.
1032 694 1185 763 Quod
1233 697 1280 750 si
1326 706 1479 763 putas
1526 695 1582 748 in
1629 692 1810 746 robore
1859 691 2115 745 exercitus

536 787 677 842 bella
704 789 1006 854 consistere,
1036 787 1277 857 superari
1316 794 1363 840 te
1404 784 1557 855 faciet
1601 782 1739 837 Deus
1767 782 1829 836 ab
1857 780 2111 834 hostibus.

542 879 637 933 Dei
664 880 853 952 quippe
882 887 990 947 est,
1020 887 1069 934 et
1099 878 1376 943 adiuvare,
1421 884 1469 932 et
1511 877 1567 930 in
1606 875 1787 946 fugam
1818 884 2030 938 vertere,
2060 880 2115 926 et

538 977 759 1025 extera.
809 968 1084 1039 Quaeritur
1113 984 1283 1038 quare
1309 968 1516 1023 dictum
1557 966 1664 1031 sit,
1707 980 1815 1020 non
1857 978 1980 1019 esse
2007 962 2115 1018 Do—

540 1061 746 1118 minum
770 1076 895 1119 cum
916 1061 1106 1127 Israel,
1131 1069 1188 1117 et
1212 1060 1423 1116 cunctis
1451 1058 1574 1113 ﬁliis
1603 1056 1900 1127 prraim?
1928 1055 1995 1110 Et
2018 1066 2114 1109 cur

534 1154 690 1224 prius
717 1153 962 1209 nominet
984 1151 1149 1209 lsraet
1170 1193 1186 1220 ,
1235 1166 1342 1224 quo
1386 1149 1649 1206 vocabulo
1692 1162 1880 1203 omnes
1926 1146 2111 1201 decem

536 1244 714 1299 tribus
754 1243 1205 1315 comprehendit,
1262 1250 1317 1297 et
1370 1250 1561 1312 postea
1619 1238 1925 1309 specialiter
1971 1236 2111 1291 ﬁlios

536 1332 816 1404 Ephraim.
848 1332 930 1389 Ad
953 1333 1312 1389 intimandum
1339 1331 1566 1397 scilicet,
1591 1329 1731 1399 quod
1760 1342 1968 1392 omnes,
2000 1334 2108 1380 tam

538 1421 737 1476 subditi
767 1437 929 1492 quam
957 1423 1120 1477 etiam
1151 1421 1359 1493 przelati
1381 1463 1395 1488 ,
1426 1420 1517 1491 qui
1546 1420 1602 1474 in
1635 1418 1884 1473 Samaria
1912 1432 2108 1489 regna-

536 1511 670 1569 bant
690 1523 812 1584 post
830 1511 1139 1579 Jeroboam,
1162 1513 1253 1583 qui
1273 1514 1337 1568 de
1364 1512 1509 1567 tribu
1539 1511 1638 1566 fuit
1657 1511 1935 1581 Ephraim,
1963 1510 2107 1565 noxii

534 1612 726 1672 erant,
779 1615 833 1661 et
878 1606 1183 1662 idololatria
1229 1605 1437 1676 polluti.
1497 1604 1621 1660 Ideo
1664 1605 1809 1660 enim
1850 1604 2109 1659 Dominus

532 1696 739 1766 respuit
767 1712 957 1753 eorum
986 1697 1299 1753 societatem
1334 1698 1386 1751 in
1424 1696 1565 1752 bello
1602 1710 1726 1751 cum
1762 1695 1909 1751 tribu
1937 1695 2103 1763 Juda,

535 1786 658 1855 quia
689 1786 833 1843 idola
860 1803 1048 1843 secum
1071 1788 1374 1855 habebant,
1407 1802 1638 1858 quorum
1666 1787 1842 1844 cultus
1871 1788 2107 1843 maxime

534 1875 644 1932 Deo
674 1878 1011 1950 displicebat.

606 1964 775 2022 Porro
813 1969 1055 2024 Amasias
1093 1969 1411 2039 conﬁdenter
1435 1969 1615 2025 eduxit
1642 1969 1888 2041 populum
1917 1987 2097 2037 suum,

531 2067 579 2112 et
616 2059 742 2115 abiit
780 2061 836 2114 in
874 2060 1059 2115 vallem
1088 2059 1414 2127 Salinarum,
1442 2062 1796 2134 percussitque
1821 2062 1959 2131 ﬁlios
1988 2061 2105 2117 Seir

531 2149 705 2204 decem
733 2151 920 2218 millia,
966 2161 1026 2206 et.
1053 2152 1161 2206 alia
1188 2153 1362 2207 decem
1390 2152 1559 2207 millia
1594 2155 1827 2207 virorum
1861 2163 2103 2225 ceperunt

529 2238 627 2307 filii
659 2238 840 2308 Iuda,
891 2251 939 2295 et
988 2242 1319 2297 adduxerunt
1359 2243 1427 2296 ad
1464 2253 1785 2313 prarruptum
1824 2244 2103 2315 cujusdam

527 2340 707 2402 petrae,
735 2334 1287 2405 prtecipitaveruntque
1321 2352 1405 2390 eos
1434 2337 1498 2390 de
1546 2352 1747 2390 summo
1772 2337 1826 2390 in
1851 2353 2098 2408 prwceps.

528 2419 635 2486 Qui
652 2422 883 2476 universi
905 2435 1233 2494 crepuerunt.
1263 2426 1501 2496 Denique
1524 2428 1576 2481 in
1599 2426 1803 2497 Regum
1828 2428 1893 2483 de
1914 2429 2103 2485 eodem

516 2509 749 2583 Amasia
792 2514 868 2568 ita
913 2515 1174 2586 scriptum
1218 2525 1339 2572 est:
1378 2518 1499 2588 Ipse
1541 2521 1792 2588 percussit
1832 2520 2004 2575 Edam
2049 2523 2105 2577 in

516 2598 663 2656 valle
688 2600 993 2658 Salinarum
1023 2606 1199 2661 decem
1228 2607 1417 2675 millia,
1454 2618 1502 2663 et
1532 2610 1870 2679 apprehendit
1903 2621 2103 2680 petram

524 2689 587 2748 in
615 2694 799 2763 prwlio
825 2736 840 2762 ,
887 2698 1183 2768 vocavitque
1222 2716 1407 2754 nomen
1440 2700 1554 2770 ejus
1590 2699 1820 2756 Jectehel
1857 2719 2017 2773 usque
2049 2704 2105 2758 in

516 2793 831 2855 prarsenlem
859 2785 995 2841 diem
1017 2787 1124 2859 (IV
1148 2786 1273 2860 Reg.
1298 2790 1431 2862 xxv).
1465 2791 1631 2847 Vallis
1658 2790 1965 2848 Salinarum
1990 2803 2105 2850 erat

406 2890 421 2909 ι
527 2872 619 2928 ubi
661 2873 827 2930 salem
856 2874 1160 2945 faciebant,
1202 2879 1289 2935 vel
1316 2879 1465 2939 fumo
1491 2882 1743 2939 videlicet
1778 2884 2097 2956 salsuginis,

526 2973 588 3019 ut
613 2965 796 3022 multis
830 2967 885 3021 in
913 2968 1065 3036 locis,
1094 2971 1299 3038 deciso,
1329 2973 1621 3040 exsiccato,
1654 2983 1710 3029 et
1734 2974 1986 3043 incenso;
2018 2976 2103 3033 vel

528 3054 795 3124 aliquibus
820 3064 1103 3126 puteorum
1134 3060 1323 3128 salsis,
1362 3060 1706 3129 fervefactis,
1752 3072 1807 3119 et
1834 3079 2006 3135 usque
2034 3067 2104 3120 ad

526 3148 653 3203 salis
687 3148 999 3206 ﬁrmitatem
1038 3156 1318 3224 coquendo
1355 3157 1665 3227 perductis;
1702 3156 1787 3212 vel
1827 3158 1932 3213 alio
1969 3175 2101 3229 quo-

525 3234 657 3291 libet
681 3237 868 3293 ordine
889 3278 905 3307 ,
951 3254 1058 3311 quo
1094 3243 1176 3298 sal
1203 3242 1320 3299 ﬁeri
1348 3246 1650 3301 consuevit.
1703 3246 1763 3301 In
1794 3263 1902 3318 quo
1932 3249 2100 3303 etiam

510 3323 673 3393 loco,
712 3335 771 3381 et
795 3327 931 3386 Joab
955 3331 1239 3389 duodecim
1285 3335 1452 3391 millia
1492 3336 1845 3394 ldumaeorum
1873 3354 2098 3410 percus-

512 3417 660 3473 sisse
684 3418 899 3491 legitur.
930 3423 1044 3480 Nec
1069 3430 1507 3496 praetereundum
1535 3433 1680 3501 quod
1706 3447 1805 3501 pro
1832 3433 1972 3488 valle
2002 3432 2101 3488 Ss-

518 3508 755 3565 tinsrum
782 3521 940 3570 vetus
974 3516 1144 3572 editio
1170 3517 1337 3589 quasi
1372 3535 1571 3576 nomen
1614 3522 1851 3593 regionis
1878 3522 2099 3580 Gemela

520 3604 721 3671 posuit.
768 3603 929 3661 Petra
965 3616 1147 3663 autem
1183 3610 1379 3666 civitas
1414 3621 1498 3667 est
1525 3613 1739 3669 Arabiae
1767 3614 1996 3681 nobilis,
2044 3616 2100 3670 in

514 3693 715 3748 eadem
752 3705 900 3751 terra
929 3697 1099 3753 Edam
1120 3739 1136 3766 ,
1185 3716 1305 3770 quae
1342 3703 1398 3758 in
1435 3702 1573 3759 libro
1608 3704 1968 3761 Numerorum
1995 3705 2100 3762 Re-

518 3796 643 3840 cem
673 3785 891 3854 dicitur,
918 3796 973 3845 et
998 3789 1069 3844 ab
1097 3789 1337 3864 Assyriis
1366 3793 1631 3865 hodieque
1661 3797 1740 3851 sic
1773 3798 2095 3868 appellatur.

520 3868 761 3935 lectehel
793 3894 925 3937 vero
948 3883 1093 3952 quod
1119 3884 1368 3941 Amasias
1396 3886 1574 3942 victor
1600 3889 1649 3942 ei
1689 3903 1885 3944 nomen
1923 3891 2098 3961 impo-

525 3971 634 4026 suit
659 4012 675 4038 ,
725 3970 1115 4044 interpretatur
1143 3984 1317 4032 ctetus
1347 3978 1441 4032 Dei
1465 4018 1480 4044 ,
1529 3980 1614 4034 vel
1632 3980 1920 4047 .auxilium
1961 3982 2056 4039 Dei
2080 4020 2095 4049 ,

520 4070 718 4132 agente
742 4058 853 4120 Deo
877 4064 1160 4134 videlicet,
1195 4075 1257 4123 ut
1284 4082 1381 4138 per
1406 4083 1526 4124 eam
1554 4080 1773 4125 maneat
1804 4075 2093 4141 memoria,

518 4153 668 4223 quod
696 4155 837 4210 hanc
866 4156 953 4212 vel
982 4167 1158 4215 coetus
1184 4160 1366 4230 populi
1394 4161 1518 4226 Dei,
1549 4162 1634 4217 vel
1671 4163 1779 4219 Deo
1810 4164 2097 4234 adiuvante

518 4244 691 4313 cepit.
752 4243 859 4302 Sed
893 4245 1159 4319 Josephus
1205 4250 1421 4306 Petram
1469 4267 1577 4308 non
1627 4253 1864 4324 aliquam
1907 4258 2098 4313 civita-

516 4338 631 4385 tem
678 4331 783 4388 hoc
826 4333 882 4390 in
923 4335 1044 4393 loco
1082 4347 1392 4409 nuncupat,
1442 4341 1536 4396 ubi
1561 4341 1812 4399 Amasias
1836 4344 2097 4402 Idumaeos

514 4420 654 4477 vicit
673 4462 689 4489 ,
737 4425 832 4481 sed
858 4433 1070 4483 tantum
1093 4430 1237 4499 quod
1272 4445 1341 4486 ex
1379 4430 1569 4486 decem
1600 4432 1839 4489 millibus
1865 4435 2091 4501 occisis,

518 4514 745 4570 totidem
769 4517 920 4574 vivos
953 4519 1185 4590 ceperit,
1222 4535 1426 4592 eosque
1448 4522 1722 4579 deducens
1747 4524 1817 4580 ad
1841 4540 2092 4598 magnam

518 4614 759 4675 petram,
789 4622 910 4679 qua:
933 4619 1021 4669 est
1049 4612 1106 4667 in
1132 4611 1333 4671 Arabia
1354 4616 1673 4682 constituta,
1702 4631 1773 4670 ex
1805 4631 1869 4672 ea
1897 4618 2093 4689 praeei—

520 4697 791 4766 pitaverit.

593 4789 837 4847 Amasias
877 4808 995 4847 vero
1034 4802 1153 4864 post
1186 4795 1378 4849 eadem
1408 4794 1769 4851 Idumteorum
1809 4805 1859 4852 et
1902 4797 2094 4854 allatas

523 4869 646 4935 deos
675 4878 903 4949 ﬁliorum
933 4883 1076 4951 Seir,
1116 4885 1298 4940 statuis
1350 4885 1469 4940 illos
1506 4887 1563 4942 in
1590 4887 1716 4942 deos
1748 4888 1875 4954 sibi,
1917 4898 1966 4944 et
1995 4891 2095 4944 ad-

522 4971 707 5027 orabat
745 4988 863 5039 eos,
907 4982 958 5029 et
986 4973 1094 5030 illis
1130 4975 1373 5031 adolebat
1418 4978 1708 5032 incensum.
1742 4977 2093 5044 Quamobrem

520 5063 691 5140 iratus
715 5061 970 5119 Dominus
994 5075 1177 5121 contra
1199 5066 1501 5135 Amusicus,
1531 5068 1672 5123 misit
1701 5068 1771 5122 ad
1799 5067 1949 5124 illum
1972 5086 2094 5140 pro-

520 5139 727 5225 phetam
760 5156 848 5226 qui
882 5156 1075 5213 diceret
1109 5159 1158 5214 ei
1190 5173 1208 5211 :
1244 5158 1357 5214 Cur
1404 5160 1640 5215 adorasti
1687 5160 1813 5215 deos
1855 5161 1950 5230 qui
1988 5177 2095 5216 non

520 5243 865 5303 liberaverunt
900 5250 1153 5322 populum
1186 5267 1340 5306 suum
1376 5252 1442 5307 de
1475 5268 1642 5307 manu
1679 5252 1818 5306 tua?
1861 5250 2092 5323 Cumque

519 5335 631 5391 hec
662 5337 753 5393 ille
782 5339 1101 5411 loqueretur,
1130 5344 1393 5414 respondit
1428 5345 1476 5398 ei
1514 5358 1534 5396 :
1575 5343 1724 5399 Num
1755 5342 2092 5399 consiliarius

518 5433 657 5504 regis
681 5450 736 5489 es
761 5436 785 5489 Ρ
824 5437 1047 5507 quiesce,
1079 5454 1143 5493 ns
1167 5438 1480 5509 iruerﬁciam
1506 5448 1576 5494 te.
1625 5438 1861 5494 Narrant
1887 5437 2088 5503 Judaei,

519 5528 663 5599 quod
684 5529 934 5585 Amasias
956 5544 1074 5596 rex,
1093 5540 1316 5602 propter
1338 5533 1443 5587 hoc
1465 5532 1673 5589 ablatos
1699 5532 1830 5588 deos
1856 5530 2093 5585 ﬁliorum

517 5615 688 5676 Edam
714 5628 837 5692 post
858 5634 1050 5677 necem
1076 5636 1263 5678 eorum
1291 5626 1542 5681 statuerit
1568 5626 1670 5680 sibi
1704 5625 1759 5678 in
1784 5623 1939 5689 deos,
1963 5622 2091 5692 quia

517 5722 640 5766 «tm
660 5710 1127 5783 praecipitarentur
1147 5713 1237 5769 illa
1266 5716 1453 5771 decem
1478 5717 1667 5784 millia,
1696 5730 1818 5786 qua:
1842 5716 1906 5771 de
1929 5715 2090 5771 Petra

518 5796 733 5861 Arabiae
756 5799 996 5875 proiecta
1020 5813 1148 5862 sunt
1167 5844 1183 5876 ,
1211 5820 1465 5878 responsa
1498 5808 1622 5864 talia
1648 5807 1949 5865 cultoribus
1974 5809 2089 5864 suis

2217 610 2400 651 eorum
2429 595 2758 667 negligentes
2782 594 3019 651 fuerunt.
3052 595 3253 651 Videtis
3274 610 3411 666 ergo
3431 595 3699 651 Amasis:
3716 612 3797 655 ea

2215 686 2583 757 hujuscemodi
2607 703 2860 758 responsa
2885 690 3035 754 dare,
3064 696 3119 743 et
3144 704 3268 743 aras
3291 703 3493 744 eorum
3512 688 3689 759 eripi,
3706 689 3795 748 in:

2214 785 2401 828 errore
2429 774 2699 844 deceptus,
2726 775 2969 829 adoravit
2989 789 3104 831 eos.
3136 774 3290 831 Hunc
3316 790 3455 846 ergo
3474 776 3789 846 propheta-

2214 864 2305 933 qui
2332 863 2527 919 missus
2547 872 2631 920 est
2653 865 2721 920 ad
2748 865 3133 936 increpandum
3156 882 3337 938 regem
3361 882 3470 937 pro
3486 867 3785 926 “olebit:

2212 967 2374 1022 quam
2421 953 2581 1010 stulte
2627 954 2846 1027 gerebat
2867 996 2882 1022 ,
2928 954 3122 1011 dicunt
3154 954 3324 1013 fuisse
3346 956 3609 1013 Eleazar
3640 958 3785 1015 lim

2213 1041 2397 1110 Dodoi,
2430 1045 2486 1101 id
2512 1055 2618 1113 est,
2643 1046 2893 1101 avunculi
2920 1044 3055 1116 ejus.

2281 1133 2611 1207 Cessavitque
2641 1136 2890 1208 propheta
2917 1146 2968 1192 et
3003 1136 3139 1192 dixit
3166 1154 3185 1192 :
3214 1137 3339 1193 Scio
3360 1140 3512 1209 quod
3540 1142 3785 1211 mgis-se

2210 1229 2281 1280 rit
2311 1226 2565 1284 Dominus
2593 1229 2826 1285 occidere
2850 1239 2930 1295 te,
2962 1231 3054 1301 qui
3076 1240 3127 1285 et
3153 1232 3323 1301 fecisti
3354 1234 3463 1287 hoc
3488 1233 3728 1299 malum,
3748 1250 3787 1289 et

2206 1320 2423 1389 insuper
2466 1334 2569 1374 non
2611 1318 2911 1392 acquievisti
2951 1320 3170 1376 consilio
3199 1338 3333 1378 meo.
3364 1322 3519 1389 Quid
3548 1334 3643 1378 est
3669 1329 3785 1395 qud

2206 1411 2468 1479 propheta
2490 1411 2642 1479 dicit,
2660 1411 2945 1466 Dominum
2960 1413 3204 1484 cogitare
3217 1415 3481 1470 occidere
3503 1417 3785 1483 Anna“,

2208 1516 2330 1556 cum
2355 1501 2468 1572 ipse
2500 1518 2599 1572 per
2627 1503 2789 1557 alium
2817 1504 3136 1574 prophetam
3166 1506 3353 1561 dicat:
3390 1505 3551 1560 Nolo
3590 1520 3786 1561 manu

2206 1594 2512 1662 peccatoris,
2543 1594 2631 1648 sed
2661 1603 2717 1648 ut
2738 1596 2905 1668 magis
2934 1605 3267 1651 convertatur
3302 1606 3353 1652 et
3394 1598 3549 1651 vim
3596 1598 3785 1668 (Eum.

2208 1682 2529 1756 xxxm)?Et
2552 1684 2842 1754 Apostolus
2871 1685 2938 1740 de
2968 1686 3084 1756 ipso
3122 1686 3352 1741 Domino
3387 1688 3473 1741 ait
3509 1704 3526 1741 :
3562 1686 3674 1753 Qui
3706 1690 3786 1741 ut:

2204 1790 2383 1829 omnes
2411 1775 2643 1830 homines
2665 1775 2835 1831 salvos
2858 1776 3000 1844 ﬁeri,
3031 1784 3080 1829 et
3109 1775 3179 1830 ad
3201 1777 3550 1845 agnitionem
3584 1778 3787 1830 ueritatis

2133 1866 2469 1935 Bpervenire
2516 1865 2587 1937 (I
2624 1864 2758 1920 Tim.
2805 1866 2876 1931 ιι)
2947 1860 3227 1932 Quomodo
3283 1866 3377 1919 hic
3423 1865 3651 1920 dicitur
3684 1866 3787 1920 τὰ

2198 1955 2470 2019 occidere,
2494 1956 2586 2024 qui
2617 1956 2887 2012 neminem
2916 1955 3029 2011 vult
3051 1956 3255 2026 perire,
3282 1957 3395 2011 nisi
3422 1957 3573 2026 quia
3601 1956 3729 2021 vult,
3748 1968 3790 2011 st

2200 2058 2545 2100 conversusa
2584 2047 2821 2115 peccatis
2848 2047 3032 2110 vivat;
3062 2061 3186 2101 eum
3211 2055 3401 2100 autem
3444 2048 3560 2116 qui
3600 2047 3661 2101 in
3692 2063 3789 2117 pee-

2200 2136 2340 2191 eatis
2385 2138 2714 2206 p’erseverat,
2760 2138 2908 2209 justo
2949 2137 3152 2209 judicio
3199 2139 3453 2193 damnat.
3519 2138 3658 2194 Ideo
3693 2154 3790 2210 erga

2202 2226 2451 2287 Amasias
2505 2228 2729 2294 interiit,
2761 2231 2887 2299 quia
2944 2230 3248 2285 admonitus
3299 2245 3404 2299 per
3454 2233 3789 2301 prophetam

2202 2325 2264 2373 ut
2309 2319 2533 2374 consilio
2568 2321 2901 2389 poenitentiae
2939 2321 3261 2391 sibimetipsi
3302 2322 3678 2389 subveniret,
3713 2340 3791 2381 an

2202 2407 2461 2477 obedivit,
2488 2412 2596 2467 imo
2621 2413 2931 2484 inginctepto
2945 2414 3169 2482 scelere,
3196 2429 3371 2487 usque
3405 2417 3467 2472 in
3500 2416 3683 2475 ﬁnem
3700 2419 3791 2474 vita

2200 2503 2517 2568 permansit.
3884 2566 3885 2573 η

2273 2590 2445 2662 Igitur
2496 2593 2738 2649 Amasias
2775 2612 2864 2650 rea:
2896 2596 3063 2663 Iuda,
3104 2599 3231 2652 inito
3276 2601 3525 2655 cessim
3574 2602 3789 2668 consulis,
3884 2582 3885 2589 γ

2201 2681 2341 2735 misit
2372 2683 2441 2736 ad
2459 2682 2591 2738 Joas
2630 2684 2799 2752 ﬁlium
2827 2684 3064 2741 loachaz
3094 2686 3193 2756 ﬁlii
3218 2686 3360 2743 λειω
3396 2705 3595 2761 rege.
3626 2690 3789 2757 lsrsd,

2203 2773 2428 2829 dicens:
2471 2775 2614 2844 Veni,
2658 2780 2926 2835 videamus
2967 2799 3059 2836 nos
3101 2792 3303 2838 mutuo.
3352 2784 3429 2837 At
3475 2785 3580 2840 ille
3620 2789 3789 2842 ιιυή

2198 2867 2413 2921 nuntios
2442 2866 2619 2924 dicens
2649 2884 2668 2921 :
2694 2867 2938 2926 Carduus
2965 2874 3055 2942 qui
3081 2884 3154 2928 est
3189 2874 3245 2928 in
3274 2874 3489 2931 Libano
3544 2878 3701 2933 misit
3738 2878 3787 2931 ὀ

2201 2957 2414 3012 cedrum
2436 2957 2623 3015 Libani
2649 2961 2827 3016 dicens
2849 2979 2869 3016 :
2895 2962 2978 3017 Da
3001 2963 3168 3032 ﬁliam
3198 2975 3346 3020 tuam
3373 2967 3503 3036 ﬁlio
3528 2985 3657 3023 meo
3682 2986 3788 3024 us-

2202 3064 2332 3104 rem.
2360 3049 2429 3104 Et
2458 3067 2573 3106 ecce
2603 3053 2779 3108 bestia:
2806 3072 2923 3125 qum
2959 3066 3109 3110 erant
3142 3058 3197 3111 in
3236 3057 3370 3113 silva
3402 3058 3617 3115 Libani
3641 3073 3788 3117 trns-

2201 3142 2395 3206 ierunt,
2431 3151 2479 3197 et
2510 3144 2941 3201 conculcaverunt
2970 3148 3246 3203 carduum.
3271 3149 3478 3206 Dixisti
3511 3166 3532 3204 :
3562 3151 3787 3208 Parui

2127 3213 2172 3278 C
2206 3228 2395 3297 Edam,
2422 3242 2470 3286 et
2500 3232 2697 3287 idcirco
2722 3236 2942 3306 erigitur
2962 3254 3052 3290 cor
3071 3246 3220 3292 tuum
3250 3239 3305 3294 in
3329 3241 3670 3311 superbiam,
3693 3244 3784 3297 sd:

2200 3325 2256 3378 in
2279 3324 2434 3378 domo
2461 3334 2571 3391 tua,
2597 3343 2693 3380 cur
2722 3327 2920 3382 malum
2947 3329 3222 3385 adversum
3246 3340 3294 3384 te
3318 3348 3618 3401 provocas,
3645 3345 3781 3388 uta-

2199 3414 2297 3469 das
2319 3425 2369 3469 et
2392 3425 2451 3469 tu
2472 3425 2521 3470 et
2543 3416 2690 3471 Iuda
2710 3426 2898 3473 tecum.
2924 3418 3064 3487 Quid
3079 3436 3177 3492 per
3196 3422 3357 3476 istam
3377 3422 3782 3480 similituth

2200 3522 2298 3563 rex
2336 3509 2502 3565 Israel
2541 3510 2775 3565 Amasis:
2802 3511 2916 3582 regi
2944 3512 3154 3576 innuit,
3174 3513 3285 3567 nisi
3316 3515 3472 3582 quod
3506 3515 3656 3585 ἤραο,
3681 3516 3784 3571 licet

2199 3614 2232 3654 ι
2274 3599 2543 3656 nobilibus
2576 3602 2912 3671 parentibus,
2953 3604 3057 3658 hoc
3084 3611 3167 3658 est
3210 3619 3242 3658 a
3270 3604 3450 3660 David
3480 3608 3644 3676 regia
3668 3606 3781 3661 llis»

2199 3695 2284 3743 set
2301 3689 2467 3759 stirpe
2485 3697 2667 3756 natus,
2690 3698 2871 3746 tamen
2887 3701 3109 3763 propter
3124 3692 3452 3750 idololatriae
3470 3693 3783 3757 {edim

2199 3781 2437 3852 degener
2474 3793 2530 3838 et
2562 3783 2684 3838 vilis
2716 3783 2963 3852 etl‘eetus,
3006 3785 3282 3856 propriam
3328 3800 3663 3842 mensuram
3690 3803 3783 3843 nos

2199 3876 2586 3941 consideravit,
2617 3868 2713 3933 sed
2738 3878 2948 3949 majora
2980 3878 3123 3933 ultra
3150 3878 3370 3934 modum
3394 3894 3505 3949 per
3528 3882 3785 3951 stipata:

2197 3969 2401 4026 factum
2428 3979 2706 4042 appetens,
2741 3971 3031 4027 mediocria
3062 3987 3181 4042 qum
3204 3974 3251 4027 si
3277 3971 3477 4039 vellet,
3510 3977 3787 4030 tat-nuda

2198 4071 2384 4121 tenere
2407 4072 2611 4134 posset,
2639 4065 2892 4135 perdidit.
2908 4063 3061 4120 Unde
3082 4072 3139 4118 et
3159 4062 3348 4135 zEsopi
3372 4064 3579 4120 fabulis
3600 4080 3786 4136 gruu-

2197 4156 2332 4223 lum,
2354 4157 2445 4227 qui
2463 4157 2684 4227 pavonis
2698 4170 2906 4227 pennas
2924 4156 3025 4212 sibi
3050 4170 3315 4226 usurpare
3324 4158 3396 4211 ad
3417 4166 3786 4228 ornatan

2198 4248 2441 4317 rapinam
2469 4248 2743 4313 voluerat,
2778 4249 3006 4304 aliarum
3045 4249 3222 4304 avium
3258 4248 3631 4321 laceratione,
3670 4265 3783 4322 μιθ-

2196 4343 2317 4413 prio
2363 4340 2560 4397 decore
2600 4348 2821 4395 exutum
2871 4349 3111 4396 narrant.
3160 4339 3345 4411 Neque
3384 4341 3543 4396 enim
3593 4342 3783 4397 bulum

2196 4442 2280 4488 est
2309 4432 2471 4488 alieni
2493 4431 2712 4502 propria
2734 4432 2878 4486 bona
2903 4430 3198 4503 negligere,
3232 4440 3288 4487 et
3309 4431 3493 4488 aliena
3518 4432 3783 4505 perfrau-

2198 4523 2322 4579 dem
2352 4532 2515 4594 atque
2553 4522 2839 4577 avaritiam
2863 4523 3092 4578 ambire.

2190 4658 2201 4668 .
2271 4613 2513 4668 Ascendit
2542 4629 2665 4683 ergo
2691 4612 2821 4667 Joas
2848 4628 2939 4667 rea:
2973 4612 3158 4677 Israel,
3188 4623 3235 4668 et
3271 4623 3484 4669 mustos
3521 4614 3630 4669 ..ω
3648 4630 3781 4685 με·

2199 4704 2353 4758 buere
2387 4713 2713 4775 conspectus.
2762 4705 3001 4759 Amasias
3046 4714 3218 4759 autem
3257 4721 3351 4759 res:
3380 4704 3538 4760 Iuda
3574 4718 3696 4763 aut
3734 4708 3781 4760 is

2196 4794 2499 4850 Bethsames
2536 4795 2702 4850 Iuda.
2740 4792 3050 4867 Corruitquc
3077 4796 3249 4850 ludas
3272 4812 3461 4853 coruus
3492 4796 3711 4864 Israel,
3736 4808 3778 4852 et

2197 4885 2333 4955 fugit
2358 4886 2416 4940 in
2433 4885 2771 4940 tabernacula
2792 4904 2911 4940 sua.
2937 4886 3106 4940 Porro
3126 4886 3396 4941 Amusicus
3412 4904 3596 4959 mg”
3613 4889 3775 4950 Ιώ.

2195 4975 2367 5045 ﬁlium
2406 4974 2539 5030 lous
2572 4975 2673 5045 ﬁlii
2723 4974 2980 5042 Joachaz,
3021 4977 3151 5047 cepit
3183 4977 3317 5032 lous
3354 4993 3454 5032 res
3498 4977 3683 5035 Istus!
3728 4980 3777 5034 ἃ

2197 5065 2520 5133 Bethsantcs,
2542 5075 2592 5121 et
2613 5065 2835 5122 adduxit
2849 5067 2905 5122 in
2923 5065 3645 5140 Jerusalemﬂedrswitqu
3664 5086 3776 5122 nu-

2200 5175 2317 5214 rum
2351 5161 2497 5231 ejus,
2539 5176 2573 5214 α
2611 5167 2763 5229 porta
2793 5158 3053 5229 Ephraim
3100 5176 3262 5231 usque
3312 5160 3386 5214 ω
3430 5170 3656 5232 μή..
3686 5179 3774 5215 αι-

2197 5249 2307 5321 guli
2356 5250 2749 5323 quadringentis
2785 5249 2992 5305 cubitis.
3038 5248 3201 5305 Omne
3236 5267 3441 5323 quoque
3471 5268 3690 5317 αυτ-ιιι,
3728 5262 3772 5305 at

2199 5351 2491 5415 argentum,
2537 5350 2587 5396 et
2623 5343 2862 5397 universa
2899 5360 3022 5397 ma
3066 5360 3184 5414 quis
3225 5353 3490 5416 repensus
3526 5345 3587 5398 iss
3624 5346 3770 5398 deus

2199 5434 2435 5501 Domini,
2460 5443 2509 5488 et
2526 5434 2667 5505 apud
2686 5432 3003 5499 Obededom,
3030 5436 3087 5489 in
3112 5435 3372 5489 thesauris
3397 5435 3564 5489 etiam
3586 5434 3770 5489 dum

2198 5528 2354 5599 regiae
2377 5527 2611 5594 abstulit,
2645 5536 2750 5583 etc.
2782 5527 3098 5583 Bethsames
3118 5527 3312 5583 civitas
3339 5536 3430 5583 est
3458 5528 3765 5584 accedata-

2197 5622 2263 5677 lis
2283 5623 2337 5676 in
2366 5622 2507 5676 tribu
2538 5622 2836 5691 Beniamin,
2867 5637 2988 5691 qua:
3023 5636 3193 5693 usque
3236 5620 3397 5677 hodie
3432 5620 3768 5678 dm-

2195 5723 2286 5770 tur
2329 5714 2396 5767 de
2438 5711 2833 5782 Eleutheropoli
2876 5726 2975 5781 per
3017 5710 3426 5783 Gennieopolim
3477 5710 3539 5767 in
3558 5708 3765 5766 decimo

2195 5806 2447 5864 milliaria
2496 5810 2684 5861 contra
2730 5802 3063 5862 Orientalem
3104 5804 3355 5878 plagam,
3407 5805 3507 5866 uli
3548 5815 3765 5879 mle
