3920 6466
125 334 246 393 509

1069 324 1417 386 ωΜὶΙΕΝΤ.
1456 323 1525 380 ΙΝ
1558 319 2106 379 ΡΛΒΑΙῙΨΟΜΕΝΔ.
2138 350 2210 363 -—
2244 320 2372 377 LIB.
2410 320 2500 376 IV.

3280 326 3385 382 510

129 446 400 506 Amasias
445 451 505 501 et
549 441 677 501 Joas
722 449 910 499 mutuo
962 449 1151 497 eorum
1208 453 1270 496 se
1302 437 1711 494 dimicaverunt.
1740 435 1794 496 Α
1820 439 1942 486 rant
1989 429 2199 487 Hebrazi
2229 431 2397 487 tilium
2432 446 2554 488 esse
2596 433 2855 490 taenarias
2889 434 2986 490 ﬁlii
3021 432 3244 501 Joiadae,
3288 437 3384 506 qni

131 539 336 595 Altera
380 543 560 592 autem
594 543 683 591 est
722 533 1040 590 Bethsames
1067 533 1122 588 in
1150 532 1297 587 tribu
1326 528 1609 600 Nephthali
1648 526 1719 582 ad

132 643 377 703 regnum
415 629 603 684 decem
633 626 871 683 tribuum
895 626 951 681 in
979 623 1223 680 Samaria
1238 620 1539 693 pertinens.
1558 617 1720 686 Quod

133 732 333 780 nam
364 721 428 776 in
472 718 678 793 Regum
726 720 924 776 dicitur
964 718 1280 773 Bethsames
1305 713 1557 786 oppidum
1600 725 1720 767 esse

131 815 322 882 suam,
353 812 625 886 signiﬁcat
648 813 794 884 quod
826 811 895 867 ad
921 826 1144 883 regnum
1171 807 1340 874 Judte,
1378 808 1484 864 hoc
1504 812 1607 873 est,
1650 804 1719 860 ad

133 907 285 961 duas
310 904 490 960 tribus
519 903 717 974 quibus
752 903 941 959 domus
962 901 1139 957 David
1176 901 1456 973 regnabat,
1489 896 1720 969 pertine-

130 996 237 1054 bat
272 1015 287 1052 :
320 1005 579 1053 ceterum
605 994 897 1052 sectandum
924 994 1163 1050 locorum
1186 993 1349 1049 situm
1368 1032 1383 1058 ,
1421 989 1488 1045 ad
1514 996 1718 1045 sortem

132 1088 456 1159 pmﬁnehat
496 1085 795 1158 Beniamin.
849 1084 983 1140 illud
1030 1092 1210 1139 autem
1250 1082 1391 1154 quod
1437 1080 1719 1151 Scriptura

134 1177 348 1244 refert,
378 1174 507 1233 Joas
537 1176 726 1232 tulisse
752 1175 1036 1230 thesauros
1064 1188 1199 1244 quos
1237 1173 1436 1243 reperit
1472 1170 1526 1224 in
1556 1170 1716 1224 domo

133 1270 267 1337 Dei,
310 1276 367 1326 et
407 1270 548 1341 apud
574 1269 899 1335 Obededom,
948 1266 1183 1323 ostendit
1230 1280 1353 1320 eum
1396 1278 1505 1318 non
1546 1260 1719 1316 solum

134 1360 237 1415 illa
266 1374 403 1416 vasa
428 1359 638 1425 tulisse,
678 1374 796 1430 quae
842 1359 898 1413 in
945 1358 1104 1413 domo
1146 1356 1242 1412 Dei
1278 1354 1501 1426 reperit,
1533 1352 1626 1409 sed
1665 1359 1720 1407 et

138 1451 240 1507 illa
283 1466 406 1523 qum
447 1453 589 1524 apud
624 1451 887 1521 ianitores
932 1461 988 1508 et
1020 1453 1269 1507 custodes
1308 1449 1493 1520 templi
1537 1460 1719 1503 serva-

134 1542 368 1598 bantur.
432 1542 493 1598 ln
544 1543 724 1615 priore
787 1543 924 1599 libro
978 1550 1234 1597 narratur
1284 1539 1427 1612 quod
1480 1539 1546 1594 de
1590 1537 1719 1594 ﬁliis

128 1633 455 1691 Obodedom
484 1649 585 1705 per
622 1633 790 1691 David
829 1633 1057 1691 fuissent
1096 1632 1252 1689 electi
1300 1632 1576 1703 sexaginta
1612 1630 1718 1686 duo

128 1726 338 1818 viri’ad
365 1725 783 1783 ministrandum
804 1727 862 1781 in
886 1727 1047 1783 domo
1071 1725 1166 1781 Dei
1196 1767 1210 1791 ,
1248 1732 1304 1780 et
1328 1724 1396 1779 ad
1417 1723 1717 1780 custodiam

132 1817 355 1888 tenipli.

204 1907 431 1979 Reliqua
463 1924 583 1964 vero
615 1924 912 1963 sermonum
937 1908 1166 1964 Amasia:
1190 1909 1425 1980 priorum
1450 1915 1498 1960 et
1535 1904 1681 1958 novis
1698 1932 1713 1945 -

124 1999 393 2054 simorum
419 2000 613 2070 scripta
648 2009 769 2053 sunt
798 2001 855 2053 in
889 2000 1020 2053 libro
1051 2015 1229 2069 regum
1258 1997 1405 2052 Iuda
1440 2006 1490 2052 et
1522 1992 1711 2050 Israel.

131 2093 245 2161 Qui
266 2102 541 2165 postquam
564 2094 769 2149 recessit
783 2110 814 2147 a
834 2093 1058 2147 Domino
1080 2092 1404 2147 tetenderunt
1427 2090 1474 2144 ei
1495 2088 1715 2143 insidias

128 2185 192 2239 in
214 2183 533 2239 Jerusalem.
571 2184 803 2255 Cumque
835 2184 1047 2254 fugisset
1071 2184 1129 2237 in
1157 2181 1367 2246 Lachis,
1390 2181 1641 2234 miserunt
1667 2187 1713 2232 et

77 2288 83 2293 '
120 2274 508 2345 interfecerunt
532 2291 653 2329 eum
680 2275 773 2340 ibi,
799 2282 1218 2345 reportantesque
1243 2287 1398 2342 super
1418 2287 1596 2341 equos,
1628 2284 1712 2323 se-

126 2364 395 2437 peﬁsrunt
424 2381 544 2420 eum
587 2381 707 2419 cum
755 2364 989 2436 patribus
1028 2365 1138 2419 suis
1182 2364 1239 2419 in
1274 2363 1487 2435 civitate
1520 2359 1711 2425 David,

129 2465 244 2512 etc.
283 2456 452 2512 Recte
480 2457 684 2512 dictum
716 2464 799 2512 est
829 2456 974 2527 quod
999 2471 1067 2512 ex
1112 2471 1179 2511 eo
1216 2464 1462 2525 tempore
1487 2468 1593 2523 quo
1630 2466 1716 2507 re-

128 2544 306 2600 cessit
342 2544 593 2601 Amasias
620 2561 652 2600 a
692 2546 951 2612 Domino,
992 2545 1352 2600 insurrexerit
1392 2556 1553 2613 super
1590 2556 1714 2597 eum

129 2631 442 2704 coniuratio
487 2635 545 2689 in
583 2634 902 2702 Jerusalem,
950 2636 1077 2706 quia
1124 2650 1195 2691 ex
1240 2650 1307 2690 eo
1339 2642 1579 2705 tempore
1607 2648 1715 2704 quo

129 2724 415 2794 propheta:
428 2725 715 2782 consilium
745 2741 851 2781 non
877 2727 1102 2793 audivit,
1133 2741 1307 2796 neque
1328 2726 1397 2780 ad
1427 2725 1716 2781 Dominum

131 2816 381 2873 converti
407 2816 599 2884 voluit,
628 2819 951 2889 praeparatio
978 2817 1373 2887 coniurationis
1402 2817 1547 2871 illius
1573 2816 1715 2870 facta

128 2915 251 2975 est;
289 2916 346 2963 et
380 2916 607 2971 eatenus
644 2910 830 2978 dilata,
880 2911 1055 2966 donec
1082 2911 1151 2966 ad
1195 2908 1717 2966 consummationem

128 2999 467 3069 perveniret.
511 3000 950 3072 Reportantesque
995 3017 1155 3071 super
1200 3017 1358 3072 equos
1406 2999 1717 3071 sepelierunt

130 3110 278 3149 eum
314 3094 433 3152 Non
456 3095 603 3153 enim
628 3096 748 3153 sine
776 3111 939 3152 causa
971 3094 1255 3166 Scriptura
1282 3095 1415 3151 dicit
1435 3109 1557 3149 eum
1584 3108 1715 3164 por-

136 3194 314 3241 tatum
349 3202 514 3259 super
549 3201 741 3257 equos,
782 3189 908 3257 quia
948 3187 1077 3242 deos
1121 3186 1287 3242 Edom
1310 3227 1323 3251 ,
1361 3185 1453 3255 qui
1482 3185 1537 3239 in
1564 3184 1718 3255 equis

132 3280 517 3349 portabantur,
569 3278 898 3335 adoraverit.
949 3279 1018 3333 Et
1059 3278 1264 3334 idcirco
1309 3292 1420 3332 non
1449 3284 1718 3348 portatum

132 3386 307 3442 super
330 3374 620 3427 humerum
647 3372 950 3438 hominum,
983 3372 1109 3442 quia
1144 3370 1422 3442 negligens
1452 3376 1571 3425 erat
1600 3382 1717 3424 ser-

134 3461 260 3515 vire
308 3461 420 3518 Deo
462 3461 649 3530 Israel,
696 3462 849 3533 cuius
901 3463 1203 3518 ministeria
1256 3476 1418 3531 super
1462 3461 1720 3516 humeros

132 3550 512 3608 Caathitarum
538 3553 743 3624 portari
773 3550 926 3621 iussa
982 3562 1108 3609 sunt
1144 3551 1334 3625 (Num.
1376 3550 1472 3625 tv).

694 3662 925 3720 CAPUT
970 3664 1157 3721 XXVI.

144 3749 383 3827 Dequ
410 3769 548 3825 rege,
573 3763 621 3827 et
662 3756 952 3827 temeritate
996 3757 1275 3827 ejus,qua
1309 3755 1608 3827 sacriﬁcare
1632 3771 1720 3809 vo-

212 3823 308 3904 luit
354 3822 414 3879 in
448 3822 641 3904 tm
670 3838 690 3878 :
713 3824 854 3880 unde
885 3842 980 3896 pro
1024 3822 1270 3882 vindicta
1323 3822 1467 3896 lepra
1516 3826 1571 3880 in
1600 3841 1719 3880 eum

215 3902 535 3950 Μίδειαν

212 4003 281 4075 (ιι
306 4002 442 4061 Pu.
469 4006 647 4078 xm.)
678 4005 916 4063 Sedecim
949 4024 1207 4063 annorum
1238 4016 1353 4063 erat
1405 4008 1566 4063 Ozias
1601 4024 1719 4063 cum

142 4108 360 4163 regnare
371 4094 625 4165 erupisset,
637 4104 689 4151 ot
702 4098 1084 4167 quinquaginta
1098 4097 1299 4153 duobus
1315 4097 1470 4153 annis
1488 4098 1721 4169 regnavit

138 4185 203 4240 iu
230 4184 559 4254 Jews-lem;
584 4202 774 4243 nomen
798 4188 984 4243 matris
1014 4188 1130 4259 ejus
1156 4189 1391 4245 Jechelia
1420 4190 1485 4244 de
1503 4187 1721 4244 Jerusa-

137 4272 264 4330 lem.
286 4273 536 4347 Fecitque
577 4276 717 4347 quod
759 4286 870 4331 erat
920 4287 1117 4332 rectum
1160 4279 1218 4333 in
1266 4278 1435 4334 oculis
1482 4278 1720 4345 Domini,

130 4366 297 4438 jura
322 4365 501 4420 omnia
532 4381 651 4437 qua:
686 4365 880 4435 fecerat
917 4367 1161 4422 Amasias
1189 4375 1338 4439 pater
1370 4370 1509 4439 ejus,
1545 4378 1595 4423 et
1628 4385 1720 4423 ex-

139 4456 355 4528 quisisit
382 4454 671 4511 Dominum
696 4455 753 4511 in
784 4456 968 4512 diebus
1000 4455 1277 4513 Zacharia:
1302 4457 1636 4530 intelligentis
1674 4468 1722 4513 et

1793 603 1807 613 ~
1818 532 1941 596 post
1974 530 2205 579 mortem
2228 525 2402 594 patris
2437 532 2595 581 natus
2636 534 2726 583 est
2763 528 3100 598 posthumus,
3134 528 3204 583 ob
3238 529 3385 600 quod

1818 624 1874 671 et
1903 628 2095 672 nautea
2136 615 2310 686 patris
2339 616 2562 672 sortitus
2591 625 2692 672 est.
2736 616 3215 690 lntelligensenim
3254 632 3385 688 pro-

1817 717 1939 780 pter
1954 708 2313 766 sacerdOtium
2331 716 2670 780 nuncupatus
2685 717 2792 774 est,
2805 710 2997 767 videns
3016 724 3146 766 vero
3162 718 3387 782 propter

1816 802 2175 873 prophetiam.

1887 894 2117 968 Cumque
2136 897 2416 969 requireret
2437 894 2741 963 Dominum,
2770 897 2962 953 diremit
2992 914 3110 953 eum
3135 897 3191 951 in
3213 898 3383 952 omni-

1820 991 1933 1047 bus.
1973 991 2206 1062 Denique
2246 1006 2477 1062 egressus
2520 998 2612 1055 est,
2652 999 2699 1043 et
2738 991 2986 1060 pugnavit
3033 997 3213 1043 contra
3257 985 3388 1043 Phi-

1817 1081 2054 1147 listhiim,
2082 1091 2129 1136 et
2156 1082 2419 1137 destruxit
2445 1095 2654 1135 murum
2684 1077 2839 1145 Gelli,
2864 1090 2912 1135 et
2941 1096 3150 1134 murum
3179 1079 3388 1135 Jabnice

1817 1190 2125 1244 murumque
2149 1174 2321 1227 Azoti.
2352 1171 2761 1242 AEdiﬁcavitque
2799 1171 2988 1242 oppida
3018 1170 3073 1223 in
3103 1169 3266 1223 Λιοτο
3285 1210 3299 1234 ,
3338 1177 3387 1222 et

1816 1266 1872 1321 in
1888 1264 2228 1331 Philisthiim,
2250 1276 2298 1320 et
2311 1265 2511 1337 adjuvit
2535 1281 2651 1319 eum
2673 1263 2812 1319 Deus
2835 1272 3015 1319 contra
3039 1260 3384 1328 Philistliiim,

1817 1365 1864 1412 et
1906 1367 2089 1411 contra
2134 1356 2331 1411 Arabes
2364 1358 2452 1428 qui
2487 1356 2723 1411 habitant
2762 1358 2818 1411 in
2848 1352 3105 1410 Curbaal.
3149 1350 3385 1408 Gurbaal

1814 1449 1991 1518 ipsum
2019 1448 2203 1504 dicunt
2228 1463 2347 1504 esse
2381 1447 2557 1503 locum
2598 1448 2689 1518 qui
2726 1447 2785 1502 in
2812 1445 3006 1503 Genesi
3043 1454 3267 1500 vocatus
3303 1449 3388 1499 est

1817 1538 2041 1605 Gerara,
2075 1538 2166 1594 ubi
2184 1539 2287 1594 fuit
2311 1539 2620 1595 Abimelech
2642 1555 2761 1606 rex,
2794 1538 2914 1594 etin
2938 1553 3045 1608 qua
3074 1536 3384 1608 peregrina-

1820 1636 1906 1685 tus
1928 1639 2017 1686 est
2040 1629 2310 1685 Abraham
2334 1644 2458 1685 cum
2491 1644 2663 1685 uxore
2686 1644 2782 1685 sua
2823 1625 2992 1695 Sara,
3022 1627 3162 1683 sicut
3188 1625 3245 1681 in
3282 1623 3386 1681 Ge-
3465 1646 3477 1656 -

1816 1721 1934 1776 nesi
1961 1720 2174 1791 legitur.
2598 1708 2601 1711 “

1736 1788 1790 1851 Β
1887 1788 2298 1882 ιΕάίλῑεαυὲεᾳιιε
2328 1809 2485 1866 Osias
2505 1820 2673 1865 turres
2692 1811 2750 1864 in
2778 1808 3074 1865 Jerusalem
3098 1824 3252 1880 super
3272 1823 3388 1879 por-

1816 1910 1925 1957 tam
1952 1903 2168 1974 anguli,
2202 1912 2249 1956 et
2275 1919 2432 1973 super
2454 1911 2657 1973 portam
2677 1901 2849 1967 vallis,
2885 1909 2933 1955 et
2960 1900 3184 1971 reliquas
3206 1900 3261 1953 in
3294 1915 3382 1953 eo-

1810 1998 1933 2052 dem
1959 1998 2098 2052 muri
2140 1996 2329 2061 latere,
2358 1997 2683 2065 ﬁrmauitque
2708 2011 2817 2061 eas,
2854 2002 2961 2050 etc.
2995 1993 3212 2049 Portam
3241 1993 3386 2048 enim

1813 2088 2069 2160 Ephraim
2105 2100 2266 2157 quam
2290 2087 2620 2143 destructum
2653 2093 2778 2140 ante
2803 2083 2986 2139 retulit
3014 2097 3110 2152 per
3144 2079 3270 2137 Joas
3300 2093 3388 2135 re-

1815 2194 1936 2251 gem
1962 2178 2129 2235 lsrael
2147 2220 2162 2245 ,
2194 2193 2337 2234 nunc
2362 2192 2459 2247 per
2485 2185 2695 2247 portam
2720 2175 2877 2229 vallis
2903 2174 3164 2229 nominat.
3203 2170 3385 2226 Noluit

1812 2271 1958 2325 enim
1999 2270 2229 2339 scriptor
2264 2267 2503 2323 historiae
2530 2265 2660 2319 illud
2690 2279 2887 2320 nomen
2913 2276 3116 2334 ponere
3145 2261 3200 2315 in
3222 2257 3390 2314 aedili-

1810 2362 2007 2426 cando,
2054 2359 2196 2428 quod
2232 2358 2412 2428 posuit
2447 2357 2505 2411 in
2541 2353 2886 2412 destruendo.
2932 2351 3041 2407 Nec
3091 2349 3386 2416 immerito,

1814 2450 1943 2522 quia
1968 2449 2225 2519 Ephraim
2253 2462 2321 2502 eo
2342 2453 2589 2514 tempore
2614 2441 2772 2498 idolis
2811 2441 3158 2503 immolabat,
3186 2446 3241 2495 et
3264 2452 3390 2509 par-

1812 2541 1988 2610 ticeps
2008 2539 2135 2595 Joas
2158 2536 2301 2607 regis
2321 2536 2403 2591 sui
2424 2536 2483 2590 in
2506 2533 2873 2589 destructione
2898 2539 3068 2602 porta:
3088 2527 3390 2586 Jerusalem

1812 2632 2031 2697 fuerat;
2076 2631 2131 2684 in
2161 2627 2515 2685 aediﬁcatione
2549 2625 2717 2696 ipsius
2743 2623 2963 2696 proprio
2991 2620 3253 2677 vocabulo
3292 2633 3390 2674 suo

1814 2733 1876 2780 ut
1901 2723 2274 2778 nominaretur
2314 2734 2423 2775 non
2453 2716 2681 2782 meruit,
2728 2716 2822 2771 sed
2846 2713 3064 2770 nomine
3102 2711 3258 2768 vallis
3295 2726 3394 2767 no-

1814 2814 2021 2871 minata
2069 2818 2174 2876 est,
2208 2817 2430 2880 propter
2457 2805 2694 2862 auctoris
2716 2802 2814 2879 sui
2858 2801 3286 2858 humiliationem
3329 2813 3393 2853 ac

1818 2905 2099 2961 vilitatem.
2136 2901 2376 2957 Meminit
2399 2906 2455 2955 et
2472 2897 2671 2953 Esdras
2692 2895 2853 2965 huius
2877 2900 3069 2963 portae,
3100 2892 3154 2946 in
3182 2897 3393 2946 restau-

1819 2996 2029 3052 ratione
2066 2992 2217 3048 urbis
2244 2996 2368 3062 post
2396 2988 2628 3043 reditum
2662 2984 2992 3054 captivitatis
3026 2980 3390 3053 Babylonica,

1820 3086 1912 3140 ubi
1939 3084 2072 3139 dicit
2100 3101 2115 3136 :
2148 3082 2219 3137 Et
2242 3089 2447 3151 portam
2476 3077 2627 3133 vallis
2651 3075 2929 3146 adi/ienuit
2957 3068 3179 3139 Hanun,
3217 3080 3265 3127 et
3297 3071 3393 3125 ha-

1823 3176 2066 3230 bitatores
2109 3172 2287 3226 Zanoe
2326 3169 2409 3243 (11
2455 3168 2585 3224 Esd.
2623 3166 2729 3238 ιιι).
2771 3164 2986 3220 Scimus
3021 3162 3214 3217 vallem
3244 3160 3393 3216 Josa-

1816 3267 1974 3337 phat,
2005 3279 2125 3334 quae
2156 3272 2214 3319 et
2238 3260 2535 3318 Gehennen
2552 3300 2566 3325 ,
2596 3260 2701 3313 hoc
2723 3262 2805 3311 est
2826 3253 2983 3309 vallis
3006 3253 3219 3319 Ennon,
3244 3251 3391 3306 dice-

1820 3364 1983 3418 batur
2002 3401 2017 3427 ,
2049 3359 2117 3413 ad
2142 3355 2471 3414 Orientalem
2513 3353 2726 3425 plagam
2755 3363 2875 3404 esse
2903 3346 3137 3403 civitatis
3175 3341 3394 3400 Jerusa-

1818 3456 1954 3521 lem,
1984 3467 2083 3524 per
2106 3465 2268 3521 quam
2309 3458 2522 3503 torrens
2546 3444 2788 3508 Cedron,
2820 3439 2974 3510 cuius
3011 3439 3065 3493 in
3103 3434 3395 3507 Evangelia

1818 3546 1881 3601 iit
1915 3544 2151 3608 mentio,
2192 3543 2238 3597 si
2271 3538 2484 3611 quando
2524 3535 2829 3606 pluviarum
2854 3531 2941 3586 vel
2969 3529 3195 3585 nimium
3225 3540 3394 3598 aquas

1820 3635 2032 3705 recipit,
2066 3648 2094 3687 a
2118 3627 2520 3702 septentrionali
2540 3627 2595 3681 in
2622 3620 2929 3678 Australem
2946 3618 3135 3674 deﬂuit
3155 3616 3388 3688 plagam.

1820 3725 1929 3781 Sed
1978 3730 2034 3779 et
2082 3723 2135 3776 in
2175 3718 2506 3778 Occidentali
2547 3722 2701 3786 parte
2746 3712 2862 3781 ejus
2902 3709 3158 3776 civitatis,
3200 3706 3393 3761 vallem

1816 3812 1998 3869 Gihon
2026 3811 2276 3882 legimus,
2306 3808 2523 3863 dicente
2548 3805 2688 3861 libro
2712 3801 3161 3871 Paralipomenon
3188 3797 3269 3856 de.
3286 3794 3396 3849 Ma-

1820 3924 1980 3966 nasse
2019 3921 2148 3978 rege
2174 3904 2312 3961 Juda
2340 3920 2355 3956 :
2388 3898 2515 3955 Post
2542 3901 2677 3953 lianc
2702 3894 2980 3964 mdiﬁcavit
3014 3907 3225 3945 murum
3247 3897 3394 3978 sistra

1821 3976 2281 4059 civitatemVIMvid
2321 3994 2390 4050 ad
2436 3991 2751 4048 occidentem
2787 3988 2842 4041 in
2890 3982 3120 4040 convalle
3147 3979 3231 4054 (11
3262 3976 3391 4032 Par.

1822 4093 2037 4165 xxxiii).
2076 4090 2252 4147 Gihon
2280 4093 2459 4142 autem
2484 4092 2567 4140 est
2591 4094 2791 4137 nomen
2820 4075 2985 4133 fontis
3010 4073 3212 4165 ubiest
3243 4068 3395 4125 Salo-

1818 4202 1949 4244 mon
1993 4162 2190 4239 unctus
2238 4180 2295 4234 in
2337 4189 2516 4248 regem
2562 4172 2707 4229 foras
2756 4169 3048 4225 civitatem.
3094 4162 3227 4219 Sive
3267 4175 3397 4231 ergo

1822 4279 1983 4342 hanc,
2005 4274 2122 4329 sive
2150 4270 2325 4333 illam,
2358 4267 2472 4323 sive
2507 4263 2669 4319 aliam
2692 4258 2991 4331 quamlibet
3015 4253 3255 4326 eiusdem
3282 4248 3398 4304 val-

1822 4368 1927 4422 lem
1962 4364 2165 4419 Esdras
2189 4361 2295 4417 hoc
2322 4359 2442 4413 loco
2464 4352 2751 4426 signiticet,
2783 4353 2932 4419 patet
2968 4348 3394 4406 sacramentum,

1825 4458 1952 4529 quia
1982 4462 2140 4525 porta
2172 4450 2329 4506 vallis
2372 4445 2670 4503 aediﬁcatur
2698 4443 2754 4496 in
2791 4436 3128 4529 Jerusalem,
3158 4446 3286 4529 cum
3313 4429 3399 4529 vel

140 4506 363 4605 is};
382 4506 1270 4622 ’&;;1”'b;t.;'n;agt;.;.;;
1283 4506 1718 4624 gafaiiiqgi
1746 4506 1799 4569 θ
1823 4506 2263 4615 fastigium
2298 4538 2490 4595 notitia
2519 4534 2730 4624 divina
2752 4530 2877 4624 ildei
2914 4535 2973 4624 et
2994 4523 3271 4624 veritatis,
3313 4520 3399 4624 vel

143 4639 207 4695 in
234 4636 676 4708 Paralipomenon
702 4637 885 4708 Ozias,
927 4642 1067 4697 idem
1097 4644 1154 4699 in
1179 4641 1384 4713 Regum
1410 4643 1720 4698 nominatur

144 4730 369 4788 Antias
417 4727 525 4806 (ιν
569 4728 698 4804 Reg.
747 4732 882 4807 xv).
939 4733 1100 4791 Ozias
1144 4734 1289 4791 enim
1334 4734 1720 4805 interpretatur

143 4826 306 4881 virtus
326 4824 564 4892 Domini,
597 4824 898 4881 etAsarias
926 4824 1184 4880 auxilium
1216 4825 1463 4891 Domini;
1485 4833 1541 4881 et
1572 4834 1717 4882 recte

146 4913 317 4970 virtus
358 4913 573 4971 Domini
601 4912 687 4969 vel
726 4913 990 4969 auxilium
1030 4912 1243 4968 Domini
1285 4921 1544 4980 vocatur,
1592 4914 1718 4984 quia

148 5003 385 5076 quodin
395 5012 546 5061 recta
564 5004 695 5075 egit,
718 5004 899 5060 divina
922 5018 1026 5075 ope
1054 5002 1289 5072 adjutus,
1317 5004 1550 5075 plurima
1573 5019 1722 5059 com-

148 5097 295 5156 misit
342 5096 577 5154 feliciter
618 5094 779 5162 bdla,
828 5105 887 5150 et
910 5096 1111 5165 ubique
1134 5096 1203 5150 de
1247 5096 1493 5151 hostibus
1520 5096 1718 5149 trium-

149 5187 366 5260 phavit;
391 5190 488 5246 sed
508 5195 795 5259 postquam
818 5201 916 5258 per
938 5186 1245 5257 superbiam
1267 5186 1450 5241 illicita
1468 5184 1719 5251 tentavit,

150 5279 300 5350 lepra
318 5293 639 5350 Ws,
672 5286 733 5333 et
754 5278 995 5333 nmninis
1016 5285 1074 5333 et
1100 5276 1323 5333 honoris
1347 5276 1506 5332 simul
1538 5276 1718 5331 hisca-

151 5373 232 5435 vit
259 5371 600 5446 dignitatem,
633 5372 762 5442 quia
789 5370 1038 5440 leprosos
1078 5368 1276 5434 factus,
1316 5376 1375 5424 et
1406 5367 1656 5425 exclusus
1688 5381 1721 5422 a

152 5465 380 5540 populo,
425 5480 671 5522 seorsum
698 5464 759 5518 in
798 5464 959 5519 domo
998 5470 1248 5532 separata
1272 5475 1447 5532 usque
1473 5460 1540 5515 ad
1574 5459 1720 5515 diem

155 5558 343 5618 north
376 5574 493 5616 sua:
545 5557 828 5614 habitavit.
884 5556 1039 5624 Quod
1087 5563 1266 5611 autem
1310 5554 1528 5619 dicitur,
1578 5550 1720 5622 quod

157 5652 312 5711 Ozias
343 5651 663 5724 exquisierit
707 5650 992 5707 Dominum
1031 5649 1087 5703 in
1126 5647 1305 5701 diebus
1338 5645 1613 5700 lacuaria:
1641 5646 1723 5699 in—

161 5744 426 5812 telliosntis
447 5752 497 5802 et
514 5744 734 5801 videntis
758 5743 1066 5807 Dalﬁnum,
1086 5741 1233 5797 hunc
1256 5738 1575 5795 Zachariam
1593 5752 1724 5792 nar-

1827 4635 2094 4708 reparatis
2130 4634 2186 4688 in
2229 4629 2477 4686 castitate
2500 4622 2626 4679 ﬁdei
2654 4661 2668 4688 ,
2717 4621 2803 4677 his
2838 4617 2932 4690 qui
2960 4617 3347 4672 aberraverant
3366 4625 3399 4667 a

1828 4705 2138 4789 doctoribus
2193 4721 2439 4780 veritatis
2464 4760 2480 4787 ,
2526 4719 2669 4774 inter
2706 4713 2810 4770 alia
2853 4712 3027 4767 virtus
3080 4705 3399 4765 humilitatis

1825 4820 2156 4881 observanda
2180 4813 2495 4888 pracipitur
2514 4851 2528 4878 ,
2567 4824 2663 4880 per
2686 4821 2847 4878 quam
2873 4802 3079 4873 maiore
3101 4800 3198 4855 Dei
3226 4798 3397 4870 gratia

1826 4910 2107 4972 sublimari
2154 4911 2488 4968 mereantur,
2545 4899 2757 4955 dicente
2816 4901 3001 4951 sancta
3062 4890 3394 4960 Scriptura:

1824 5005 1966 5060 Deus
1998 4998 2233 5072 superbis
2257 4994 2481 5059 resistit,
2515 4988 2801 5046 humilibus
2840 4994 3015 5040 autem
3052 4982 3145 5035 dat
3171 4979 3399 5051 gratiam

1848 5096 1967 5151 Jac.
1992 5092 2091 5161 tv).

1825 5095 2219 5255 “immo
2254 5194 2456 5252 quoque
2485 5176 2559 5230 eis
2589 5172 2771 5237 Ozias,
2813 5168 2868 5223 id
2897 5174 2992 5231 est,
3032 5168 3218 5218 cuncto
3251 5174 3397 5255 eser-

1824 5276 1973 5344 citui,
2001 5250 2229 5345 clypeos,
2253 5250 2302 5325 et
2338 5271 2539 5332 hastas,
2568 5277 2618 5320 et
2648 5263 2871 5326 loricas,
2903 5269 3175 5327 arcusque,
3196 5260 3253 5345 et
3275 5250 3399 5345 fun-

1825 5342 2348 5436 das,vadvjaciendos
2383 5358 2599 5428 lapides.
2639 5352 2709 5408 Et
2753 5351 2874 5422 fecit
2901 5350 2955 5404 in
2992 5342 3290 5403 Jerusalem
3322 5342 3402 5397 di-

1825 5460 1958 5518 versi
1983 5458 2186 5530 generis
2206 5453 2476 5508 machinas
2495 5490 2509 5516 ,
2534 5463 2665 5519 quas
2687 5447 2741 5499 in
2771 5441 3000 5498 turribus
3028 5437 3317 5504 collocavit,
3350 5440 3400 5491 et

1826 5551 1881 5606 in
1917 5547 2123 5619 angulis
2166 5557 2455 5605 murorum,
2504 5548 2564 5592 ut
2596 5536 2858 5591 mitterent
2887 5535 3140 5606 sagittas,
3177 5537 3228 5585 et
3267 5540 3401 5583 saxa

1826 5641 2068 5714 grandia.
2102 5638 2483 5707 Egressumque
2500 5639 2575 5685 est
2598 5645 2783 5684 nomen
2809 5627 2924 5699 ejus
2945 5622 3150 5699 procul,
3177 5638 3236 5677 eo
3260 5633 3396 5714 quod

1828 5706 2178 5788 auxiliaretur
2207 5728 2257 5782 ei
2297 5725 2550 5781 Dominus
2586 5731 2634 5778 et
2674 5720 3059 5778 corroborasset
3087 5715 3259 5772 illum.
3288 5706 3399 5768 Sed
