3920 6470
560 287 662 341 Mi

1197 291 1258 347 Β.
1299 293 1554 354 RABANI
1587 297 1808 356 MAURI
1842 296 2162 358 ARCHIEP.
2203 298 2509 360 MOGUNT.
2549 303 2837 364 OPERUM
2873 305 3052 365 PARS
3090 309 3130 365 I.

3719 319 3808 376 5i!

555 414 674 455 cum
701 399 974 457 roboratus
1005 413 1156 471 esset,
1186 405 1440 464 eleuatum
1479 421 1554 466 est
1591 430 1697 468 eor.-
1719 415 1834 486 ejus
1874 414 1929 469 in
1966 417 2126 470 inter-
2151 412 2207 477 Α
2229 419 2724 475 consummationem
2745 421 2816 492 [tu
2845 424 2979 494 facis
3009 425 3347 497 reliquiarum
3375 427 3562 484 Israel
3595 431 3805 502 (Exeat.

552 492 687 544 itum
709 506 894 559 suum;
923 503 970 548 et
997 497 1216 567 neglexit
1243 499 1526 559 Dominum
1550 505 1720 560 Deum
1741 494 1913 574 suum,
1929 509 2126 579 ingres-

553 597 743 651 susque
775 585 1020 654 templum
1050 587 1264 644 Domini
1299 592 1508 648 adolere
1543 595 1701 650 voluit
1734 599 2002 653 incensum
2031 616 2125 654 su-

550 686 642 738 per
682 670 849 725 altare
893 674 1284 745 thymiamatis,
1333 691 1438 736 etc.
1485 682 1608 738 Fuit
1655 685 1838 757 itaque
1887 688 2123 757 primum

551 757 708 816 Ozias
745 763 828 816 vir
858 763 1058 834 justus,
1107 776 1162 822 et
1185 771 1314 825 fecit
1355 783 1564 829 rectum
1590 775 1645 830 in
1683 786 1976 847 conspectu
2018 779 2124 835 Do-

548 849 700 916 mini,
745 853 1018 910 :edilicans
1068 859 1347 928 templum,
1401 866 1774 934 aqtueductum
1828 869 2120 938 fabricans,

547 938 778 996 offerens
825 959 973 1010 vasa,
1007 953 1062 1000 ct
1086 962 1183 1017 pro
1212 950 1314 1006 hoc
1358 954 1551 1009 merito
1580 956 1918 1015 adversarios
1960 975 2120 1032 supe-

549 1046 698 1097 rans,
721 1035 864 1102 quod
896 1039 1192 1094 maximum
1219 1051 1302 1097 est
1329 1045 1546 1113 pietatis
1576 1048 1830 1104 indicium
1855 1069 1869 1118 ;
1913 1052 2119 1110 habens

546 1123 742 1178 multos
773 1126 826 1178 in
859 1143 956 1181 suo
983 1129 1207 1199 imperio
1233 1136 1539 1203 prophetas.
1583 1137 1702 1205 llic,
1733 1144 1967 1210 quandiu
1987 1146 2122 1200 vixit

546 1213 837 1272 Zacharias
871 1222 1123 1276 sacerdos
1157 1237 1514 1296 cognomento
1551 1230 1886 1303 intelligens,
1918 1237 2120 1306 placuit

544 1304 674 1370 Deo,
702 1314 899 1362 etcum
923 1311 1071 1366 omni
1100 1317 1446 1372 veneratione
1469 1319 1747 1376 delubrum
1773 1323 1888 1392 ejus
1916 1326 2120 1397 ingres-

545 1405 640 1447 sus
669 1402 784 1462 est;
821 1407 1107 1469 postquam
1141 1419 1270 1460 vero
1310 1407 1602 1466 Zacharias
1630 1413 1782 1479 obiit,
1816 1416 2002 1472 volens
2023 1434 2120 1488 per

543 1499 602 1539 se
629 1485 824 1544 offerre
861 1492 1106 1561 donaria,
1155 1499 1542 1556 sacerdotalem
1581 1505 1827 1561 ordinem
1866 1525 1973 1564 non
2005 1519 2117 1566 tam

539 1575 628 1645 pie
651 1593 811 1648 quam
842 1583 1103 1640 audacter
1125 1586 1341 1655 invasit,
1369 1599 1425 1646 et
1445 1593 1863 1654 reclamantibus
1891 1600 2113 1671 Levitis,

538 1671 593 1718 et
616 1669 826 1724 caeteris
850 1674 1222 1733 sacerdotibus
1257 1693 1271 1732 :
1300 1679 1486 1737 Nonne
1525 1692 1581 1738 tu
1608 1699 1667 1740 es
1699 1685 1859 1744 Ozias
1887 1706 2003 1759 rex,
2056 1703 2111 1749 et

2217 503 2316 578 xi).
2375 505 2435 563 Si
2480 523 2607 581 ergo
2653 513 2918 585 intelligas
2963 517 3030 572 de
3078 517 3228 585 Ozia,
3280 528 3335 575 et
3371 520 3710 592 Pharaone,
3762 539 3808 584 α

2219 596 2448 667 Pheltia,
2463 609 2518 657 et
2536 605 2745 661 caeteris
2763 607 3397 676 istiusmodi,contrarias
3423 615 3802 689 fortitudines,

2218 688 2424 745 videbis
2449 695 2718 760 quomodo
2745 696 2848 752 illis
2879 698 3185 758 viventibus
3206 743 3222 769 ,
3253 704 3436 760 nullus
3483 716 3798 768 nostrorum

2218 778 2399 834 videat
2438 796 2502 836 ac
2530 784 2768 853 suspiret
2795 794 2852 840 et
2887 787 2942 842 in
2981 792 3353 860 paenitentiam
3400 806 3662 851 corruat:
3696 798 3804 856 Non

2219 880 2414 939 regnet,
2479 873 2557 928 ait
2592 875 2898 944 Apostolus,
2951 893 3217 951 peccatum
3265 887 3319 939 in
3372 889 3602 942 mortali
3651 905 3802 948 uestra

2219 973 2432 1029 corpore
2453 961 2626 1032 (Rom.
2656 966 2753 1038 vr).
2779 967 3055 1039 Regnante
3073 983 3296 1042 peccato
3325 976 3561 1049 Egypti
3585 986 3803 1038 exstrui-

2217 1065 2338 1105 mus
2373 1053 2652 1123 civitates,
2686 1059 2741 1112 in
2771 1061 2952 1117 cinere
2989 1079 3269 1122 versamur
3295 1110 3309 1134 ,
3341 1077 3398 1124 et
3429 1071 3490 1124 in
3524 1075 3796 1138 sordibus,

2216 1153 2315 1209 pro
2340 1141 2676 1204 ﬁrmamento
2707 1151 2912 1220 paleas,
2948 1169 3048 1222 pro
3077 1156 3246 1212 solida
3284 1170 3470 1228 petra,
3516 1161 3623 1218 luti
3653 1180 3800 1234 oper:

2219 1242 2363 1289 secta
2369 1253 2508 1291 mur.

2288 1325 2642 1402 Dormivitque
2665 1331 2825 1389 Ozias
2856 1352 2974 1391 cum
3003 1339 3238 1408 patribus
3259 1343 3370 1396 suis
3402 1351 3454 1397 et
3496 1345 3804 1413 sepelierat

2217 1430 2334 1470 eum
2369 1418 2425 1471 in
2453 1437 2580 1489 agro
2612 1423 2865 1494 regalium
2904 1428 3263 1497 sepulcrorum
3297 1449 3359 1488 eo
3391 1435 3548 1504 quod
3582 1446 3720 1490 esset
3747 1439 3805 1492 le-

2216 1521 2434 1576 prosus,
2471 1514 2804 1584 regnavitque
2843 1515 3079 1573 Joathan
3104 1521 3246 1588 ﬁlius
3273 1525 3390 1592 ejus
3425 1542 3534 1596 pro
3571 1544 3658 1581 eo.
3689 1527 3802 1594 Quid

2216 1608 2312 1663 per
2336 1597 2666 1666 sepulturam
2694 1602 2841 1659 Ozias
2886 1607 3041 1663 nobis
3081 1609 3348 1679 innuitur,
3389 1616 3490 1684 qui
3524 1632 3643 1671 non
3673 1618 3804 1672 inci-

2216 1687 2379 1745 vitate
2429 1691 2618 1760 David,
2652 1712 2827 1767 neque
2869 1700 2922 1753 in
2970 1704 3233 1772 sepulcris
3281 1709 3602 1779 regalibus,
3638 1715 3730 1767 sed
3757 1716 3800 1768 ia

537 1770 645 1811 non
694 1761 982 1817 sacerdos?
1015 1766 1204 1821 audire
1249 1769 1441 1837 noluit,
1481 1775 1770 1847 statimque
1813 1779 1958 1851 lepra
1985 1798 2095 1853 per-

537 1845 686 1872 l‘..-.-..
730 1851 780 1872 ε--
832 1853 904 1872 nec
959 1863 1000 1872 .-
1100 1868 1110 1872 _
1367 1865 1381 1872 -
1651 1870 1662 1872 _

2209 1791 2339 1847 agro
2369 1782 2627 1852 regalium
2673 1761 3046 1856 sepulcrorum
3081 1796 3323 1866 sepultus
3343 1761 3505 1856 Uesse
3557 1805 3797 1872 perbibe-

537 1845 688 1903 fusus
730 1851 786 1905 in
832 1853 1008 1910 fronte
1034 1868 1148 1923 est,
1182 1865 1474 1919 secundum
1513 1845 1789 1940 prephette
1813 1888 2002 1931 vocem
2030 1879 2110 1933 di-

536 1939 708 1993 centis
750 1959 762 1993 :
802 1942 971 2015 Imple
998 1988 1013 2014 ,
1061 1948 1282 2006 Domine
1309 1994 1322 2019 ,
1378 1956 1538 2025 facies
1590 1943 1770 2018 eorum
1821 1967 2108 2036 ignominia

535 2026 704 2098 (Psal.
732 2036 961 2108 Lxxxu).
1001 2038 1172 2106 Quam
1197 2049 1436 2116 corporis
1459 2059 1690 2121 partem,
1717 2059 1971 2116 sacerdos
1991 2065 2109 2119 auri

531 2117 729 2176 lamina
765 2130 1118 2199 protegebat,
1149 2149 1310 2203 quam
1339 2138 1393 2191 in
1429 2117 1709 2201 Ezechiele
1745 2117 2110 2220 Dominus

530 2209 621 2264 bet
651 2221 743 2267 tau
782 2215 974 2273 littera:
1002 2220 1356 2291 impressione
1406 2231 1624 2302 signari,
1670 2237 1738 2292 de
1785 2255 1892 2309 qua
1939 2209 2108 2300 David

530 2300 835 2358 exsultabat
872 2307 1099 2365 dicens:
1133 2312 1410 2384 Signatum
1459 2300 1533 2376 est
1586 2340 1742 2396 super
1795 2300 1890 2384 nos
1933 2332 2107 2390 lumen

528 2390 702 2446 vultus
749 2397 846 2460 tui,
899 2398 1118 2458 Domine
1151 2403 1322 2474 (Psal.
1377 2413 1490 2481 1v);
1532 2414 1589 2468 in
1636 2390 1741 2487 .1...
1790 2421 2106 2496 Allophylus

527 2495 729 2550 procax
774 2487 950 2545 fundae
993 2493 1168 2563 lapide
1205 2499 1343 2556 ictus
1383 2503 1604 2562 interiit.
1638 2487 2102 2583 Regnavit-autem

527 2573 686 2632 Ozias
707 2581 863 2636 annis
884 2583 975 2651 52,
999 2601 1106 2656 quo
1134 2598 1374 2662 tempore
1400 2600 1539 2667 apud
1560 2573 1780 2661 Latinos
1810 2607 2102 2682 IEmulius,

528 2666 670 2733 apud
725 2668 1083 2745 Athenienses
1141 2666 1503 2753 Agamnestor
1563 2693 1914 2764 imperabant.
1979 2666 2106 2760 Post

525 2753 678 2823 cujus
699 2770 926 2818 mortem
952 2766 1118 2826 Isaias
1137 2775 1394 2844 propheta
1425 2753 1684 2839 visionem
1707 2792 2098 2864 propheticum,

521 2847 665 2902 sicut
694 2852 807 2921 ipse
838 2863 1086 2928 testatur,
1129 2865 1296 2931 vidit,
1332 2869 1384 2924 id
1428 2882 1541 2940 est,
1581 2891 1646 2932 eo
1680 2847 1824 2936 anno
1861 2898 1967 2952 quo
1993 2847 2101 2942 Ro:

522 2941 703 2996 mulus
734 2944 961 3004 Romani
990 2951 1200 3024 imperii
1227 2961 1475 3017 conditor
1506 2976 1666 3024 natus
1689 2980 1789 3038 est,
1822 2974 1958 3030 sicut
1987 2994 2100 3033 ma-

521 3029 776 3090 nifestum
800 3052 923 3106 esse
936 3046 1136 3112 poterit
1162 3049 1248 3105 his
1276 3054 1368 3122 qui
1397 3056 1669 3116 voluerint
1693 3063 1871 3135 legere
1891 3075 2099 3140 tempo-

521 3133 646 3176 rum
668 3123 884 3184 librum.

589 3211 809 3287 Reliqua
833 3229 1008 3277 autem
1033 3241 1328 3286 sermonum
1359 3235 1536 3304 Oziaz,
1570 3242 1808 3310 priorum
1845 3255 1894 3301 et
1926 3245 2097 3305 novis?-

520 3303 776 3361 simorum
810 3313 1016 3383 scripsit
1043 3315 1238 3387 Isaias,
1263 3323 1408 3391 ﬁlius
1427 3303 1608 3399 Amos,
1643 3337 1913 3405 propheta.

395 3442 414 3449 -
517 3408 786 3454 memorat
836 3404 1000 3462 Isaias
1053 3410 1106 3464 in
1161 3412 1298 3471 libro
1347 3421 1642 3490 prophetiae
1691 3404 1803 3484 suae
1856 3445 1920 3487 ea
1973 3449 2094 3503 quae

513 3485 644 3542 Ozia
673 3491 887 3549 vivente
914 3485 1362 3574 prophetaverat,
1391 3485 1492 3566 nec
1517 3529 1623 3569 non
1651 3525 1705 3572 et
1731 3533 1796 3574 ea
1822 3536 1943 3590 quae
1975 3485 2094 3594 ipso

517 3589 733 3636 mortuo
758 3584 984 3652 viderat,
1025 3600 1085 3645 ut
1126 3603 1210 3649 est
1249 3597 1379 3655 illud
1413 3619 1427 3655 :
1458 3601 1528 3664 In
1560 3623 1698 3662 anno
1724 3584 2091 3681 quo-mortuus

513 3679 590 3723 est
613 3669 774 3728 Ozias
799 3691 908 3744 rex,
935 3680 1040 3734 uidi
1065 3683 1342 3742 Dominum
1370 3693 1630 3750 sedentem
1661 3669 1819 3772 super
1845 3705 2091 3762 thronum

516 3762 778 3819 excelsum
829 3777 878 3822 et
922 3771 1179 3830 eleuatum
1210 3777 1383 3850 (Isai.
1417 3784 1533 3858 vi).
1589 3762 1754 3862 Cujus
1791 3795 2090 3865 spiritualis

513 3852 738 3910 visionis
796 3858 1102 3921 intellectus
1157 3874 1463 3930 venerabile
1491 3852 1694 3935 vinnui't
1745 3852 2084 3956 mvsterium.

510 3939 738 3998 Vivente
764 3945 976 4017 leproso
1000 3968 1145 4025 rege,
1167 3965 1243 4025 et,
1266 3971 1526 4030 quantum
1550 3967 1605 4022 in
1629 3984 1688 4025 se
1713 3980 1815 4039 est,
1838 3979 2088 4035 sacerdo-

506 4029 645 4084 tium
671 4034 987 4107 dissipante,
1017 4043 1184 4103 Isaias
1212 4029 1474 4110 visionem
1512 4058 1695 4116 videre
1737 4078 1842 4120 non
1874 4070 2082 4138 potuit;

507 4123 741 4188 quandiu
775 4126 867 4182 ille
904 4147 1128 4203 regnum
1154 4143 1326 4223 tenuit
1350 4147 1402 4200 in
1433 4145 1637 4217 Judaea,
1667 4123 1929 4225 propheta

504 4211 587 4267 los
612 4231 718 4271 non
742 4218 940 4276 levavit
967 4227 1033 4280 ad
1055 4218 1273 4300 cmlum,
1323 4252 1430 4292 non
1457 4240 1503 4294 ei
1528 4250 1654 4298 sunt
1692 4258 1937 4305 reserata
1963 4267 2079 4308 coe-

503 4304 690 4377 lestia,
719 4328 825 4370 non
856 4323 1107 4390 apparuit
1132 4325 1392 4386 Dominus
1420 4331 1680 4404 Sabaoth,
1713 4355 1813 4398 nec
1842 4344 1896 4398 in
1920 4346 2081 4400 mini--

501 4399 669 4453 sterio
713 4402 947 4463 ﬁdeliter
980 4416 1151 4470 sancti
1193 4434 1388 4475 nomen
1436 4399 1677 4482 auditum
1718 4440 1832 4498 est;
1862 4438 2076 4504 quando

499 4500 628 4543 vero
675 4491 763 4549 ille
813 4509 1058 4559 mortuus
1115 4515 1217 4573 est,
1271 4511 1522 4570 universa
1571 4534 1690 4587 quae
1741 4523 2075 4596 subsequens

497 4591 676 4636 sermo
721 4593 1062 4659 monstravit,
1095 4607 1279 4666 aperto
1307 4617 1427 4658 sese
1467 4605 1667 4665 lumine
1704 4616 2069 4677 prodiderunt.

498 4668 628 4727 Tale
656 4676 912 4742 quiddam
950 4692 1006 4738 et
1031 4685 1084 4740 in
1111 4687 1296 4746 Exodo
1325 4695 1582 4765 scriptum
1611 4668 1741 4755 est:

497 4775 593 4815 rao
618 4764 773 4832 vixit,
803 4773 1031 4840 populus
1068 4777 1228 4834 Israel
1255 4797 1322 4837 ex
1347 4764 1465 4851 luti,
1493 4798 1546 4842 et
1571 4790 1777 4861 lateris,
1806 4807 1861 4853 et
1886 4801 2070 4869 palea-

494 4866 614 4910 rum
636 4871 800 4926 opere
826 4877 934 4917 non
965 4868 1256 4938 suspiravit
1278 4875 1346 4930 ad
1372 4875 1674 4937 Dominum.
1704 4885 1843 4943 Dum
1868 4866 1958 4947 ille
1985 4911 2070 4950 rc-

491 4948 676 5016 gnavit
701 4965 861 5007 nemo
891 4958 1140 5024 quaesivit
1162 4962 1330 5019 Deum
1359 4977 1574 5038 patrum
1596 4973 1889 5048 Abraham,
1919 4948 2069 5044 Isaac

489 5044 545 5090 et
578 5035 777 5108 Iacob;
808 5047 1024 5124 quando
1061 5065 1193 5107 vero
1229 5053 1322 5111 ille
1355 5035 1600 5118 mortuus
1625 5075 1726 5132 est,
1761 5072 2069 5139 suspirave-

489 5134 609 5180 runt
644 5127 763 5195 ﬁlii,
792 5140 852 5186 ut
882 5135 1158 5207 Scriptura
1198 5143 1358 5213 dicit,
1391 5159 1446 5204 et
1475 5127 1722 5210 ascendit
1742 5127 1947 5217 clamor
1975 5181 2068 5223 eo-

488 5227 611 5268 rum
635 5217 702 5270 ad
733 5219 1015 5280 Dominum
1034 5268 1049 5292 ,
1082 5245 1206 5286 cum
1234 5236 1420 5306 utique
1443 5239 1597 5307 juxta
1625 5244 1904 5306 historiam
1935 5262 2064 5314 tunc

488 5305 662 5375 magis
687 5312 919 5377 gaudere
944 5317 1266 5391 debuerunt,
1307 5305 1362 5382 et
1385 5305 1511 5385 ante
1535 5337 1812 5405 suspirare
1833 5357 1954 5399 cum
1983 5347 2062 5402 vi-

485 5403 652 5497 :eret.
673 5397 920 5497 Ezechiel
949 5421 1179 5497 quoque
1216 5419 1598 5492 prophetante,
1627 5397 1878 5490 I‘heltias
1917 5397 2061 5497 illius

488 5479 701 5538 Banaiae
739 5491 1010 5561 occubuit,
1047 5479 1267 5572 et'post
1298 5479 1519 5577 pessimi
1566 5479 1718 5574 ducis
1757 5521 2052 5596 interitum,

488 5571 665 5596 ηυξ-ιι
737 5576 814 5596 εμ-
870 5581 902 5596 ’λ
1177 5594 1188 5596 Α

1147 5571 1154 5572 7
1298 5571 1315 5577 _
1757 5571 2052 5596 __----.-.....,

487 5571 684 5640 Cecidi,
737 5576 928 5649 inquit,
969 5603 1124 5658 super
1160 5594 1346 5662 faciem
1377 5619 1567 5675 meam,
1598 5618 1646 5663 et
1688 5611 1910 5670 clamavi
1938 5637 2056 5676 voce

481 5679 693 5728 magna.
720 5677 768 5724 et
789 5671 900 5728 dixi
923 5692 942 5733 :
967 5677 1086 5735 Heu
1109 5686 1273 5742 mihi!
1299 5691 1398 5747 heu
1428 5671 1596 5754 mihi!
1628 5701 1858 5777 Adonai,

2211 1877 2317 1935 tur,
2343 1885 2408 1925 eo
2432 1875 2572 1941 quod
2608 1885 2754 1932 esset
2787 1879 3051 1949 leprosos,
3088 1887 3191 1941 nisi
3217 1891 3362 1958 quod
3400 1907 3619 1949 omnes
3652 1895 3800 1950 bere-

2211 1962 2299 2016 tici
2337 1972 2497 2034 atque
2531 1966 2860 2027 schismatici
2917 1975 3119 2048 indigni
3159 1990 3285 2035 sunt
3329 1985 3620 2042 societate
3661 1999 3799 2059 atque

2209 2055 2585 2111 communione
2631 2061 3028 2132 ecclesiastica,
3062 2083 3162 2124 nec
3195 2085 3385 2128 eorum
3431 2081 3716 2133 memoria
3739 2081 3798 2136 in-

2209 2150 2294 2198 ter
2340 2146 2633 2206 catholicos
2679 2152 2868 2209 haberi
2911 2167 3185 2227 meretur,
3240 2165 3369 2234 quia
3424 2183 3536 2237 per
3582 2172 3801 2226 maculas

2208 2247 2452 2293 errorum
2487 2255 2553 2296 ac
2578 2243 2832 2301 vitiorum
2876 2250 3181 2318 squalorem
3226 2256 3295 2310 ab
3331 2273 3544 2314 eorum
3580 2277 3647 2318 se
3688 2264 3798 2317 diri-

2209 2335 2397 2381 serunt
2441 2346 2669 2389 numero
2739 2345 2900 2407 atque
2949 2345 3263 2401 consortio?
3313 2347 3589 2415 Qualiter
3645 2361 3800 2409 auten

2208 2411 2474 2487 Iosephus
2504 2421 2572 2476 de
2615 2425 2803 2481 eodem
2833 2444 2960 2500 rege
3002 2445 3216 2501 narret,
3255 2411 3362 2493 non
3395 2441 3710 2514 indignum
3743 2447 3802 2500 ri-

2208 2509 2366 2565 detur
2386 2514 2513 2571 huic
2535 2521 2683 2587 operi
2702 2531 2923 2594 propter
2941 2530 3300 2600 cognitionem
3323 2551 3521 2592 rerum
3544 2540 3795 2596 inserere.

2206 2601 2461 2660 Refertur
2484 2616 2662 2666 autem
2704 2613 2806 2669 hoc
2835 2618 2994 2674 modo
3025 2639 3036 2673 :
3067 2621 3274 2694 Lapsus
3304 2627 3498 2699 itaque
3533 2641 3628 2686 est
3656 2633 3797 2688 felici-

2204 2696 2334 2751 tatis
2369 2711 2585 2768 eventu,
2615 2712 2671 2760 et
2703 2707 2771 2761 ad
2807 2717 3032 2777 paterna
3061 2725 3280 2783 peccata
3309 2696 3654 2789 descendit,
3697 2742 3796 2796 qua

2201 2787 2366 2841 etiam
2395 2789 2557 2846 illum'
2574 2805 2860 2866 postquam
2887 2801 3190 2861 claritatem
3217 2809 3493 2868 bonorum
3528 2824 3591 2869 et

2203 2880 2626 2949 magnitudinem
2655 2887 2940 2960 dereliquit
2967 2898 3468 2964 apprehenderunt.
3510 2903 3630 2961 Hic
3666 2910 3791 2963 enin

2202 2970 2439 3029 instante
2463 2974 2658 3047 insigni
2692 2981 2778 3036 die
2807 2991 2862 3038 et
2883 2987 3119 3055 generali
3147 2989 3470 3061 festivitate,
3494 3006 3558 3051 et
3585 2999 3792 3056 indutus

2205 3063 2339 3117 stola
2388 3069 2745 3139 sacerdotali,
2789 3073 3012 3132 intravit
3066 3080 3119 3135 in
3157 3085 3417 3155 templum
3448 3129 3464 3155 ,
3513 3092 3792 3150 oblaturus

2206 3154 2487 3213 incensum
2519 3161 2571 3214 in
2600 3177 2765 3220 aureo
2785 3165 2941 3223 altari
2971 3170 3110 3238 Deo;
3139 3154 3393 3242 pontiﬁce
3415 3195 3560 3238 vero
3581 3185 3784 3253 Azaria,

2204 3264 2328 3304 cum
2361 3252 2482 3308 aliis
2507 3257 2778 3325 octoginta
2803 3263 3197 3332 sacerdotibus,
3222 3282 3346 3322 eum
3370 3274 3714 3339 prohibente
3733 3252 3786 3335 ne

2204 3336 2451 3408 faceret,
2497 3346 2754 3414 quoniam
2803 3349 2917 3406 haec
2965 3353 3300 3413 solummodo
3349 3336 3438 3415 his
3481 3365 3787 3434 adiacerent

2197 3429 2290 3498 qui
2333 3446 2397 3487 ex
2432 3449 2629 3505 genere
2662 3437 2845 3496 Aaron
2889 3453 3068 3511 erant,
3121 3456 3177 3502 et
3213 3429 3590 3511 clamantibus
3633 3460 3712 3514 eis
3739 3470 3784 3515 ut

2195 3520 2388 3589 exiret,
2421 3532 2476 3579 et
2517 3541 2624 3582 non
2664 3540 2850 3601 ageret
2879 3543 3066 3591 contra
3094 3538 3189 3595 Dei
3214 3539 3379 3611 leges,
3408 3544 3595 3604 iratus
3627 3551 3785 3608 inter-

2192 3609 2430 3670 minatus
2462 3611 2560 3672 est
2599 3619 2680 3674 eis
2727 3632 2959 3680 mortem
3005 3629 3112 3684 nisi
3167 3609 3431 3690 tacerent.
3475 3637 3638 3696 Inter
3681 3644 3782 3700 luas

2193 3709 2373 3758 autem
2399 3712 2559 3762 terra:
2596 3719 2778 3768 motus
2812 3713 2988 3772 factus
3012 3728 3096 3774 est
3134 3736 3382 3794 magnus,
3409 3734 3492 3793 et,
3537 3739 3786 3801 stupente

2190 3796 2387 3866 popqu
2406 3837 2422 3864 ,
2451 3799 2671 3859 claritas
2705 3805 2834 3861 solis
2856 3809 3011 3866 valde
3036 3812 3198 3869 nimis
3221 3815 3482 3886 suﬁ'ulsit,
3518 3831 3577 3877 et
3599 3796 3784 3880 incidit

2191 3882 2247 3936 in
2279 3883 2476 3942 faciem
2504 3892 2646 3961 regis
2667 3932 2682 3958 ,
2721 3901 2778 3949 et
2821 3895 2898 3951 illi
2937 3901 3154 3969 quidem
3184 3903 3332 3976 lepra
3367 3882 3640 3969 continuo
3663 3931 3780 3986 pm-

2187 3979 2356 4034 venit.
2383 3979 2525 4037 Ante
2547 3984 2822 4042 civitatem
2845 4005 2994 4057 vero,
3023 3993 3077 4048 in
3106 3995 3224 4052 loco
3245 3999 3335 4067 qui
3361 4001 3569 4059 dicitur
3589 3979 3776 4079 Eroge,

2187 4067 2359 4123 scissa
2388 4079 2473 4126 est
2497 4075 2674 4130 media
2701 4091 2828 4146 pars
2857 4082 3060 4138 montis
3087 4086 3154 4139 ad
3186 4085 3568 4161 Occidentem,
3600 4107 3664 4152 et

2182 4160 2517 4219 volubilitate
2550 4168 2617 4220 ad
2647 4177 2879 4237 quatuor
2909 4174 3078 4228 stadia
3120 4177 3425 4246 procidens,
3479 4160 3559 4239 adi
3583 4185 3779 4244 Orien-

2185 4249 2346 4305 talem
2385 4254 2586 4310 restitit
2625 4268 2897 4327 montem,
2928 4263 3004 4319 ita
3040 4274 3100 4320 ut
3146 4276 3200 4322 et
3230 4269 3344 4326 vias
3386 4273 3699 4345 clauderet,
3729 4291 3778 4337 et

2181 4339 2360 4407 regias
2385 4344 2547 4398 urbes
2586 4347 2938 4416 opprimeret.
2985 4353 3227 4423 Cumque
3278 4362 3604 4421 sacerdotes

2180 4427 2375 4484 faciem
2411 4431 2615 4502 lepram
2652 4439 3072 4508 apprehendisse
3101 4449 3486 4519 conspiciunt,
3531 4427 3772 4525 pandunt

2181 4519 2231 4572 ei
2260 4520 2628 4580 calamitatem
2653 4543 2827 4596 suam,
2854 4531 3133 4590 hortantes
3155 4545 3216 4591 ut
3245 4547 3509 4611 tanquam
3533 4519 3772 4616 pollutus

2177 4609 2350 4665 exiret
2383 4628 2413 4665 a
2435 4615 2672 4672 civitate.
2705 4619 2796 4674 Ille
2819 4636 2947 4678 vero
2987 4625 3305 4685 confusione
3333 4609 3497 4702 hujus
3519 4651 3766 4708 evantes,

2175 4710 2232 4755 et
2255 4703 2383 4757 dum
2425 4705 2500 4760 illi
2533 4706 2647 4775 jam
2688 4710 2831 4766 nulla
2861 4723 3003 4769 esset
3039 4716 3265 4785 ﬁducia,
3304 4725 3450 4792 quod
3477 4703 3762 4796 jubebant,

2174 4795 2432 4865 implevit.
2477 4800 2579 4868 Qui
2628 4802 2753 4858 licet
2799 4804 2989 4864 fuisset
3042 4809 3184 4865 ultra
3233 4795 3504 4876 humanas
3559 4834 3764 4880 mentes

2172 4885 2364 4954 elatus,
2387 4898 2444 4944 et
2461 4901 2681 4962 propter
2708 4895 2823 4951 haec
2845 4898 3008 4968 impie
3028 4904 3263 4973 gesserit
3283 4906 3340 4960 in
3367 4907 3569 4976 Deum,
3603 4915 3759 4973 mist.L

2171 4975 2398 5033 rabilem
2438 4987 2620 5037 tamen
2667 4985 2807 5040 hanc
2845 4995 2902 5043 et
2937 4989 3097 5046 vilem
3149 4996 3375 5062 pertulit
3420 5004 3754 5075 passionem,

2169 5079 2224 5128 et
2255 5081 2464 5146 tempus
2503 5077 2723 5148 aliquod
2759 5091 2915 5140 extra
2946 5087 3221 5146 civitatem
3255 5107 3652 5170 commoratus,
3703 5105 3753 5160 in

2166 5165 2277 5222 vita
2335 5169 2554 5239 degens,
2609 5172 2720 5228 ﬁlio
2764 5174 2892 5233 licet
2941 5180 3057 5250 ejus
3107 5185 3438 5257 suscipiente
3491 5165 3750 5267 regnum,

2166 5257 2358 5315 deinde
2409 5265 2667 5320 maestitia
2709 5275 2986 5338 gestorum
3027 5273 3281 5345 faciente,
3317 5257 3610 5345 defunctus

2166 5348 2267 5416 Qui
2307 5351 2444 5408 vixit
2474 5357 2691 5425 quidem
2724 5376 2896 5418 annos
2931 5367 3206 5438 sexaginta
3231 5387 3451 5443 novem,
3485 5391 3517 5432 e
3554 5380 3747 5451 quibus

2162 5443 2410 5512 regnavit
2442 5446 2830 5521 quinquaginta
2861 5455 3025 5524 duos,
3057 5459 3299 5528 sepultus
3327 5473 3412 5520 est
3446 5443 3632 5525 autem
3657 5485 3743 5525 so-

2161 5532 2244 5587 lus
2278 5535 2332 5590 in
2373 5537 2564 5594 hortis.
2608 5539 2778 5611 Hujus
2814 5561 2942 5618 ergo
2979 5556 3140 5606 terra;
3183 5563 3383 5624 motus,
3432 5561 3528 5630 qui
3562 5562 3736 5618 factus

2159 5634 2242 5681 est
2277 5633 2606 5700 temporibus
2637 5636 2796 5702 Ozias,
2827 5640 2973 5709 licet,
3005 5643 3210 5717 Regum
3245 5659 3339 5705 aut
3373 5651 3735 5726 Paralipome-

1885 5708 2054 5785 Deus,
2156 5733 2265 5775 non
2300 5721 2539 5782 historiae
2563 5745 2673 5788 non
2710 5730 2915 5790 faciant
2951 5740 3314 5813 mentionem,
3354 5754 3535 5805 tamen
3560 5750 3727 5807 Amos
