3920 6514
115 417 232 474 515

1062 419 1413 479 COMMENT.
1453 421 1520 477 IN
1558 417 2105 480 PARALIPOMENA.
2142 449 2215 461 —
2249 419 2376 475 LIB.
2418 419 2502 475 IV.

3287 421 3391 479 5M

115 530 422 600 propheta
460 531 619 601 hujus
641 533 916 599 meminit,
945 533 1000 588 in
1029 534 1182 605 cujus
1210 534 1332 589 libri
1365 534 1628 604 principio
1653 535 1728 589 ita
1755 535 1808 597 Α
1830 533 2116 590 lectionem
2137 546 2332 586 nomen
2360 531 2534 600 ipsum
2555 530 2787 586 Joathan
2816 531 3088 602 exprimit.
3125 531 3395 601 Interpre-

117 621 377 692 legimus
413 642 428 677 :
476 623 641 678 Verba
671 625 828 679 Amos
860 627 948 696 qui
971 625 1071 694 fuit
1093 626 1146 677 in
1175 624 1470 693 pastoribus
1494 624 1558 677 de
1590 622 1725 677 The-

117 729 248 779 cue,
271 731 408 784 quia
435 715 565 768 vidit
590 732 744 785 super
765 714 933 769 Israel
953 716 1005 768 in
1028 715 1206 768 diebus
1230 712 1374 768 Ozias
1396 715 1531 784 regis
1557 713 1592 768 ,Ι
1597 714 1726 780 uda,

116 812 170 858 et
213 805 278 857 in
327 804 528 858 diebus
567 804 842 860 Jeroboam
877 805 974 875 ﬁlii
1021 804 1152 860 Joas
1195 806 1329 876 regis
1367 803 1558 870 Israel,
1607 812 1726 858 ante

115 893 263 946 duos
310 910 500 949 annos
540 905 862 952 te'rrtemotus
893 897 1070 969 (Amos
1102 898 1163 969 ι).
1209 897 1469 952 Similiter
1521 904 1577 952 et
1617 898 1725 952 Za-

118 983 356 1039 charias
380 987 656 1057 prepheta
693 989 759 1044 de
785 989 886 1044 hoc
907 989 1096 1044 eodem
1125 989 1271 1045 inter
1291 989 1395 1044 alia
1419 996 1607 1044 narrat
1642 989 1724 1044 di-

119 1089 261 1130 cens
323 1093 340 1130 :
394 1076 718 1148 Egredietur
763 1079 1019 1135 Dominus
1066 1089 1114 1134 et
1163 1079 1489 1152 praeliabitur
1542 1089 1724 1136 contra

114 1173 305 1234 gentes
336 1164 494 1231 illas,
537 1170 672 1223 sicut
707 1169 976 1242 proeliatus
1010 1180 1084 1226 est
1116 1171 1173 1225 in
1199 1172 1284 1227 die
1317 1173 1647 1240 certaminis,
1675 1182 1723 1228 et

113 1255 348 1311 stabunt
376 1258 545 1328 pedes
572 1259 683 1330 ejus
701 1261 755 1315 in
778 1261 863 1315 die
888 1261 981 1316 illa
1001 1279 1156 1334 super
1179 1273 1402 1318 montem
1429 1263 1718 1330 Oliuarum,

113 1349 207 1419 qui
245 1359 332 1405 est
373 1360 573 1405 contra
616 1351 911 1407 Jerusalem
951 1354 1020 1408 ad
1060 1354 1345 1422 Orientem,
1378 1366 1427 1409 et
1458 1357 1723 1411 scindetur

112 1455 272 1493 mons
312 1438 606 1496 Oliuarum
637 1459 702 1497 ex
733 1445 904 1499 media
941 1455 1088 1514 parte
1123 1446 1207 1500 sui
1247 1448 1316 1500 ad
1356 1445 1637 1513 Orientem,
1674 1457 1722 1503 et

112 1530 185 1583 ad
209 1529 594 1600 Occidentem,
617 1547 881 1606 privrupto
907 1538 1097 1608 grandi
1130 1538 1296 1603 valde,
1323 1547 1372 1593 et
1392 1540 1723 1610 separabitur

109 1622 358 1677 medium
381 1626 587 1679 montis
609 1629 677 1680 ad
705 1627 1034 1698 Aquilonem,
1059 1639 1107 1684 et
1131 1629 1359 1685 medium
1383 1631 1498 1701 ejus
1518 1633 1587 1686 ad
1611 1631 1721 1686 Me-

109 1712 329 1779 ridiem,
345 1723 399 1768 et
420 1714 641 1785 fugietis
664 1719 737 1771 ad
760 1718 947 1772 vallem
970 1721 1220 1775 montium
1242 1738 1444 1789 eorum,
1473 1723 1720 1794 quoniam

108 1802 492 1872 conjungetur
534 1805 684 1861 vallis
714 1809 966 1863 montium
1007 1827 1169 1882 usque
1201 1811 1270 1866 ad
1305 1813 1606 1882 proximum
1625 1854 1639 1880 ,
1671 1823 1719 1869 et

1831 633 1974 681 tatur
1997 624 2139 679 enim
2177 631 2607 688 consummatus,
2641 624 2753 678 sive
2781 624 3079 694 perfectus;
3116 624 3256 678 etde
3283 625 3390 678 Do-

1828 718 1977 773 mino
2007 716 2286 771 Salvatore
2335 714 2531 770 Paulus
2579 715 2657 783 ad.
2695 714 2950 772 chmos
2994 716 3236 771 scribens
3272 716 3385 770 ait:

1826 805 1894 860 Et
1916 805 2122 877 quidem
2163 823 2279 860 cum
2320 815 2449 859 esset
2477 803 2648 859 Filius
2682 805 2808 871 Dei,
2848 806 3031 861 didicit
3072 822 3137 861 ex
3169 805 3251 860 his
3275 820 3390 876 quis

1823 913 2009 968 passus
2051 904 2124 951 est
2156 895 2498 950 obedientiam
2523 936 2538 960 ,
2583 905 2630 950 et
2678 906 3065 951 consummatus
3109 896 3278 965 factus
3315 903 3391 949 est

1823 988 2060 1043 omnibus
2097 987 2561 1058 obtemperantibus
2614 987 2712 1042 sibi
2747 1004 2906 1041 causa
2944 989 3130 1042 salutis
3158 996 3390 1052 (sternte,

1823 1076 2114 1148 appellatus
2136 1094 2169 1131 a
2189 1076 2298 1131 Deo
2321 1076 2556 1147 pontifex
2568 1077 2727 1147 juxta
2749 1077 2984 1132 ordinem
3014 1076 3389 1132 Melchisedech

1822 1167 2009 1241 (Hebr.
2046 1167 2125 1240 v).
2165 1167 2284 1237 Ipse
2306 1168 2448 1223 enim
2473 1178 2676 1239 portam
2695 1168 2880 1222 domus
2900 1167 3113 1222 Domiri
3135 1166 3389 1222 excelsam

1821 1262 2130 1328 construxit,
2174 1262 2300 1331 quia
2343 1262 2728 1318 incarnationis
2774 1278 2885 1318 sua:
2928 1261 3244 1333 mysterium
3283 1275 3392 1330 quo

1819 1351 1924 1407 sibi
1949 1351 2245 1408 Ecclesiam
2266 1392 2282 1419 ,
2325 1367 2444 1422 quae
2475 1368 2604 1408 vera
2648 1353 2838 1409 domus
2863 1353 2957 1408 Dei
2989 1360 3095 1419 est,
3138 1351 3390 1417 sociaret,

1820 1443 2054 1499 mirabili
2080 1444 2322 1514 potentia
2343 1443 2594 1500 confecit.
2636 1443 2788 1511 Quod
2810 1452 2991 1500 autem
3013 1443 3209 1498 merito
3232 1451 3390 1511 porta

1821 1543 2062 1601 vocetur,
2085 1535 2324 1590 ostendit
2343 1535 2458 1606 ipsa
2494 1534 2708 1591 Veritas
2734 1536 2790 1590 in
2816 1533 3108 1605 Evangelio
3136 1547 3258 1588 cum
3279 1531 3385 1586 ait:

1818 1623 1935 1697 Ego
1960 1642 2076 1680 sum
2107 1627 2322 1693 ostium,
2357 1643 2449 1698 per
2473 1643 2556 1680 me
2585 1627 2769 1697 siquis
2808 1625 3120 1697 ingreditur,
3157 1622 3388 1678 salvabi-

1819 1724 1906 1770 tur
1929 1715 2108 1787 (Joan.
2139 1714 2216 1786 χ).
2255 1715 2323 1770 Et
2358 1724 2508 1770 recte
2549 1714 2763 1770 excelsa
2804 1715 2919 1770 haec
2944 1721 3101 1784 porta
3139 1719 3389 1778 vocatur,

1820 1807 1946 1878 quia
1977 1808 2043 1863 de
2079 1809 2180 1863 hac
2207 1809 2397 1863 eadem
2443 1807 2734 1863 Psalmista
2762 1807 2851 1861 ‘ait
2883 1824 2898 1860 :
2944 1803 3198 1860 Excelsus
3237 1820 3392 1875 super

109 1892 332 1961 fugietis
356 1895 510 1950 sicut
535 1897 756 1967 lfugistis
786 1917 818 1953 a
869 1901 1004 1970 facie
1047 1910 1394 1970 terrcemotus,
1444 1907 1499 1960 in
1539 1907 1716 1961 diebus
1745 1899 1792 1958 B
1820 1916 1996 1955 omnes
2041 1909 2214 1970 gentes
2255 1899 2512 1954 Dominus
2557 1909 2606 1953 et
2655 1914 2812 1969 super
2856 1897 3009 1952 caelos
3056 1896 3223 1968 gloria
3273 1895 3389 1965 ejus

111 1980 263 2037 Ozia:
312 1987 470 2055 regis
505 1987 649 2042 Juda
680 1988 863 2062 (Zach.
896 1991 1026 2063 xiv).
1060 1991 1258 2048 Volunt
1290 2005 1470 2051 autem
1507 1997 1713 2053 Hebraei

1820 1986 1989 2061 (Psal.
2022 1987 2173 2060 exn).
2215 1989 2477 2044 Dicuntur
2507 1989 2673 2044 etiam
2695 1988 2868 2044 sancti
2908 1986 3158 2043 doctores
3197 1992 3384 2055 portae,

109 2086 324 2128 annum
374 2075 556 2132 fuisse
609 2079 927 2149 vigesimum
987 2083 1233 2152 quintum
1283 2085 1447 2154 θείω,
1499 2090 1716 2157 quando
1815 2081 1939 2152 quia
1962 2096 2060 2152 per
2079 2095 2266 2136 eorum
2299 2081 2735 2151 praedicationem
2759 2079 2886 2135 vita:
2927 2079 3186 2134 discimus
3216 2077 3387 2132 intro-

111 2164 231 2219 bmc
276 2168 635 2226 acciderunt.
670 2171 836 2243 Cujus
887 2174 1077 2245 reliqui
1127 2177 1251 2232 anni
1299 2177 1503 2234 faciunt
1529 2181 1714 2251 viginti

108 2266 352 2400 (s‘eptem.
396 2257 609 2316 Omnes
645 2261 788 2319 enim
837 2266 1079 2335 regnavit
1119 2282 1289 2325 annos
1326 2269 1713 2345 quinquaginta

147 2363 269 2400 uos.

147 2363 269 2404 UOS.

677 2443 904 2502 CAPUT
950 2446 1160 2504 XXVII.

325 2528 413 2584 De
439 2529 695 2588 Joatham
719 2552 856 2606 rege,
893 2546 941 2591 et
971 2537 1117 2592 bonis
1145 2540 1345 2596 actibus
1370 2541 1507 2612 ejus.

196 2617 409 2690 Viginti
450 2623 677 2694 quinque
709 2643 966 2682 annorum
1001 2640 1114 2685 erat
1157 2630 1422 2700 Joathan,
1471 2652 1589 2691 cum
1625 2655 1709 2692 re-

109 2729 275 2783 gnare
307 2717 556 2787 capisset
579 2759 595 2787 ,
637 2731 685 2775 et
723 2723 944 2778 sedecim
984 2728 1138 2780 annis
1166 2731 1394 2799 regnavit
1417 2731 1473 2784 in
1492 2731 1712 2787 Jerusa-

111 2803 236 2858 lem.
269 2805 424 2873 Quid
461 2809 562 2864 sibi
611 2811 725 2867 vult
763 2813 904 2883 quod
943 2813 1221 2887 Scriptura
1270 2835 1441 2876 annos
1482 2820 1712 2879 Joathan

107 2897 308 2952 eodem
342 2908 540 2956 tenore
572 2902 624 2956 in
667 2904 842 2974 capite
887 2907 1039 2978 regni
1068 2907 1268 2978 ipsius,
1311 2926 1420 2980 quo
1447 2921 1502 2968 et
1522 2913 1578 2967 in
1606 2913 1713 2970 ﬁne

1814 2174 1982 2242 itum;
2013 2174 2153 2230 sicut
2190 2182 2244 2228 et
2275 2183 2446 2244 porta:
2491 2172 2650 2229 inferi
2698 2173 2947 2229 dicuntur
2989 2171 3252 2236 haeretici,
3292 2167 3384 2239 qui

1813 2274 2004 2322 contra
2046 2265 2342 2321 Ecclesiam
2391 2280 2554 2335 super
2597 2273 2806 2336 petram
2851 2263 3173 2319 aediﬁcatam
3220 2261 3390 2331 ipsius

1812 2358 2025 2414 Domini
2052 2359 2397 2415 attestatione
2425 2359 2723 2429 praevalere
2754 2373 2864 2414 non
2890 2365 3133 2427 possunt.
3172 2354 3391 2410 Turris-

1810 2462 1915 2518 que
1937 2448 2109 2518 Ophel
2132 2451 2272 2505 bene
2300 2458 2478 2519 potest
2496 2457 2806 2506 sanctarum
2833 2448 3237 2518 Scripturarum
3261 2444 3392 2501 emi-

1809 2542 2051 2598 nentiam
2074 2541 2405 2612 signiﬁcare,
2435 2557 2554 2611 qua:
2581 2541 2706 2598 licet
2731 2541 2788 2595 in
2813 2539 3040 2595 historia
3064 2537 3385 2593 fundamen-

1811 2640 1865 2688 ta
1915 2632 2143 2689 collocet
2163 2673 2180 2698 ,
2235 2641 2400 2704 caput
2437 2640 2620 2688 tamen
2669 2630 2928 2702 spiritalis
2967 2643 3160 2685 sensus
3198 2627 3254 2682 in
3281 2625 3389 2681 alta

1809 2723 2060 2793 provehit
2085 2732 2142 2778 et
2163 2723 2306 2779 inter
2330 2722 2515 2778 nubila
2546 2721 2806 2787 condidit,
2832 2722 2960 2776 dum
2994 2717 3187 2773 divina:
3209 2716 3390 2773 scien-

1812 2813 1900 2868 tia:
1925 2813 2348 2884 magnitudinem
2366 2814 2434 2868 ab
2452 2811 2624 2870 oculis
2643 2811 2894 2866 humanis
2913 2806 3212 2867 abscondit.
3241 2805 3392 2864 Unde

1811 2903 2070 2974 scriptum
2109 2911 2213 2969 est,
2241 2901 2426 2974 Caligo
2451 2903 2547 2958 sub
2573 2902 2788 2973 pedibus
2821 2902 2960 2972 ejus,
2985 2909 3034 2955 et
3062 2899 3234 2971 posuit
3257 2907 3392 2953 tene-

107 2997 446 3053 enumerat,
484 2990 585 3046 nisi
626 2993 768 3062 quod
806 3010 932 3050 eum
968 2996 1240 3068 signiﬁcat
1281 2999 1336 3054 in
1368 3001 1600 3072 incoepta
1619 3001 1711 3071 ju-
1813 2997 1932 3050 bras
1956 2996 2233 3051 latibulum
2257 3013 2432 3052 suum.
2484 2995 2668 3067 Caligo
2695 2995 2797 3052 sub
2817 2995 3043 3065 pedibus
3069 2993 3216 3064 ejus,
3262 2991 3390 3061 quia

106 3077 258 3132 stitia
298 3094 480 3149 usque
526 3081 594 3136 ad
632 3082 795 3138 ﬁnem
833 3086 958 3141 vitae
987 3090 1398 3156 perseverasse?
1437 3089 1536 3158 Qui
1567 3090 1713 3146 enim
1812 3101 1922 3142 non
1959 3102 2024 3141 ea
2077 3086 2326 3142 claritate
2376 3087 2445 3142 ab
2485 3085 2833 3142 inferioribus
2881 3085 3124 3142 cernitur
3171 3097 3278 3152 qua
3334 3081 3391 3136 in

104 3168 252 3224 bene
282 3171 478 3226 vivere
524 3174 763 3241 inchoat,
816 3186 871 3231 et
916 3179 1218 3250 religiosam
1257 3182 1417 3235 vitam
1448 3198 1616 3253 usque
1642 3184 1709 3239 ad
1756 3252 1764 3253 ί
1813 3180 2181 3250 superioribus
2207 3182 2532 3236 dominatur.
2581 3181 2823 3234 Ascendit
2857 3195 3013 3248 super
3051 3176 3315 3232 cherubim
3340 3184 3390 3229 et

101 3259 320 3315 bonum
348 3263 518 3318 linem
544 3266 874 3334 perduxerit,
901 3271 1095 3325 merito
1121 3279 1366 3342 tempora
1395 3252 1710 3345 vitaaipsius
1736 3252 1782 3315 (ἶ
1812 3269 2023 3324 volavit.
2048 3269 2338 3326 Cherubim
2365 3270 2561 3338 quippe
2586 3268 2860 3338 plenitudo
2897 3267 3140 3322 scientia:
3167 3264 3386 3319 dicitur.

101 3349 274 3405 laude
291 3355 670 3421 praedicantur
687 3359 982 3430 condigna;
1006 3369 1061 3415 et
1079 3361 1215 3417 bene
1239 3363 1435 3418 dicitur
1455 3379 1710 3436 regnasse
1807 3361 2042 3417 Proinde
2064 3376 2227 3431 super
2246 3360 2634 3429 plenitudinem
2661 3359 2902 3414 scientiae
2922 3356 3230 3413 ascendisse
3258 3369 3384 3424 per-

102 3440 163 3496 in
193 3441 576 3510 Hierusalem,
603 3449 729 3519 quia
749 3465 975 3520 regnum
996 3452 1097 3507 sibi
1123 3456 1577 3525 commendatum,
1598 3465 1709 3514 tam
1807 3456 2023 3511 hibetur
2040 3463 2096 3510 et
2114 3455 2343 3520 volasse,
2373 3453 2501 3523 quia
2526 3451 2824 3521 maiestatis
2863 3450 2980 3522 ejus
3011 3447 3390 3505 celsitudinem

105 3531 164 3586 in
189 3549 254 3588 se
285 3550 459 3604 quam
488 3538 543 3592 in
585 3541 687 3595 sibi
711 3543 940 3598 subditis
969 3544 1104 3600 bene
1124 3560 1336 3616 gerens,
1369 3555 1584 3603 aeternae
1609 3563 1706 3619 pa-
1808 3547 2033 3601 scientia
2085 3545 2232 3600 nulla
2279 3545 2705 3616 comprehendit.
2773 3543 2988 3600 Volavit
3041 3556 3205 3612 ergo,
3255 3539 3383 3608 quia

110 3623 192 3680 cis
218 3625 497 3681 visionem
527 3630 750 3699 adipisci
782 3635 1098 3702 promeruit.
1807 3636 1966 3709 longe
1990 3639 2044 3692 in
2075 3638 2246 3692 altum
2283 3637 2352 3692 ab
2383 3637 2657 3692 intellectu
2685 3643 2870 3691 nostro
2899 3650 2959 3690 se
2989 3632 3188 3704 rapuit.
3231 3629 3390 3686 Vola-

180 3716 313 3788 Ipse
345 3721 625 3788 wdiﬁcavit
653 3733 858 3794 portam
882 3726 1086 3790 [domus
1127 3729 1340 3785 Domini
1375 3732 1630 3787 excelsam
1659 3744 1707 3788 et
1806 3730 1886 3784 vit
1911 3743 2073 3798 super
2103 3743 2309 3799 pennas
2330 3769 2345 3794 ,
2387 3727 2514 3797 quia
2557 3726 2838 3782 scientiam
2867 3724 3201 3781 transcendit
3229 3736 3394 3793 ange-

115 3824 168 3860 2n
197 3824 357 3862 muro
392 3809 557 3880 Ophel
581 3813 748 3868 multa
771 3818 1081 3872 construxit.
1126 3817 1287 3874 Urbes
1316 3839 1516 3894 quoque
1542 3824 1711 3893 azdiﬁ-
1807 3821 2003 3877 lorum.
2039 3820 2228 3877 Posuit
2279 3819 2528 3876 tenebras
2575 3817 2859 3874 latibulum
2899 3816 3048 3886 ejus,
3095 3815 3220 3884 quia
3262 3815 3392 3869 dum

120 3899 259 3952 cavit
309 3901 370 3954 in
418 3903 679 3958 montibus
724 3903 904 3972 Iuda,
952 3916 1000 3962 et
1039 3909 1095 3962 in
1143 3909 1361 3966 saltibus
1406 3913 1621 3969 castella
1661 3923 1709 3969 et
1809 3913 2040 3985 caligine
2067 3921 2269 3968 nostrae
2313 3911 2645 3967 inﬁrmitatis
2686 3910 3062 3974 obscuramur,
3099 3921 3198 3977 per
3235 3904 3391 3975 igno-

118 3998 311 4043 turres.
355 3989 578 4047 Portam
606 3995 796 4050 domus
823 3997 1035 4052 Domini
1059 4000 1351 4068 excelsam,
1383 4001 1554 4073 ipsam
1583 4004 1708 4058 Hae-
1808 4006 2039 4060 rantiam
2070 4012 2313 4060 nostram
2343 4003 2502 4059 nobis
2535 4002 2886 4059 absconditur
2912 4001 3085 4066 Deus,
3125 4012 3196 4052 ne
3230 4012 3260 4051 a
3290 4010 3391 4050 no-

124 4081 256 4136 braai
287 4082 483 4138 dicunt
505 4099 659 4151 esse,
696 4101 817 4156 quae
851 4087 907 4142 in
932 4087 1156 4145 Actibus
1188 4093 1551 4160 apostolorum
1587 4109 1710 4166 spe—
1807 4097 1895 4153 bis
1935 4095 2095 4150 modo
2151 4095 2204 4150 in
2253 4103 2455 4150 aeterna
2513 4103 2568 4150 et
2611 4094 2799 4149 intima
2844 4092 3090 4147 claritate
3122 4089 3391 4144 videatur.

121 4172 268 4230 ciosa
313 4185 564 4233 vocatur.
609 4178 736 4235 Haec
779 4189 834 4236 et
871 4180 939 4236 ab
967 4181 1098 4251 ipsis
1128 4181 1368 4240 Hebraeis
1401 4194 1558 4254 porta
1579 4186 1706 4242 Joa-
1809 4186 1964 4243 Unde
1987 4186 2038 4240 ei
2062 4187 2194 4241 etin
2217 4184 2458 4242 Canticis
2493 4185 2829 4240 canticorum
2853 4184 2920 4238 ab
2943 4195 3140 4252 sponsa
3163 4179 3388 4235 dicitur:

124 4262 270 4327 than,
322 4281 391 4320 eo
442 4267 585 4336 quod
632 4268 748 4337 ipse
791 4285 913 4324 eam
951 4271 1318 4337 aediﬁcaverit,
1354 4288 1524 4343 usque
1550 4275 1710 4330 hodie
1809 4275 1977 4346 Euge,
2012 4275 2196 4329 dilecte
2237 4277 2309 4328 mi
2356 4273 2532 4345 (Cant.
2580 4266 2726 4341 vni);
2761 4273 2894 4327 Item
2922 4286 3085 4340 super
3113 4269 3395 4324 cherubim

125 4365 492 4426 nuncupatur.
547 4357 719 4428 Ophel
762 4369 944 4415 autem
982 4362 1148 4417 turris
1189 4372 1307 4418 erat
1336 4380 1443 4418 non
1473 4365 1630 4435 longe
1678 4381 1709 4420 a
1812 4367 2075 4422 Dominus
2115 4365 2358 4420 ascendit
2404 4373 2460 4417 et
2484 4363 2720 4427 volavit,
2762 4363 2890 4430 quia
2916 4375 3078 4430 super
3103 4357 3393 4427 plenitudi-

126 4443 322 4513 templo
376 4447 620 4502 enormis
668 4447 989 4505 altitudinis.
1065 4451 1218 4508 Unde
1262 4463 1316 4507 et
1360 4453 1550 4522 Ophel,
1607 4455 1711 4510 hoc
1811 4470 1939 4510 nem
1967 4454 2205 4510 scientiae
2243 4468 2363 4522 quae
2407 4468 2527 4507 esse
2562 4452 2618 4507 in
2644 4451 2954 4506 hominibus
2981 4448 3186 4520 potuit,
3215 4448 3392 4502 incar-

127 4539 241 4598 est,
289 4536 665 4605 tenebrarum,
705 4539 820 4595 sive
863 4541 1033 4597 nubili
1060 4557 1256 4599 nomen
1281 4545 1517 4615 accepit,
1565 4546 1708 4616 quod
1733 4595 1785 4616 η
1812 4543 2049 4600 nationis
2079 4557 2191 4598 sua:
2226 4542 2547 4613 mysterium
2581 4542 2652 4597 ab
2680 4539 2959 4598 intellectu
2992 4540 3231 4596 humano
3259 4536 3392 4593 sub-

126 4635 294 4695 usque
321 4627 394 4683 ad
420 4629 595 4684 nubes
633 4629 867 4701 erigeret
905 4641 1086 4703 caput.
1138 4633 1380 4705 Denique
1407 4595 1706 4693 ubi'injlﬁi-
1731 4595 1786 4657 Β
1811 4636 1983 4693 duxit.
2025 4595 2373 4700 Quantalibet
2401 4632 2548 4688 enim
2596 4631 2986 4688 incarnationis
3021 4629 3248 4687 scientia
3276 4628 3391 4683 vita

133 4714 278 4770 cbaea
310 4718 579 4788 scriptum
607 4729 711 4784 est,
751 4729 800 4776 et
833 4729 891 4775 tu
915 4723 1074 4777 turris
1097 4723 1266 4794 gregis
1296 4724 1544 4781 nebulosa
1576 4727 1704 4796 ﬁliae

138 4802 263 4860 Sion
291 4808 486 4879 (Mich.
518 4809 626 4880 1v);
661 4811 713 4864 in
738 4811 964 4868 Hebraeo
988 4829 1086 4883 pro
1112 4816 1268 4869 turris
1296 4817 1566 4884 nebulosa,
1595 4826 1706 4872 tur-

140 4893 212 4949 ris
239 4895 410 4970 Ophel
441 4901 641 4972 scripta
664 4911 765 4958 est.
797 4903 1038 4959 Meminit
1058 4904 1216 4975 hujus
1239 4907 1403 4962 turris
1431 4917 1486 4962 et
1517 4908 1573 4962 in
1601 4924 1707 4978 qua

133 5001 283 5058 parte
325 4996 567 5052 civitatis
600 4998 670 5053 sit
708 4999 943 5055 ostendit
977 5000 1032 5054 in
1075 5002 1426 5070 sequentibus
1471 5017 1706 5072 praesens

135 5079 263 5137 liber
281 5084 751 5156 Paralipomenon,
785 5089 1027 5146 referens
1045 5091 1111 5146 de
1124 5089 1376 5147 Manasse
1402 5107 1548 5162 rege,
1565 5094 1707 5162 quod

137 5179 187 5226 et
214 5189 371 5247 supra
408 5180 717 5248 posuimus,
769 5181 912 5249 quod
939 5181 1287 5236 aedificaverit
1310 5197 1521 5237 murum
1553 5191 1707 5238 extra

141 5261 406 5322 civitatem
436 5267 602 5322 David
623 5310 638 5333 ,
682 5270 751 5323 ad
779 5269 1118 5325 occidentem
1152 5271 1328 5326 Gibon
1351 5273 1406 5327 in
1441 5273 1703 5342 convalle,

143 5353 204 5408 ab
226 5356 452 5414 introitu
499 5369 669 5430 portas
708 5362 933 5431 piscium
962 5377 1061 5432 per
1105 5362 1390 5418 circuitum
1438 5380 1610 5434 usque
1639 5368 1706 5421 ad

144 5439 320 5513 Ophel.
381 5447 545 5505 Juxta
593 5451 879 5520 mysticum
908 5466 1038 5507 vero
1066 5467 1286 5509 sensum
1307 5495 1322 5521 ,
1360 5456 1489 5525 quid
1516 5456 1703 5515 melius

147 5548 234 5591 rex
257 5538 355 5595 iste
377 5540 626 5608 Joathan,
655 5542 808 5614 cujus
823 5545 930 5599 vita
953 5553 1008 5600 et
1029 5562 1188 5616 opera
1212 5548 1517 5615 laudantur,
1542 5566 1698 5620 quam

148 5621 544 5702 Redemptorem
576 5643 820 5689 nostrum
851 5633 1153 5707 signiﬁcat?
1191 5638 1264 5692 De
1297 5655 1402 5708 quo
1425 5640 1704 5709 psalmista

150 5717 216 5770 ait
239 5734 252 5771 :
286 5720 541 5787 Quoniam
563 5742 780 5795 magnus
813 5726 1068 5782 Dominus
1094 5737 1140 5781 et
1167 5727 1446 5782 laudabilis
1479 5731 1630 5783 nimis
1655 5741 1703 5785 et

154 5820 379 5877 terribilis
404 5839 556 5892 super
584 5841 756 5882 omnes
802 5827 923 5882 deos
952 5823 1123 5897 (Psal.
1169 5825 1312 5890 XCV)-
1372 5823 1535 5893 Culus
1574 5842 1697 5895 νυτ-

1810 4727 2133 4798 spiritalium
2183 4724 2388 4797 fulgeat
2410 4765 2424 4791 ,
2473 4724 2877 4795 apprehendere
2924 4740 3032 4780 non
3061 4722 3225 4788 valet,
3257 4736 3391 4791 quo-

1811 4819 1972 4874 modo
2003 4817 2207 4872 factum
2235 4817 2340 4881 sit,
2373 4822 2431 4870 ut
2478 4815 2570 4884 qui
2610 4830 2824 4885 semper
2846 4814 3050 4880 existit,
3079 4812 3394 4882 concipere-

1813 4920 1921 4976 tur,
1952 4919 2008 4964 et
2038 4918 2164 4963 ante
2189 4908 2384 4964 smcula
2419 4915 2610 4962 auctor
2634 4907 2912 4962 hominum
2948 4915 3266 4961 nasceretur
3295 4907 3392 4961 bo-

1814 5017 1904 5056 mo
1929 5001 1984 5055 in
2015 5000 2121 5054 ﬁne
2154 4999 2473 5055 saeculorum
2499 5039 2514 5065 ,
2560 5013 2690 5055 caro
2735 5007 2879 5054 esset
2923 4997 3181 5062 Verbum,
3214 4994 3393 5052 infans

1812 5090 1966 5146 ﬁeret
1987 5091 2147 5146 Deus.

1882 5180 2240 5251 Dormivitque
2283 5180 2534 5234 Joatham
2565 5197 2683 5234 cum
2719 5179 2953 5250 patribus
2983 5178 3124 5243 suis,
3155 5186 3205 5232 et
3242 5193 3388 5248 sepe—

1811 5272 2000 5326 lierunt
2029 5289 2147 5326 eum
2172 5273 2226 5326 in
2248 5271 2453 5328 civitate
2476 5271 2673 5338 David,
2704 5279 2753 5325 et
2784 5268 3013 5340 regnavit
3038 5266 3218 5322 Actias
3243 5265 3389 5337 ﬁlius

1810 5362 1925 5433 ejus
1945 5380 2040 5433 pro
2068 5379 2146 5417 eo.

2342 5452 2568 5509 CAPUT
2619 5451 2829 5509 XXVIII

1989 5549 2066 5603 De
2093 5549 2270 5602 Achaz
2297 5564 2433 5617 rege,
2466 5555 2515 5600 et
2548 5545 2749 5599 actibus
2781 5543 2922 5598 illius
2944 5541 3203 5610 nefandis.

1889 5639 2084 5710 Viginti
2107 5655 2367 5693 annorum
2393 5648 2504 5691 erat
2534 5637 2712 5690 Achaz
2737 5652 2855 5690 cum
2877 5650 3096 5704 regnare
3121 5631 3377 5700 coepisset,

1811 5744 1856 5787 et
1883 5733 2105 5787 sedecim
2137 5732 2287 5785 annis
2319 5729 2546 5799 regnavit
2589 5729 2644 5782 in
2694 5725 3045 5781 Hierusalem.
3096 5722 3221 5775 Non
3261 5718 3381 5787 fecit

1812 5833 2006 5879 rectum
2030 5825 2085 5875 in
2125 5829 2397 5890 conspectu
2427 5820 2639 5877 Domini
2694 5819 2823 5874 sicut
2857 5817 3029 5872 David
3058 5821 3201 5879 pater
3234 5808 3371 5875 ejus,
