3920 6476
61 347 163 406 547

1003 332 1355 393 COMMENT.
1393 330 1462 387 lN
1499 322 2049 385 PARALIPOMENA.
2088 353 2161 368 —-
2196 325 2324 383 LIB.
2364 324 2454 383 IV.

3244 324 3348 381 518

62 428 291 513 υἱυοδθει
317 459 584 518 mortuos,
618 458 665 506 et
686 448 963 505 adventum
986 447 1173 519 ipsius,
1207 453 1255 500 et
1287 459 1499 516 regnum
1528 442 1662 511 ejus,
1693 444 1744 503 Α
1770 435 2022 503 rusalem,
2056 436 2227 507 qualis
2263 452 2297 490 a
2340 436 2522 491 diebus
2569 434 2866 493 Salomonis
2890 435 2989 507 ﬁlii
3019 435 3188 492 David
3214 438 3347 511 regis

69 548 314 623 pra'dica
348 544 586 609 verbum,
613 544 752 598 insta
794 551 1066 613 oportune,
1101 555 1284 611 argue,
1320 537 1550 602 obsecra,
1580 536 1665 588 in-

1770 525 1942 580 Israel
1962 526 2017 579 in
2041 541 2103 580 ea
2126 525 2251 580 urbe
2270 541 2374 580 non
2420 526 2612 595 fuerat.
2668 525 2767 582 Cui
2807 526 3100 583 concordat
3136 533 3194 584 et
3219 526 3349 586 illud

67 619 225 712 crepa
252 639 313 692 in
345 636 495 693 omni
518 636 770 707 patientia
792 644 840 690 et
869 634 1128 689 doctrina.
1170 631 1235 686 Et
1272 645 1489 685 rursum
1528 646 1540 681 :
1589 624 1668 680 Tu
1769 619 1913 689 quod
1942 625 2065 689 post
2091 632 2265 689 pauca
2290 619 2656 688 subsequitur.

69 748 187 788 vero
219 728 420 800 vigila,
449 728 505 784 in
534 726 774 783 omnibus
804 725 1017 790 labora,
1050 741 1177 796 opus
1204 722 1289 793 fac
1316 718 1665 791 evangelistte,

70 820 439 876 ministerium
490 828 637 873 tuum
666 816 844 889 imple,
883 815 1087 871 sobrius
1124 824 1229 869 esto
1267 811 1353 881 (II
1391 812 1526 866 Tim.
1570 809 1666 883 tv).

69 913 305 987 Mystice
338 918 529 967 autem
564 909 826 966 Ezechias
871 907 964 978 qui
1008 922 1116 963 non
1162 913 1273 960 tam
1303 920 1399 976 per
1434 917 1491 958 se
1521 916 1673 957 suos-

71 1022 211 1077 que,
259 1019 408 1077 opus
457 1003 555 1059 Dei
593 1009 813 1058 strenue
856 1000 1059 1072 gessit,
1106 998 1214 1053 imo
1242 1012 1341 1069 per
1364 994 1583 1050 nuntios
1606 990 1674 1046 ad

72 1098 250 1155 simile
301 1096 555 1152 studium
601 1093 737 1149 alios
762 1099 1050 1163 provocat,
1090 1099 1272 1162 typum
1296 1088 1433 1159 gerit
1462 1083 1671 1140 Domini

76 1188 427 1256 Salvatoris;
478 1187 621 1259 quod
651 1194 706 1242 et
744 1185 978 1241 nominis
998 1182 1168 1253 ipsius
1194 1166 1570 1251 interpretatio
1599 1186 1676 1231 te-

72 1291 269 1342 statur.
330 1279 739 1351 lnterpretatur
778 1276 925 1332 enim
973 1274 1233 1330 Ezechias
1289 1267 1676 1341 apprehendens

76 1374 395 1437 Dominum,
439 1370 523 1424 vel
561 1369 815 1441 fortitudo
853 1366 1084 1423 Domini.
1126 1364 1262 1420 Hinc
1286 1361 1488 1418 Paulus
1516 1358 1675 1415 Chri—

76 1476 229 1521 stum
250 1464 395 1520 dicit
414 1477 544 1527 esse
586 1462 687 1517 Dei
724 1463 993 1526 virtutem,
1016 1469 1064 1513 et
1091 1459 1190 1513 Dei
1224 1456 1555 1527 sapientiam.
1602 1452 1679 1507 De

75 1574 185 1630 quo
206 1564 266 1612 et
300 1556 449 1611 alibi
474 1556 583 1617 ait,
639 1554 764 1624 quia
800 1554 853 1608 in
888 1553 998 1624 ipso
1030 1550 1287 1605 inhabitat
1314 1545 1482 1601 omnis
1512 1542 1680 1615 pleni-

74 1650 198 1704 tudo
227 1648 543 1703 divinitatis
569 1646 937 1717 corporaliter,
977 1652 1129 1699 etest
1162 1651 1317 1713 caput
1343 1639 1510 1694 omnis
1536 1636 1682 1708 prin-

2317 707 2544 766 CAPUT
2593 709 2783 767 XXXI.

2260 799 2509 872 Sequitur
2529 802 2592 856 de
2618 801 2865 861 Ezecltia.

1843 891 2102 965 Egressus
2130 902 2209 947 est
2235 894 2403 947 omnis
2433 892 2628 960 Israel,
2678 896 2768 967 qui
2805 897 3042 953 inventus
3083 899 3253 970 fuerat
3289 902 3344 958 in

1780 984 1994 1040 urbibus
2027 983 2254 1052 Juda,et
2293 984 2558 1056 fregerunt
2586 985 2893 1053 simulacra,
2918 989 3353 1063 succideruntque

1774 1074 1943 1144 lucos,
1983 1074 2216 1130 demoliti
2242 1085 2361 1130 sunt
2390 1074 2616 1143 excelsa,
2661 1085 2709 1130 et
2736 1076 2931 1131 altaria
2960 1078 3351 1150 destruxerunt,

1775 1182 1881 1220 non
1922 1165 2089 1219 solum
2135 1166 2199 1220 de
2249 1166 2491 1221 universa
2535 1166 2686 1222 Juda'
2722 1177 2769 1222 et
2800 1165 3101 1239 Benjamin,
3155 1173 3247 1227 sed
3290 1173 3356 1230 de

1776 1255 2031 1328 Ephraim
2060 1274 2262 1328 quoque
2294 1255 2568 1323 Manasse,
2618 1258 2781 1313 donec
2825 1260 3031 1330 penitus
3069 1272 3355 1319 everteren-

1777 1358 1881 1414 tur,
1912 1350 2200 1421 reversique
2228 1360 2349 1405 sunt
2393 1367 2569 1405 omnes
2590 1348 2690 1420 lilii
2730 1349 2903 1405 Israel
2930 1352 2985 1406 in
3008 1354 3355 1422 possessiones

1779 1449 1828 1494 et
1855 1439 2087 1495 civitates
2117 1456 2264 1494 suas.
2306 1439 2441 1507 Quia
2474 1448 2597 1511 post
2626 1441 2915 1496 adventum
2939 1446 3111 1499 nostri
3135 1444 3360 1502 Redem-

1778 1530 1949 1603 ptoris
1988 1531 2043 1585 in
2091 1531 2351 1587 mundum
2382 1547 2489 1586 non
2534 1532 2705 1587 solum
2753 1534 2806 1588 in
2858 1533 3191 1593 Hierusalem
3220 1547 3275 1594 et
3304 1539 3359 1593 in

1780 1620 1997 1689 Iudaea,
2046 1623 2141 1679 sed
2184 1625 2237 1679 in
2266 1624 2473 1680 cunctis
2513 1639 2610 1697 per
2658 1632 2832 1680 totum
2860 1627 3046 1681 orbem
3094 1637 3359 1686 terrarum

76 1745 278 1815 cipatus
302 1752 356 1799 et
374 1742 657 1814 potestatis
687 1738 824 1813 (Col.
848 1739 998 1811 xxix)
1023 1757 1035 1793 :
1060 1738 1153 1811 qui
1171 1737 1428 1792 Dominus
1464 1733 1614 1803 fortis
1637 1737 1684 1785 et

1803 1717 2119 1785 nationibus,
2170 1719 2444 1775 destructa
2474 1726 2557 1773 est
2590 1718 2909 1785 idololatria,
2943 1718 3218 1778 confracta
3270 1739 3359 1780 er-

74 1801 276 1908 pdtens,
305 1801 581 1891 Dominus
609 1801 789 1905 potens
817 1833 873 1887 in
894 1801 1275 1903 praelio-(Psal.
1293 1801 1473 1898 xxmﬁ
1496 1840 1681 1895 exspo-

1803 1823 1969 1863 'orum
2000 1808 2310 1875 simulacra,
2342 1816 2398 1864 et
2437 1809 2637 1879 ubique
2668 1809 2862 1865 diaboli
2899 1811 3134 1866 concidit
3178 1828 3364 1884 super-

78 1926 214 1983 lians
241 1934 541 1998 potestates
567 1935 616 1980 et
634 1925 960 1996 principatus
983 1922 1219 1978 traduxit
1242 1918 1563 1987 conﬁdenter
1592 1932 1685 1986 pa-

78 2018 181 2073 lam
191 2018 540 2089 triumphans
552 2017 671 2072 illos
691 2017 745 2072 in
758 2016 1052 2087 semetipso,
1069 2014 1245 2069 deleas
1258 2012 1396 2084 quod
1412 2011 1683 2065 adversum

80 2126 172 2166 nos
192 2109 741 2180 eratcltirographum
756 2108 948 2163 decreti
981 2121 1000 2159 :
1031 2107 1170 2178 quod
1211 2115 1325 2160 erat
1361 2105 1683 2159 contrarium

85 2204 255 2272 nobis,
306 2216 359 2259 et
395 2203 583 2274 ipsum
623 2201 740 2257 tulit
791 2202 855 2257 de
886 2200 1056 2256 medio
1100 2200 1310 2271 aﬂigens
1356 2197 1489 2252 illud
1538 2197 1684 2252 cruci

84 2295 225 2368 (Col.
262 2311 329 2363 ιι,
356 2294 485 2367 15).
546 2293 645 2350 Hic
687 2308 816 2366 ergo
867 2290 1328 2363 transgressiones
1369 2297 1593 2360 patrum
1630 2294 1686 2343 et

89 2403 280 2451 omnes
318 2387 804 2460 pmvaricationes
840 2400 959 2456 quas
989 2383 1212 2440 fuerunt
1247 2381 1348 2439 sub
1374 2382 1518 2452 lege,
1561 2396 1685 2436 san-

90 2481 251 2552 guine
272 2494 381 2537 suo
409 2477 573 2535 diluit
594 2486 649 2533 et
670 2478 874 2534 cultum
906 2476 1125 2548 pietatis
1170 2475 1225 2531 in
1259 2473 1500 2529 Ecclesia
1526 2472 1685 2542 plene

93 2573 446 2632 instatravit.
485 2572 605 2643 Ipse
633 2572 840 2643 legatos
862 2586 989 2627 suos
1011 2570 1079 2627 ad
1098 2567 1475 2625 convocandas
1496 2572 1685 2637 gentes

89 2665 155 2725 ad
176 2663 379 2732 ﬁdem,
408 2665 518 2722 hoc
543 2672 659 2732 est,
709 2663 951 2736 primum.
988 2660 1309 2732 prophetas,
1336 2658 1530 2714 deinde
1556 2671 1686 2728 apo—

92 2759 265 2817 stolos
287 2760 485 2825 misit,
531 2759 655 2830 quia
689 2773 796 2814 non
842 2755 1017 2813 solum
1056 2754 1123 2809 de
1164 2750 1373 2818 Judata,
1409 2750 1505 2806 sed
1535 2757 1590 2804 et
1618 2749 1686 2802 de

98 2853 223 2911 aliis
248 2851 573 2909 nationibus
609 2849 871 2922 plurimos
902 2845 971 2905 ad
994 2843 1316 2901 catholicam
1341 2841 1503 2896 fidem
1539 2846 1593 2895 et
1617 2838 1687 2893 ad

95 2958 282 3001 veram
329 2941 657 3014 religionem
693 2954 791 3010 per
826 2935 1266 3009 praedicationem
1293 2928 1571 3001 Evangelii
1602 2927 1686 2983 sui

94 3032 380 3089 conduxit.
423 3030 524 3086 llic
562 3028 800 3087 secundo
829 3041 1016 3085 mense
1049 3024 1258 3080 Pascha
1293 3021 1571 3078 celebrare
1601 3019 1686 3073 in-

95 3122 274 3178 stituit
294 3163 311 3186 ,
350 3120 483 3192 quia
506 3121 699 3175 umbra
720 3118 854 3190 legis
872 3117 1071 3187 prioris
1098 3121 1345 3171 cessante
1373 3126 1567 3168 novam
1592 3110 1688 3165 ob-

93 3228 291 3269 servau
301 3212 441 3267 tiam
462 3210 578 3266 veri
603 3209 824 3264 Pascha:
852 3220 1070 3262 servare
1095 3204 1297 3271 docuit,
1327 3202 1393 3258 de
1414 3216 1523 3272 quo
1548 3199 1687 3255 Pau-

90 3302 175 3357 lus
202 3302 285 3357 ait
311 3320 325 3354 :
362 3299 583 3354 Etenim
613 3294 823 3353 Pascha
853 3305 1088 3351 nostrum
1116 3294 1418 3349 immolatus
1441 3302 1516 3348 est
1537 3291 1693 3347 Citri-

86 3406 204 3452 stus
231 3393 283 3466 (1
316 3391 452 3448 Cor.
483 3390 588 3464 ιιι).
628 3390 738 3447 Nos
777 3390 923 3446 enim
954 3388 1286 3460 temporibus
1312 3386 1447 3459 legis
1490 3386 1694 3458 pascha

87 3485 342 3561 perfecte
368 3485 464 3557 agi
485 3484 681 3557 potuit,
711 3484 856 3556 quod
880 3481 993 3539 sola
1024 3496 1157 3554 gens
1192 3478 1376 3535 Iudaea
1400 3486 1527 3534 tunc
1560 3477 1694 3550 figu-

97 3581 289 3636 raliter
318 3578 644 3643 celebravit,
677 3577 804 3648 quia
839 3576 1075 3631 nondum
1101 3572 1423 3646 sanctiﬁcati
1444 3578 1603 3627 erant
1628 3570 1695 3626 de

101 3673 391 3746 gentibus,
426 3671 518 3741 qui
548 3685 646 3740 per
674 3668 1025 3740 Evangelium
1045 3666 1250 3724 Christi
1288 3664 1357 3719 ad
1384 3677 1573 3719 verum
1599 3676 1696 3733 pa-

103 3763 235 3820 scha
261 3760 652 3818 celebrandum
687 3758 1018 3815 convocandi
1045 3765 1220 3814 erant.
1264 3755 1418 3813 Unde
1440 3754 1497 3809 in
1526 3753 1695 3810 histo-

109 3853 187 3908 ria
210 3852 467 3909 Ezechiae
490 3851 567 3906 ita
592 3851 854 3922 scriptum
879 3857 982 3905 est.

687 3960 914 4019 CAPUT
960 3959 1131 4017 XXX.

116 4054 193 4111 De
219 4054 457 4113 Esecbia
476 4070 593 4124 rege
615 4051 785 4118 Iuda,
814 4062 869 4124 et
890 4052 1047 4124 bonis,
1064 4049 1328 4124 operibus,
1350 4046 1554 4124 quibus
1585 4046 1698 4102 cul-

409 4134 519 4179 tum
533 4120 772 4179 divinum
796 4120 1123 4179 celeberrime
1151 4120 1402 4176 exhibuit.

182 4216 327 4275 Inito
369 4235 493 4290 ergo
525 4215 742 4272 consilio
774 4215 908 4286 regis
956 4223 1003 4268 et
1047 4213 1340 4284 principum
1380 4218 1426 4265 et
1470 4209 1700 4263 universi

119 4320 273 4366 caztus
323 4307 703 4373 Hierusalem,
758 4306 1097 4360 decreverunt
1146 4312 1201 4356 ut
1247 4302 1479 4371 facerent
1526 4297 1701 4352 Pltase

118 4418 287 4458 mense
326 4400 585 4457 secundo.
629 4397 753 4453 Non
794 4396 933 4451 enim
962 4402 1236 4465 potuerant
1272 4393 1445 4462 facere
1474 4391 1531 4444 in
1566 4398 1699 4443 tem-

118 4509 237 4563 pore
261 4510 386 4559 suo,
435 4491 559 4564 quia
593 4486 885 4544 sacerdotes
920 4484 1011 4555 qui
1038 4490 1244 4554 possent
1278 4480 1531 4550 suﬂcere,
1576 4493 1703 4530 san-
1726 4519 1785 4580 Β

122 4583 330 4652 ctiﬁcati
352 4600 463 4639 non
489 4581 733 4651 fuerant,
780 4586 826 4631 et
858 4573 1081 4646 populus
1112 4572 1330 4627 necdum
1358 4576 1701 4641 congregatus

124 4676 289 4747 fuerat
312 4678 369 4733 in
394 4671 755 4731 Hierusalem.
796 4668 913 4724 Hoc
938 4682 1067 4739 ergo
1096 4665 1222 4721 illud
1246 4663 1361 4734 jam
1387 4660 1701 4734 praefigura-

125 4775 233 4822 tum
259 4776 343 4825 est
365 4769 425 4823 in
456 4765 546 4819 illo
575 4763 828 4819 mandato
847 4759 1004 4830 legis,
1032 4773 1139 4828 quo
1165 4755 1425 4811 Dominus
1445 4751 1702 4824 praecepit

125 4871 216 4927 per
237 4856 460 4930 Moysen
477 4863 539 4909 ut
563 4850 638 4908 illi
659 4851 752 4924 qui
771 4857 954 4907 essent
986 4862 1148 4920 super
1174 4846 1411 4901 animam
1439 4842 1703 4898 immundi

129 4944 234 5001 slve
262 4948 317 5003 in
349 4949 444 5003 via
486 4943 677 5017 procul
717 4940 975 4999 fecissent
1016 4940 1187 5010 phase
1220 4950 1406 4991 mense
1442 4933 1699 4989 secundo.

130 5037 274 5106 Quod
298 5037 560 5097 nimirum
586 5035 641 5089 in
669 5042 861 5106 typum
880 5028 1196 5100 intelligitur
1225 5022 1492 5098 prolatum
1520 5020 1705 5093 populi

133 5131 385 5200 gentium,
416 5130 511 5202 qui
543 5130 667 5183 cuni
691 5124 942 5181 omnibus
969 5119 1303 5177 daemonibus
1327 5114 1579 5171 fornicati
1607 5113 1708 5167 im-

136 5225 312 5279 mundi
331 5224 654 5280 videbantur
670 5218 724 5273 in
747 5215 960 5280 anima;
993 5211 1195 5269 salubri
1220 5223 1349 5264 vero
1370 5204 1711 5263 confessione

139 5312 394 5378 mundati,
422 5313 491 5369 ad
521 5308 810 5369 secundam
832 5304 1191 5368 nativitatem,
1218 5300 1372 5371 quasi
1396 5299 1449 5353 in
1473 5296 1710 5353 secundo

142 5418 319 5461 mense
344 5404 580 5461 transire
617 5393 1019 5471 prmcipiuntur.
1081 5393 1237 5451 Unde
1272 5393 1329 5448 in
1364 5389 1711 5461 sequentibus

146 5506 259 5568 post
292 5495 773 5555 sanctificationem
818 5488 1157 5546 sacerdotum
1184 5493 1238 5541 et
1265 5484 1573 5540 Levitarum
1600 5478 1716 5536 oﬂ'i-

151 5589 248 5656 cia,
269 5599 324 5646 et
345 5588 673 5645 hilaritatem
696 5583 870 5656 plebis
897 5579 1225 5643 Iudaeorum,
1241 5577 1315 5631 ita
1339 5574 1710 5646 subjungitur:

222 5681 603 5754 Proselytorum
644 5692 843 5751 quoque
882 5675 946 5729 de
991 5684 1131 5729 terra
1165 5669 1335 5725 Israel
1378 5679 1424 5723 et
1474 5668 1716 5721 habitan-

158 5772 277 5827 tium
296 5776 349 5831 in
370 5775 580 5841 Judtea,
610 5770 851 5842 factaque
881 5776 953 5822 est
979 5763 1192 5839 grandis
1215 5760 1483 5818 celebritas
1510 5758 1567 5813 in
1589 5754 1716 5811 Ilie-

1713 3166 1760 3230 C

1782 1897 1903 1965 bia,
1950 1899 2298 1970 quotidieque
2333 1898 2567 1954 fidelium
2606 1915 2831 1955 numero
2856 1911 3149 1969 crescente,
3182 1907 3364 1961 decre-

1786 1990 1891 2045 scit
1935 2001 1989 2044 et
2036 1990 2339 2045 minoratur
2388 1990 2594 2045 cultura
2643 1991 3061 2058 daemoniorum,
3111 1992 3282 2051 donec
3310 1997 3364 2052 in

1787 2080 1893 2137 ﬂne
1923 2082 2107 2137 mundi
2140 2083 2254 2153 ipsa
2278 2083 2542 2139 obruetur
2573 2097 2722 2139 mors
2764 2084 3090 2154 novissima,
3129 2097 3186 2143 et
3219 2103 3365 2145 com-

1783 2172 2019 2251 plebitur
2066 2172 2195 2229 illud
2231 2175 2374 2247 quod
2408 2176 2673 2246 scriptum
2698 2184 2800 2243 est,
2830 2174 3080 2249 Regnabit
3110 2178 3367 2238 Dominus

1785 2268 1930 2322 solus
1952 2269 2007 2321 in
2029 2268 2113 2323 die
2138 2267 2265 2333 illa;
2301 2277 2356 2325 et
2380 2268 2521 2324 idola
2546 2269 2765 2338 penitus
2791 2278 3167 2338 conterentur,
3197 2277 3369 2345 quan-

1789 2358 1858 2412 do
1902 2367 2128 2428 peracto
2176 2358 2467 2414 universali
2506 2359 2711 2430 judicio
2763 2360 2935 2415 sancti
2984 2370 3103 2417 eum
3154 2363 3371 2423 Christo

1786 2447 2007 2505 caeleste
2029 2449 2309 2504 intrabunt
2336 2465 2561 2521 regnum
2591 2458 2645 2504 et
2664 2457 2978 2521 peccatores
3007 2467 3131 2507 cum
3159 2454 3369 2513 diabolo

1787 2539 1842 2593 in
1881 2538 2078 2594 inferni
2104 2539 2491 2611 demergentur
2514 2539 2859 2610 profundum.

2342 2673 2571 2730 CAPUT
2612 2672 2823 2729 VXXIL

1789 2787 1868 2843 De
1912 2787 2440 2862 Sennaclterib‘rege,
2501 2786 2682 2862 qualia
2718 2789 3063 2862 eminutus
3096 2797 3177 2844 est
3205 2790 3374 2860 facere

1863 2869 2049 2931 contra
2074 2856 2374 2931 Jengaleni
2401 2868 2449 2913 et
2480 2856 2985 2931 ternplum‘Daminit
3017 2856 3375 2931 contra'quem

1862 2930 2095 2984 vindicta
2120 2947 2157 2982 α
2184 2929 2413 2983 Domino
2432 2928 2645 2999 prolata
2671 2938 2780 2999 gst.
2803 2927 2891 2982 De
2910 2927 3376 2999 (egritudine'Ese—

1863 3000 2018 3071 chiai,
2063 3008 2123 3071 et
2154 2999 2381 3054 sanitate
2415 2997 2598 3069 ipsius.
2660 2997 2740 3053 De
2763 2997 3020 3071 legatione
3042 3000 3379 3071 Assyriorum

1863 3069 1932 3123 ad
1964 3069 2248 3123 Ezechiam

2323 3086 2383 3123 ro
2425 3078 2681 3139 portento,
2728 3069 2875 3139 quod}
2906 3069 3206 3136 acciderat;
3236 3080 3283 3125 et
3314 3072 3379 3127 de

1867 3140 2017 3193 obitu
2038 3140 2213 3209 ipsius

2293 3140 2505 3194 sectum.

1863 3274 1997 3329 Post
2024 3291 2140 3346 qute
2160 3283 2208 3329 et
2238 3272 2544 3346 hujusmodi
2574 3274 2843 3329 veritatem
2862 3274 3000 3329 venit
3024 3264 3378 3331 Sennaclterib

1796 3383 1888 3421 rex
1915 3365 2270 3437 Assyriorum,
2301 3376 2349 3421 et
2373 3366 2638 3437 ingressus
2660 3363 2883 3433 ludam,
2917 3365 3115 3420 obsedit
3148 3367 3379 3423 civitates

1796 3462 2029 3516 munitas
2058 3459 2234 3517 volens
2276 3478 2363 3516 eas
2396 3477 2595 3531 capere.
2655 3460 2810 3527 Quod
2841 3475 2960 3515 cum
2999 3459 3208 3514 vidisset
3239 3458 3375 3514 Eze-

1797 3554 1942 3608 chias
1974 3553 2172 3608 venisse
2200 3553 2395 3607 scilicet
2425 3551 2781 3609 Sennacherib
2817 3560 2866 3607 et
2895 3559 3060 3607 totum
3085 3549 3205 3611 belli
3228 3549 3385 3621 impe-

1798 3655 1910 3700 tum
1940 3644 2069 3699 verti
2106 3654 2289 3700 contra
2335 3642 2671 3699 Hierusalem
2690 3683 2715 3709 ,,
2750 3643 2880 3696 inito
2918 3658 3035 3697 cum
3060 3639 3382 3713 principibus

1798 3735 2016 3790 consilio
2044 3736 2270 3806 visisque
2300 3713 2601 3805 fortissimis
2636 3741 2693 3793 ut
2726 3733 3027 3787 obturarent
3054 3731 3228 3801 capita
3261 3728 3380 3799 fon-

1799 3825 1931 3879 tium
1957 3827 2205 3896 quierant
2224 3836 2373 3880 extra
2398 3824 2662 3890 urbem,et
2689 3824 2785 3878 hoc
2817 3824 3046 3878 omnium
3076 3822 3386 3876 decernente

1798 3917 2055 3971 sententia
2075 3915 2403 3988 congregavit
2438 3913 2724 3986 plurimam
2772 3910 3167 3967 multitudinem
3217 3919 3266 3964 et
3295 3910 3386 3965 ob-

1801 4018 2109 4065 turaverunt
2163 4016 2378 4063 cunctos
2424 4007 2595 4077 fontes
2654 4014 2702 4060 et
2759 4005 2926 4059 rivum
2969 4002 3060 4075 qui
3104 4000 3297 4073 ﬂuebat
3329 4002 3387 4056 in

1801 4103 1972 4159 medio
2018 4113 2172 4158 terra:
2216 4103 2446 4159 dicentes
2472 4143 2495 4167 ,
2535 4116 2599 4155 ne
2628 4100 2840 4155 veniant
2873 4113 3016 4169 reges
3046 4094 3385 4166 Assyriorum

1801 4205 1852 4251 et
1882 4196 2145 4250 inveniant
2180 4211 2441 4266 aquarum
2483 4192 2884 4247 abundantiam.
2936 4189 3091 4258 Quod
3129 4187 3388 4244 Ezechias

1804 4285 2189 4342 infestantibus
2248 4284 2388 4340 bello
2442 4282 2680 4353 Assyriis
2733 4291 2935 4337 terram
2982 4280 3289 4336 Judasorum
3335 4288 3391 4335 et

1805 4386 1997 4433 contra
2027 4375 2364 4431 Hierusalem
2394 4372 2786 4445 pugnantibus,
2833 4371 2996 4441 jussit
3025 4368 3202 4426 fontes
3228 4370 3389 4425 obtu-

1808 4483 1933 4524 rare
1978 4483 2041 4525 ac
2088 4468 2262 4523 rivum
2306 4467 2398 4538 qui
2443 4464 2646 4521 fluebat
2684 4464 2740 4519 in
2781 4462 2958 4519 medio
2991 4469 3169 4527 terra),
3200 4475 3268 4516 ne
3293 4476 3389 4516 ve-

1809 4560 2022 4615 nientes
2044 4574 2200 4631 reges
2225 4557 2570 4629 Assyriorum
2594 4554 2901 4610 invenirent
2928 4566 3193 4625 aquarum
3220 4550 3391 4605 abun-

1811 4652 2051 4709 dantiam
2072 4693 2087 4718 ,
2125 4650 2391 4722 significat
2430 4648 2572 4719 quod
2602 4655 2792 4703 contra
2832 4659 3073 4717 paganos
3100 4651 3261 4713 atque
3289 4641 3394 4699 bte-

1811 4744 2011 4798 reticos
2040 4751 2405 4812 repugnantes
2435 4747 2595 4809 atque
2634 4736 3075 4808 blasphemantes
3113 4731 3390 4804 diligentia

1811 4840 1972 4902 atque
1994 4830 2203 4892 cautela
2225 4827 2530 4885 adhibenda
2550 4835 2653 4894 est,
2674 4834 2729 4882 et
2753 4825 3055 4882 divinorum
3082 4837 3395 4878 sacramen-

1813 4932 1987 4981 torum
2025 4936 2209 4978 coram
2233 4920 2311 4977 eis
2347 4928 2473 4975 sunt
2503 4919 2729 4974 velanda
2760 4914 3039 4988 mysteria,
3077 4925 3179 4967 nec
3211 4910 3391 4981 impu-

1812 5015 2002 5071 denter
2062 5013 2288 5068 verbum
2357 5010 2451 5065 Dei
2503 5009 2834 5081 blasphemis
2898 5003 3249 5078 ingerendum
3299 5001 3393 5072 qui

1810 5106 2062 5161 nesciunt
2091 5103 2388 5160 doctrinam
2417 5110 2663 5157 sanctam
2689 5099 2794 5171 piis
2816 5094 3057 5152 moribus
3085 5095 3389 5160 honorare;

1813 5198 1908 5254 sed
1934 5198 2109 5271 magis
2138 5197 2356 5253 student
2377 5211 2472 5250 ore
2496 5202 2761 5248 venenato
2783 5190 3042 5246 lacerare.
3100 5186 3254 5244 Unde
3284 5186 3392 5243 Do-

1812 5291 1993 5346 minus
2019 5290 2073 5345 in
2111 5288 2404 5360 Evangelio
2434 5283 2711 5355 discipulis
2751 5281 2864 5337 suis
2891 5278 3136 5351 praecipit
3161 5277 3348 5334 dicens
3375 5294 3392 5332 ε

1818 5382 1996 5438 Nolite
2025 5390 2266 5437 sanctum
2291 5379 2420 5433 dare
2446 5375 2660 5431 canibus
2679 5414 2693 5439 ,
2726 5388 2891 5444 neque
2927 5370 3147 5424 mittatis
3174 5384 3387 5438 marga-

1816 5476 1947 5528 ritas
1976 5482 2174 5529 vestras
2208 5481 2327 5525 ante
2356 5484 2559 5540 porcos,
2595 5482 2657 5519 ne
2703 5464 2837 5535 forte
2865 5459 3167 5516 conculcent
3198 5476 3287 5513 eas
3312 5473 3399 5528 pe-

1817 5566 1969 5619 dibus
1994 5563 2102 5618 suis
2131 5603 2145 5629 ,
2191 5570 2239 5616 et
2271 5558 2502 5615 conversi
2534 5556 2863 5625 disrumpunt
2901 5569 2986 5606 vos
3026 5548 3241 5617 (Matth.
3270 5545 3392 5615 v11).

1818 5658 1957 5715 Hinc
1978 5655 2176 5710 Paulus
2219 5653 2283 5707 ad
2310 5651 2491 5705 Titum
2519 5646 2763 5704 scribens
2793 5644 2869 5698 ait
2908 5661 2920 5697 :
2962 5640 3279 5696 IIwreticum
3302 5637 3399 5689 lto-

1819 5752 2013 5805 minem
2038 5756 2151 5819 post
2180 5759 2338 5798 unam
2382 5750 2429 5796 et
2470 5738 2752 5794 secundum
2782 5734 3155 5803 correptionem
3201 5725 3394 5789 devita,
