3920 6466
552 370 656 428 519

1196 360 1259 416 Β.
1301 357 1554 416 ΒΑΒΛΝΙ
1593 356 1808 414 MAURI
1848 354 2124 410 ARClllEl

2226 353 2515 411 llOGL'NT.
2554 353 2838 412 OPERUM
2875 353 3053 412 PARS
3090 354 3132 410 Ι.

3723 351 3824 407 ὃὶυ

549 485 717 542 sciens
737 495 861 552 quia
884 475 1189 547 hujusmodi
1220 473 1493 528 subversas
1530 479 1625 534 est,
1652 479 1701 527 et
1726 468 1978 540 delinquit
2002 483 2118 521 cum
2147 474 2201 533 Α
2223 469 2388 538 potuit
2417 468 2557 521 Deus
2589 477 2896 522 cunctarum
2919 468 3147 539 gentium
3183 475 3337 536 atque
3366 479 3676 535 regnorum
3711 464 3828 522 libe-

543 573 610 628 sit
638 569 847 641 proprio
885 565 1092 636 judicio
1133 563 1504 618 condemnatus
1547 560 1672 631 (Tit.
1707 561 1811 630 ιιι).
1863 559 1999 612 Ilinc
2026 572 2122 626 per

545 658 878 732 psalmistam
923 655 1156 710 dicitur:
1202 651 1369 706 Posui
1397 653 1474 706 ori
1502 667 1614 706 meo
1656 649 1950 704 custodiam
1996 648 2121 700 dum

547 747 799 803 consister
813 753 858 798 et
883 752 1122 814 peccator
1140 741 1414 796 adversum
1428 757 1528 804 me,
1543 738 1774 793 obmutui
1797 747 1846 791 et
1877 735 2125 790 humilia-

545 849 628 894 tus
655 855 772 893 sum
799 846 848 892 et
872 835 997 890 silui
1026 852 1058 888 a
1088 835 1233 888 bonis
1259 831 1430 903 (Psal.
1466 828 1717 901 xxxvm).
1765 827 1907 883 Hinc
1928 835 1983 883 et
2021 826 2122 881 Sa—

542 929 727 985 lomon
750 927 807 982 in
833 923 1141 981 Proverbiis
1157 924 1312 994 jubet
1343 940 1356 975 :
1382 921 1510 976 Bibe
1556 936 1747 990 aquam
1793 919 1858 974 de
1899 918 2124 972 cisterna

543 1029 633 1074 tua
683 1027 732 1072 et
775 1018 973 1088 ﬂuenta
1014 1013 1154 1085 putei
1181 1014 1283 1079 tui,
1331 1012 1518 1066 habeto
1571 1027 1658 1065 eas
1706 1009 1882 1075 solus,
1930 1025 1993 1062 ne
2021 1008 2124 1062 sint

545 1110 707 1166 alieni
741 1108 1018 1180 participes
1040 1105 1114 1160 tui
1138 1102 1318 1176 (Prov.
1348 1102 1424 1173 v);
1455 1103 1576 1157 ﬁdis
1609 1102 1830 1156 auribus
1869 1100 2124 1155 universa

544 1198 934 1258 committenda
979 1204 1134 1263 sunt,
1178 1203 1234 1251 et
1258 1209 1438 1249 coram
1474 1192 1695 1263 perﬁdis
1724 1191 2120 1247 abscondenda.

610 1292 919 1362 Aidiﬁcavit
951 1306 1152 1362 quoque
1183 1305 1339 1360 agens
1374 1287 1632 1342 industrie
1672 1303 1876 1341 omnem
1912 1300 2123 1340 murum

539 1384 630 1454 qui
667 1383 840 1451 fuerat
873 1382 1179 1452 dissipatus,
1211 1389 1258 1435 et
1291 1379 1582 1434 construxit
1613 1386 1781 1432 turres
1814 1376 2034 1448 desuper
2074 1384 2123 1430 et

541 1475 869 1548 forinsencus
904 1473 1126 1528 alterum
1156 1489 1388 1538 murum,
1424 1471 1839 1541 instauravitque
1876 1467 2035 1523 Mella
2068 1469 2125 1522 in

540 1568 746 1624 civitate
775 1565 939 1620 David
973 1574 1022 1619 et
1052 1564 1174 1634 fecit
1215 1563 1440 1618 universi
1475 1561 1676 1634 generis
1716 1569 2043 1614 armaturam
2074 1567 2124 1614 et

539 1655 774 1726 clypeos,
820 1653 1190 1723 constituitque
1231 1653 1489 1724 principes
1529 1650 1839 1706 bellatorum
1883 1651 1941 1704 in
1977 1665 2124 1704 exer-

538 1748 667 1812 citu,
695 1754 802 1802 etc.
829 1744 1032 1802 Urbem
1053 1753 1296 1800 sanctam
1321 1745 1387 1800 de
1415 1759 1522 1816 qua
1547 1744 1813 1814 scriptum
1839 1751 1924 1799 est
1946 1758 1960 1796 :
1989 1739 2121 1796 Urbs

2223 575 2340 612 rare
2375 558 2622 628 populant
2644 576 2796 612 suum
2829 559 2892 612 de
2919 576 3078 612 manu
3103 575 3216 611 mea
3246 568 3293 610 et
3317 556 3382 610 de
3413 572 3592 608 manu
3620 567 3824 624 patrui

2223 663 2476 713 meorum,
2513 658 2882 718 consequenter
2911 665 3002 703 nec
3032 649 3172 702 Deus
3207 658 3372 702 υεδιεν
3410 648 3622 716 poterit
3655 665 3823 704 emere

2223 753 2310 791 vos
2333 738 2394 792 de
2421 738 2518 791 hac
2552 755 2712 792 manu
2746 755 2882 792 mea.
2913 738 3020 795 Sed
3057 753 3103 792 et
3139 739 3246 791 alia
3275 737 3452 790 multa
3493 737 3674 790 locuti
3712 755 3820 793 sui

2224 830 2359 884 servi
2378 830 2492 899 ejus
2513 839 2695 884 contra
2715 829 2997 883 Dominum
3018 829 3209 894 Deum,
3243 838 3292 883 et
3315 838 3508 881 contra
3537 825 3818 882 Ezechias

2223 936 2427 975 servum
2449 919 2584 990 ejus.
2609 919 2874 990 Epistolas
2901 937 3102 992 quoque
3125 920 3332 988 scripsit
3354 917 3552 988 plenas
3586 915 3816 987 blasphe-

2223 1013 2342 1066 mia:
2379 1013 2435 1066 in
2456 1011 2738 1066 Dominum
2761 1012 2926 1067 Deum
2959 1012 3152 1080 Israel,
3181 1022 3229 1067 et
3268 1013 3485 1067 locutus
3525 1022 3617 1066 est
3653 1015 3800 1067 adea

2223 1120 2338 1159 sum
2363 1121 2482 1159 eum
2499 1123 2518 1162 :
2541 1103 2689 1159 Sicut
2719 1104 2794 1158 dii
2813 1105 3044 1175 gentium
3065 1114 3376 1159 cceterarum
3404 1121 3519 1158 non
3538 1116 3814 1174 potuerat

2225 1194 2445 1248 liberare
2482 1194 2730 1265 populum
2782 1211 2936 1249 suum
2981 1195 3046 1249 de
3080 1212 3240 1248 manu
3267 1211 3408 1261 mea,
3458 1197 3540 1248 sic
3599 1204 3652 1247 et
3695 1195 3814 1250 Deis

2223 1285 2466 1341 Ezechiae
2502 1303 2681 1342 eruere
2713 1303 2817 1340 non
2849 1287 3034 1356 poterit
3069 1285 3318 1356 populum
3350 1301 3520 1341 suum
3554 1286 3630 1339 de
3671 1304 3812 1340 man

2224 1379 2346 1432 ista.
2377 1377 2602 1448 Insuper
2627 1387 2674 1432 et
2704 1377 2931 1432 clamore
2955 1394 3145 1449 magno
3166 1377 3350 1448 lingua
3371 1378 3629 1432 Iudaica
3653 1391 3811 1431 conm

2223 1468 2472 1540 populum
2505 1470 2594 1540 qui
2627 1468 2838 1524 sedebat
2869 1471 2925 1524 in
2956 1470 3120 1523 muris
3141 1467 3450 1524 Jerusalem
3482 1470 3807 1538 personabat.

2224 1569 2283 1614 ut
2319 1569 2531 1614 terreret
2587 1569 2635 1614 et
2669 1559 2996 1630 perturbaret
3038 1576 3125 1614 eos
3171 1569 3221 1614 et
3268 1569 3488 1630 caperet
3540 1561 3808 1614 civitatem.

2224 1651 2552 1723 Locutusque
2585 1661 2659 1708 est
2694 1661 2876 1707 contra
2896 1651 3182 1706 Dominum
3199 1651 3540 1723 Jerusalem,
3573 1653 3716 1706 sicut
3736 1653 3811 1704 ad.

2226 1762 2400 1800 versus
2421 1745 2542 1800 deos
2554 1744 2868 1814 populorum
2881 1755 3058 1811 terrw,
3073 1762 3229 1814 opera
3250 1762 3520 1800 manuum
3532 1746 3808 1800 homin;

538 1837 865 1908 fortitudinis
915 1846 1107 1892 nostra:
1152 1836 1398 1892 Salvator
1449 1836 1584 1908 (Isa.
1640 1837 1812 1908 xxvi).
1877 1835 2012 1902 Quia
2063 1836 2118 1890 in
2147 1845 2194 1905 Β
2222 1835 2348 1892 Haec
2385 1837 2564 1892 omnia
2603 1837 2812 1908 plenius
2851 1838 2908 1892 in
2940 1837 3150 1907 Regum
3193 1839 3423 1893 historia
3476 1846 3539 1892 et
3584 1838 3644 1892 in

537 1937 720 1984 monte
747 1928 849 1984 sita
876 1928 1048 1983 latere
1084 1944 1192 1984 non
1219 1936 1414 1999 potest,
1449 1928 1514 1982 de
1540 1943 1645 1998 qua
1675 1937 1730 1982 et
1769 1928 1824 1982 in
1861 1926 1968 1981 alio
2005 1925 2123 1982 loco

537 2022 803 2092 scriptum
849 2028 979 2076 est:
1025 2019 1287 2074 Fluminis
1326 2021 1548 2091 impetus
1594 2019 1826 2088 lwti/icat
1863 2019 2122 2072 civitatem

535 2111 636 2167 Dei
662 2109 836 2182 (Psal.
876 2111 1023 2186 XLV).
1064 2112 1132 2167 Et
1163 2128 1378 2168 rursum
1408 2131 1420 2166 :
1448 2108 1692 2165 Gloriosa
1725 2111 1868 2164 dicta
1903 2120 2021 2164 sunt
2058 2109 2122 2164 de

537 2215 605 2271 te,
636 2205 818 2261 civitas
842 2189 940 2260 Dei
985 2203 1433 2278 (Psal.1.xxxvn).
1481 2204 1576 2283 llle
1621 2204 1803 2260 condit
1851 2213 1904 2259 et
1927 2203 2120 2270 munit,

535 2294 604 2351 de
647 2311 756 2366 quo
800 2295 1062 2366 loquitur,
1115 2296 1273 2350 Pater
1315 2315 1327 2350 :
1366 2295 1471 2351 Iste
1519 2295 1805 2350 aediﬁcavit
1846 2295 2123 2350 civitatem

534 2398 733 2450 meam,
767 2393 821 2440 et
860 2386 979 2457 ipse
1015 2401 1231 2442 omnem
1275 2401 1490 2441 murum
1531 2401 1677 2441 same
1717 2385 1839 2440 ﬁdei
1877 2401 1940 2442 ac
1981 2399 2123 2441 verae

535 2473 834 2545 religionis,
869 2476 965 2546 qui
992 2475 1170 2531 fuerat
1197 2476 1403 2531 malitia
1434 2490 1766 2547 paganorum
1805 2477 1918 2532 sive
1945 2475 2122 2532 haere-

535 2563 764 2622 ticorum
790 2565 848 2622 in
883 2566 1152 2638 aliquibus
1177 2569 1486 2639 dissipatus,
1507 2575 1800 2636 restaurat,
1817 2576 1872 2624 et
1892 2567 2124 2625 exstruit

538 2664 717 2712 turres
740 2666 1024 2726 Virtutum,
1044 2659 1200 2730 ponit
1222 2667 1277 2714 et
1303 2659 1605 2716 forinsecus
1629 2659 1858 2714 alterum
1884 2675 2120 2726 murum,

541 2748 648 2805 hoc
681 2758 799 2818 est,
854 2752 1190 2808 antemurale
1229 2751 1372 2822 quod
1413 2753 1469 2807 in
1503 2752 1862 2810 aediﬁcatione
1909 2762 2122 2809 castro-

535 2855 658 2896 rum
686 2841 862 2898 solent
898 2842 1094 2898 loricas
1131 2843 1424 2914 appellare,
1453 2858 1578 2898 cum
1602 2844 1868 2899 bonorum
1895 2859 2122 2913 operum

535 2937 718 2986 tenere
747 2932 906 2988 docet
931 2931 1201 2988 effectum.
1232 2933 1350 2990 Non
1382 2934 1526 2990 enim
1551 2933 1748 2990 suﬁicit
1771 2950 1988 2990 murum
2021 2935 2120 2989 ha-

532 3020 664 3078 bere
689 3023 836 3091 ﬁdei,
859 3025 966 3080 nisi
993 3026 1108 3096 ipsa
1128 3026 1264 3082 ﬁdes
1288 3027 1445 3082 bonis
1471 3028 1724 3097 operibus
1752 3026 2118 3083 conﬁrmetur.

537 3109 640 3166 Hic
663 3127 850 3167 murus
878 3123 933 3168 et
968 3114 1072 3170 hoc
1101 3115 1440 3171 antemurale
1467 3117 1535 3172 de
1557 3116 1696 3171 vivis
1723 3116 1992 3186 lapidibus
2029 3132 2121 3171 ex-

2222 1929 2496 2000 propheta:
2521 1929 2792 1985 volumine
2822 1928 3148 1985 referuntur.
3184 1929 3317 1984 Nam
3351 1931 3410 1985 in
3441 1931 3673 2001 Regum
3702 1931 3808 1983 sai-

2221 2028 2374 2088 ptum
2399 2028 2480 2076 est
2507 2021 2648 2090 quod
2673 2037 2816 2077 anno
2845 2023 3005 2077 tertio
3032 2022 3169 2078 Osee
3187 2022 3280 2076 ﬁlii
3309 2021 3433 2088 Eia,
3455 2022 3619 2092 regis
3649 2022 3805 2085 Israel,

2223 2109 2531 2178 regnaverit
2558 2109 2839 2177 Ezechias,
2863 2110 3005 2167 ﬁlius
3020 2111 3200 2166 Acbaz
3231 2111 3380 2182 regis
3406 2109 3566 2165 Juda
3593 2129 3608 2163 :
3645 2108 3808 2180 Vigisri

2223 2201 2473 2270 quinque,
2500 2200 2693 2270 inquit,
2722 2217 2985 2256 annorum
3010 2211 3124 2256 erat
3148 2218 3266 2256 cum
3301 2218 3544 2272 regnare
3580 2204 3806 2272 cepisset,

2223 2292 2405 2362 viginti
2431 2301 2479 2346 et
2508 2307 2686 2348 novem
2725 2293 2879 2348 annis
2913 2295 3146 2364 regnavit
3182 2295 3238 2349 in
3261 2292 3621 2359 Jerusalem,
3646 2305 3695 2349 et
3719 2294 3809 2361 facit

2222 2381 2360 2453 quod
2384 2392 2496 2436 erat
2521 2383 2710 2438 bonum
2729 2400 2907 2438 coram
2923 2385 3336 2456 Domino,jua:ta
3359 2387 3564 2441 omnia
3592 2403 3714 2456 qua:
3725 2385 3811 2439 Ds-

2222 2473 2309 2527 vid
2335 2483 2482 2543 pater
2503 2475 2618 2546 ejus
2642 2475 2856 2546 fecerat.
2905 2476 2975 2532 Et
2996 2485 3120 2548 post
3139 2478 3422 2549 paululum
3449 2497 3464 2534 :
3509 2479 3593 2534 In
3617 2481 3808 2535 Daunias

2222 2561 2333 2618 Deo
2353 2563 2524 2620 Israel
2545 2567 2769 2636 speravit
2806 2577 2857 2623 et
2877 2578 2992 2639 post
3019 2584 3138 2624 eum
3170 2586 3274 2625 non
3296 2571 3404 2639 fuit
3425 2573 3644 2627 similis
3675 2574 3748 2626 illi
3768 2575 3812 2626 ἐι

2224 2657 2424 2711 cunctis
2453 2657 2658 2728 regibus
2677 2658 2845 2713 Juda.
2879 2658 2987 2716 Sed
3022 2677 3185 2732 neque
3216 2662 3274 2716 in
3302 2662 3388 2716 Itis
3417 2663 3525 2733 qui
3563 2674 3694 2718 ante
3723 2681 3812 2717 e

2223 2745 2457 2816 fuerunt.
2490 2748 2724 2804 Adhwsit
2753 2749 2999 2818 Domino,
3027 2760 3075 2806 et
3120 2768 3225 2808 non
3271 2754 3496 2808 recessit
3549 2771 3590 2808 α

2223 2838 2359 2907 ejus,
2383 2837 2609 2910 fecitque
2640 2841 2893 2896 mandata
2918 2843 3034 2912 ejus
3067 2859 3184 2914 qua:
3204 2856 3545 2915 prteceperat
3579 2846 3810 2900 Daulias:

2225 2925 2418 2997 Moysi.
2450 2926 2602 2984 Unde
2628 2940 2741 2985 erat
2779 2941 2828 2986 et
2851 2931 3110 2988 Dominus
3146 2951 3265 2988 cum
3303 2951 3388 3002 eo,
3435 2945 3488 2992 et
3541 2938 3606 2990 in
3644 2940 3811 2992 cunctis

2225 3021 2294 3075 ad
2335 3039 2453 3092 qua:
2492 3025 2802 3094 procedebat
2851 3029 3117 3099 sapienter
3135 3047 3191 3086 se
3234 3034 3476 3102 gerebat.
3544 3031 3810 3089 Rebellsvit

2226 3125 2403 3172 autem
2455 3130 2635 3175 contra
2693 3139 2865 3194 regem
2910 3123 3251 3196 Assyriorum
3281 3137 3330 3181 et
3361 3144 3477 3182 non
3512 3131 3732 3184 seri-irit
3757 3135 3807 3184 ei.

533 3202 786 3269 struitur,
819 3203 912 3274 qui
941 3204 1094 3276 juxta
1135 3207 1454 3277 prophetam
1482 3207 1773 3262 volvuntur
1817 3222 1982 3278 super
2012 3216 2121 3264 ter—
2146 3203 2194 3269 C
2223 3205 2293 3262 In
2328 3209 2481 3279 cujus
2508 3221 2652 3268 sexto
2683 3231 2822 3269 anno
2856 3216 3062 3287 imperii
3098 3219 3182 3272 sui
3211 3218 3587 3275 Salmanasar
3629 3224 3809 3277 rexAs—

531 3307 669 3348 ram.
710 3292 856 3349 Idem
881 3311 980 3351 rex
1017 3295 1146 3351 fecit
1178 3298 1416 3354 universi
1453 3300 1669 3370 generis
1705 3309 2038 3354 armaturam
2067 3307 2122 3354 et

531 3383 774 3454 clypeos,
809 3400 935 3441 eum
964 3396 1276 3443 sanctarum
1307 3387 1717 3460 Scripturarum
1741 3391 1954 3446 diversa
1993 3406 2125 3447 con-

532 3473 612 3528 dit
642 3474 974 3542 testimonia,
1002 3484 1059 3532 et
1088 3477 1395 3533 doctrinam
1432 3479 1812 3550 Evangelicam
1843 3481 1910 3534 ad
1940 3480 2122 3535 muni-

532 3575 778 3620 mentum
807 3581 918 3622 sua:
939 3567 1198 3624 Ecclesia:
1236 3570 1534 3639 componit.
1575 3569 1910 3640 Ordinatque
1935 3571 2122 3626 docto-

533 3672 624 3713 res
671 3657 763 3727 qui
819 3660 1091 3730 principes
1144 3662 1460 3732 specialium
1506 3661 1829 3718 bellatorum
1884 3664 2014 3728 sint,
2071 3671 2128 3718 et

535 3749 845 3805 universam
895 3752 1143 3807 militiam
1189 3763 1338 3810 recte
1387 3771 1451 3809 ac
1500 3755 1898 3811 rationabiliter
1943 3764 2124 3826 agant,

536 3852 828 3913 castraque
853 3843 1108 3900 Ecclesia:
1154 3854 1345 3904 contra
1387 3848 1571 3905 hostes
1605 3847 1889 3905 universos
1927 3864 2127 3920 oppor-

536 3938 668 3987 tune
707 3932 1019 3989 defendant.

609 4022 741 4090 Qute
782 4035 1057 4097 postquam
1099 4039 1244 4098 gesta
1281 4039 1423 4097 sunt,
1476 4031 1615 4086 misit
1645 4032 1997 4088 Sennacherib
2035 4051 2130 4090 rex

538 4115 878 4186 Assyriorum
903 4133 1078 4172 servos
1105 4136 1228 4174 suos
1265 4122 1318 4174 in
1340 4120 1659 4187 Jerusalem,
1694 4123 1802 4193 ipse
1832 4125 1969 4177 enim
2010 4141 2130 4179 cum

536 4209 778 4264 universo
822 4213 1052 4266 exercitu
1088 4213 1354 4269 obsidebat
1385 4215 1593 4282 Lachis,
1630 4217 1698 4270 ad
1719 4216 2004 4274 Ezechiam
2050 4237 2130 4276 re-

534 4315 652 4370 gem
691 4299 839 4356 Juda
877 4313 926 4358 et
968 4305 1038 4358 ad
1077 4322 1281 4361 omnem
1318 4308 1569 4379 populum
1615 4311 1706 4380 qui
1751 4321 1862 4365 erat
1901 4313 1958 4366 in
2004 4312 2132 4367 urbe

536 4390 752 4446 dicens:
779 4391 910 4449 Hcce
965 4395 1091 4449 dicit
1131 4396 1486 4453 Sennacherib
1535 4417 1627 4455 rea:
1657 4401 2031 4472 Assyriorum:
2062 4402 2131 4458 In

535 4498 640 4553 quo
679 4483 921 4540 habentes
953 4487 1207 4555 fiduciam
1250 4491 1438 4545 sedetis
1483 4491 1677 4547 obsessi
1710 4493 1765 4546 in
1787 4493 2083 4548 Jerusalem
2106 4494 2133 4547 7

539 4572 701 4627 Nunc
722 4573 980 4632 Ezechias
1017 4579 1205 4650 decipit
1244 4597 1357 4648 vos,
1402 4592 1459 4636 ut
1497 4584 1676 4638 tradat
1713 4585 1868 4638 morti
1903 4585 1956 4640 in
1985 4585 2128 4655 fame

536 4673 585 4716 et
611 4663 722 4728 siti,
747 4665 1009 4734 aﬂirmans
1036 4671 1286 4739 quoniam
1308 4670 1566 4728 Dominus
1588 4672 1730 4728 Deus
1758 4685 1920 4729 vester
1947 4675 2128 4732 liberet

538 4770 626 4808 vos
647 4753 712 4809 de
735 4772 896 4811 manu
921 4761 1055 4830 regis
1076 4761 1431 4832 Assyriorum.
1460 4763 1715 4837 Nunquid
1742 4783 1846 4821 non
1871 4767 1969 4822 iste
1990 4767 2128 4823 Eze-

537 4845 684 4900 chias
711 4847 801 4918 qui
821 4847 1077 4904 destruxit
1101 4853 1304 4907 excelsa
1332 4854 1476 4909 illius
1500 4869 1548 4910 et
1575 4857 1787 4923 altaria,
1811 4867 1859 4912 et
1882 4861 2127 4930 prwcepit

538 4934 698 4990 Iuda:
727 4945 776 4990 et
793 4935 1090 4994 Jerusalem
1123 4942 1301 4998 dicens
1323 4959 1343 4998 :
1367 4944 1559 5000 Coram
1600 4947 1760 5001 altari
1802 4966 1906 5003 uno
1932 4951 2127 5005 adora-

539 5023 680 5090 bitis,
726 5035 773 5079 et
821 5026 874 5080 in
913 5028 1024 5098 ipso
1068 5030 1380 5086 comburetis
1430 5034 1738 5090 incensum?
1766 5036 1848 5090 An
1872 5038 2126 5108 ignoratis

537 5136 656 5191 qua:
692 5137 785 5193 ego
820 5123 1031 5193 fecerim
1067 5136 1116 5181 et
1148 5138 1323 5198 patres
1364 5129 1466 5184 mei
1497 5133 1697 5186 cunctis
1739 5142 2001 5188 terrarum
2033 5150 2127 5204 po-

539 5212 715 5280 pulis?
760 5213 1016 5286 Nunquid
1038 5219 1422 5288 prwvaluerunt
1450 5223 1525 5276 dii
1543 5225 1774 5293 gentium
1797 5228 2128 5298 omniumque

542 5311 804 5357 terrarum
828 5305 1048 5362 liberare
1075 5313 1335 5382 regionem
1365 5331 1516 5368 suam
1538 5315 1602 5368 de
1630 5333 1788 5370 manu
1812 5319 1968 5372 mea?
1995 5319 2125 5384 Quis

543 5401 617 5445 est
644 5389 706 5446 de
737 5395 989 5452 universis
1018 5399 1118 5455 diis
1147 5405 1376 5473 gentium
1412 5423 1540 5477 quos
1588 5416 1914 5462 vastaverunt
1950 5420 2124 5479 patres

542 5482 676 5547 mei,
732 5486 821 5554 qui
866 5492 1091 5556 potuerit
1156 5511 1335 5550 eruere
1379 5497 1628 5567 populum
1672 5516 1826 5554 suum
1859 5501 1923 5554 de
1965 5519 2125 5557 manu

545 5591 684 5640 mea,
727 5587 785 5630 ut
817 5582 976 5649 possit
1007 5585 1163 5640 etiam
1196 5588 1338 5643 Deus
1378 5601 1542 5645 vester
1581 5608 1762 5646 eruere
1803 5609 1889 5646 vos
1931 5595 1993 5648 de
2027 5596 2125 5649 hac

545 5685 706 5722 manu
724 5673 746 5724 ἒ)
795 5672 915 5728 Non
958 5694 1043 5732 vos
1087 5698 1208 5752 ergo
1248 5685 1470 5755 decipiat
1517 5687 1773 5742 Ezechias
1798 5730 1812 5754 ,
1861 5707 1953 5744 nec
1995 5709 2128 5746 vana

546 5767 879 5824 vcrsuasione
903 5769 1139 5839 deludat,
1170 5792 1329 5844 atquc
1361 5777 1582 5834 credatis
1611 5780 1676 5836 ci.
1707 5779 1764 5839 Si
1791 5784 1923 5838 enim
1951 5782 2128 5840 nullus

2153 4555 2208 4616 D

2222 3301 2486 3371 syriorum
2527 3305 2658 3375 cepit
2697 3305 3003 3362 Samariam
3052 3319 3101 3364 et
3145 3311 3323 3366 decem
3363 3312 3546 3368 tribus
3584 3331 3707 3384 qua-
3739 3331 3810 3380 cp-

2223 3391 2488 3462 pellantur
2512 3393 2704 3463 Israel,
2739 3407 2787 3453 et
2814 3399 3084 3455 transtulit
3117 3418 3203 3456 eos
3233 3402 3288 3455 in
3316 3403 3582 3474 Assyrios
3610 3405 3806 3458 colla:-

2225 3485 2396 3555 vitque
2427 3503 2515 3540 eos
2561 3489 2618 3542 in
2640 3488 2819 3544 Hanla
2849 3500 2897 3546 et
2942 3493 3000 3546 in
3041 3491 3246 3559 Habor,
3287 3494 3469 3563 ﬂuviis
3499 3493 3694 3550 Com
3715 3538 3728 3561 ,
3767 3497 3810 3548 is

2226 3577 2524 3635 civitatibus
2547 3581 2843 3640 Medorum.
2887 3584 3018 3641 Post
3063 3602 3227 3642 annos
3273 3597 3457 3643 autem
3506 3600 3730 3660 septeni,
3770 3592 3810 3642 is

2226 3679 2325 3734 est,
2375 3669 2576 3724 decimo
2618 3683 2806 3743 quarto
2862 3692 3001 3730 anno
3043 3677 3308 3743 Ezechiw,
3351 3695 3448 3732 rex
3481 3681 3810 3750 Assyrian:

2227 3760 2586 3819 Sennacherib
2607 3765 2870 3837 ingressus
2893 3778 2968 3824 est
2987 3769 3258 3838 Judwam,
3280 3781 3328 3826 et
3359 3771 3571 3826 obsedit
3598 3776 3811 3827 civitates

2227 3855 2341 3926 ejus
2385 3858 2614 3913 munitas
2659 3859 2833 3916 volens
2871 3878 2961 3916 eas
3006 3880 3211 3933 capere.
3276 3863 3520 3935 Cumque
3570 3866 3811 3920 obsideret

2229 3945 2442 4015 Lachis,
2476 3950 2616 4005 misit
2651 3951 2721 4005 ad
2745 3969 2866 4007 eum
2886 3952 3144 4009 Ezechias
3183 3957 3393 4010 nuntios
3421 3958 3621 4012 dicens
3642 3975 3663 4012 :
3703 3957 3813 4012 Pes-

2229 4041 2364 4107 cavi,
2404 4044 2582 4098 recede
2616 4063 2649 4100 a
2675 4061 2779 4112 me,
2805 4056 2855 4102 et
2891 4063 3041 4103 omne
3062 4049 3202 4118 quod
3232 4049 3556 4120 imposueris
3595 4054 3728 4106 mihi
3755 4053 3813 4121 fe-

2229 4152 2365 4190 ram.
2415 4135 2647 4210 Cumque
2701 4141 2900 4196 talenta
2960 4153 3190 4199 trecenta
3251 4148 3458 4215 argenti
3521 4157 3572 4201 et
3617 4150 3811 4220 trigim

2229 4228 2350 4280 auri
2404 4229 2473 4282 ad
2523 4231 2657 4301 regis
2716 4233 2992 4303 imperium
3034 4236 3386 4304 persolvisset,
3414 4237 3616 4306 fractis
3651 4240 3811 4309 jansis

2230 4321 2406 4390 templi
2420 4319 2636 4376 Domini
2661 4332 2710 4378 et
2741 4323 2951 4380 laminis
2980 4326 3093 4395 ejus
3119 4327 3392 4395 detractis,
3418 4345 3562 4398 quas
3587 4331 3702 4400 ipse
3725 4332 3809 4400 αβ-

2229 4423 2402 4479 xerat,
2456 4415 2594 4468 misit
2643 4431 2736 4470 res:
2781 4418 3117 4488 Assyriorum
3149 4417 3421 4473 Tharthan
3460 4431 3515 4474 et
3557 4420 3810 4491 Καμερία

2233 4504 2298 4558 de
2323 4504 2512 4560 Lachis
2549 4508 2618 4561 ad
2655 4524 2825 4579 regem
2850 4508 3134 4565 Ezechiam
3167 4529 3287 4566 cum
3319 4529 3486 4566 manu
3520 4517 3705 4569 valida
3733 4515 3807 4568 Je-

2233 4595 2484 4652 rusalem.
2525 4599 2629 4666 Qui
2658 4617 2776 4654 cum
2819 4603 3195 4670 ascendissent,
3223 4614 3478 4660 venerunt
3522 4607 3580 4660 in
3608 4607 3809 4662 Jerus-

2231 4684 2333 4740 lem
2359 4697 2406 4741 et
2445 4698 2694 4744 steterunt
2723 4703 2908 4747 contra
2934 4695 3302 4764 aquaeductum
3331 4697 3560 4767 piscina
3597 4701 3806 4768 superi»

2231 4775 2324 4840 ris,
2347 4793 2465 4848 qua:
2486 4788 2562 4832 est
2595 4780 2649 4834 in
2675 4782 2758 4836 via
2782 4784 2899 4853 agri
2924 4783 3190 4857 Fulfonis,
3220 4801 3645 4861 vocaveruntque
3681 4793 3744 4846 ad
3765 4808 3804 4844 se

2230 4883 2422 4936 regem.
2446 4867 2700 4940 Egressus
2735 4882 2811 4926 est
2841 4884 3016 4929 autem
3044 4876 3113 4929 ad
3141 4893 3227 4930 eos
3249 4875 3503 4945 Eliacim,
3529 4881 3679 4949 ﬁlius
3701 4881 3806 4935 Hel-

2233 4957 2354 5024 ciw,
2378 4961 2686 5030 prwpositus
2709 4962 2919 5030 domus,
2970 4975 3018 5020 et
3049 4964 3230 5022 Sobna
3271 4968 3468 5036 scriba,
3511 4982 3564 5026 et
3592 4971 3754 5027 Joahe
3779 4990 3804 5026 s

2230 5055 2644 5109 commentariis.
2681 5055 2929 5128 Dixitque
2969 5059 3038 5112 ad
3070 5076 3156 5114 eos
3179 5059 3444 5132 Rapsaces
3476 5079 3497 5118 :

2232 5138 2523 5199 Ezechite:
2558 5143 2690 5200 Haec
2716 5147 2844 5200 dicit
2881 5165 2973 5203 rex
3003 5166 3223 5221 magnus
3256 5167 3348 5207 rea:
3371 5155 3737 5226 Assyriorum,
3759 5167 3803 5211 et

2232 5243 2449 5301 cratera,
2479 5251 2599 5306 quae
2628 5237 2695 5292 ad
2723 5238 2940 5310 longum
2979 5241 3035 5295 in
3059 5242 3246 5298 eadem
3276 5243 3503 5300 historia
3535 5248 3800 5304 continen-

2231 5334 2320 5378 tur
2375 5324 2482 5396 (IV
2512 5326 2641 5398 Reg.
2686 5330 2863 5401 xvm).
2934 5331 3127 5388 Postea
3182 5342 3363 5391 autem
3434 5337 3556 5407 ipse
3604 5356 3798 5410 quoque

2235 5415 2604 5474 Sennacherib
2657 5421 2880 5477 audiens
2930 5423 3228 5480 Tharaeam
3281 5442 3464 5498 regem
3494 5427 3798 5502 Ethiopian:

2231 5507 2432 5566 inferre
2465 5510 2569 5566 sibi
2599 5512 2817 5577 bellum,
2844 5518 3052 5570 occurit
3077 5518 3334 5584 venienti,
3365 5529 3421 5573 et
3461 5521 3797 5576 nihilominus

2231 5600 2398 5654 mittit
2443 5603 2661 5658 nuntios
2707 5605 2774 5658 ad
2803 5605 3088 5660 Ezechiam
3135 5616 3191 5662 et
3238 5609 3515 5678 epistolas,
3569 5621 3626 5666 ut
3673 5624 3797 5679 quos

2233 5694 2464 5748 necdum
2499 5696 2704 5750 viribus
2743 5707 2981 5767 ceperat,
3011 5714 3258 5756 sermone
3301 5710 3549 5766 terreret,
3583 5714 3639 5758 et
3670 5717 3794 5772 quo-

2233 5783 2391 5843 modo
2415 5785 2612 5856 populo
2642 5786 2850 5868 (ﬁxerat
2875 5806 2886 5844 :
2915 5788 3032 5847 Non
3065 5799 3115 5847 te
3144 5791 3376 5863 decipiat
3402 5793 3682 5858 Ezechias,
3715 5810 3795 5848 ca-
