3920 6500
132 483 227 544 521

1063 469 1417 547 comm.
1455 469 1525 526 IN
1561 466 2116 528 PARALIPOMENA.
2157 498 2229 508 —
2264 468 2392 525 LIB.
2428 469 2471 525 ι.

134 601 248 656 dem
272 587 601 661 blasphemia
628 585 870 657 loquitur
894 587 962 642 ad
986 600 1171 658 regem
1197 603 1210 637 :
1236 584 1356 642 Non
1383 592 1440 640 te
1464 584 1700 656 decipiat
1723 588 1776 650 Α
1801 583 2038 647 cederet,
2078 587 2417 651 contemptor
2437 578 2553 635 veri
2590 577 2689 634 Dei
2726 578 2782 633 in
2822 555 2960 634 fauo.
2986 577 3111 635 falsi
3151 579 3397 636 numinis

134 685 265 739 Deus
299 690 445 738 tuus.
489 679 755 751 Ponitque
798 678 1042 749 exempla
1087 676 1351 747 majorum
1396 676 1702 746 quod‘quo-
1803 674 2132 739 trucidatur,
2162 686 2265 727 nec
2304 670 2479 742 angeli
2517 671 2659 741 perit
2683 671 2882 742 gladio,
2909 672 3055 742 quod
3086 681 3205 727 erat
3244 688 3395 729 com-

134 772 532 832 modocteteras
550 781 727 830 terras
757 788 865 828 non
889 778 1140 844 poterant
1156 770 1392 827 liberare
1418 769 1492 824 dii
1529 769 1612 825 sui
1636 768 1704 824 de

133 866 373 924 manibus
419 879 628 933 eorum,
679 866 759 922 sic
804 879 905 921 nec
948 862 1249 921 Jerusalem
1275 861 1553 916 liberetur.
1592 858 1703 914 Pu-

131 974 315 1035 gnasse
339 968 523 1015 autem
545 957 914 1015 Sennacherib
939 972 1121 1030 regem
1140 955 1490 1027 Assyriorum
1513 960 1706 1009 contra

78 1098 110 1127 ,
131 1052 423 1126 Egyptios,
453 1060 510 1108 et
529 1051 807 1110 obsedisse
830 1050 1122 1118 Pelusium,
1146 1050 1368 1122 jamque
1414 1047 1706 1105 exstructis

130 1149 404 1220 aggeribus
441 1147 577 1204 urbe
618 1148 899 1219 capienda,
937 1146 1153 1221 venisse
1175 1145 1481 1201 Tharacam
1523 1155 1707 1213 regem

128 1240 478 1310 Ethiophum
518 1239 576 1294 in
607 1238 886 1302 auxilium,
918 1253 987 1294 ex
1024 1251 1132 1293 una
1165 1245 1328 1293 nocte
1357 1236 1513 1309 juxta
1546 1231 1707 1288 Jeru-

129 1336 286 1393 salem
309 1331 542 1398 185,000
563 1332 835 1388 exercitus
861 1331 1066 1402 Assyrii
1098 1330 1407 1402 pestilentia
1437 1327 1710 1384 corruisse

126 1433 303 1483 narrat
334 1412 744 1492 Herodotus,'et
772 1423 1084 1495 plenissime
1124 1423 1358 1479 Berosus
1408 1418 1710 1476 Chaldaica:

128 1519 354 1588 scriptor
406 1516 668 1582 historiae,
720 1529 953 1585 quorum
999 1513 1135 1571 ﬁdes
1167 1513 1235 1569 de
1277 1511 1514 1584 propriis
1555 1509 1710 1564 libris

124 1607 347 1681 petenda
372 1614 472 1663 est.
515 1606 584 1662 Et
608 1605 725 1661 tulit
746 1605 1004 1660 Ezechias
1038 1604 1198 1660 libros
1220 1605 1286 1659 de
1312 1619 1472 1659 manu
1501 1599 1712 1655 nuntio-

126 1720 235 1757 rum
265 1710 315 1756 et
347 1700 469 1773 legit
497 1716 606 1766 eos,
636 1708 684 1754 et
713 1697 946 1754 ascendit
979 1698 1035 1752 in
1064 1697 1277 1752 domum
1305 1694 1519 1749 Domini
1549 1700 1597 1747 et
1622 1706 1714 1745 ea:-

123 1794 300 1865 pandit
326 1809 416 1848 eos
437 1808 616 1846 coram
638 1790 883 1856 Domino,
914 1798 963 1844 et
994 1790 1161 1844 oravit
1180 1787 1468 1843 Dominum
1499 1785 1710 1839 dicens:

125 1886 344 1940 Domine
375 1884 699 1939 exercituum
718 1881 863 1936 Deus
888 1879 1083 1946 Israel,
1114 1879 1204 1951 qui
1232 1878 1379 1933 sedes
1407 1893 1565 1949 super
1590 1876 1715 1931 che-

1806 779 1970 821 mune
2013 765 2261 836 pluribus
2280 805 2295 831 ,
2343 764 2439 820 sed
2482 764 2774 835 parricidio
2824 763 3081 821 ﬁliorum.
3126 764 3231 833 Qui
3265 781 3391 822 cum

1805 855 2071 928 fugissent
2096 855 2153 911 in
2177 863 2379 911 terram
2405 854 2662 922 Ararath,
2692 855 2837 926 quod
2862 856 3183 928 intelligitur
3204 857 3397 913 Arme-

1806 948 1938 1012 nias,
1986 949 2250 1004 successit
2294 948 2348 1003 in
2390 949 2563 1019 patris
2616 948 2795 1005 locum
2824 949 3199 1018 Asarhaddon,
3233 967 3398 1022 quem

1809 1039 2090 1110 Scriptura
2159 1048 2391 1096 testatur
2456 1041 2671 1097 misisse
2731 1041 3066 1098 habitatores
3114 1042 3398 1101 Samariaa.
3496 1078 3509 1085 ς

1810 1130 2098 1197 Successit,
2130 1147 2199 1187 ne
2225 1140 2373 1187 terra
2394 1143 2642 1189 maneret
2671 1134 2894 1189 inculta.
2932 1134 3167 1190 Ararath
3217 1145 3400 1194 autem

1808 1221 1960 1292 regio
1993 1222 2049 1276 in
2073 1222 2333 1278 Armenia
2376 1223 2703 1295 campestris
2731 1231 2834 1290 est,
2875 1239 2975 1294 per
3012 1240 3173 1295 quam
3192 1226 3403 1283 Araxes

1808 1310 1927 1367 ﬂuit
1961 1313 2293 1369 incredibilis
2330 1315 2594 1371 ubertatis
2637 1315 2706 1371 ad
2746 1316 2957 1373 radices
2987 1317 3151 1373 Tauri
3179 1320 3401 1387 montis,

1811 1405 1903 1477 qui
1931 1420 2103 1476 usque
2128 1406 2258 1463 illuc
2284 1407 2614 1463 extenditur.
2643 1408 2785 1479 Ergo
2814 1417 2869 1464 et
2894 1425 3020 1466 arca
3047 1410 3102 1465 in
3132 1426 3239 1481 qua
3265 1411 3405 1466 libe-

1812 1505 1965 1554 ratus
1997 1506 2081 1553 est
2111 1497 2225 1555 Noe
2254 1514 2379 1555 cum
2403 1499 2590 1556 liberis
2618 1501 2733 1557 suis
2762 1511 3010 1558 cessante
3046 1502 3271 1570 diluvio,
3298 1519 3407 1560 non

1813 1590 1883 1646 ad
1908 1598 2124 1646 montes
2154 1591 2479 1663 generaliter
2498 1592 2769 1649 Armeniae
2794 1594 2974 1650 delata
3013 1604 3116 1661 est,
3148 1612 3269 1667 qua:
3313 1612 3410 1667 ap-

1811 1683 2084 1754 pellantur
2106 1684 2361 1741 Ararath.
2411 1684 2518 1743 Sed
2552 1687 2621 1743 ad
2650 1694 2864 1743 montes
2886 1688 3052 1744 Tauri
3088 1688 3407 1758 altissimos,

1818 1778 1912 1847 qui
1937 1777 2179 1834 Ararath
2205 1779 2491 1835 imminent
2515 1781 2741 1850 campis.

1887 1870 1957 1927 In
1978 1872 2161 1928 diebus
2180 1872 2289 1928 illis
2309 1875 2581 1945 aegrotavit
2604 1873 2862 1930 Ezechias
2884 1891 3049 1944 usque
3072 1876 3142 1930 ad
3165 1885 3406 1944 mortem,

124 1977 313 2043 rubim,
352 1985 409 2029 tu
443 1991 497 2029 es
515 1972 658 2028 Deus
693 1971 836 2027 solus
872 1971 1105 2026 omnium
1143 1985 1422 2041 regnorum
1457 1975 1631 2033 teme,
1658 1977 1715 2020 tu
1741 1957 1792 2019 Β
1817 1974 1866 2020 ει
1893 1966 2058 2039 oravit
2084 1964 2395 2035 Dominum,
2432 1967 2799 2039 exaudivitgue
2842 1950 3230 2036 eumvetdedit
3261 1972 3413 2026 εἰ.δί-

123 2068 286 2137 fecisti
322 2065 510 2121 caelum
539 2074 586 2119 et
618 2074 833 2130 terram,
869 2061 1068 2117 inclina
1089 2076 1274 2115 aurem
1308 2068 1455 2113 tuam
1486 2066 1536 2113 et
1560 2056 1708 2119 audi,

123 2160 294 2229 aperi,
329 2156 580 2222 Domine,
624 2152 801 2210 oculos
844 2163 961 2207 tuos
1001 2161 1051 2207 et
1091 2151 1240 2217 vide,
1287 2159 1337 2206 et
1376 2149 1505 2204 audi
1535 2149 1713 2203 omnia

122 2248 270 2303 verba
298 2244 659 2303 Sennacherib
686 2261 804 2316 qua:
844 2243 988 2298 misit
1024 2241 1094 2296 ad
1118 2239 1585 2313 blasphemandum
1606 2237 1717 2293 Do-

122 2341 321 2395 minum
358 2339 629 2393 viventem.
672 2333 799 2391 Vere
840 2334 1001 2400 enim,
1029 2333 1274 2400 Domine,
1309 2332 1540 2386 desertas
1580 2330 1719 2401 fece-

123 2440 434 2503 runt‘regcs
454 2428 796 2501 Assyriorum
837 2437 1007 2483 terras
1052 2437 1099 2481 et
1142 2426 1382 2497 regiones
1422 2439 1624 2489 earum,
1666 2428 1719 2476 et

123 2524 384 2579 dederunt
421 2521 545 2576 deos
579 2536 762 2576 earum
802 2518 953 2590 igni:
979 2515 1104 2572 Non
1132 2515 1272 2570 enim
1305 2522 1454 2569 erant
1485 2512 1579 2567 dii.
1611 2509 1717 2566 Sed

122 2628 275 2683 opera
299 2626 561 2665 manuum
587 2607 857 2663 hominum
881 2622 946 2662 ea:
970 2605 1110 2676 ligno
1131 2613 1179 2659 et
1205 2602 1401 2673 lapide,
1426 2610 1473 2656 et
1503 2599 1717 2655 commi-

125 2712 354 2758 nuerunt
387 2719 492 2757 eos.
526 2699 597 2755 Et
621 2715 782 2765 nunc,
807 2697 1030 2760 Domine
1050 2697 1194 2752 Deus
1223 2704 1418 2762 noster,
1452 2691 1597 2748 salva
1622 2708 1716 2746 nos

123 2794 184 2848 de
204 2809 373 2848 manu
406 2793 545 2862 ejus,
570 2799 628 2844 ut
658 2798 972 2861 cognoscant
1008 2788 1187 2842 omnia
1220 2803 1382 2857 regna
1414 2793 1568 2839 teme
1591 2783 1719 2854 quia

124 2896 180 2940 tu
200 2903 253 2940 es
274 2885 538 2941 Dominus
562 2884 703 2961 Deus
731 2891 907 2937 noster
929 2880 1092 2936 solus.
1123 2879 1326 2936 Contra
1347 2876 1719 2933 Sennacherib

126 2978 272 3048 regis
310 2974 677 3046 blasphemias
712 2971 1021 3043 hujusmodi
1058 2970 1323 3027 Ezechias
1352 2982 1505 3022 arma
1542 2965 1719 3023 corri-

125 3071 261 3141 puit.
300 3070 493 3126 Oravit
527 3077 583 3124 et
601 3068 769 3125 Isaias
795 3066 1087 3137 propheta,
1115 3064 1256 3121 sicut
1279 3061 1566 3133 praesentis
1596 3057 1723 3114 libri

122 3162 360 3220 historia
385 3162 624 3218 ostendit
643 3162 858 3218 dicens:

196 3255 499 3311 Oraverunt
539 3270 661 3326 ergo
684 3253 944 3309 Ezechias
986 3270 1079 3309 rea:
1117 3263 1163 3307 et
1192 3250 1367 3305 Isaias
1398 3249 1542 3318 ﬁlius
1565 3252 1721 3303 Amos

1817 2075 1998 2129 gnum.
2043 2058 2148 2114 Sed
2193 2076 2298 2115 non
2326 2060 2491 2131 juxta
2524 2060 2776 2131 beneﬁcia
2804 2078 2923 2132 qua:
2956 2072 3227 2134 acceperat
3262 2064 3416 2118 retri-

1819 2150 1950 2217 buit,
1983 2154 2110 2223 quia
2141 2152 2396 2207 eleuatum
2431 2161 2511 2207 est
2548 2168 2640 2207 cor
2677 2153 2812 2224 ejus,
2847 2162 2898 2209 et
2937 2153 3081 2224 facta
3108 2162 3185 2209 est
3225 2162 3412 2210 contra

1815 2258 1937 2298 eum
1967 2242 2051 2296 ira
2088 2250 2141 2296 et
2179 2250 2362 2297 contra
2395 2241 2599 2297 ludam
2639 2259 2702 2297 ac
2736 2242 3069 2311 Jerusalem,
3113 2252 3219 2301 etc.
3286 2244 3417 2302 Haec

1817 2333 2003 2390 omnia
2039 2332 2251 2403 plenius
2288 2333 2345 2388 in
2386 2332 2527 2388 libro
2550 2333 2758 2405 Regum
2800 2335 3006 2405 scripta
3036 2334 3412 2401 inveniuntur,

1817 2428 1910 2485 ubi
1960 2428 2159 2499 legitur
2206 2428 2353 2497 quod
2396 2427 2665 2484 Ezechias
2715 2428 3062 2500 aegrotaverit
3115 2443 3288 2498 usque
3351 2427 3422 2482 ad

1818 2528 2074 2587 mortem,
2121 2528 2179 2577 et
2220 2520 2493 2577 introierit
2536 2522 2606 2576 ad
2654 2535 2779 2576 eum
2838 2521 3008 2578 Isaias
3067 2521 3208 2576 ﬁlius
3249 2520 3421 2576 Amos

1815 2616 2081 2686 propheta
2102 2613 2288 2670 dicens
2305 2612 2354 2667 ei
2372 2627 2388 2667 :
2411 2612 2541 2667 Haac
2566 2613 2695 2667 dicit
2709 2612 2965 2668 Dominus
2984 2612 3147 2668 Deus.
3174 2608 3416 2682 Prwcipe

1820 2709 2003 2764 domui
2040 2716 2168 2774 tum,
2194 2706 2439 2762 morieris
2463 2707 2603 2761 enim
2630 2718 2679 2761 et
2712 2722 2818 2761 non
2845 2707 3000 2761 vives.
3036 2704 3140 2771 Qui
3165 2704 3419 2758 convertit

1823 2802 2015 2872 faciem
2034 2817 2191 2857 suam
2221 2800 2291 2854 ad
2316 2799 2586 2869 parietem,
2620 2807 2669 2853 et
2705 2797 2869 2852 oravit
2892 2797 3178 2851 Dominum
3207 2794 3420 2849 dicens:

1831 2893 2091 2960 Obsecro,
2122 2894 2381 2960 Domine,
2438 2902 2696 2948 memento
2738 2890 3000 2963 quomodo
3046 2888 3424 2943 ambulaverim

1824 3002 2004 3040 coram
2056 2994 2106 3039 te
2144 2986 2202 3039 in
2252 2983 2471 3039 veritate
2519 2990 2568 3036 et
2606 2982 2666 3036 in
2707 2980 2864 3035 corde
2910 2978 3159 3050 perfecto,
3199 2987 3247 3031 et
3282 2975 3423 3048 quod

1822 3074 2073 3146 placitum
2103 3082 2179 3130 est
2205 3090 2385 3130 coram
2412 3083 2461 3128 te
2490 3071 2721 3143 fecerim.
2760 3068 2931 3125 Flevit
2958 3072 3136 3140 itaque
3160 3067 3419 3123 Ezechias

1826 3166 1953 3235 ﬂetu
1976 3181 2166 3236 magno
2194 3162 2302 3236 (IV
2324 3162 2451 3234 Reg.
2478 3162 2592 3233 xx).
2646 3160 2820 3229 Quem
2850 3160 2997 3215 enim
3028 3158 3201 3230 diligit
3230 3158 3415 3213 Domi—

1825 3272 1930 3311 nus
1958 3256 2204 3327 corripit,
2235 3263 2289 3311 et
2317 3255 2548 3326 castigat
2574 3267 2794 3308 omnem
2818 3250 2988 3306 ﬁlium
3011 3265 3171 3320 quem
3200 3248 3412 3319 recipit.

118 3348 406 3418 prophetes
442 3345 721 3401 adversum
752 3346 887 3400 hanc
923 3342 1331 3414 blasphemiam,
1369 3347 1421 3394 et
1457 3335 1725 3407 vociferati

1829 3347 1909 3404 Ne
1934 3348 2176 3404 elevetur
2197 3362 2294 3403 cor
2320 3346 2569 3402 Ezechiae
2597 3352 2723 3416 post
2749 3342 3096 3399 incredibiles
3120 3340 3424 3412 triumphos

118 3446 248 3490 sunt
286 3451 456 3506 usque
485 3435 543 3489 in
575 3433 781 3490 caelum.
817 3433 886 3488 Et
916 3433 1059 3488 misit
1083 3430 1343 3486 Dominus
1369 3427 1617 3499 angelum
1640 3426 1729 3498 qui

116 3528 392 3602 percussit
433 3544 638 3583 omnem
691 3529 862 3582 virum
913 3526 1186 3582 robustum
1245 3532 1293 3578 et
1338 3522 1638 3578 bellatorem
1681 3530 1730 3576 et

118 3619 423 3690 principem
446 3620 702 3673 exercitus
732 3619 866 3690 regis
888 3618 1258 3688 Assyriorum;
1296 3631 1633 3685 reversusque
1656 3621 1730 3668 est

121 3724 245 3762 cum
299 3707 594 3778 ignominia
633 3708 689 3761 in
734 3716 931 3777 terrqm
968 3723 1143 3762 suam.
1193 3706 1429 3777 Cumque
1464 3706 1729 3775 ingressus

124 3803 258 3851 esset
286 3795 506 3851 domum
534 3796 619 3851 dei
646 3796 752 3863 sui,
774 3796 894 3866 ﬁlii,
917 3798 1007 3868 qui
1028 3797 1223 3868 egressi
1246 3796 1457 3867 fuerant
1487 3793 1551 3848 de
1585 3803 1731 3847 utero

127 3888 267 3958 ejus,
294 3886 671 3956 interfecerunt
691 3903 809 3942 eum
830 3887 1031 3959 gladio,
1051 3896 1157 3944 etc.
1185 3887 1441 3959 Egressus
1461 3893 1538 3941 est
1558 3893 1732 3939 autem

128 3978 355 4049 angelus
392 3977 609 4032 Domini
666 3993 715 4033 et
753 3980 1009 4050 percussit
1066 3980 1123 4033 in
1165 3980 1353 4034 castris
1396 3977 1735 4049 Assyriorum

129 4078 342 4123 centum
392 4077 444 4123 et
484 4070 749 4141 octoginta
785 4071 1011 4141 quinque
1060 4068 1263 4136 millia,
1306 4079 1355 4124 et
1396 4075 1735 4123 surrexerunt

129 4178 306 4229 mane,
352 4170 405 4217 et
436 4178 552 4217 ecce
579 4162 756 4217 omnia
788 4163 1049 4217 cadavera
1088 4173 1436 4217 mortuorum.
1466 4161 1535 4215 Et
1570 4178 1735 4232 egres-

130 4272 219 4310 sus
250 4263 332 4310 est
362 4267 413 4310 et
441 4255 589 4322 abiit,
615 4265 663 4310 et
695 4271 931 4311 reversus
969 4266 1044 4311 est
1067 4236 1421 4312 Sennacherib
1462 4272 1555 4310 rex
1578 4255 1739 4325 Assy-

132 4346 363 4413 riorum,
388 4354 439 4399 et
456 4345 793 4423 habitavitin
835 4345 1045 4400 Ninive.
1075 4345 1143 4399 Et
1167 4346 1366 4415 factum
1397 4353 1472 4399 est
1496 4362 1615 4399 cum
1638 4343 1737 4400 ad-

131 4449 309 4494 oraret
334 4440 394 4493 in
424 4437 615 4508 templo
639 4437 878 4493 Nesroch
911 4439 1183 4493 dominum
1197 4455 1373 4504 suum,
1396 4437 1741 4492 Adramelech

131 4539 178 4584 et
214 4528 463 4586 Sarasar
501 4526 603 4597 ﬁlii
640 4527 756 4597 ejus
804 4536 1175 4599 percusserunt
1202 4544 1322 4583 eum
1354 4526 1553 4599 gladio,
1589 4527 1741 4598 fuge-

132 4632 362 4693 runtque
414 4621 473 4674 in
521 4629 715 4675 terram
758 4620 1146 4674 Armeniorum.
1192 4619 1263 4673 Et
1300 4620 1530 4691 regnavit
1574 4624 1740 4675 Λεαν-

133 4713 355 4767 haddon
388 4710 539 4780 ﬁlius
574 4712 689 4781 ejus
732 4728 824 4782 pro
870 4728 930 4765 eo
970 4709 1021 4784 (Ι
1038 4709 1226 4782 VReg.
1269 4711 1409 4782 xxx).

134 4802 418 4874 octoginta
457 4801 693 4871 quinque
724 4800 889 4856 millia
929 4801 1348 4858 fortissimorum
1386 4801 1631 4857 vivorum
1667 4802 1735 4856 ab

133 4908 242 4948 uno
285 4892 488 4964 angelo
537 4907 646 4947 una
676 4900 834 4948 nocte
863 4894 1157 4959 caeduntur,
1187 4903 1243 4949 et
1272 4893 1476 4963 absque
1503 4894 1738 4950 vulneri-

135 4984 240 5041 bus
269 4984 584 5041 occisorum
616 4999 763 5039 mors
792 4999 934 5039 saeva
968 4984 1247 5050 discurrit,
1283 4984 1584 5041 excludens
1612 5000 1737 5041 cor-

137 5078 370 5149 poribus
408 5078 619 5133 animas
648 5077 860 5134 Domini
897 5078 1202 5145 voluntate,
1248 5078 1505 5148 solusque
1554 5093 1651 5133 rex
1674 5094 1740 5134 eo

141 5178 396 5242 tempore
434 5170 640 5227 idcirco
670 5176 980 5227 reservatus
1012 5180 1118 5237 est,
1147 5179 1207 5226 ut
1244 5171 1407 5226 sciret
1441 5171 1741 5240 potentiam

143 5260 241 5315 Dei
277 5269 336 5316 et
371 5260 810 5332 blasphemantia
842 5277 935 5317 ora
980 5262 1329 5333 opprimeret,
1363 5260 1625 5332 ﬁeretque
1660 5275 1743 5319 ιε-

143 5355 243 5409 stis
265 5354 416 5410 illius
455 5354 753 5425 majestatis
781 5370 941 5425 quam
972 5354 1133 5425 paulo
1158 5365 1285 5410 ante
1320 5364 1742 5427 contempserat.

145 5447 238 5505 Sic
258 5448 485 5504 Pharao
517 5448 574 5504 in
602 5448 787 5505 decem
812 5448 987 5519 plagis
1008 5446 1231 5519 Egypti
1258 5458 1530 5517 servatus,
1561 5458 1621 5505 ut
1645 5466 1743 5506 no-

145 5539 414 5597 vissimus
460 5548 665 5611 pereat.
716 5538 869 5607 Quod
915 5546 970 5594 et
1009 5539 1113 5595 iste
1158 5555 1421 5611 passurus
1466 5550 1569 5598 est.
1604 5541 1741 5598 Cum

1829 3449 1887 3497 ει
1913 3440 1981 3496 de
2018 3440 2196 3497 media
2241 3439 2560 3511 captivitate
2593 3437 2902 3503 victoriam,
2943 3434 3257 3491 inﬁrmitate
3297 3448 3422 3489 cor—

1829 3531 1978 3602 poris
2002 3531 2278 3598 visitatur,
2309 3540 2367 3588 et
2393 3531 2544 3585 audit
2582 3545 2641 3586 se
2676 3544 2797 3586 esse
2824 3528 3170 3593 moriturum,
3203 3533 3263 3580 ut
3293 3540 3426 3580 con-

1830 3636 2021 3677 versus
2063 3621 2133 3676 ad
2160 3621 2450 3677 Dominum
2489 3618 2671 3675 flectat
2714 3618 3041 3673 sententiam
3083 3607 3245 3689 ejusX
3270 3612 3427 3683 Quod

1833 3714 2053 3785 quidem
2087 3720 2144 3769 et
2169 3714 2228 3769 in
2248 3712 2386 3770 Iona
2426 3713 2692 3784 propheta
2727 3711 2957 3784 legimus
2996 3721 3050 3765 et
3088 3710 3144 3764 in
3191 3710 3423 3766 commi-

1831 3803 2141 3860 nationibus
2194 3812 2385 3859 contra
2456 3803 2664 3870 David,
2721 3818 2840 3873 quae
2910 3801 3166 3857 dicuntur
3212 3798 3417 3865 futura,

1833 3910 1937 3952 nec
1976 3894 2121 3951 facta
2156 3903 2299 3960 sunt,
2345 3910 2455 3951 non
2485 3894 2597 3951 Deo
2643 3902 2887 3950 mutante
2930 3893 3282 3956 sententiam,
3328 3891 3425 3946 sed

1834 3994 2160 4057 provocante
2188 3988 2486 4043 humanum
2515 4000 2684 4058 genus
2721 3987 2787 4041 ad
2821 3985 3075 4041 notitiam
3114 3984 3216 4041 sui.
3247 3982 3429 4037 Domi-

1836 4094 1939 4135 nus
1970 4080 2116 4135 enim
2154 4079 2429 4149 paenitens
2468 4085 2553 4134 est
2587 4092 2751 4149 super
2792 4077 3036 4132 malitiis.
3080 4075 3433 4144 Audiensque

1839 4188 1898 4227 se
1938 4187 2059 4228 esse
2100 4173 2427 4228 moriturum
2475 4185 2587 4226 non
2634 4177 2891 4240 precatur
2933 4169 3101 4224 vitam
3155 4177 3211 4224 et
3256 4182 3428 4222 annos

1837 4262 2121 4333 plurimos,
2168 4263 2264 4318 sed
2314 4263 2370 4316 in
2414 4260 2512 4316 Dei
2548 4260 2754 4330 judicio
2800 4260 2944 4330 quod
2986 4260 3117 4315 velit
3171 4268 3434 4330 praestare

1840 4351 2084 4407 dimittit.
2130 4349 2369 4405 Noverat
2410 4350 2557 4405 enim
2599 4349 2803 4405 idcirco
2834 4349 2945 4405 Deo
2976 4350 3247 4419 placuisse
3276 4349 3430 4404 Salo-

1840 4457 2079 4508 monem,
2126 4441 2269 4513 quod
2309 4456 2481 4496 annos
2526 4441 2652 4496 vitae
2700 4454 2809 4495 non
2850 4440 3067 4511 petierit
3119 4439 3432 4511 ampliores,

1842 4534 1937 4589 sed
1966 4547 2261 4588 conversus
2300 4531 2370 4587 ad
2392 4530 2681 4586 Dominum
2720 4540 2909 4585 narrat
2942 4545 3108 4601 opera
3149 4545 3267 4596 sua,
3302 4545 3436 4598 quo-

1841 4626 2003 4681 modo
2040 4623 2402 4680 ambulaverit
2440 4639 2626 4680 coram
2655 4640 2719 4680 eo
2757 4624 2810 4679 in
2841 4623 3070 4679 veritate
3099 4631 3154 4677 et
3189 4623 3243 4677 in
3271 4623 3436 4677 corde

1507 4710 1736 4768 Centum
1762 4695 1819 4759 Ῑ)
1842 4715 2103 4787 perfecto.
2136 4714 2291 4771 Felix
2335 4715 2688 4780 conscientia,
2716 4730 2837 4787 qua:
2862 4713 3164 4770 alllictionis
3193 4722 3436 4785 tempore

1842 4810 2106 4866 bonorum
2162 4814 2388 4878 operam
2442 4807 2779 4863 recordatur.
2852 4806 3005 4861 Beati
3055 4805 3193 4860 enim
3239 4803 3436 4858 mundo

1845 4902 2021 4970 corde,
2061 4903 2311 4974 quoniam
2348 4900 2449 4972 ipsi
2494 4900 2663 4954 Deum
2704 4900 2949 4954 videbunt
2986 4896 3202 4969 (Matth.
3234 4902 3322 4967 v);
3381 4902 3437 4950 et

1846 4994 2117 5065 quomodo
2161 4992 2290 5049 alibi
2333 4992 2589 5049 scribitur
2631 5010 2644 5047 :
2686 4992 2818 5060 Quis
2872 4989 3193 5061 gloriabitur
3237 5001 3435 5058 purum

1847 5088 2054 5143 habere
2084 5101 2144 5142 se
2176 5086 2305 5141 cor?
2334 5085 2487 5154 Quod
2524 5086 2604 5141 sic
2641 5087 2717 5140 ita
2750 5084 2998 5150 solvitur,
3042 5080 3433 5153 perfectionem

1848 5177 2028 5235 cordis
2060 5177 2118 5231 in
2145 5192 2211 5234 eo
2230 5192 2387 5234 .uunc
2411 5177 2537 5242 dici,
2566 5175 2712 5247 quod
2748 5174 2892 5230 idola
2920 5173 3257 5229 destruxerit
3292 5177 3434 5227 tem-

1844 5267 1941 5340 pli,
1968 5268 2152 5323 valvas
2180 5267 2475 5339 aperuerit,
2522 5275 2829 5337 serpentem
2864 5278 3073 5320 aeneum
3101 5261 3441 5319 comminue-

1846 5361 1940 5426 rit,
1972 5368 2027 5415 et
2056 5366 2253 5415 extera
2282 5358 2496 5425 fecerit,
2528 5373 2648 5429 quae
2679 5356 2962 5427 Scriptura
3007 5363 3434 5422 commemorat;

1847 5449 1993 5507 ﬂevit
2032 5459 2215 5507 autem
2244 5449 2375 5507 ﬁetu
2411 5463 2609 5522 magno
2644 5456 2865 5520 propter
2890 5450 3305 5521 promissionem
3334 5447 3441 5503 Do-

1848 5543 1984 5598 mini
2018 5544 2086 5598 ad
2107 5542 2298 5611 David,
2333 5558 2498 5614 quam
2531 5541 2751 5598 videbat
2787 5542 2841 5597 in
2885 5559 2982 5599 sua
3018 5550 3194 5598 morte
3228 5541 3439 5613 peritu-

149 5630 297 5687 enim
345 5643 602 5686 reversus
635 5635 780 5686 esset
823 5627 877 5685 in
914 5628 1144 5687 Niniven
1177 5631 1366 5689 urbem
1395 5633 1628 5703 primam
1660 5648 1747 5690 re-
1850 5650 1988 5690 ram.
2020 5635 2101 5691 Eo
2130 5634 2276 5690 enim
2312 5634 2558 5704 tempore
2582 5632 2845 5690 Ezechias
2870 5632 3011 5690 ﬁlios
3038 5630 3436 5689 non-habebat.

152 5718 244 5796 gni
292 5726 403 5791 sui,
450 5732 505 5779 et
547 5723 799 5781 adoraret
840 5724 897 5778 in
948 5724 1148 5794 templo
1186 5722 1432 5781 Nesroch
1470 5726 1749 5783 dominum
1853 5725 1989 5781 Nam
2034 5734 2159 5795 post
2205 5732 2439 5781 mortem
2481 5725 2597 5796 ejus
2640 5724 2936 5792 Manasses,
2982 5739 3106 5779 cum
3153 5719 3438 5778 duodecim

154 5832 337 5884 suum,
378 5819 539 5889 quasi
579 5817 863 5874 victoriam
912 5817 979 5872 de
1027 5818 1274 5873 hostibus
1323 5827 1646 5888 reportaret,
1694 5826 1750 5875 et
1853 5827 1997 5876 esset
2046 5833 2331 5884 annorum,
2376 5833 2607 5888 regnare
2647 5820 2813 5889 coepit
2860 5818 2917 5873 in
2963 5815 3119 5873 Juda.
3163 5815 3304 5886 Ergo
3339 5812 3444 5867 iste

154 5908 451 5969 delubrum
486 5910 611 5967 idoli
637 5912 721 5966 sui
759 5911 1094 5980 triumphans
1123 5921 1178 5968 et
1202 5910 1627 5982 gratulabundus
1672 5913 1752 5967 in-

529 6004 808 6087 Ps'rnot.
853 6005 997 6069 CIX

1857 5921 1941 5971 est
1967 5911 2125 5971 ﬂetus
2172 5912 2365 5981 omnis,
2399 5912 2545 5984 quod
2573 5913 2898 5987 desperabat
2938 5911 3215 5985 Christum
3260 5910 3317 5966 in
3344 5920 3445 5965 suo

2969 6004 3042 6067 17
