3920 6494
593 492 701 551 533
1250 487 1311 542 B.
1354 482 1609 541 RABANI
1647 482 1867 541 MAURI
1903 472 2225 540 ARCBIEP.

2267 474 2578 539 MOGUNT.
2620 476 2907 540 OPERUM
2942 482 3123 541 PARS
3157 482 3198 539 Ῑ.
3700 490 3773 553 η

589 608 796 666 semine
844 605 1196 663 nasciturum.
1246 596 1353 656 Alii
1389 605 1637 656 asserunt
1680 599 1901 671 quosvis
1950 609 2169 655 sanctos
2195 598 2251 661 Α
2273 602 2383 664 tur,
2408 599 2554 668 quod
2577 600 2630 654 in
2660 600 2891 656 sublime
2910 598 3261 657 aediﬁcaverit
3287 595 3470 667 Mella,
3490 603 3772 666 numen-in

588 701 737 757 viros
761 704 938 756 morte
964 694 1158 753 terreri
1186 700 1409 766 propter
1434 693 1703 750 incertum
1725 692 1918 764 judicii
1941 698 1997 749 et
2025 693 2175 765 igno-

588 795 857 852 rationem
894 790 1176 850 sententiae
1199 788 1314 855 Dei,
1350 800 1515 859 quam
1550 787 1737 845 sedem
1770 787 2007 843 habituri
2044 787 2170 842 sint.

587 886 867 958 Simulque
882 884 1011 943 facti
1027 883 1254 956 quaestio
1268 881 1515 948 solvitur,
1531 892 1595 937 ac
1610 880 1948 937 necessitatis
1962 878 2175 937 vincula

585 986 749 1051 atque
760 990 1073 1043 causarum,
1090 974 1237 1047 quod
1250 988 1593 1046 nequaquam
1611 971 1725 1028 dies
1743 971 1935 1027 mortis
1949 970 2173 1041 singulis

582 1072 887 1145 praestituta
933 1071 1023 1138 sit,
1057 1070 1151 1126 sed
1178 1068 1455 1125 voluntate
1480 1066 1575 1122 Dei
1613 1073 1667 1121 et
1697 1065 1893 1138 ignotis
1931 1063 2174 1121 mortali-

580 1154 683 1219 bus
720 1163 917 1228 causis,
957 1159 1047 1217 vel
1071 1160 1219 1215 vivat
1256 1158 1471 1230 aliquis,
1503 1156 1589 1213 vel
1626 1156 1909 1224 moriatur,
1952 1170 2177 1226 przeser-

581 1253 682 1309 tim
722 1268 847 1309 cum
889 1260 945 1309 et
973 1259 1173 1310 statuta
1212 1264 1360 1306 nunc
1394 1249 1584 1306 mortis
1619 1250 1921 1306 necessitas
1961 1247 2174 1304 differa-

582 1352 693 1413 tur,
714 1350 768 1401 et
789 1352 913 1416 post
934 1351 1163 1400 mortem
1186 1342 1536 1399 resuscitatus
1566 1339 1828 1412 plurimos
1858 1338 2167 1412 legerimus.

582 1436 653 1492 Et
673 1438 981 1509 priusquam
1006 1435 1336 1508 egrederetur
1355 1433 1529 1489 Isaias
1552 1432 1778 1489 mediam
1801 1439 2004 1503 partem
2026 1431 2168 1499 atrii,

582 1528 757 1599 factus
792 1537 868 1584 est
903 1542 1074 1585 sermo
1102 1527 1321 1583 Domini
1351 1527 1423 1582 ad
1464 1542 1583 1581 eum
1621 1525 1841 1580 dicens:
1877 1523 2169 1592 Revertere,

579 1629 631 1675 et
672 1620 758 1675 die
783 1619 1027 1675 Ezechiae
1052 1619 1176 1674 duci
1221 1616 1405 1690 populi
1450 1617 1554 1673 mei
1588 1630 1607 1673 :
1650 1615 1842 1671 Audivi
1883 1615 2170 1670 orationem

578 1722 746 1776 tuam,
773 1709 884 1765 vidi
912 1709 1203 1781 lacrgmam
1234 1717 1403 1763 tuam.
1443 1707 1583 1763 Ecce
1613 1707 1800 1762 sanari
1826 1715 1891 1759 te.
1926 1704 2173 1776 Dixitque

577 1801 835 1858 Ezechias
860 1802 930 1856 ad
955 1801 1191 1858 Isaiam:
1218 1799 1374 1868 Quod
1399 1800 1499 1855 erit
1522 1798 1729 1871 signum
1753 1797 1896 1870 quod
1913 1796 2168 1853 Dominus

578 1908 661 1947 me
688 1892 935 1948 sanavit?
965 1888 1065 1947 Cui
1093 1892 1349 1964 propheta
1373 1889 1680 1961 respondit:
1703 1887 1817 1942 Hoc
1838 1887 1935 1943 erit
1964 1887 2170 1959 signum

575 2000 609 2042 α
648 1986 914 2055 Domino,
970 1984 1111 2059 quod
1159 1985 1400 2056 facturus
1448 1984 1519 2039 sit
1568 1981 1829 2038 Dominus
1875 1994 2162 2036 sermonem
2192 1967 2240 2030 Β

575 2089 730 2150 quem
760 2076 968 2133 locutus
1003 2085 1096 2133 est.
1147 2074 1241 2132 Vis
1279 2084 1337 2131 ut
1373 2072 1625 2131 ascendat
1662 2071 1848 2128 umbra
1885 2081 1958 2127 tot
1997 2071 2165 2140 lineis,

574 2181 669 2227 aut
710 2178 768 2226 ut
814 2180 1106 2227 revertatur
1152 2169 1369 2226 totidem
1406 2168 1701 2242 gradibus?
1737 2166 1837 2223 Cui
1868 2166 2001 2224 dixit
2033 2163 2171 2221 Eze-

573 2263 720 2319 chias
752 2280 773 2319 :
808 2261 879 2318 Et
918 2263 1075 2335 facile
1111 2271 1186 2319 est
1227 2262 1467 2318 umbram
1507 2274 1737 2317 crescere
1778 2260 1954 2315 decem
1993 2258 2167 2328 lineis,

571 2370 665 2410 nec
688 2354 787 2410 hoc
807 2352 921 2411 volo
942 2364 999 2411 ut
1022 2355 1138 2425 ﬁat,
1160 2354 1252 2410 sed
1274 2364 1333 2409 ut
1358 2362 1654 2409 revertatur
1676 2360 1963 2408 retrorsum
1992 2351 2169 2407 decem

548 2448 847 2521 ‘gradibus.
880 2449 1115 2522 Cumque
1155 2450 1431 2504 invocante
1465 2444 1612 2502 Isaia
1641 2446 1929 2517 potentiam
1953 2444 2170 2501 Domini

568 2538 780 2612 signum
809 2550 941 2597 esset
970 2541 1229 2613 eﬂ'ectum,
1249 2541 1490 2611 prwcepit
1516 2538 1692 2593 Isaias
1723 2540 1907 2609 afferri
1934 2552 2167 2593 massam

574 2633 800 2704 ﬁcorum
822 2635 1128 2701 recentium,
1160 2638 1319 2706 qnam
1345 2648 1461 2688 cum
1485 2630 1782 2686 attulissent
1804 2639 1852 2686 et
1873 2631 2169 2703 posuissent

570 2741 736 2798 super
763 2725 952 2782 vulnus
977 2724 1115 2797 ejus,
1147 2736 1363 2780 curatus
1392 2736 1471 2781 est
1500 2720 1551 2796 (I
1566 2720 1606 2776 Υ
1628 2721 1753 2795 Reg.
1786 2721 1899 2795 xx).

642 2816 957 2873 Revertitur
1006 2824 1188 2873 autem
1259 2816 1326 2872 ad
1375 2830 1557 2886 regem
1631 2816 1897 2888 prOpheta
1950 2812 2167 2869 Domini

562 2909 829 2983 jussione,
867 2919 927 2967 ut
957 2911 1073 2983 ipse
1102 2917 1324 2966 sanaret
1355 2908 1447 2980 qui
1477 2914 1840 2981 percusserat,
1871 2915 1924 2963 et
1942 2915 2167 2962 vocatur

564 3003 831 3061 Ezechias
861 3004 968 3060 dux
994 3002 1177 3076 populi
1206 3004 1336 3071 mei,
1362 3012 1416 3058 et
1444 3003 1585 3058 illius
1605 3002 1797 3069 David,
1823 3000 1977 3072 cujus
2002 3015 2164 3072 Opera

565 3096 896 3152 sectabatur.
936 3094 1166 3151 Fecerat
1198 3096 1342 3151 enim
1388 3104 1599 3151 rectum
1630 3093 1787 3166 juxta
1827 3094 2009 3151 omnia
2043 3109 2166 3165 quae

562 3180 695 3242 fecit
724 3183 895 3240 David
938 3192 1095 3257 pater
1142 3185 1279 3259 ejus,
1326 3185 1481 3258 cujus
1518 3198 1683 3257 opera
1732 3186 2064 3251 sectabatur,
2110 3193 2164 3240 et

567 3278 786 3335 auditur
823 3274 941 3346 ejus
981 3278 1157 3334 oratio
1195 3278 1556 3349 videnturque
1595 3277 1870 3352 lacrymte,
1904 3278 2161 3349 quoniam

562 3368 936 3427 ambulaverat
959 3384 1159 3441 ,coram
1181 3368 1413 3425 Domino
1439 3369 1495 3426 in
1524 3349 1757 3425 veritate
1806 3376 1861 3424 et
1910 3368 1965 3425 in
1997 3369 2160 3425 corde
2188 3349 2235 3415 C

561 3463 826 3537 perfecto,
857 3471 912 3518 et
941 3462 1165 3519 ﬂeverat
1207 3462 1334 3519 ﬂetu
1381 3477 1603 3533 magno,
1644 3472 1699 3519 et
1727 3463 1873 3535 quod
1900 3462 2161 3533 placitum

563 3564 684 3611 erat
708 3556 764 3610 in
790 3553 963 3611 oculis
985 3554 1101 3625 ejus
1124 3553 1350 3621 fecerat,
1382 3553 1820 3625 adjiciunturque
1851 3554 2161 3625 quindecim

564 3647 693 3705 anni
717 3649 786 3705 ad
810 3648 1002 3714 vitam,
1028 3664 1164 3719 quos
1190 3648 1280 3705 ille
1304 3666 1411 3705 non
1434 3649 1824 3719 postulaverat,
1857 3657 1912 3703 et
1940 3650 2161 3719 insuper

563 3743 780 3800 vivente
811 3759 877 3799 eo
908 3743 1063 3816 regni
1093 3744 1359 3799 securitas
1385 3743 1801 3815 repromittilur.
1835 3742 1930 3798 Sin
1955 3752 2157 3810 autem,

564 3847 625 3893 ut
662 3837 882 3909 quidam
929 3845 1140 3909 putant,
1190 3837 1245 3892 in
1283 3853 1512 3907 corpore
1548 3838 1731 3893 vivere
1780 3836 2160 3894 condemnatio

564 3941 667 4000 est,
692 3939 767 3998 et,
785 3930 943 4003 juxta
970 3931 1100 3987 illud
1124 3932 1266 4002 quod
1294 3933 1493 3987 dicitur
1519 3975 1530 3985 .
1557 3931 1845 4002 Revertere,
1874 3935 2073 4001 anima,
2104 3936 2159 3989 in

565 4026 796 4097 requiem
824 4034 969 4079 tuam
999 4021 1174 4096 (Psal.
1199 4024 1346 4097 cxv),
1383 4035 1439 4080 et
1485 4026 1541 4079 in
1569 4022 1675 4081 alio
1724 4025 1844 4081 loco
1872 4046 1884 4079 :
1914 4024 2066 4079 Educ
2096 4027 2159 4081 de

564 4132 772 4171 carcere
799 4115 1032 4169 animam
1056 4131 1228 4170 meam
1254 4112 1428 4187 (Psal.
1448 4115 1617 4190 cm),
1644 4119 1880 4189 optanda
1902 4125 1983 4172 est
2014 4134 2159 4175 mors

565 4214 626 4261 ut
672 4204 738 4262 de
778 4221 999 4262 carcere
1042 4204 1358 4274 liberemur,
1406 4206 1680 4278 quomodo
1729 4225 1873 4264 nunc
1899 4209 2160 4266 Dominus

564 4301 729 4356 «tonat
765 4314 866 4372 pro
906 4296 1169 4359 beneﬁcio
1208 4310 1270 4358 ut
1313 4303 1405 4374 qui
1452 4302 1765 4360 liberandus
1818 4313 1937 4360 erat
1984 4305 2160 4361 adhuc

564 4394 872 4465 quindecim
905 4396 1063 4451 annis
1096 4396 1246 4452 vivat
1282 4396 1336 4451 in
1369 4398 1631 4452 carcere?
1658 4397 1830 4453 Datur
1872 4409 2055 4453 autem
2085 4398 2158 4453 si-

565 4499 731 4556 gnum
749 4493 810 4540 ut
828 4486 909 4540 sol
925 4485 1110 4541 decem
1128 4487 1384 4557 gradibus
1400 4496 1725 4553 revertatur,
1744 4503 1879 4558 quos
1894 4504 1991 4543 nos
1997 4487 2157 4557 juxta

567 4573 955 4644 Symmachum
996 4578 1052 4634 in
1091 4577 1266 4635 lineas
1294 4588 1351 4635 et
1372 4580 1712 4652 horologium
1742 4583 2025 4650 vertimus,
2064 4584 2157 4654 qui

565 4664 768 4736 gradus
796 4667 1061 4724 intellexit
1100 4669 1156 4725 in
1187 4670 1365 4737 lineis,
1396 4680 1456 4726 ut
1478 4672 1909 4729 manifestiorem
1934 4688 2156 4731 sensum

510 4771 519 4811 τ
566 4753 870 4828 legentibus
898 4758 1133 4827 faceret;
1181 4762 1296 4817 sive
1330 4762 1407 4818 ita
1452 4772 1611 4819 erant
1648 4765 1914 4820 exstructi
1953 4768 2155 4838 gradus

563 4856 682 4904 arte
702 4851 1107 4918 mathematica,
1137 4860 1195 4906 ut
1213 4868 1311 4924 per
1338 4854 1579 4927 singulos
1607 4856 1796 4912 umbra
1824 4858 2156 4916 descendens

567 4940 826 4999 horarum
863 4944 1037 5015 spatia
1079 4946 1417 5003 terminaret.
1450 4948 1604 5017 Quod
1648 4950 1861 5021 signum
1905 4961 1991 5007 est
2016 4967 2155 5023 prae-

566 5035 736 5090 sentis
766 5036 1025 5107 temporis
1054 5044 1109 5093 et
1137 5037 1306 5093 futuri
1335 5047 1493 5111 typus
1525 5050 1665 5108 erat,
1698 5049 1758 5096 ut
1777 5044 2049 5112 quomodo
2074 5045 2157 5100 sol

565 5139 931 5187 reverteretur
963 5132 1032 5187 ad
1071 5133 1350 5188 exordium
1378 5135 1484 5201 sui,
1534 5135 1608 5189 ita
1642 5134 1885 5191 Ezechia:
1912 5137 2044 5207 .vita
2087 5138 2158 5194 ad

567 5221 787 5278 dextros
834 5238 1004 5279 annos
1049 5226 1277 5291 rediret,
1319 5226 1579 5296 nobisque
1630 5228 1686 5283 in
1724 5229 2061 5284 hebdomada
2098 5238 2155 5286 et

568 5312 744 5382 ogdoa
789 5314 1096 5371 viventibus
1138 5330 1235 5387 per
1266 5316 1742 5374 Resurrectionem
1791 5320 1991 5376 Christi
2028 5320 2152 5378 vita:

568 5403 744 5472 spatia
789 5405 1147 5476 protelentur.
1198 5408 1390 5466 Solent
1449 5419 1760 5466 sanctorum
1811 5412 2050 5468 locorum
2097 5413 2153 5469 in

569 5493 672 5550 hac
695 5495 974 5566 provincia
1003 5509 1393 5559 monstratores
1420 5503 1564 5558 intra
1596 5512 1912 5575 conseptum
1964 5505 2153 5575 templi

567 5578 854 5644 ostendere
899 5590 1100 5664 gradus
1144 5594 1333 5652 domus
1380 5596 1623 5652 Ezechias
1670 5596 1752 5651 vel
1776 5596 1979 5664 Achaz,
2008 5598 2152 5669 quod

567 5681 649 5738 sol
675 5697 772 5753 per
799 5697 897 5740 eos
918 5684 1289 5745 descenderet.
1334 5688 1445 5745 Sed
1475 5706 1752 5762 nunquam
1785 5706 1886 5763 ego
1911 5692 2154 5758 credam,

567 5789 677 5830 non
708 5774 832 5832 dice
856 5775 1061 5846 Achaz,
1089 5781 1182 5851 qui
1220 5796 1318 5836 rex
1351 5781 1548 5851 impius
1586 5780 1707 5848 fuit,
1745 5783 1841 5838 sed
1868 5782 2161 5854 cujuslibet

566 5870 710 5943 regis
746 5870 876 5942 justi
908 5874 1128 5947 domum
1164 5872 1332 5929 fuisse
1378 5872 1433 5928 in
1466 5873 1665 5943 templo
1698 5873 1814 5939 Dei,
1843 5888 1965 5927 cum
2002 5871 2156 5927 Salo-

567 5975 694 6019 mon
722 5964 927 6024 idcirco
958 5966 1244 6025 Dominum
1276 5965 1417 6023 inter
1450 5974 1646 6022 caetera
1693 5964 1977 6022 ollendisse
2009 5964 2157 6021 ἀίων

2180 4724 2235 4790 D

2275 688 2459 763 templi
2484 690 2830 749 deambulans
2871 693 2928 748 in
2962 699 3103 749 tum
3133 690 3325 764 palatii
3354 690 3621 766 despicere
3646 696 3771 759 suam

2276 784 2366 839 sit.

2348 873 2471 946 Ipse
2499 886 2574 931 est
2596 875 2857 933 Ezechias
2895 879 2989 951 qui
3014 880 3279 934 obturavit
3314 882 3616 951 superiorem
3644 880 3767 953 {cum

2274 982 2534 1040 aquarum
2564 967 2757 1039 Gihon,
2802 980 2852 1026 et
2890 971 3075 1026 averti!
3121 986 3213 1028 eas
3253 970 3333 1025 ad
3359 969 3767 1035 Occidenth

2274 1056 2477 1128 David;
2519 1062 2575 1116 in
2614 1061 2854 1119 omnibus
2890 1063 3129 1135 operibus
3167 1062 3285 1119 suis
3319 1063 3447 1135 fecit
3482 1080 3766 1136 prosperaque

2273 1150 2464 1219 voluit,
2516 1161 2747 1209 attamen
2792 1155 2849 1209 in
2899 1153 3158 1226 legatione
3204 1154 3509 1227 principum
3551 1155 3762 1227 Babylonii,

2272 1241 2365 1315 qui
2388 1244 2535 1299 missi
2569 1243 2777 1315 [sterant
2800 1245 2872 1301 ad
2893 1263 3013 1302 eum
3040 1257 3096 1301 ut
3119 1246 3509 1318 interrogarent
3530 1247 3588 1302 de
3608 1258 3764 1318 partem

2271 1333 2419 1405 quod
2441 1335 2704 1391 acciderat
2747 1354 2902 1410 super
2924 1347 3158 1405 .terram,
3202 1336 3488 1410 dereliquit
3519 1354 3622 1393 eum
3648 1338 3762 1392 Doni

2274 1444 2375 1483 nus
2405 1437 2465 1484 ut
2502 1438 2793 1487 tentaretur
2817 1442 2865 1487 et
2898 1442 3023 1489 nota
3051 1432 3238 1503 ﬁerent
3272 1432 3453 1489 omnia
3472 1448 3581 1505 qua
3606 1445 3710 1487 non
3730 1435 3760 1486 is

2273 1520 2431 1577 corde
2466 1521 2603 1594 ejus.
2647 1521 2971 1581 Portentum
3019 1524 3165 1595 quod
3212 1524 3355 1581 dicit
3400 1523 3638 1579 accidisse
3666 1538 3760 1592 sapa

2272 1617 2497 1681 terram,
2547 1614 2676 1672 solis
2722 1615 2990 1687 significat
3033 1617 3271 1673 reditum
3315 1632 3421 1689 per
3454 1614 3606 1671 lineas
3628 1616 3756 1677 datm

2273 1706 2340 1762 de
2368 1720 2474 1777 quo
2505 1708 2873 1779 supradictum
2902 1718 3003 1766 est.
3027 1710 3111 1766 Ad
3137 1711 3244 1767 hoc
3272 1709 3422 1766 enim
3448 1709 3702 1777 mysterium
3717 1708 3758 1760 in-

2272 1797 2594 1869 quirendum
2630 1799 2799 1873 legati
2828 1799 3119 1875 Babylonis
3153 1808 3431 1858 venerunt
3457 1801 3523 1855 ad
3545 1799 3752 1854 Ezechias.

2275 1887 2383 1946 Sed
2416 1891 2706 1965 dereliquit
2735 1907 2861 1950 eum
2889 1894 3152 1950 Dominus
3185 1902 3250 1951 ut
3277 1902 3587 1957 tentaretur,
3609 1892 3674 1961 qui
3696 1906 3754 1945 non

2267 1980 2554 2038 cohibebat
2574 1998 2695 2039 eum
2718 1999 2817 2055 per
2828 1986 3147 2057 praphetam
3163 1998 3235 2040 ne
3252 1985 3555 2042 ostenderet
3571 1983 3751 2038 thesaurus

2274 2085 2401 2128 suos
2437 2080 2491 2128 et
2512 2073 2797 2131 thesauros
2821 2076 3013 2131 domus
3037 2075 3253 2132 Domini
3285 2074 3603 2146 alienigenis,
3623 2082 3663 2127 et
3682 2080 3751 2124 nua

2272 2161 2478 2220 faceret
2515 2168 2854 2239 omniaquae
2879 2178 3036 2225 erant
3066 2168 3120 2224 in
3149 2168 3320 2225 corde
3346 2169 3480 2240 ejus,
3508 2168 3594 2223 hoc
3616 2176 3685 2230 est,
3706 2178 3748 2216 nr

2270 2256 2480 2313 occulta
2506 2257 2671 2316 elatio
2697 2262 2916 2330 mentis,
2962 2276 3065 2332 qua
3114 2275 3306 2317 coram
3337 2260 3447 2317 Deo
3484 2259 3687 2332 peccavit,
3714 2260 3747 2312 ad

2272 2348 2521 2406 notitiam
2553 2351 2830 2407 hominum
2861 2366 2960 2423 per
2988 2350 3242 2409 effectum
3270 2353 3435 2424 primi
3462 2348 3744 2421 operisprodu

2270 2451 2503 2498 ceretur.
2557 2442 2710 2501 Unde
2751 2446 2948 2503 merito
2988 2445 3202 2517 prolata
3256 2443 3493 2502 vindicta
3531 2443 3578 2498 in
3612 2456 3693 2495 etim
3717 2448 3743 2492 et

2270 2533 2377 2591 sibi
2403 2535 2767 2609 obsequentes
2805 2517 3125 2595 ostenditur.
3164 2536 3343 2611 Igitur
3372 2550 3523 2608 quam
3542 2532 3741 2607 pernities:

2269 2629 2341 2685 sit
2383 2616 2659 2687 hominum
2700 2631 2984 2689 animabus
3020 2631 3339 2689 cenodoaiae
3379 2630 3568 2693 vitium,
3594 2625 3742 2681 Electri:

2268 2720 2473 2777 factum
2517 2722 2807 2780 manifeste
2834 2723 3191 2792 demonstrat,
3224 2724 3355 2797 quia
3379 2724 3431 2778 in
3456 2719 3739 2777 omnibusne

2269 2822 2549 2870 summatm
2577 2815 2803 2887 justitia:
2834 2824 2893 2873 et
2916 2825 3230 2873 sanctarum
3264 2815 3630 2887 Scripturarum
3658 2804 3737 2861 testi-

2268 2905 2450 2961 monio
2500 2906 2904 2978 comprobatur,
2956 2906 3051 2963 sed
3098 2915 3226 2979 post
3270 2908 3538 2962 innumera
3579 2900 3737 2953 virtutum

2266 2999 2534 3072 praeconia
2582 3017 2689 3056 uno
2732 3000 2983 3057 elationis
3032 3000 3135 3057 telo
3183 2999 3367 3055 fuerat
3411 2998 3601 3070 ejectus.
3629 2990 3733 3045 Tanta

2261 3094 2487 3167 justitiec
2510 3100 2779 3166 tantaeque
2804 3095 3051 3161 virtutes,
3085 3103 3240 3149 tanta
3274 3092 3408 3149 ﬁdes
3432 3099 3573 3161 atque
3594 3080 3732 3141 devotio,

2265 3205 2386 3260 qua:
2414 3198 2664 3244 naturam
2705 3189 2877 3260 ipsam
2905 3197 2959 3245 et
2986 3189 3150 3244 totius
3177 3187 3371 3243 mundi
3396 3185 3529 3257 leges
3554 3182 3729 3236 immutari

2265 3288 2615 3349 meruerunt,
2665 3297 2770 3337 una
2805 3282 3072 3355 jactantia
3112 3283 3431 3354 depereunt.
3473 3277 3541 3333 lla
3569 3272 3729 3328 unum

2266 3372 2557 3429 virtutibus
2587 3374 2698 3429 suis
2722 3389 2788 3429 ac
2805 3341 2862 3430 ἐἰ
2904 3388 3004 3431 nec
3034 3341 3274 3431 fuissent
3322 3369 3555 3431 oblivioni
3591 3358 3725 3418 traditis.
3794 3341 3800 3431 Γ

2264 3466 2402 3520 iram
2417 3464 2701 3521 confestim
2716 3462 2928 3522 Domini
2952 3466 3303 3537 suscepisset,
3323 3464 3423 3519 nisi
3438 3475 3542 3517 eam
3562 3457 3727 3516 resumi”

2263 3558 2567 3614 humilitate
2599 3561 2888 3630 placasset,
2930 3568 2989 3614 ut
3027 3560 3117 3631 qui
3149 3562 3215 3615 de
3254 3567 3363 3614 tam
3390 3550 3576 3611 excelso
3600 3542 3724 3635 metite

2263 3668 2384 3707 rum
2433 3650 2649 3723 fastigio
2687 3650 2920 3707 elatione
2960 3650 3214 3723 implente
3260 3649 3543 3709 deciderat,
3587 3642 3725 3693 000W

2262 3762 2360 3817 per
2390 3747 2607 3801 eosdem
2637 3762 2854 3802 rursum
2884 3745 3209 3801 humilitatis
3240 3742 3433 3817 gradus
3457 3738 3515 3794 ad
3540 3728 3721 3790 admissum

2264 3839 2477 3896 culmen
2525 3840 2866 3896 ascenderet.
2918 3839 3115 3895 Omnia
3166 3838 3299 3894 vitia
3347 3837 3568 3905 superata
3603 3826 3721 3905 ωιπὲ

2264 3943 2443 4000 scunt,
2491 3943 2545 3990 et
2573 3934 2784 3990 devicta
2822 3951 2919 4006 per
2952 3933 3193 4006 singulos
3232 3933 3346 3989 dies
3386 3904 3630 3985 infirmiora

2263 3998 2490 4093 duntur,
2508 4034 2563 4083 et
2583 4026 2665 4081 vel
2684 4026 2805 4083 loco
2822 3998 2907 4082 vel
2935 3998 3177 4095 tempore
3205 4024 3524 4080 minuuntur,
3542 3998 3718 4098 atque

2261 4116 2495 4184 fervent,
2528 4133 2624 4174 seu
2660 4126 2809 4175 certe
2847 4134 2878 4174 a
2907 4117 3199 4174 contrariis
3237 4113 3507 4173 virtutibus
3528 4099 3714 4160 deside

2261 4211 2347 4266 vel
2378 4220 2637 4268 caventur
2661 4210 2873 4268 facilius
2900 4210 2983 4265 vel
3012 4210 3271 4266 vitantur.
3308 4207 3395 4264 Sic
3417 4214 3529 4260 vero
3550 4193 3714 4285 (Μαίᾳ

2261 4305 2442 4361 acrius
2481 4314 2732 4378 resurget
2769 4306 2838 4361 ad
2876 4304 3095 4371 laetam,
3124 4313 3181 4360 et
3221 4318 3343 4361 cum
3383 4301 3573 4371 putatur
3594 4287 3711 4339 exsult

2260 4407 2432 4467 ctum,
2481 4414 2579 4454 sua
2620 4407 2794 4477 morte
2833 4399 3076 4454 vivacius
3115 4390 3449 4453 convalescit.
3495 4380 3710 4477 Cmnf

2258 4506 2391 4546 nera
2424 4491 2681 4546 vitiorum
2701 4462 2821 4547 .eos
2870 4489 3244 4545 tantummodo
3290 4487 3566 4554 impuﬂnm
3596 4461 3707 4562 δ’

2260 4598 2399 4655 quos
2434 4582 2490 4638 in
2526 4583 2824 4639 certamine
2859 4590 3202 4653 superarunt.
3246 4579 3342 4635 Hic
3367 4586 3479 4630 vero
3504 4557 3708 4661 suosmet:-

2261 4638 2351 4732 rtes
2385 4675 2569 4732 acrius
2606 4638 2941 4741 insectatur:
2958 4682 3273 4745 quantoque
3301 4666 3453 4725 fuerit
3475 4638 3707 4745 validiustit

2263 4785 2384 4825 sum
2409 4808 2424 4836 ,
2470 4776 2623 4823 tanto
2665 4740 3043 4824 vehementius
3092 4740 3333 4822 victoria:
3381 4755 3526 4829 ipsius

2263 4824 2632 4931 congreditur,
2663 4866 2720 4915 et
2756 4859 2872 4914 haec
2899 4866 2982 4913 est
3021 4857 3237 4914 subtilis
3264 4847 3452 4912 inimici
3474 4824 3703 4931 νεηυωτξξ

2262 4920 2492 5006 militem
2519 4920 2722 5006 Christi
2750 4949 2902 5021 prius
2936 4946 3108 5005 faciat
3132 4947 3253 5003 telis
3285 4931 3597 5021 succumberet

2262 5044 2512 5100 hostibus
2545 5043 2711 5098 arntis
2746 5005 3010 5113 superare
3049 5056 3156 5096 non
3184 5037 3371 5110 potuit.
3405 5026 3506 5087 Alia

2262 5139 2419 5205 vitia,
2456 5138 2598 5193 sicut
2621 5137 2888 5203 diximus,
2920 5137 3085 5192 etiam
3128 5134 3364 5191 locorum
3404 5107 3608 5178 ὺοηείίάθ

2264 5196 2574 5301 quiescunt,
2602 5238 2657 5283 et
2682 5196 2913 5284 materia
2942 5227 3156 5299 peccati
3180 5226 3264 5281 vel
3293 5196 3696 5301 ορμοιίυιιίίπῗξξ⁵

2265 5288 2322 5377 et
2355 5319 2641 5377 occasione
2689 5288 2974 5419 subtracta
2987 5359 3004 5389 ,
3045 5288 3341 5419 lentescere
3357 5288 3691 5419 adfigit“:

2265 5410 2383 5467 Hoc
2412 5424 2542 5466 vero
2576 5424 2699 5465 cum
2761 5407 3109 5481 confugiente
3165 5406 3364 5465 deserta

2263 5501 2384 5559 loco
2412 5517 2551 5559 novo
2588 5501 2916 5600 excluditur,
2950 5516 3054 5558 nec
3092 5500 3410 5600 extrinsecus

2270 5602 2445 5651 tracta
2494 5593 2807 5651 marcescit.
2868 5567 2989 5650 Non
3025 5594 3173 5651 enim
3216 5583 3412 5648 aliunde
3451 5567 3626 5651 (1⁸³³⁵³ῗῖ

2268 5690 2381 5740 tum
2412 5686 2528 5758 eius
2558 5702 2719 5759 quem
2766 5688 2977 5758 ίωνειίι
2999 5687 3332 5746 successibus
3354 5639 3686 5776 εξιξφξξνηξέἷ

2267 5776 2392 5832 dam
2420 5747 2872 5850 etiam-processu
2891 5779 3173 5850 temporis,
3198 5785 3255 5834 ut
3480 5747 3680 5898 5w

2267 5873 2476 5898 ......s......
2507 5872 2823 5898 ....-n:--_..-_
2861 5887 3021 5898 -._.-..
3046 5873 3326 5898 mnuum...“
3416 5862 3485 5898 me

2267 5873 2479 5928 terdum
2507 5872 2824 5932 molliuntur
2858 5887 3024 5949 atque
3046 5873 3358 5977 vanescunt,l

2266 5964 2366 6018 nisi
2408 5964 2572 6021 fuerit
2611 5967 2876 6025 industria
2921 5936 3107 6027 solerti
3137 5982 3201 6024 ac
3236 5936 3555 6037 prudeliidi“

3788 3294 3800 3903 Α

3770 3899 3790 4231 1

3756 4428 3780 4799 1

3750 5255 3766 5579 Ι

3632 5644 3686 5688 ιιι

3640 5722 3685 5776 ω’

3632 5806 3680 5869 τά

3632 5908 3680 5963 :00
