  <div class='ocr_page' id='page_1' title='image "/cluster/home/n/w/nwhite01/storage/ocr_20150623/109/hvd.32044015466857/267.png"; bbox 0 0 3920 6470; ppageno 0'>
   <div class='ocr_carea' id='block_1_1' title="bbox 563 485 669 541">
    <p class='ocr_par' dir='ltr' id='par_1_1' title="bbox 563 485 669 541">
     <span class='ocr_line' id='line_1_1' title="bbox 563 485 669 541; baseline -0.038 1"><span class='ocrx_word' id='word_1_1' title='bbox 563 485 669 541; x_wconf 74' lang='grc'><strong><em>527</em></strong></span> 
     </span>
    </p>
   </div>
   <div class='ocr_carea' id='block_1_2' title="bbox 1202 443 3716 529">
    <p class='ocr_par' dir='ltr' id='par_1_2' title="bbox 1202 443 3716 529">
     <span class='ocr_line' id='line_1_2' title="bbox 1202 443 3716 529; baseline -0.017 3"><span class='ocrx_word' id='word_1_2' title='bbox 1202 477 1262 529; x_wconf 89' lang='grc' dir='ltr'><strong>Β.</strong></span> <span class='ocrx_word' id='word_1_3' title='bbox 1305 472 1561 529; x_wconf 80' lang='lat' dir='ltr'><strong><em>RABANI</em></strong></span> <span class='ocrx_word' id='word_1_4' title='bbox 1599 463 1821 526; x_wconf 74' lang='lat' dir='ltr'><strong><em>MAUM</em></strong></span> <span class='ocrx_word' id='word_1_5' title='bbox 1856 460 2174 519; x_wconf 80' lang='lat' dir='ltr'><strong><em>ARCHI&#39;EP.</em></strong></span> <span class='ocrx_word' id='word_1_6' title='bbox 2216 454 2527 514; x_wconf 83' lang='lat' dir='ltr'><strong><em>MOGUNT.</em></strong></span> <span class='ocrx_word' id='word_1_7' title='bbox 2569 448 2855 510; x_wconf 80' lang='lat' dir='ltr'><strong><em>OPERUM</em></strong></span> <span class='ocrx_word' id='word_1_8' title='bbox 2892 443 3072 503; x_wconf 83' lang='lat' dir='ltr'><strong>PARS</strong></span> <span class='ocrx_word' id='word_1_9' title='bbox 3108 443 3148 498; x_wconf 82' lang='grc' dir='ltr'><strong>Ι.</strong></span> <span class='ocrx_word' id='word_1_10' title='bbox 3651 448 3716 505; x_wconf 62' lang='lat' dir='ltr'><strong><em>5g</em></strong></span> 
     </span>
    </p>
   </div>
   <div class='ocr_carea' id='block_1_3' title="bbox 560 553 3720 656">
    <p class='ocr_par' dir='ltr' id='par_1_3' title="bbox 560 553 3720 656">
     <span class='ocr_line' id='line_1_3' title="bbox 560 553 3720 656; baseline -0.016 -5"><span class='ocrx_word' id='word_1_11' title='bbox 560 595 818 652; x_wconf 86' lang='lat' dir='ltr'><strong><em>industrie</em></strong></span> <span class='ocrx_word' id='word_1_12' title='bbox 864 605 1068 646; x_wconf 88' lang='lat' dir='ltr'><strong><em>omnem</em></strong></span> <span class='ocrx_word' id='word_1_13' title='bbox 1119 604 1328 641; x_wconf 90' lang='lat' dir='ltr'><strong><em>murum</em></strong></span> <span class='ocrx_word' id='word_1_14' title='bbox 1368 587 1457 656; x_wconf 92' lang='lat' dir='ltr'><strong><em>qui</em></strong></span> <span class='ocrx_word' id='word_1_15' title='bbox 1513 583 1687 653; x_wconf 83' lang='lat' dir='ltr'><strong><em>fuerat</em></strong></span> <span class='ocrx_word' id='word_1_16' title='bbox 1726 578 2029 648; x_wconf 88' lang='lat' dir='ltr'><strong><em>dissipatus,</em></strong></span> <span class='ocrx_word' id='word_1_17' title='bbox 2057 589 2144 627; x_wconf 62' lang='grc' dir='ltr'><strong><em>επε-</em></strong></span> <span class='ocrx_word' id='word_1_18' title='bbox 2172 571 2226 634; x_wconf 78' lang='grc' dir='ltr'><strong>Α</strong></span> <span class='ocrx_word' id='word_1_19' title='bbox 2248 577 2297 622; x_wconf 88' lang='lat' dir='ltr'><strong><em>et</em></strong></span> <span class='ocrx_word' id='word_1_20' title='bbox 2320 566 2572 621; x_wconf 85' lang='lat' dir='ltr'><strong><em>adulteris</em></strong></span> <span class='ocrx_word' id='word_1_21' title='bbox 2615 571 2666 618; x_wconf 88' lang='lat' dir='ltr'><strong><em>et</em></strong></span> <span class='ocrx_word' id='word_1_22' title='bbox 2703 561 2952 633; x_wconf 85' lang='lat' dir='ltr'><strong><em>perjuris,</em></strong></span> <span class='ocrx_word' id='word_1_23' title='bbox 2988 567 3037 612; x_wconf 90' lang='lat' dir='ltr'><strong><em>et</em></strong></span> <span class='ocrx_word' id='word_1_24' title='bbox 3062 556 3151 656; x_wconf 82' lang='lat' dir='ltr'><strong><em>qui</em></strong></span> <span class='ocrx_word' id='word_1_25' title='bbox 3195 553 3613 609; x_wconf 80' lang='lat' dir='ltr'><strong><em>calumniabantur</em></strong></span> <span class='ocrx_word' id='word_1_26' title='bbox 3634 574 3720 613; x_wconf 69' lang='grc' dir='ltr'><strong><em>ια.</em></strong></span> 
     </span>
    </p>
   </div>
   <div class='ocr_carea' id='block_1_4' title="bbox 560 663 2139 755">
    <p class='ocr_par' dir='ltr' id='par_1_4' title="bbox 560 663 2139 755">
     <span class='ocr_line' id='line_1_4' title="bbox 560 663 2139 755; baseline -0.015 -14"><span class='ocrx_word' id='word_1_27' title='bbox 560 686 825 755; x_wconf 77' lang='lat' dir='ltr'><strong><em>traxitque</em></strong></span> <span class='ocrx_word' id='word_1_28' title='bbox 869 676 1038 736; x_wconf 89' lang='lat' dir='ltr'><strong><em>turres</em></strong></span> <span class='ocrx_word' id='word_1_29' title='bbox 1091 688 1141 733; x_wconf 90' lang='lat' dir='ltr'><strong><em>et</em></strong></span> <span class='ocrx_word' id='word_1_30' title='bbox 1186 678 1474 746; x_wconf 77' lang='lat' dir='ltr'><strong><em>forinsecus</em></strong></span> <span class='ocrx_word' id='word_1_31' title='bbox 1525 673 1750 728; x_wconf 87' lang='lat' dir='ltr'><strong><em>alterum</em></strong></span> <span class='ocrx_word' id='word_1_32' title='bbox 1801 683 2009 723; x_wconf 88' lang='lat' dir='ltr'><strong><em>murum</em></strong></span> <span class='ocrx_word' id='word_1_33' title='bbox 2041 663 2139 736; x_wconf 89' lang='grc' dir='ltr'><strong><em>(ΙΙ</em></strong></span> 
     </span>
    </p>
   </div>
   <div class='ocr_carea' id='block_1_5' title="bbox 560 757 2141 846">
    <p class='ocr_par' dir='ltr' id='par_1_5' title="bbox 560 757 2141 846">
     <span class='ocr_line' id='line_1_5' title="bbox 560 757 2141 846; baseline -0.015 -13"><span class='ocrx_word' id='word_1_34' title='bbox 560 772 693 833; x_wconf 84' lang='lat' dir='ltr'><strong><em>Par.</em></strong></span> <span class='ocrx_word' id='word_1_35' title='bbox 735 773 929 846; x_wconf 64' lang='grc' dir='ltr'>χχιιι).</span> <span class='ocrx_word' id='word_1_36' title='bbox 979 771 1226 829; x_wconf 81' lang='lat' dir='ltr'><strong><em>Meminit</em></strong></span> <span class='ocrx_word' id='word_1_37' title='bbox 1273 767 1435 837; x_wconf 88' lang='lat' dir='ltr'><strong><em>hujus</em></strong></span> <span class='ocrx_word' id='word_1_38' title='bbox 1464 766 1570 823; x_wconf 89' lang='lat' dir='ltr'><strong><em>loci</em></strong></span> <span class='ocrx_word' id='word_1_39' title='bbox 1615 773 1670 819; x_wconf 89' lang='lat' dir='ltr'><strong><em>et</em></strong></span> <span class='ocrx_word' id='word_1_40' title='bbox 1719 760 2021 831; x_wconf 87' lang='lat' dir='ltr'><strong><em>Sophonias</em></strong></span> <span class='ocrx_word' id='word_1_41' title='bbox 2065 757 2141 811; x_wconf 92' lang='lat' dir='ltr'><strong><em>di-</em></strong></span> 
     </span>
    </p>
   </div>
   <div class='ocr_carea' id='block_1_6' title="bbox 557 853 2142 932">
    <p class='ocr_par' dir='ltr' id='par_1_6' title="bbox 557 853 2142 932">
     <span class='ocr_line' id='line_1_6' title="bbox 557 853 2142 932; baseline -0.014 -7"><span class='ocrx_word' id='word_1_42' title='bbox 557 882 686 925; x_wconf 90' lang='lat' dir='ltr'><strong><em>cens</em></strong></span> <span class='ocrx_word' id='word_1_43' title='bbox 712 885 723 921; x_wconf 87' lang='lat'><strong>:</strong></span> <span class='ocrx_word' id='word_1_44' title='bbox 761 865 874 921; x_wconf 75' lang='lat' dir='ltr'><strong><em>Vos:</em></strong></span> <span class='ocrx_word' id='word_1_45' title='bbox 906 864 1150 920; x_wconf 86' lang='lat' dir='ltr'><strong><em>clamoris</em></strong></span> <span class='ocrx_word' id='word_1_46' title='bbox 1173 882 1207 917; x_wconf 92' lang='lat' dir='ltr'><strong><em>a</em></strong></span> <span class='ocrx_word' id='word_1_47' title='bbox 1231 869 1383 932; x_wconf 89' lang='lat' dir='ltr'><strong><em>porta</em></strong></span> <span class='ocrx_word' id='word_1_48' title='bbox 1408 859 1631 929; x_wconf 76' lang='lat' dir='ltr'><strong><em>piscium</em></strong></span> <span class='ocrx_word' id='word_1_49' title='bbox 1661 863 1708 910; x_wconf 89' lang='lat' dir='ltr'><strong><em>et</em></strong></span> <span class='ocrx_word' id='word_1_50' title='bbox 1731 853 1965 908; x_wconf 79' lang='lat' dir='ltr'><strong><em>ululatus</em></strong></span> <span class='ocrx_word' id='word_1_51' title='bbox 1992 868 2023 905; x_wconf 89' lang='lat' dir='ltr'><strong><em>a</em></strong></span> <span class='ocrx_word' id='word_1_52' title='bbox 2060 866 2142 904; x_wconf 87' lang='lat' dir='ltr'><strong><em>se-</em></strong></span> 
     </span>
    </p>
   </div>
   <div class='ocr_carea' id='block_1_7' title="bbox 557 946 2141 1029">
    <p class='ocr_par' dir='ltr' id='par_1_7' title="bbox 557 946 2141 1029">
     <span class='ocr_line' id='line_1_7' title="bbox 557 946 2141 1029; baseline -0.012 -16"><span class='ocrx_word' id='word_1_53' title='bbox 557 966 732 1013; x_wconf 83' lang='lat' dir='ltr'><strong><em>cunda</em></strong></span> <span class='ocrx_word' id='word_1_54' title='bbox 756 955 1007 1029; x_wconf 87' lang='lat' dir='ltr'><strong><em>(Sophon.</em></strong></span> <span class='ocrx_word' id='word_1_55' title='bbox 1057 954 1131 1024; x_wconf 85' lang='grc' dir='ltr'><strong><em>ι).</em></strong></span> <span class='ocrx_word' id='word_1_56' title='bbox 1163 953 1271 1007; x_wconf 92' lang='lat' dir='ltr'><strong><em>Pro</em></strong></span> <span class='ocrx_word' id='word_1_57' title='bbox 1298 966 1407 1021; x_wconf 91' lang='lat' dir='ltr'><strong><em>quo</em></strong></span> <span class='ocrx_word' id='word_1_58' title='bbox 1433 956 1588 1004; x_wconf 89' lang='lat' dir='ltr'><strong><em>vetus</em></strong></span> <span class='ocrx_word' id='word_1_59' title='bbox 1624 946 1792 1001; x_wconf 87' lang='lat' dir='ltr'><strong><em>editio</em></strong></span> <span class='ocrx_word' id='word_1_60' title='bbox 1835 948 1988 1013; x_wconf 82' lang='lat' dir='ltr'><strong><em>quasi</em></strong></span> <span class='ocrx_word' id='word_1_61' title='bbox 2016 957 2141 1011; x_wconf 89' lang='lat' dir='ltr'><strong><em>pro-</em></strong></span> 
     </span>
    </p>
   </div>
   <div class='ocr_carea' id='block_1_8' title="bbox 555 1033 2141 1120">
    <p class='ocr_par' dir='ltr' id='par_1_8' title="bbox 555 1033 2141 1120">
     <span class='ocr_line' id='line_1_8' title="bbox 555 1033 2141 1120; baseline -0.011 -15"><span class='ocrx_word' id='word_1_62' title='bbox 555 1050 736 1120; x_wconf 92' lang='lat' dir='ltr'><strong><em>prium</em></strong></span> <span class='ocrx_word' id='word_1_63' title='bbox 786 1061 984 1104; x_wconf 86' lang='lat' dir='ltr'><strong><em>nomen</em></strong></span> <span class='ocrx_word' id='word_1_64' title='bbox 1038 1045 1143 1100; x_wconf 88' lang='lat' dir='ltr'><strong><em>loci</em></strong></span> <span class='ocrx_word' id='word_1_65' title='bbox 1178 1042 1483 1104; x_wconf 87' lang='lat' dir='ltr'><strong><em>transtulit,</em></strong></span> <span class='ocrx_word' id='word_1_66' title='bbox 1519 1040 1575 1094; x_wconf 93' lang='lat' dir='ltr'><strong><em>in</em></strong></span> <span class='ocrx_word' id='word_1_67' title='bbox 1628 1037 1864 1092; x_wconf 84' lang='lat' dir='ltr'><strong><em>Masena.</em></strong></span> <span class='ocrx_word' id='word_1_68' title='bbox 1921 1033 2141 1088; x_wconf 86' lang='lat' dir='ltr'><strong><em>Masena</em></strong></span> 
     </span>
    </p>
   </div>
   <div class='ocr_carea' id='block_1_9' title="bbox 557 1123 2143 1212">
    <p class='ocr_par' dir='ltr' id='par_1_9' title="bbox 557 1123 2143 1212">
     <span class='ocr_line' id='line_1_9' title="bbox 557 1123 2143 1212; baseline -0.014 -15"><span class='ocrx_word' id='word_1_69' title='bbox 557 1142 756 1212; x_wconf 87' lang='lat' dir='ltr'><strong><em>quippe</em></strong></span> <span class='ocrx_word' id='word_1_70' title='bbox 813 1140 1203 1209; x_wconf 82' lang='lat' dir='ltr'><strong><em>interpretatur</em></strong></span> <span class='ocrx_word' id='word_1_71' title='bbox 1254 1132 1511 1190; x_wconf 91' lang='lat' dir='ltr'><strong><em>secunda.</em></strong></span> <span class='ocrx_word' id='word_1_72' title='bbox 1566 1127 1721 1196; x_wconf 85' lang='lat' dir='ltr'><strong><em>Quod</em></strong></span> <span class='ocrx_word' id='word_1_73' title='bbox 1772 1140 1901 1196; x_wconf 85' lang='lat' dir='ltr'><strong><em>ergo</em></strong></span> <span class='ocrx_word' id='word_1_74' title='bbox 1944 1123 2143 1178; x_wconf 91' lang='lat' dir='ltr'><strong><em>dicitur</em></strong></span> 
     </span>
    </p>
   </div>
   <div class='ocr_carea' id='block_1_10' title="bbox 554 1215 2142 1303">
    <p class='ocr_par' dir='ltr' id='par_1_10' title="bbox 554 1215 2142 1303">
     <span class='ocr_line' id='line_1_10' title="bbox 554 1215 2142 1303; baseline -0.012 -14"><span class='ocrx_word' id='word_1_75' title='bbox 554 1231 898 1303; x_wconf 80' lang='lat' dir='ltr'><strong><em>prophetissa</em></strong></span> <span class='ocrx_word' id='word_1_76' title='bbox 941 1228 1217 1285; x_wconf 83' lang='lat' dir='ltr'><strong><em>habitasse</em></strong></span> <span class='ocrx_word' id='word_1_77' title='bbox 1241 1226 1299 1282; x_wconf 91' lang='lat' dir='ltr'><strong><em>in</em></strong></span> <span class='ocrx_word' id='word_1_78' title='bbox 1324 1222 1581 1287; x_wconf 86' lang='lat' dir='ltr'><strong><em>secunda,</em></strong></span> <span class='ocrx_word' id='word_1_79' title='bbox 1630 1221 1688 1276; x_wconf 93' lang='lat' dir='ltr'><strong><em>in</em></strong></span> <span class='ocrx_word' id='word_1_80' title='bbox 1731 1217 1956 1277; x_wconf 88' lang='lat' dir='ltr'><strong><em>secundi</em></strong></span> <span class='ocrx_word' id='word_1_81' title='bbox 1999 1215 2142 1273; x_wconf 90' lang='lat' dir='ltr'><strong><em>muri</em></strong></span> 
     </span>
    </p>
   </div>
   <div class='ocr_carea' id='block_1_11' title="bbox 554 1319 1001 1395">
    <p class='ocr_par' dir='ltr' id='par_1_11' title="bbox 554 1319 1001 1395">
     <span class='ocr_line' id='line_1_11' title="bbox 554 1319 1001 1395; baseline -0.007 -16"><span class='ocrx_word' id='word_1_82' title='bbox 554 1331 718 1395; x_wconf 83' lang='lat' dir='ltr'><strong><em>parte</em></strong></span> <span class='ocrx_word' id='word_1_83' title='bbox 743 1319 1001 1393; x_wconf 88' lang='lat' dir='ltr'><strong><em>intellige.</em></strong></span> 
     </span>
    </p>
   </div>
   <div class='ocr_carea' id='block_1_12' title="bbox 553 1404 1602 1466">
    <p class='ocr_par' dir='ltr' id='par_1_12' title="bbox 553 1404 1602 1466">
     <span class='ocr_line' id='line_1_12' title="bbox 553 1404 1602 1466; baseline -0.012 5"><span class='ocrx_word' id='word_1_84' title='bbox 553 1433 560 1450; x_wconf 71' lang='grc' dir='ltr'><strong><em>ι</em></strong></span> <span class='ocrx_word' id='word_1_85' title='bbox 1105 1407 1334 1466; x_wconf 77' lang='lat' dir='ltr'><strong>CAPUT</strong></span> <span class='ocrx_word' id='word_1_86' title='bbox 1381 1404 1602 1462; x_wconf 78' lang='lat' dir='ltr'><strong>XXXV.</strong></span> 
     </span>
    </p>
   </div>
   <div class='ocr_carea' id='block_1_13' title="bbox 556 1494 2145 1576">
    <p class='ocr_par' dir='ltr' id='par_1_13' title="bbox 556 1494 2145 1576">
     <span class='ocr_line' id='line_1_13' title="bbox 556 1494 2145 1576; baseline -0.008 -15"><span class='ocrx_word' id='word_1_87' title='bbox 556 1507 638 1563; x_wconf 87' lang='lat' dir='ltr'><strong><em>De</em></strong></span> <span class='ocrx_word' id='word_1_88' title='bbox 653 1503 809 1563; x_wconf 73' lang='lat' dir='ltr'><strong><em>Iosia</em></strong></span> <span class='ocrx_word' id='word_1_89' title='bbox 831 1520 949 1576; x_wconf 82' lang='lat' dir='ltr'><strong><em>rege</em></strong></span> <span class='ocrx_word' id='word_1_90' title='bbox 961 1512 1019 1576; x_wconf 59' lang='lat' dir='ltr'><strong><em>et</em></strong></span> <span class='ocrx_word' id='word_1_91' title='bbox 1039 1502 1200 1576; x_wconf 70' lang='lat' dir='ltr'><strong><em>bonis</em></strong></span> <span class='ocrx_word' id='word_1_92' title='bbox 1210 1499 1413 1576; x_wconf 74' lang='lat' dir='ltr'><strong><em>actibus</em></strong></span> <span class='ocrx_word' id='word_1_93' title='bbox 1435 1497 1602 1576; x_wconf 75' lang='lat' dir='ltr'><strong><em>illius,</em></strong></span> <span class='ocrx_word' id='word_1_94' title='bbox 1626 1511 1781 1576; x_wconf 70' lang='lat' dir='ltr'><strong><em>quem</em></strong></span> <span class='ocrx_word' id='word_1_95' title='bbox 1806 1494 2025 1550; x_wconf 91' lang='lat' dir='ltr'><strong><em>Nechao</em></strong></span> <span class='ocrx_word' id='word_1_96' title='bbox 2053 1509 2145 1549; x_wconf 78' lang='lat' dir='ltr'><strong><em>rea:</em></strong></span> 
     </span>
    </p>
   </div>
   <div class='ocr_carea' id='block_1_14' title="bbox 928 1511 1781 1646">
    <p class='ocr_par' dir='ltr' id='par_1_14' title="bbox 928 1511 1781 1646">
     <span class='ocr_line' id='line_1_14' title="bbox 928 1511 1602 1563; baseline -0.015 -4"><span class='ocrx_word' id='word_1_97' title='bbox 928 1520 949 1559; x_wconf 70' lang='grc' dir='ltr'><em>ε</em></span> <span class='ocrx_word' id='word_1_98' title='bbox 969 1512 1019 1558; x_wconf 94' lang='lat' dir='ltr'><strong><em>et</em></strong></span> <span class='ocrx_word' id='word_1_99' title='bbox 1039 1511 1186 1558; x_wconf 85' lang='lat' dir='ltr'><strong><em>bonis</em></strong></span> <span class='ocrx_word' id='word_1_100' title='bbox 1210 1511 1413 1555; x_wconf 79' lang='lat' dir='ltr'><strong><em>actibus</em></strong></span> <span class='ocrx_word' id='word_1_101' title='bbox 1435 1511 1602 1563; x_wconf 77' lang='lat' dir='ltr'><strong><em>iuius,</em></strong></span> 
     </span>
     <span class='ocr_line' id='line_1_15' title="bbox 928 1511 1781 1646; baseline -0.012 -15"><span class='ocrx_word' id='word_1_102' title='bbox 928 1572 1152 1646; x_wconf 68' lang='lat' dir='ltr'><strong><em>Egypti</em></strong></span> <span class='ocrx_word' id='word_1_103' title='bbox 1180 1572 1238 1626; x_wconf 91' lang='lat' dir='ltr'><strong><em>in</em></strong></span> <span class='ocrx_word' id='word_1_104' title='bbox 1261 1568 1444 1643; x_wconf 65' lang='lat' dir='ltr'><strong><em>proelio</em></strong></span> <span class='ocrx_word' id='word_1_105' title='bbox 1477 1511 1781 1638; x_wconf 55' lang='lat' dir='ltr'><strong><em>interm</em></strong></span> 
     </span>
    </p>
   </div>
   <div class='ocr_carea' id='block_1_15' title="bbox 626 1676 2143 1751">
    <p class='ocr_par' dir='ltr' id='par_1_15' title="bbox 626 1676 2143 1751">
     <span class='ocr_line' id='line_1_16' title="bbox 626 1676 2143 1751; baseline -0.009 -6"><span class='ocrx_word' id='word_1_106' title='bbox 626 1690 780 1745; x_wconf 83' lang='lat' dir='ltr'><strong><em>Fecit</em></strong></span> <span class='ocrx_word' id='word_1_107' title='bbox 809 1695 986 1744; x_wconf 88' lang='lat' dir='ltr'><strong><em>autem</em></strong></span> <span class='ocrx_word' id='word_1_108' title='bbox 1020 1684 1199 1741; x_wconf 80' lang='lat' dir='ltr'><strong><em>Josias</em></strong></span> <span class='ocrx_word' id='word_1_109' title='bbox 1227 1685 1283 1739; x_wconf 90' lang='lat' dir='ltr'><strong><em>in</em></strong></span> <span class='ocrx_word' id='word_1_110' title='bbox 1326 1681 1665 1738; x_wconf 84' lang='lat' dir='ltr'><strong><em>Hierusalem</em></strong></span> <span class='ocrx_word' id='word_1_111' title='bbox 1705 1676 1867 1751; x_wconf 80' lang='lat' dir='ltr'><strong><em>phase</em></strong></span> <span class='ocrx_word' id='word_1_112' title='bbox 1894 1678 2143 1745; x_wconf 89' lang='lat' dir='ltr'><strong><em>Domino,</em></strong></span> 
     </span>
    </p>
   </div>
   <div class='ocr_carea' id='block_1_16' title="bbox 553 1774 2141 1857">
    <p class='ocr_par' dir='ltr' id='par_1_16' title="bbox 553 1774 2141 1857">
     <span class='ocr_line' id='line_1_17' title="bbox 553 1774 2141 1857; baseline -0.008 -17"><span class='ocrx_word' id='word_1_113' title='bbox 553 1784 693 1857; x_wconf 89' lang='lat' dir='ltr'><strong><em>quod</em></strong></span> <span class='ocrx_word' id='word_1_114' title='bbox 719 1781 1049 1840; x_wconf 86' lang='lat' dir='ltr'><strong><em>immolatum</em></strong></span> <span class='ocrx_word' id='word_1_115' title='bbox 1077 1788 1154 1836; x_wconf 90' lang='lat' dir='ltr'><strong><em>est</em></strong></span> <span class='ocrx_word' id='word_1_116' title='bbox 1181 1787 1374 1852; x_wconf 89' lang='lat' dir='ltr'><strong><em>quarta</em></strong></span> <span class='ocrx_word' id='word_1_117' title='bbox 1403 1778 1610 1832; x_wconf 88' lang='lat' dir='ltr'><strong><em>decima</em></strong></span> <span class='ocrx_word' id='word_1_118' title='bbox 1633 1775 1721 1857; x_wconf 81' lang='lat' dir='ltr'><strong><em>die</em></strong></span> <span class='ocrx_word' id='word_1_119' title='bbox 1748 1775 1939 1830; x_wconf 88' lang='lat' dir='ltr'><strong><em>mensis</em></strong></span> <span class='ocrx_word' id='word_1_120' title='bbox 1964 1774 2141 1857; x_wconf 81' lang='lat' dir='ltr'><strong><em>primi,</em></strong></span> 
     </span>
    </p>
   </div>
   <div class='ocr_carea' id='block_1_17' title="bbox 553 1854 2144 1941">
    <p class='ocr_par' dir='ltr' id='par_1_17' title="bbox 553 1854 2144 1941">
     <span class='ocr_line' id='line_1_18' title="bbox 553 1854 2144 1941; baseline -0.008 -10"><span class='ocrx_word' id='word_1_121' title='bbox 553 1854 602 1931; x_wconf 76' lang='lat' dir='ltr'><strong><em>et</em></strong></span> <span class='ocrx_word' id='word_1_122' title='bbox 631 1872 902 1929; x_wconf 81' lang='lat' dir='ltr'><strong><em>constituit</em></strong></span> <span class='ocrx_word' id='word_1_123' title='bbox 921 1871 1216 1927; x_wconf 85' lang='lat' dir='ltr'><strong><em>sacerdotes</em></strong></span> <span class='ocrx_word' id='word_1_124' title='bbox 1248 1871 1307 1925; x_wconf 88' lang='lat' dir='ltr'><strong><em>in</em></strong></span> <span class='ocrx_word' id='word_1_125' title='bbox 1329 1869 1509 1941; x_wconf 69' lang='lat' dir='ltr'><strong><em>oﬁiciis</em></strong></span> <span class='ocrx_word' id='word_1_126' title='bbox 1538 1854 1671 1934; x_wconf 83' lang='lat' dir='ltr'><strong><em>suis,</em></strong></span> <span class='ocrx_word' id='word_1_127' title='bbox 1693 1867 2033 1938; x_wconf 83' lang='lat' dir='ltr'><strong><em>hortatusque</em></strong></span> <span class='ocrx_word' id='word_1_128' title='bbox 2068 1854 2144 1919; x_wconf 81' lang='lat' dir='ltr'><strong><em>est</em></strong></span> 
     </span>
    </p>
   </div>
   <div class='ocr_carea' id='block_1_18' title="bbox 553 1959 2146 2030">
    <p class='ocr_par' dir='ltr' id='par_1_18' title="bbox 553 1959 2146 2030">
     <span class='ocr_line' id='line_1_19' title="bbox 553 1959 2146 2030; baseline -0.007 -6"><span class='ocrx_word' id='word_1_129' title='bbox 553 1986 641 2024; x_wconf 87' lang='lat' dir='ltr'><strong><em>eos</em></strong></span> <span class='ocrx_word' id='word_1_130' title='bbox 664 1977 724 2023; x_wconf 91' lang='lat' dir='ltr'><strong><em>ut</em></strong></span> <span class='ocrx_word' id='word_1_131' title='bbox 747 1967 1107 2023; x_wconf 82' lang='lat' dir='ltr'><strong><em>ministrarent</em></strong></span> <span class='ocrx_word' id='word_1_132' title='bbox 1152 1966 1212 2020; x_wconf 90' lang='lat' dir='ltr'><strong><em>in</em></strong></span> <span class='ocrx_word' id='word_1_133' title='bbox 1252 1964 1408 2018; x_wconf 92' lang='lat' dir='ltr'><strong><em>domo</em></strong></span> <span class='ocrx_word' id='word_1_134' title='bbox 1453 1960 1687 2017; x_wconf 80' lang='lat' dir='ltr'><strong><em>Domini.</em></strong></span> <span class='ocrx_word' id='word_1_135' title='bbox 1725 1959 1916 2015; x_wconf 81' lang='lat' dir='ltr'><strong><em>Levitis</em></strong></span> <span class='ocrx_word' id='word_1_136' title='bbox 1943 1974 2146 2030; x_wconf 90' lang='lat' dir='ltr'><strong><em>quoque</em></strong></span> 
     </span>
    </p>
   </div>
   <div class='ocr_carea' id='block_1_19' title="bbox 552 2050 2146 2134">
    <p class='ocr_par' dir='ltr' id='par_1_19' title="bbox 552 2050 2146 2134">
     <span class='ocr_line' id='line_1_20' title="bbox 552 2050 2146 2134; baseline -0.009 -16"><span class='ocrx_word' id='word_1_137' title='bbox 552 2063 623 2117; x_wconf 89' lang='lat' dir='ltr'><strong><em>ad</em></strong></span> <span class='ocrx_word' id='word_1_138' title='bbox 647 2077 872 2134; x_wconf 89' lang='lat' dir='ltr'><strong><em>quorum</em></strong></span> <span class='ocrx_word' id='word_1_139' title='bbox 898 2058 1248 2115; x_wconf 85' lang='lat' dir='ltr'><strong><em>eruditionem</em></strong></span> <span class='ocrx_word' id='word_1_140' title='bbox 1269 2056 1439 2112; x_wconf 88' lang='lat' dir='ltr'><strong><em>omnis</em></strong></span> <span class='ocrx_word' id='word_1_141' title='bbox 1466 2051 1640 2109; x_wconf 89' lang='lat' dir='ltr'><strong><em>Israel</em></strong></span> <span class='ocrx_word' id='word_1_142' title='bbox 1662 2050 2094 2121; x_wconf 79' lang='lat' dir='ltr'><strong><em>sanctiﬁcabatur</em></strong></span> <span class='ocrx_word' id='word_1_143' title='bbox 2111 2066 2146 2104; x_wconf 91' lang='lat' dir='ltr'><strong><em>a</em></strong></span> 
     </span>
    </p>
   </div>
   <div class='ocr_carea' id='block_1_20' title="bbox 550 2144 2147 2211">
    <p class='ocr_par' dir='ltr' id='par_1_20' title="bbox 550 2144 2147 2211">
     <span class='ocr_line' id='line_1_21' title="bbox 550 2144 2147 2211; baseline -0.008 -2"><span class='ocrx_word' id='word_1_144' title='bbox 550 2154 780 2211; x_wconf 90' lang='lat' dir='ltr'><strong><em>Domino</em></strong></span> <span class='ocrx_word' id='word_1_145' title='bbox 805 2151 1017 2207; x_wconf 88' lang='lat' dir='ltr'><strong><em>locutus</em></strong></span> <span class='ocrx_word' id='word_1_146' title='bbox 1035 2159 1112 2206; x_wconf 91' lang='lat' dir='ltr'><strong><em>est</em></strong></span> <span class='ocrx_word' id='word_1_147' title='bbox 1141 2167 1159 2205; x_wconf 89' lang='lat'><strong><em>:</em></strong></span> <span class='ocrx_word' id='word_1_148' title='bbox 1182 2147 1374 2203; x_wconf 85' lang='lat' dir='ltr'><strong><em>Ponite</em></strong></span> <span class='ocrx_word' id='word_1_149' title='bbox 1404 2164 1595 2202; x_wconf 79' lang='lat' dir='ltr'><strong><em>arcam</em></strong></span> <span class='ocrx_word' id='word_1_150' title='bbox 1610 2146 1665 2199; x_wconf 90' lang='lat' dir='ltr'><strong><em>in</em></strong></span> <span class='ocrx_word' id='word_1_151' title='bbox 1687 2144 1991 2200; x_wconf 82' lang='lat' dir='ltr'><strong><em>sanctuario</em></strong></span> <span class='ocrx_word' id='word_1_152' title='bbox 2018 2151 2147 2198; x_wconf 85' lang='lat' dir='ltr'><strong><em>tem-</em></strong></span> 
     </span>
    </p>
   </div>
   <div class='ocr_carea' id='block_1_21' title="bbox 550 2236 2146 2320">
    <p class='ocr_par' dir='ltr' id='par_1_21' title="bbox 550 2236 2146 2320">
     <span class='ocr_line' id='line_1_22' title="bbox 550 2236 2146 2320; baseline -0.008 -18"><span class='ocrx_word' id='word_1_153' title='bbox 550 2248 625 2319; x_wconf 84' lang='lat' dir='ltr'><strong><em>pli</em></strong></span> <span class='ocrx_word' id='word_1_154' title='bbox 650 2247 790 2320; x_wconf 89' lang='lat' dir='ltr'><strong><em>quod</em></strong></span> <span class='ocrx_word' id='word_1_155' title='bbox 821 2245 1101 2315; x_wconf 64' lang='lat' dir='ltr'><strong><em>aediﬁcavit</em></strong></span> <span class='ocrx_word' id='word_1_156' title='bbox 1128 2243 1380 2300; x_wconf 88' lang='lat' dir='ltr'><strong><em>Salomon</em></strong></span> <span class='ocrx_word' id='word_1_157' title='bbox 1414 2242 1559 2313; x_wconf 84' lang='lat' dir='ltr'><strong><em>ﬁlius</em></strong></span> <span class='ocrx_word' id='word_1_158' title='bbox 1582 2240 1754 2295; x_wconf 91' lang='lat' dir='ltr'><strong><em>David</em></strong></span> <span class='ocrx_word' id='word_1_159' title='bbox 1796 2254 1889 2293; x_wconf 75' lang='lat' dir='ltr'><strong><em>rea:</em></strong></span> <span class='ocrx_word' id='word_1_160' title='bbox 1933 2236 2146 2304; x_wconf 85' lang='lat' dir='ltr'><strong><em>Israel;</em></strong></span> 
     </span>
    </p>
   </div>
   <div class='ocr_carea' id='block_1_22' title="bbox 552 2329 2151 2408">
    <p class='ocr_par' dir='ltr' id='par_1_22' title="bbox 552 2329 2151 2408">
     <span class='ocr_line' id='line_1_23' title="bbox 552 2329 2151 2408; baseline -0.004 -16"><span class='ocrx_word' id='word_1_161' title='bbox 552 2353 885 2408; x_wconf 84' lang='lat' dir='ltr'><strong><em>nequaquam</em></strong></span> <span class='ocrx_word' id='word_1_162' title='bbox 914 2336 1053 2392; x_wconf 87' lang='lat' dir='ltr'><strong><em>enim</em></strong></span> <span class='ocrx_word' id='word_1_163' title='bbox 1099 2335 1244 2389; x_wconf 88' lang='lat' dir='ltr'><strong><em>ultra</em></strong></span> <span class='ocrx_word' id='word_1_164' title='bbox 1269 2350 1385 2389; x_wconf 89' lang='lat' dir='ltr'><strong><em>eam</em></strong></span> <span class='ocrx_word' id='word_1_165' title='bbox 1410 2333 1718 2405; x_wconf 84' lang='lat' dir='ltr'><strong><em>portabilis,</em></strong></span> <span class='ocrx_word' id='word_1_166' title='bbox 1767 2339 1873 2387; x_wconf 88' lang='lat' dir='ltr'><strong><em>etc.</em></strong></span> <span class='ocrx_word' id='word_1_167' title='bbox 1905 2329 2151 2386; x_wconf 88' lang='lat' dir='ltr'><strong><em>Tradunt</em></strong></span> 
     </span>
    </p>
   </div>
   <div class='ocr_carea' id='block_1_23' title="bbox 550 2423 2147 2501">
    <p class='ocr_par' dir='ltr' id='par_1_23' title="bbox 550 2423 2147 2501">
     <span class='ocr_line' id='line_1_24' title="bbox 550 2423 2147 2501; baseline -0.005 -17"><span class='ocrx_word' id='word_1_168' title='bbox 550 2430 768 2486; x_wconf 69' lang='lat' dir='ltr'><strong><em>llebraai</em></strong></span> <span class='ocrx_word' id='word_1_169' title='bbox 813 2431 955 2501; x_wconf 90' lang='lat' dir='ltr'><strong><em>quod</em></strong></span> <span class='ocrx_word' id='word_1_170' title='bbox 983 2444 1111 2485; x_wconf 87' lang='lat' dir='ltr'><strong><em>arca</em></strong></span> <span class='ocrx_word' id='word_1_171' title='bbox 1136 2429 1355 2484; x_wconf 86' lang='lat' dir='ltr'><strong><em>Domini</em></strong></span> <span class='ocrx_word' id='word_1_172' title='bbox 1399 2442 1563 2499; x_wconf 87' lang='lat' dir='ltr'><strong><em>quam</em></strong></span> <span class='ocrx_word' id='word_1_173' title='bbox 1591 2426 1755 2481; x_wconf 89' lang='lat' dir='ltr'><strong><em>modo</em></strong></span> <span class='ocrx_word' id='word_1_174' title='bbox 1803 2424 1859 2479; x_wconf 89' lang='lat' dir='ltr'><strong><em>in</em></strong></span> <span class='ocrx_word' id='word_1_175' title='bbox 1887 2423 2147 2493; x_wconf 89' lang='lat' dir='ltr'><strong><em>templum</em></strong></span> 
     </span>
    </p>
   </div>
   <div class='ocr_carea' id='block_1_24' title="bbox 504 2519 2145 2593">
    <p class='ocr_par' dir='ltr' id='par_1_24' title="bbox 504 2519 2145 2593">
     <span class='ocr_line' id='line_1_25' title="bbox 504 2519 2145 2593; baseline -0.005 -14"><span class='ocrx_word' id='word_1_176' title='bbox 504 2543 517 2553; x_wconf 63' lang='grc' dir='ltr'><strong><em>ι</em></strong></span> <span class='ocrx_word' id='word_1_177' title='bbox 552 2522 732 2579; x_wconf 87' lang='lat' dir='ltr'><strong><em>Josias</em></strong></span> <span class='ocrx_word' id='word_1_178' title='bbox 761 2523 947 2578; x_wconf 87' lang='lat' dir='ltr'><strong><em>reduci</em></strong></span> <span class='ocrx_word' id='word_1_179' title='bbox 972 2522 1233 2593; x_wconf 71' lang='lat' dir='ltr'><strong><em>praecepit</em></strong></span> <span class='ocrx_word' id='word_1_180' title='bbox 1273 2520 1449 2577; x_wconf 86' lang='lat' dir='ltr'><strong><em>delata</em></strong></span> <span class='ocrx_word' id='word_1_181' title='bbox 1477 2520 1643 2575; x_wconf 83' lang='lat' dir='ltr'><strong><em>fuerit</em></strong></span> <span class='ocrx_word' id='word_1_182' title='bbox 1675 2520 1743 2575; x_wconf 89' lang='lat' dir='ltr'><strong><em>de</em></strong></span> <span class='ocrx_word' id='word_1_183' title='bbox 1768 2519 1972 2589; x_wconf 84' lang='lat' dir='ltr'><strong><em>templo</em></strong></span> <span class='ocrx_word' id='word_1_184' title='bbox 2008 2524 2145 2573; x_wconf 89' lang='lat' dir='ltr'><strong><em>tem-</em></strong></span> 
     </span>
    </p>
   </div>
   <div class='ocr_carea' id='block_1_25' title="bbox 551 2611 2149 2686">
    <p class='ocr_par' dir='ltr' id='par_1_25' title="bbox 551 2611 2149 2686">
     <span class='ocr_line' id='line_1_26' title="bbox 551 2611 2149 2686; baseline -0.003 -16"><span class='ocrx_word' id='word_1_185' title='bbox 551 2630 687 2686; x_wconf 88' lang='lat' dir='ltr'><strong><em>pore</em></strong></span> <span class='ocrx_word' id='word_1_186' title='bbox 698 2613 903 2680; x_wconf 82' lang='lat' dir='ltr'><strong><em>Achaz,</em></strong></span> <span class='ocrx_word' id='word_1_187' title='bbox 929 2615 1146 2685; x_wconf 86' lang='lat' dir='ltr'><strong><em>quando</em></strong></span> <span class='ocrx_word' id='word_1_188' title='bbox 1166 2613 1457 2670; x_wconf 87' lang='lat' dir='ltr'><strong><em>simulacra</em></strong></span> <span class='ocrx_word' id='word_1_189' title='bbox 1478 2613 1547 2668; x_wconf 89' lang='lat' dir='ltr'><strong><em>ab</em></strong></span> <span class='ocrx_word' id='word_1_190' title='bbox 1559 2627 1624 2668; x_wconf 92' lang='lat' dir='ltr'><strong><em>eo</em></strong></span> <span class='ocrx_word' id='word_1_191' title='bbox 1639 2613 1694 2667; x_wconf 91' lang='lat' dir='ltr'><strong><em>in</em></strong></span> <span class='ocrx_word' id='word_1_192' title='bbox 1708 2611 1969 2681; x_wconf 88' lang='lat' dir='ltr'><strong><em>templum</em></strong></span> <span class='ocrx_word' id='word_1_193' title='bbox 1983 2612 2149 2666; x_wconf 88' lang='lat' dir='ltr'><strong><em>missa</em></strong></span> 
     </span>
    </p>
   </div>
   <div class='ocr_carea' id='block_1_26' title="bbox 552 2700 2150 2773">
    <p class='ocr_par' dir='ltr' id='par_1_26' title="bbox 552 2700 2150 2773">
     <span class='ocr_line' id='line_1_27' title="bbox 552 2700 2150 2773; baseline -0.003 -12"><span class='ocrx_word' id='word_1_194' title='bbox 552 2716 699 2773; x_wconf 89' lang='lat' dir='ltr'><strong><em>sunt,</em></strong></span> <span class='ocrx_word' id='word_1_195' title='bbox 729 2713 786 2761; x_wconf 90' lang='lat' dir='ltr'><strong><em>et</em></strong></span> <span class='ocrx_word' id='word_1_196' title='bbox 819 2706 981 2762; x_wconf 87' lang='lat' dir='ltr'><strong><em>ducta</em></strong></span> <span class='ocrx_word' id='word_1_197' title='bbox 1011 2707 1066 2761; x_wconf 91' lang='lat' dir='ltr'><strong><em>in</em></strong></span> <span class='ocrx_word' id='word_1_198' title='bbox 1093 2706 1313 2761; x_wconf 89' lang='lat' dir='ltr'><strong><em>domum</em></strong></span> <span class='ocrx_word' id='word_1_199' title='bbox 1342 2703 1546 2759; x_wconf 88' lang='lat' dir='ltr'><strong><em>Sellum</em></strong></span> <span class='ocrx_word' id='word_1_200' title='bbox 1571 2703 1676 2758; x_wconf 86' lang='lat' dir='ltr'><strong><em>viri</em></strong></span> <span class='ocrx_word' id='word_1_201' title='bbox 1714 2701 1863 2758; x_wconf 70' lang='lat' dir='ltr'><strong><em>Oldae</em></strong></span> <span class='ocrx_word' id='word_1_202' title='bbox 1899 2700 2150 2756; x_wconf 82' lang='lat' dir='ltr'><strong><em>avunculi</em></strong></span> 
     </span>
    </p>
   </div>
   <div class='ocr_carea' id='block_1_27' title="bbox 550 2786 2150 2865">
    <p class='ocr_par' dir='ltr' id='par_1_27' title="bbox 550 2786 2150 2865">
     <span class='ocr_line' id='line_1_28' title="bbox 550 2786 2150 2865; baseline -0.004 -14"><span class='ocrx_word' id='word_1_203' title='bbox 550 2793 819 2861; x_wconf 66' lang='lat' dir='ltr'><strong><em>Jeremiaa,</em></strong></span> <span class='ocrx_word' id='word_1_204' title='bbox 843 2795 936 2851; x_wconf 88' lang='lat' dir='ltr'><strong><em>ubi</em></strong></span> <span class='ocrx_word' id='word_1_205' title='bbox 955 2794 1256 2865; x_wconf 89' lang='lat' dir='ltr'><strong><em>permansit</em></strong></span> <span class='ocrx_word' id='word_1_206' title='bbox 1283 2794 1461 2864; x_wconf 88' lang='lat' dir='ltr'><strong><em>usque</em></strong></span> <span class='ocrx_word' id='word_1_207' title='bbox 1482 2792 1550 2847; x_wconf 91' lang='lat' dir='ltr'><strong><em>ad</em></strong></span> <span class='ocrx_word' id='word_1_208' title='bbox 1582 2799 1798 2861; x_wconf 88' lang='lat' dir='ltr'><strong><em>tempus</em></strong></span> <span class='ocrx_word' id='word_1_209' title='bbox 1825 2786 2006 2845; x_wconf 68' lang='lat' dir='ltr'><strong><em>Josia).</em></strong></span> <span class='ocrx_word' id='word_1_210' title='bbox 2036 2787 2150 2845; x_wconf 88' lang='lat' dir='ltr'><strong><em>Nec</em></strong></span> 
     </span>
    </p>
   </div>
   <div class='ocr_carea' id='block_1_28' title="bbox 553 2882 2148 2959">
    <p class='ocr_par' dir='ltr' id='par_1_28' title="bbox 553 2882 2148 2959">
     <span class='ocr_line' id='line_1_29' title="bbox 553 2882 2148 2959; baseline -0.006 -14"><span class='ocrx_word' id='word_1_211' title='bbox 553 2889 699 2945; x_wconf 90' lang='lat' dir='ltr'><strong><em>enim</em></strong></span> <span class='ocrx_word' id='word_1_212' title='bbox 721 2895 936 2959; x_wconf 85' lang='lat' dir='ltr'><strong><em>poterat</em></strong></span> <span class='ocrx_word' id='word_1_213' title='bbox 952 2903 1081 2944; x_wconf 89' lang='lat' dir='ltr'><strong><em>arca</em></strong></span> <span class='ocrx_word' id='word_1_214' title='bbox 1110 2888 1208 2944; x_wconf 90' lang='lat' dir='ltr'><strong><em>Dei</em></strong></span> <span class='ocrx_word' id='word_1_215' title='bbox 1236 2904 1360 2943; x_wconf 88' lang='lat' dir='ltr'><strong><em>esse</em></strong></span> <span class='ocrx_word' id='word_1_216' title='bbox 1391 2887 1448 2941; x_wconf 93' lang='lat' dir='ltr'><strong><em>in</em></strong></span> <span class='ocrx_word' id='word_1_217' title='bbox 1477 2886 1598 2942; x_wconf 87' lang='lat' dir='ltr'><strong><em>loco</em></strong></span> <span class='ocrx_word' id='word_1_218' title='bbox 1630 2884 1723 2940; x_wconf 88' lang='lat' dir='ltr'><strong><em>ubi</em></strong></span> <span class='ocrx_word' id='word_1_219' title='bbox 1744 2883 2037 2940; x_wconf 89' lang='lat' dir='ltr'><strong><em>simulacra</em></strong></span> <span class='ocrx_word' id='word_1_220' title='bbox 2062 2882 2148 2937; x_wconf 88' lang='lat' dir='ltr'><strong><em>in-</em></strong></span> 
     </span>
    </p>
   </div>
   <div class='ocr_carea' id='block_1_29' title="bbox 552 2974 2148 3052">
    <p class='ocr_par' dir='ltr' id='par_1_29' title="bbox 552 2974 2148 3052">
     <span class='ocr_line' id='line_1_30' title="bbox 552 2974 2148 3052; baseline -0.003 -17"><span class='ocrx_word' id='word_1_221' title='bbox 552 2980 801 3036; x_wconf 88' lang='lat' dir='ltr'><strong><em>troducta</em></strong></span> <span class='ocrx_word' id='word_1_222' title='bbox 843 2978 1078 3045; x_wconf 84' lang='lat' dir='ltr'><strong><em>fuerant,</em></strong></span> <span class='ocrx_word' id='word_1_223' title='bbox 1113 2987 1169 3036; x_wconf 87' lang='lat' dir='ltr'><strong><em>et</em></strong></span> <span class='ocrx_word' id='word_1_224' title='bbox 1210 2979 1490 3052; x_wconf 82' lang='lat' dir='ltr'><strong><em>gentilium</em></strong></span> <span class='ocrx_word' id='word_1_225' title='bbox 1520 2993 1652 3033; x_wconf 88' lang='lat' dir='ltr'><strong><em>usus</em></strong></span> <span class='ocrx_word' id='word_1_226' title='bbox 1681 2985 1738 3033; x_wconf 90' lang='lat' dir='ltr'><strong><em>et</em></strong></span> <span class='ocrx_word' id='word_1_227' title='bbox 1778 2977 1918 3032; x_wconf 91' lang='lat' dir='ltr'><strong><em>ritus</em></strong></span> <span class='ocrx_word' id='word_1_228' title='bbox 1954 2974 2148 3032; x_wconf 83' lang='lat' dir='ltr'><strong><em>nefan-</em></strong></span> 
     </span>
    </p>
   </div>
   <div class='ocr_carea' id='block_1_30' title="bbox 553 3068 2150 3140">
    <p class='ocr_par' dir='ltr' id='par_1_30' title="bbox 553 3068 2150 3140">
     <span class='ocr_line' id='line_1_31' title="bbox 553 3068 2150 3140; baseline -0.004 -13"><span class='ocrx_word' id='word_1_229' title='bbox 553 3071 812 3128; x_wconf 88' lang='lat' dir='ltr'><strong><em>dissimus</em></strong></span> <span class='ocrx_word' id='word_1_230' title='bbox 831 3076 834 3080; x_wconf 68' lang='grc'>“</span> <span class='ocrx_word' id='word_1_231' title='bbox 856 3072 1270 3128; x_wconf 81' lang='lat' dir='ltr'><strong><em>observabatur.</em></strong></span> <span class='ocrx_word' id='word_1_232' title='bbox 1303 3070 1459 3139; x_wconf 84' lang='lat' dir='ltr'><strong><em>Quod</em></strong></span> <span class='ocrx_word' id='word_1_233' title='bbox 1490 3072 1690 3125; x_wconf 81' lang='lat' dir='ltr'><strong><em>autem</em></strong></span> <span class='ocrx_word' id='word_1_234' title='bbox 1718 3068 2013 3140; x_wconf 64' lang='lat' dir='ltr'><strong><em>praedictus</em></strong></span> <span class='ocrx_word' id='word_1_235' title='bbox 2052 3082 2150 3123; x_wconf 79' lang='lat' dir='ltr'><strong><em>rex</em></strong></span> 
     </span>
    </p>
   </div>
   <div class='ocr_carea' id='block_1_31' title="bbox 551 3159 2151 3232">
    <p class='ocr_par' dir='ltr' id='par_1_31' title="bbox 551 3159 2151 3232">
     <span class='ocr_line' id='line_1_32' title="bbox 551 3159 2151 3232; baseline -0.001 -15"><span class='ocrx_word' id='word_1_236' title='bbox 551 3160 740 3231; x_wconf 87' lang='lat' dir='ltr'><strong><em>ejectis</em></strong></span> <span class='ocrx_word' id='word_1_237' title='bbox 768 3162 927 3219; x_wconf 89' lang='lat' dir='ltr'><strong><em>idolis</em></strong></span> <span class='ocrx_word' id='word_1_238' title='bbox 952 3163 1017 3218; x_wconf 92' lang='lat' dir='ltr'><strong><em>de</em></strong></span> <span class='ocrx_word' id='word_1_239' title='bbox 1046 3171 1213 3231; x_wconf 88' lang='lat' dir='ltr'><strong><em>terra,</em></strong></span> <span class='ocrx_word' id='word_1_240' title='bbox 1259 3178 1361 3219; x_wconf 88' lang='lat' dir='ltr'><strong><em>nec</em></strong></span> <span class='ocrx_word' id='word_1_241' title='bbox 1405 3177 1512 3219; x_wconf 90' lang='lat' dir='ltr'><strong><em>non</em></strong></span> <span class='ocrx_word' id='word_1_242' title='bbox 1539 3161 1854 3232; x_wconf 88' lang='lat' dir='ltr'><strong><em>pbitonibus</em></strong></span> <span class='ocrx_word' id='word_1_243' title='bbox 1877 3168 1934 3216; x_wconf 88' lang='lat' dir='ltr'><strong><em>et</em></strong></span> <span class='ocrx_word' id='word_1_244' title='bbox 1963 3159 2151 3216; x_wconf 89' lang='lat' dir='ltr'><strong><em>ariolis</em></strong></span> 
     </span>
    </p>
   </div>
   <div class='ocr_carea' id='block_1_32' title="bbox 552 3252 2147 3325">
    <p class='ocr_par' dir='ltr' id='par_1_32' title="bbox 552 3252 2147 3325">
     <span class='ocr_line' id='line_1_33' title="bbox 552 3252 2147 3325; baseline -0.001 -16"><span class='ocrx_word' id='word_1_245' title='bbox 552 3264 610 3309; x_wconf 89' lang='lat' dir='ltr'><strong><em>et</em></strong></span> <span class='ocrx_word' id='word_1_246' title='bbox 673 3256 925 3310; x_wconf 88' lang='lat' dir='ltr'><strong><em>omnibus</em></strong></span> <span class='ocrx_word' id='word_1_247' title='bbox 994 3255 1356 3311; x_wconf 89' lang='lat' dir='ltr'><strong><em>immunditiis</em></strong></span> <span class='ocrx_word' id='word_1_248' title='bbox 1424 3264 1586 3325; x_wconf 89' lang='lat' dir='ltr'><strong><em>atque</em></strong></span> <span class='ocrx_word' id='word_1_249' title='bbox 1648 3252 2147 3310; x_wconf 88' lang='lat' dir='ltr'><strong><em>abominationibus</em></strong></span> 
     </span>
    </p>
   </div>
   <div class='ocr_carea' id='block_1_33' title="bbox 553 3345 2151 3420">
    <p class='ocr_par' dir='ltr' id='par_1_33' title="bbox 553 3345 2151 3420">
     <span class='ocr_line' id='line_1_34' title="bbox 553 3345 2151 3420; baseline -0.001 -18"><span class='ocrx_word' id='word_1_250' title='bbox 553 3348 771 3415; x_wconf 88' lang='lat' dir='ltr'><strong><em>ablatis,</em></strong></span> <span class='ocrx_word' id='word_1_251' title='bbox 802 3348 854 3402; x_wconf 91' lang='lat' dir='ltr'><strong><em>in</em></strong></span> <span class='ocrx_word' id='word_1_252' title='bbox 891 3356 1084 3404; x_wconf 89' lang='lat' dir='ltr'><strong><em>octavo</em></strong></span> <span class='ocrx_word' id='word_1_253' title='bbox 1122 3364 1264 3404; x_wconf 91' lang='lat' dir='ltr'><strong><em>anno</em></strong></span> <span class='ocrx_word' id='word_1_254' title='bbox 1309 3348 1459 3420; x_wconf 91' lang='lat' dir='ltr'><strong><em>regni</em></strong></span> <span class='ocrx_word' id='word_1_255' title='bbox 1489 3347 1572 3403; x_wconf 89' lang='lat' dir='ltr'><strong><em>sui</em></strong></span> <span class='ocrx_word' id='word_1_256' title='bbox 1593 3346 1825 3402; x_wconf 89' lang='lat' dir='ltr'><strong><em>Domino</em></strong></span> <span class='ocrx_word' id='word_1_257' title='bbox 1859 3345 2037 3402; x_wconf 90' lang='lat' dir='ltr'><strong><em>Phase</em></strong></span> <span class='ocrx_word' id='word_1_258' title='bbox 2060 3361 2151 3401; x_wconf 90' lang='lat' dir='ltr'><strong><em>ce-</em></strong></span> 
     </span>
    </p>
   </div>
   <div class='ocr_carea' id='block_1_34' title="bbox 558 3438 2155 3511">
    <p class='ocr_par' dir='ltr' id='par_1_34' title="bbox 558 3438 2155 3511">
     <span class='ocr_line' id='line_1_35' title="bbox 558 3438 2155 3511; baseline -0.001 -14"><span class='ocrx_word' id='word_1_259' title='bbox 558 3438 914 3497; x_wconf 87' lang='lat' dir='ltr'><strong><em>leberrimum</em></strong></span> <span class='ocrx_word' id='word_1_260' title='bbox 962 3440 1157 3496; x_wconf 85' lang='lat' dir='ltr'><strong><em>fecisse</em></strong></span> <span class='ocrx_word' id='word_1_261' title='bbox 1205 3440 1422 3511; x_wconf 80' lang='lat' dir='ltr'><strong><em>legitur,</em></strong></span> <span class='ocrx_word' id='word_1_262' title='bbox 1473 3438 1757 3495; x_wconf 87' lang='lat' dir='ltr'><strong><em>moraliter</em></strong></span> <span class='ocrx_word' id='word_1_263' title='bbox 1781 3440 1942 3495; x_wconf 88' lang='lat' dir='ltr'><strong><em>docet</em></strong></span> <span class='ocrx_word' id='word_1_264' title='bbox 1965 3454 2067 3495; x_wconf 91' lang='lat' dir='ltr'><strong><em>nos</em></strong></span> <span class='ocrx_word' id='word_1_265' title='bbox 2092 3445 2155 3495; x_wconf 88' lang='lat' dir='ltr'><strong><em>ut</em></strong></span> 
     </span>
    </p>
   </div>
   <div class='ocr_carea' id='block_1_35' title="bbox 555 3528 2153 3600">
    <p class='ocr_par' dir='ltr' id='par_1_35' title="bbox 555 3528 2153 3600">
     <span class='ocr_line' id='line_1_36' title="bbox 555 3528 2153 3600; baseline 0 -16"><span class='ocrx_word' id='word_1_266' title='bbox 555 3544 853 3600; x_wconf 80' lang='lat' dir='ltr'><strong><em>purgemus</em></strong></span> <span class='ocrx_word' id='word_1_267' title='bbox 877 3530 1116 3596; x_wconf 81' lang='lat' dir='ltr'><strong><em>primum</em></strong></span> <span class='ocrx_word' id='word_1_268' title='bbox 1140 3537 1345 3586; x_wconf 88' lang='lat' dir='ltr'><strong><em>terram</em></strong></span> <span class='ocrx_word' id='word_1_269' title='bbox 1373 3530 1555 3585; x_wconf 90' lang='lat' dir='ltr'><strong><em>cordis</em></strong></span> <span class='ocrx_word' id='word_1_270' title='bbox 1599 3529 1777 3585; x_wconf 86' lang='lat' dir='ltr'><strong><em>nostri</em></strong></span> <span class='ocrx_word' id='word_1_271' title='bbox 1803 3529 1873 3583; x_wconf 85' lang='lat' dir='ltr'><strong><em>ab</em></strong></span> <span class='ocrx_word' id='word_1_272' title='bbox 1899 3528 2153 3585; x_wconf 85' lang='lat' dir='ltr'><strong><em>omnibus</em></strong></span> 
     </span>
    </p>
   </div>
   <div class='ocr_carea' id='block_1_36' title="bbox 554 3617 2156 3689">
    <p class='ocr_par' dir='ltr' id='par_1_36' title="bbox 554 3617 2156 3689">
     <span class='ocr_line' id='line_1_37' title="bbox 554 3617 2156 3689; baseline 0.003 -16"><span class='ocrx_word' id='word_1_273' title='bbox 554 3619 707 3673; x_wconf 80' lang='lat' dir='ltr'><strong><em>vitiis</em></strong></span> <span class='ocrx_word' id='word_1_274' title='bbox 732 3625 788 3673; x_wconf 90' lang='lat' dir='ltr'><strong><em>et</em></strong></span> <span class='ocrx_word' id='word_1_275' title='bbox 814 3617 1137 3674; x_wconf 90' lang='lat' dir='ltr'><strong><em>mundemus</em></strong></span> <span class='ocrx_word' id='word_1_276' title='bbox 1176 3628 1331 3676; x_wconf 90' lang='lat' dir='ltr'><strong><em>actus</em></strong></span> <span class='ocrx_word' id='word_1_277' title='bbox 1372 3627 1592 3675; x_wconf 90' lang='lat' dir='ltr'><strong><em>nostros</em></strong></span> <span class='ocrx_word' id='word_1_278' title='bbox 1614 3620 1684 3675; x_wconf 86' lang='lat' dir='ltr'><strong><em>ab</em></strong></span> <span class='ocrx_word' id='word_1_279' title='bbox 1724 3620 1873 3674; x_wconf 90' lang='lat' dir='ltr'><strong><em>omni</em></strong></span> <span class='ocrx_word' id='word_1_280' title='bbox 1905 3619 2156 3689; x_wconf 66' lang='lat' dir='ltr'><strong><em>inquinas-</em></strong></span> 
     </span>
    </p>
   </div>
   <div class='ocr_carea' id='block_1_37' title="bbox 558 3709 2156 3780">
    <p class='ocr_par' dir='ltr' id='par_1_37' title="bbox 558 3709 2156 3780">
     <span class='ocr_line' id='line_1_38' title="bbox 558 3709 2156 3780; baseline 0 -17"><span class='ocrx_word' id='word_1_281' title='bbox 558 3716 746 3764; x_wconf 86' lang='lat' dir='ltr'><strong><em>mento</em></strong></span> <span class='ocrx_word' id='word_1_282' title='bbox 770 3716 1140 3778; x_wconf 85' lang='lat' dir='ltr'><strong><em>peccatorum,</em></strong></span> <span class='ocrx_word' id='word_1_283' title='bbox 1171 3718 1228 3763; x_wconf 86' lang='lat' dir='ltr'><strong><em>et</em></strong></span> <span class='ocrx_word' id='word_1_284' title='bbox 1257 3710 1325 3766; x_wconf 90' lang='lat' dir='ltr'><strong><em>ab</em></strong></span> <span class='ocrx_word' id='word_1_285' title='bbox 1366 3709 1620 3780; x_wconf 87' lang='lat' dir='ltr'><strong><em>operibus</em></strong></span> <span class='ocrx_word' id='word_1_286' title='bbox 1670 3710 1901 3765; x_wconf 89' lang='lat' dir='ltr'><strong><em>mortuis</em></strong></span> <span class='ocrx_word' id='word_1_287' title='bbox 1950 3717 2013 3763; x_wconf 91' lang='lat' dir='ltr'><strong><em>ut</em></strong></span> <span class='ocrx_word' id='word_1_288' title='bbox 2040 3723 2156 3764; x_wconf 88' lang='lat' dir='ltr'><strong><em>ser-</em></strong></span> 
     </span>
    </p>
   </div>
   <div class='ocr_carea' id='block_1_38' title="bbox 556 3798 2153 3873">
    <p class='ocr_par' dir='ltr' id='par_1_38' title="bbox 556 3798 2153 3873">
     <span class='ocr_line' id='line_1_39' title="bbox 556 3798 2153 3873; baseline -0.001 -18"><span class='ocrx_word' id='word_1_289' title='bbox 556 3799 679 3855; x_wconf 87' lang='lat' dir='ltr'><strong><em>vire</em></strong></span> <span class='ocrx_word' id='word_1_290' title='bbox 704 3800 973 3871; x_wconf 87' lang='lat' dir='ltr'><strong><em>possimus</em></strong></span> <span class='ocrx_word' id='word_1_291' title='bbox 1014 3801 1125 3857; x_wconf 87' lang='lat' dir='ltr'><strong><em>Deo</em></strong></span> <span class='ocrx_word' id='word_1_292' title='bbox 1150 3800 1375 3865; x_wconf 80' lang='lat' dir='ltr'><strong><em>viventi,</em></strong></span> <span class='ocrx_word' id='word_1_293' title='bbox 1416 3800 1602 3871; x_wconf 89' lang='lat' dir='ltr'><strong><em>sicque</em></strong></span> <span class='ocrx_word' id='word_1_294' title='bbox 1655 3809 1870 3873; x_wconf 88' lang='lat' dir='ltr'><strong><em>gratum</em></strong></span> <span class='ocrx_word' id='word_1_295' title='bbox 1918 3798 2153 3855; x_wconf 90' lang='lat' dir='ltr'><strong><em>Domino</em></strong></span> 
     </span>
    </p>
   </div>
   <div class='ocr_carea' id='block_1_39' title="bbox 559 3890 2158 3964">
    <p class='ocr_par' dir='ltr' id='par_1_39' title="bbox 559 3890 2158 3964">
     <span class='ocr_line' id='line_1_40' title="bbox 559 3890 2158 3964; baseline -0.001 -17"><span class='ocrx_word' id='word_1_296' title='bbox 559 3890 899 3948; x_wconf 86' lang='lat' dir='ltr'><strong><em>celebremus</em></strong></span> <span class='ocrx_word' id='word_1_297' title='bbox 940 3891 1151 3949; x_wconf 85' lang='lat' dir='ltr'><strong><em>Pascha</em></strong></span> <span class='ocrx_word' id='word_1_298' title='bbox 1181 3907 1197 3946; x_wconf 88' lang='lat'><strong>:</strong></span> <span class='ocrx_word' id='word_1_299' title='bbox 1227 3891 1352 3947; x_wconf 90' lang='lat' dir='ltr'><strong><em>Non</em></strong></span> <span class='ocrx_word' id='word_1_300' title='bbox 1406 3893 1585 3964; x_wconf 82' lang='lat' dir='ltr'><strong><em>utique</em></strong></span> <span class='ocrx_word' id='word_1_301' title='bbox 1612 3893 1667 3946; x_wconf 90' lang='lat' dir='ltr'><strong><em>in</em></strong></span> <span class='ocrx_word' id='word_1_302' title='bbox 1712 3892 1966 3963; x_wconf 85' lang='lat' dir='ltr'><strong><em>fermento</em></strong></span> <span class='ocrx_word' id='word_1_303' title='bbox 2008 3891 2158 3945; x_wconf 88' lang='lat' dir='ltr'><strong><em>mali-</em></strong></span> 
     </span>
    </p>
   </div>
   <div class='ocr_carea' id='block_1_40' title="bbox 561 3983 2157 4054">
    <p class='ocr_par' dir='ltr' id='par_1_40' title="bbox 561 3983 2157 4054">
     <span class='ocr_line' id='line_1_41' title="bbox 561 3983 2157 4054; baseline 0.001 -19"><span class='ocrx_word' id='word_1_304' title='bbox 561 3984 649 4036; x_wconf 64' lang='lat' dir='ltr'><strong><em>tia:</em></strong></span> <span class='ocrx_word' id='word_1_305' title='bbox 670 3991 719 4036; x_wconf 90' lang='lat' dir='ltr'><strong><em>et</em></strong></span> <span class='ocrx_word' id='word_1_306' title='bbox 748 3983 1018 4054; x_wconf 73' lang='lat' dir='ltr'><strong><em>nequitiaz,</em></strong></span> <span class='ocrx_word' id='word_1_307' title='bbox 1044 3983 1135 4037; x_wconf 89' lang='lat' dir='ltr'><strong><em>sed</em></strong></span> <span class='ocrx_word' id='word_1_308' title='bbox 1162 3984 1219 4038; x_wconf 90' lang='lat' dir='ltr'><strong><em>in</em></strong></span> <span class='ocrx_word' id='word_1_309' title='bbox 1258 3983 1459 4053; x_wconf 77' lang='lat' dir='ltr'><strong><em>azymis</em></strong></span> <span class='ocrx_word' id='word_1_310' title='bbox 1501 3983 1820 4037; x_wconf 85' lang='lat' dir='ltr'><strong><em>sinceritatis</em></strong></span> <span class='ocrx_word' id='word_1_311' title='bbox 1847 3993 1894 4038; x_wconf 90' lang='lat' dir='ltr'><strong><em>et</em></strong></span> <span class='ocrx_word' id='word_1_312' title='bbox 1924 3983 2157 4038; x_wconf 86' lang='lat' dir='ltr'><strong><em>veritatis</em></strong></span> 
     </span>
    </p>
   </div>
   <div class='ocr_carea' id='block_1_41' title="bbox 562 4071 2159 4145">
    <p class='ocr_par' dir='ltr' id='par_1_41' title="bbox 562 4071 2159 4145">
     <span class='ocr_line' id='line_1_42' title="bbox 562 4071 2159 4145; baseline 0.001 -19"><span class='ocrx_word' id='word_1_313' title='bbox 562 4072 628 4144; x_wconf 90' lang='lat' dir='ltr'><strong><em>(I</em></strong></span> <span class='ocrx_word' id='word_1_314' title='bbox 655 4072 779 4127; x_wconf 83' lang='lat' dir='ltr'><strong><em>Cor.</em></strong></span> <span class='ocrx_word' id='word_1_315' title='bbox 809 4073 886 4145; x_wconf 88' lang='lat' dir='ltr'><strong><em>v).</em></strong></span> <span class='ocrx_word' id='word_1_316' title='bbox 920 4072 1231 4129; x_wconf 88' lang='lat' dir='ltr'><strong><em>Secundum</em></strong></span> <span class='ocrx_word' id='word_1_317' title='bbox 1262 4074 1576 4145; x_wconf 85' lang='lat' dir='ltr'><strong><em>allegoriam</em></strong></span> <span class='ocrx_word' id='word_1_318' title='bbox 1627 4081 1811 4128; x_wconf 90' lang='lat' dir='ltr'><strong><em>autem</em></strong></span> <span class='ocrx_word' id='word_1_319' title='bbox 1837 4071 2015 4129; x_wconf 83' lang='lat' dir='ltr'><strong><em>Josias</em></strong></span> <span class='ocrx_word' id='word_1_320' title='bbox 2055 4074 2159 4129; x_wconf 88' lang='lat' dir='ltr'><strong><em>iste</em></strong></span> 
     </span>
    </p>
   </div>
   <div class='ocr_carea' id='block_1_42' title="bbox 562 4162 2161 4236">
    <p class='ocr_par' dir='ltr' id='par_1_42' title="bbox 562 4162 2161 4236">
     <span class='ocr_line' id='line_1_43' title="bbox 562 4162 2161 4236; baseline 0 -18"><span class='ocrx_word' id='word_1_321' title='bbox 562 4171 753 4236; x_wconf 85' lang='lat' dir='ltr'><strong><em>typum</em></strong></span> <span class='ocrx_word' id='word_1_322' title='bbox 786 4173 933 4221; x_wconf 89' lang='lat' dir='ltr'><strong><em>tenet</em></strong></span> <span class='ocrx_word' id='word_1_323' title='bbox 987 4165 1201 4222; x_wconf 90' lang='lat' dir='ltr'><strong><em>Domini</em></strong></span> <span class='ocrx_word' id='word_1_324' title='bbox 1253 4165 1574 4231; x_wconf 87' lang='lat' dir='ltr'><strong><em>Salvatoris,</em></strong></span> <span class='ocrx_word' id='word_1_325' title='bbox 1606 4165 1701 4236; x_wconf 90' lang='lat' dir='ltr'><strong><em>qui</em></strong></span> <span class='ocrx_word' id='word_1_326' title='bbox 1751 4164 1900 4220; x_wconf 87' lang='lat' dir='ltr'><strong><em>salus</em></strong></span> <span class='ocrx_word' id='word_1_327' title='bbox 1928 4171 1984 4221; x_wconf 91' lang='lat' dir='ltr'><strong><em>et</em></strong></span> <span class='ocrx_word' id='word_1_328' title='bbox 2010 4162 2161 4220; x_wconf 86' lang='lat' dir='ltr'><strong><em>forti-</em></strong></span> 
     </span>
    </p>
   </div>
   <div class='ocr_carea' id='block_1_43' title="bbox 564 4254 2160 4327">
    <p class='ocr_par' dir='ltr' id='par_1_43' title="bbox 564 4254 2160 4327">
     <span class='ocr_line' id='line_1_44' title="bbox 564 4254 2160 4327; baseline 0.001 -19"><span class='ocrx_word' id='word_1_329' title='bbox 564 4256 697 4310; x_wconf 88' lang='lat' dir='ltr'><strong><em>tudo</em></strong></span> <span class='ocrx_word' id='word_1_330' title='bbox 725 4254 941 4312; x_wconf 91' lang='lat' dir='ltr'><strong><em>Domini</em></strong></span> <span class='ocrx_word' id='word_1_331' title='bbox 979 4257 1176 4314; x_wconf 90' lang='lat' dir='ltr'><strong><em>merito</em></strong></span> <span class='ocrx_word' id='word_1_332' title='bbox 1232 4257 1446 4326; x_wconf 87' lang='lat' dir='ltr'><strong><em>dicitur,</em></strong></span> <span class='ocrx_word' id='word_1_333' title='bbox 1501 4256 1632 4327; x_wconf 89' lang='lat' dir='ltr'><strong><em>quia</em></strong></span> <span class='ocrx_word' id='word_1_334' title='bbox 1671 4256 1788 4326; x_wconf 89' lang='lat' dir='ltr'><strong><em>ipse</em></strong></span> <span class='ocrx_word' id='word_1_335' title='bbox 1827 4264 1911 4311; x_wconf 88' lang='lat' dir='ltr'><strong><em>est</em></strong></span> <span class='ocrx_word' id='word_1_336' title='bbox 1940 4255 2006 4311; x_wconf 89' lang='lat' dir='ltr'><strong><em>de</em></strong></span> <span class='ocrx_word' id='word_1_337' title='bbox 2051 4268 2160 4326; x_wconf 89' lang='lat' dir='ltr'><strong><em>quo</em></strong></span> 
     </span>
    </p>
   </div>
   <div class='ocr_carea' id='block_1_44' title="bbox 567 4345 2160 4420">
    <p class='ocr_par' dir='ltr' id='par_1_44' title="bbox 567 4345 2160 4420">
     <span class='ocr_line' id='line_1_45' title="bbox 567 4345 2160 4420; baseline 0 -19"><span class='ocrx_word' id='word_1_338' title='bbox 567 4345 873 4417; x_wconf 61' lang='lat' dir='ltr'><strong><em>Scriptura</em></strong></span> <span class='ocrx_word' id='word_1_339' title='bbox 900 4348 1032 4404; x_wconf 89' lang='lat' dir='ltr'><strong><em>dicit</em></strong></span> <span class='ocrx_word' id='word_1_340' title='bbox 1086 4367 1099 4403; x_wconf 92' lang='lat'>:</span> <span class='ocrx_word' id='word_1_341' title='bbox 1142 4348 1402 4404; x_wconf 86' lang='lat' dir='ltr'><strong><em>Dominus</em></strong></span> <span class='ocrx_word' id='word_1_342' title='bbox 1455 4349 1629 4420; x_wconf 89' lang='lat' dir='ltr'><strong><em>fortis,</em></strong></span> <span class='ocrx_word' id='word_1_343' title='bbox 1677 4347 1935 4402; x_wconf 88' lang='lat' dir='ltr'><strong><em>Dominus</em></strong></span> <span class='ocrx_word' id='word_1_344' title='bbox 1978 4355 2160 4418; x_wconf 90' lang='lat' dir='ltr'><strong><em>potens</em></strong></span> 
     </span>
    </p>
   </div>
   <div class='ocr_carea' id='block_1_45' title="bbox 565 4434 2162 4514">
    <p class='ocr_par' dir='ltr' id='par_1_45' title="bbox 565 4434 2162 4514">
     <span class='ocr_line' id='line_1_46' title="bbox 565 4434 2162 4514; baseline 0 -21"><span class='ocrx_word' id='word_1_345' title='bbox 565 4439 624 4493; x_wconf 92' lang='lat' dir='ltr'><strong><em>in</em></strong></span> <span class='ocrx_word' id='word_1_346' title='bbox 650 4439 833 4510; x_wconf 74' lang='lat' dir='ltr'><strong><em>prwlio</em></strong></span> <span class='ocrx_word' id='word_1_347' title='bbox 857 4439 1033 4513; x_wconf 89' lang='lat' dir='ltr'><strong><em>(Psal.</em></strong></span> <span class='ocrx_word' id='word_1_348' title='bbox 1062 4441 1244 4514; x_wconf 78' lang='lat' dir='ltr'><strong><em>mn).</em></strong></span> <span class='ocrx_word' id='word_1_349' title='bbox 1274 4441 1347 4498; x_wconf 89' lang='lat' dir='ltr'><strong><em>Et</em></strong></span> <span class='ocrx_word' id='word_1_350' title='bbox 1374 4441 1503 4497; x_wconf 89' lang='lat' dir='ltr'><strong><em>alibi</em></strong></span> <span class='ocrx_word' id='word_1_351' title='bbox 1535 4461 1550 4497; x_wconf 87' lang='lat'><strong>:</strong></span> <span class='ocrx_word' id='word_1_352' title='bbox 1598 4440 1719 4511; x_wconf 87' lang='lat' dir='ltr'><strong><em>Ipse</em></strong></span> <span class='ocrx_word' id='word_1_353' title='bbox 1774 4441 1913 4495; x_wconf 88' lang='lat' dir='ltr'><strong><em>enim</em></strong></span> <span class='ocrx_word' id='word_1_354' title='bbox 1958 4434 2162 4494; x_wconf 83' lang='lat' dir='ltr'><strong><em>salvum</em></strong></span> 
     </span>
    </p>
   </div>
   <div class='ocr_carea' id='block_1_46' title="bbox 569 4532 2158 4609">
    <p class='ocr_par' dir='ltr' id='par_1_46' title="bbox 569 4532 2158 4609">
     <span class='ocr_line' id='line_1_47' title="bbox 569 4532 2158 4609; baseline 0.001 -22"><span class='ocrx_word' id='word_1_355' title='bbox 569 4532 725 4604; x_wconf 88' lang='lat' dir='ltr'><strong><em>faciet</em></strong></span> <span class='ocrx_word' id='word_1_356' title='bbox 770 4535 1023 4607; x_wconf 87' lang='lat' dir='ltr'><strong><em>populum</em></strong></span> <span class='ocrx_word' id='word_1_357' title='bbox 1067 4553 1221 4592; x_wconf 86' lang='lat' dir='ltr'><strong><em>suum</em></strong></span> <span class='ocrx_word' id='word_1_358' title='bbox 1270 4553 1304 4590; x_wconf 89' lang='lat' dir='ltr'><strong><em>a</em></strong></span> <span class='ocrx_word' id='word_1_359' title='bbox 1350 4537 1575 4606; x_wconf 88' lang='lat' dir='ltr'><strong><em>peccatis</em></strong></span> <span class='ocrx_word' id='word_1_360' title='bbox 1616 4551 1798 4590; x_wconf 89' lang='lat' dir='ltr'><strong><em>eorum</em></strong></span> <span class='ocrx_word' id='word_1_361' title='bbox 1836 4536 2050 4609; x_wconf 82' lang='lat' dir='ltr'><strong><em>(Matth.</em></strong></span> <span class='ocrx_word' id='word_1_362' title='bbox 2096 4533 2158 4606; x_wconf 83' lang='lat'><strong><em>1).</em></strong></span> 
     </span>
    </p>
   </div>
   <div class='ocr_carea' id='block_1_47' title="bbox 567 4623 2243 4735">
    <p class='ocr_par' dir='ltr' id='par_1_47' title="bbox 567 4623 2243 4735">
     <span class='ocr_line' id='line_1_48' title="bbox 567 4623 2243 4735; baseline -0.001 -53"><span class='ocrx_word' id='word_1_363' title='bbox 567 4626 689 4695; x_wconf 84' lang='lat' dir='ltr'><strong><em>Ipse</em></strong></span> <span class='ocrx_word' id='word_1_364' title='bbox 706 4627 933 4735; x_wconf 66' lang='lat' dir='ltr'><strong><em>quidem</em></strong></span> <span class='ocrx_word' id='word_1_365' title='bbox 968 4628 1212 4735; x_wconf 84' lang='lat' dir='ltr'><strong><em>zelo</em></strong></span> <span class='ocrx_word' id='word_1_366' title='bbox 1238 4628 1717 4735; x_wconf 49' lang='lat' dir='ltr'><strong><em>mundatlterram</em></strong></span> <span class='ocrx_word' id='word_1_367' title='bbox 1743 4623 1881 4681; x_wconf 83' lang='lat' dir='ltr'><strong><em>Juda</em></strong></span> <span class='ocrx_word' id='word_1_368' title='bbox 1929 4634 1985 4681; x_wconf 88' lang='lat' dir='ltr'><strong><em>et</em></strong></span> <span class='ocrx_word' id='word_1_369' title='bbox 2031 4625 2161 4681; x_wconf 87' lang='lat' dir='ltr'><strong><em>Hie-</em></strong></span> <span class='ocrx_word' id='word_1_370' title='bbox 2186 4674 2243 4735; x_wconf 68' lang='grc' dir='ltr'>Β</span> 
     </span>
    </p>
   </div>
   <div class='ocr_carea' id='block_1_48' title="bbox 573 4716 2165 4774">
    <p class='ocr_par' dir='ltr' id='par_1_48' title="bbox 573 4716 2165 4774">
     <span class='ocr_line' id='line_1_49' title="bbox 573 4716 2165 4774; baseline -0.001 0"><span class='ocrx_word' id='word_1_371' title='bbox 573 4718 814 4774; x_wconf 86' lang='lat' dir='ltr'><strong><em>rusalem</em></strong></span> <span class='ocrx_word' id='word_1_372' title='bbox 861 4719 928 4773; x_wconf 89' lang='lat' dir='ltr'><strong><em>ab</em></strong></span> <span class='ocrx_word' id='word_1_373' title='bbox 970 4718 1221 4773; x_wconf 89' lang='lat' dir='ltr'><strong><em>omnibus</em></strong></span> <span class='ocrx_word' id='word_1_374' title='bbox 1255 4717 1612 4773; x_wconf 88' lang='lat' dir='ltr'><strong><em>immunditiis</em></strong></span> <span class='ocrx_word' id='word_1_375' title='bbox 1656 4724 1713 4771; x_wconf 88' lang='lat' dir='ltr'><strong><em>et</em></strong></span> <span class='ocrx_word' id='word_1_376' title='bbox 1752 4716 2165 4772; x_wconf 88' lang='lat' dir='ltr'><strong><em>abominationi-</em></strong></span> 
     </span>
    </p>
   </div>
   <div class='ocr_carea' id='block_1_49' title="bbox 571 4806 2167 4882">
    <p class='ocr_par' dir='ltr' id='par_1_49' title="bbox 571 4806 2167 4882">
     <span class='ocr_line' id='line_1_50' title="bbox 571 4806 2167 4882; baseline -0.002 -16"><span class='ocrx_word' id='word_1_377' title='bbox 571 4812 698 4878; x_wconf 87' lang='lat' dir='ltr'><strong><em>bus,</em></strong></span> <span class='ocrx_word' id='word_1_378' title='bbox 728 4809 823 4882; x_wconf 87' lang='lat' dir='ltr'><strong><em>qui</em></strong></span> <span class='ocrx_word' id='word_1_379' title='bbox 840 4824 938 4881; x_wconf 89' lang='lat' dir='ltr'><strong><em>per</em></strong></span> <span class='ocrx_word' id='word_1_380' title='bbox 956 4808 1287 4880; x_wconf 87' lang='lat' dir='ltr'><strong><em>Prophetam</em></strong></span> <span class='ocrx_word' id='word_1_381' title='bbox 1317 4808 1449 4864; x_wconf 90' lang='lat' dir='ltr'><strong><em>dicit</em></strong></span> <span class='ocrx_word' id='word_1_382' title='bbox 1473 4806 1661 4862; x_wconf 82' lang='lat' dir='ltr'><strong><em>:IZelus</em></strong></span> <span class='ocrx_word' id='word_1_383' title='bbox 1683 4806 1870 4861; x_wconf 87' lang='lat' dir='ltr'><strong><em>domus</em></strong></span> <span class='ocrx_word' id='word_1_384' title='bbox 1898 4816 2004 4863; x_wconf 65' lang='lat' dir='ltr'><strong><em>tua:</em></strong></span> <span class='ocrx_word' id='word_1_385' title='bbox 2024 4824 2167 4863; x_wconf 90' lang='lat' dir='ltr'><strong><em>com-</em></strong></span> 
     </span>
    </p>
   </div>
   <div class='ocr_carea' id='block_1_50' title="bbox 572 4898 2169 4974">
    <p class='ocr_par' dir='ltr' id='par_1_50' title="bbox 572 4898 2169 4974">
     <span class='ocr_line' id='line_1_51' title="bbox 572 4898 2169 4974; baseline -0.001 -16"><span class='ocrx_word' id='word_1_386' title='bbox 572 4903 681 4958; x_wconf 84' lang='lat' dir='ltr'><strong><em>edit</em></strong></span> <span class='ocrx_word' id='word_1_387' title='bbox 707 4917 792 4957; x_wconf 86' lang='lat' dir='ltr'><strong><em>me</em></strong></span> <span class='ocrx_word' id='word_1_388' title='bbox 844 4899 1017 4974; x_wconf 89' lang='lat' dir='ltr'><strong><em>(Psal.</em></strong></span> <span class='ocrx_word' id='word_1_389' title='bbox 1059 4902 1286 4974; x_wconf 81' lang='lat' dir='ltr'><strong><em>vam);</em></strong></span> <span class='ocrx_word' id='word_1_390' title='bbox 1319 4902 1385 4957; x_wconf 90' lang='lat' dir='ltr'><strong><em>de</em></strong></span> <span class='ocrx_word' id='word_1_391' title='bbox 1414 4916 1522 4972; x_wconf 86' lang='lat' dir='ltr'><strong><em>quo</em></strong></span> <span class='ocrx_word' id='word_1_392' title='bbox 1549 4908 1606 4956; x_wconf 90' lang='lat' dir='ltr'><strong><em>et</em></strong></span> <span class='ocrx_word' id='word_1_393' title='bbox 1626 4898 1863 4956; x_wconf 85' lang='lat' dir='ltr'><strong><em>Joannes</em></strong></span> <span class='ocrx_word' id='word_1_394' title='bbox 1892 4900 1969 4955; x_wconf 88' lang='lat' dir='ltr'><strong><em>ait</em></strong></span> <span class='ocrx_word' id='word_1_395' title='bbox 2014 4920 2026 4954; x_wconf 92' lang='lat'>:</span> <span class='ocrx_word' id='word_1_396' title='bbox 2068 4900 2169 4956; x_wconf 86' lang='lat' dir='ltr'><strong><em>Cu-</em></strong></span> 
     </span>
    </p>
   </div>
   <div class='ocr_carea' id='block_1_51' title="bbox 565 4993 2167 5067">
    <p class='ocr_par' dir='ltr' id='par_1_51' title="bbox 565 4993 2167 5067">
     <span class='ocr_line' id='line_1_52' title="bbox 565 4993 2167 5067; baseline -0.002 -15"><span class='ocrx_word' id='word_1_397' title='bbox 565 4999 664 5067; x_wconf 85' lang='lat' dir='ltr'><strong><em>jus</em></strong></span> <span class='ocrx_word' id='word_1_398' title='bbox 690 4995 1039 5051; x_wconf 86' lang='lat' dir='ltr'><strong><em>ventilabrum</em></strong></span> <span class='ocrx_word' id='word_1_399' title='bbox 1070 4995 1129 5050; x_wconf 90' lang='lat' dir='ltr'><strong><em>in</em></strong></span> <span class='ocrx_word' id='word_1_400' title='bbox 1158 5011 1320 5049; x_wconf 89' lang='lat' dir='ltr'><strong><em>manu</em></strong></span> <span class='ocrx_word' id='word_1_401' title='bbox 1346 5011 1445 5049; x_wconf 91' lang='lat' dir='ltr'><strong><em>sua</em></strong></span> <span class='ocrx_word' id='word_1_402' title='bbox 1474 5002 1523 5049; x_wconf 92' lang='lat' dir='ltr'><strong><em>et</em></strong></span> <span class='ocrx_word' id='word_1_403' title='bbox 1540 4993 1783 5064; x_wconf 86' lang='lat' dir='ltr'><strong><em>purgabit</em></strong></span> <span class='ocrx_word' id='word_1_404' title='bbox 1808 5009 1989 5048; x_wconf 88' lang='lat' dir='ltr'><strong><em>aream</em></strong></span> <span class='ocrx_word' id='word_1_405' title='bbox 2014 5010 2167 5048; x_wconf 89' lang='lat' dir='ltr'><strong><em>suam</em></strong></span> 
     </span>
    </p>
   </div>
   <div class='ocr_carea' id='block_1_52' title="bbox 576 5084 2166 5162">
    <p class='ocr_par' dir='ltr' id='par_1_52' title="bbox 576 5084 2166 5162">
     <span class='ocr_line' id='line_1_53' title="bbox 576 5084 2166 5162; baseline -0.001 -19"><span class='ocrx_word' id='word_1_406' title='bbox 576 5089 794 5162; x_wconf 81' lang='lat' dir='ltr'><strong><em>(Matth.</em></strong></span> <span class='ocrx_word' id='word_1_407' title='bbox 823 5097 873 5145; x_wconf 90' lang='lat' dir='ltr'><strong><em>et</em></strong></span> <span class='ocrx_word' id='word_1_408' title='bbox 899 5086 1029 5144; x_wconf 88' lang='lat' dir='ltr'><strong><em>Luc.</em></strong></span> <span class='ocrx_word' id='word_1_409' title='bbox 1054 5087 1175 5159; x_wconf 79' lang='lat' dir='ltr'><strong><em>in);</em></strong></span> <span class='ocrx_word' id='word_1_410' title='bbox 1205 5088 1271 5143; x_wconf 91' lang='lat' dir='ltr'><strong><em>de</em></strong></span> <span class='ocrx_word' id='word_1_411' title='bbox 1296 5102 1402 5157; x_wconf 90' lang='lat' dir='ltr'><strong><em>quo</em></strong></span> <span class='ocrx_word' id='word_1_412' title='bbox 1425 5095 1482 5144; x_wconf 89' lang='lat' dir='ltr'><strong><em>et</em></strong></span> <span class='ocrx_word' id='word_1_413' title='bbox 1512 5085 1804 5143; x_wconf 83' lang='lat' dir='ltr'><strong><em>Malacbias</em></strong></span> <span class='ocrx_word' id='word_1_414' title='bbox 1835 5086 2006 5143; x_wconf 88' lang='lat' dir='ltr'><strong><em>dicit:</em></strong></span> <span class='ocrx_word' id='word_1_415' title='bbox 2030 5084 2166 5141; x_wconf 86' lang='lat' dir='ltr'><strong><em>Ecce</em></strong></span> 
     </span>
    </p>
   </div>
   <div class='ocr_carea' id='block_1_53' title="bbox 575 5179 2166 5253">
    <p class='ocr_par' dir='ltr' id='par_1_53' title="bbox 575 5179 2166 5253">
     <span class='ocr_line' id='line_1_54' title="bbox 575 5179 2166 5253; baseline -0.005 -12"><span class='ocrx_word' id='word_1_416' title='bbox 575 5186 731 5253; x_wconf 88' lang='lat' dir='ltr'><strong><em>venit,</em></strong></span> <span class='ocrx_word' id='word_1_417' title='bbox 756 5185 883 5240; x_wconf 87' lang='lat' dir='ltr'><strong><em>dicit</em></strong></span> <span class='ocrx_word' id='word_1_418' title='bbox 903 5183 1160 5241; x_wconf 87' lang='lat' dir='ltr'><strong><em>Dominus</em></strong></span> <span class='ocrx_word' id='word_1_419' title='bbox 1182 5183 1526 5238; x_wconf 67' lang='lat' dir='ltr'><strong><em>exercituum.</em></strong></span> <span class='ocrx_word' id='word_1_420' title='bbox 1552 5179 1683 5247; x_wconf 82' lang='lat' dir='ltr'><strong><em>Quis</em></strong></span> <span class='ocrx_word' id='word_1_421' title='bbox 1712 5182 1902 5251; x_wconf 88' lang='lat' dir='ltr'><strong><em>poterit</em></strong></span> <span class='ocrx_word' id='word_1_422' title='bbox 1938 5179 2166 5250; x_wconf 86' lang='lat' dir='ltr'><strong><em>cogitare</em></strong></span> 
     </span>
    </p>
   </div>
   <div class='ocr_carea' id='block_1_54' title="bbox 578 5269 2167 5345">
    <p class='ocr_par' dir='ltr' id='par_1_54' title="bbox 578 5269 2167 5345">
     <span class='ocr_line' id='line_1_55' title="bbox 578 5269 2167 5345; baseline -0.003 -16"><span class='ocrx_word' id='word_1_423' title='bbox 578 5276 717 5329; x_wconf 90' lang='lat' dir='ltr'><strong><em>diem</em></strong></span> <span class='ocrx_word' id='word_1_424' title='bbox 774 5275 1028 5331; x_wconf 83' lang='lat' dir='ltr'><strong><em>adventus</em></strong></span> <span class='ocrx_word' id='word_1_425' title='bbox 1080 5275 1195 5345; x_wconf 86' lang='lat' dir='ltr'><strong><em>ejus</em></strong></span> <span class='ocrx_word' id='word_1_426' title='bbox 1220 5316 1236 5342; x_wconf 94' lang='lat'><strong><em>,</em></strong></span> <span class='ocrx_word' id='word_1_427' title='bbox 1298 5283 1344 5328; x_wconf 90' lang='lat' dir='ltr'><strong><em>et</em></strong></span> <span class='ocrx_word' id='word_1_428' title='bbox 1392 5273 1508 5345; x_wconf 90' lang='lat' dir='ltr'><strong><em>quis</em></strong></span> <span class='ocrx_word' id='word_1_429' title='bbox 1556 5271 1715 5327; x_wconf 88' lang='lat' dir='ltr'><strong><em>stabit</em></strong></span> <span class='ocrx_word' id='word_1_430' title='bbox 1764 5271 1832 5325; x_wconf 91' lang='lat' dir='ltr'><strong><em>ad</em></strong></span> <span class='ocrx_word' id='word_1_431' title='bbox 1888 5269 2167 5325; x_wconf 89' lang='lat' dir='ltr'><strong><em>videndum</em></strong></span> 
     </span>
    </p>
   </div>
   <div class='ocr_carea' id='block_1_55' title="bbox 578 5359 2166 5437">
    <p class='ocr_par' dir='ltr' id='par_1_55' title="bbox 578 5359 2166 5437">
     <span class='ocr_line' id='line_1_56' title="bbox 578 5359 2166 5437; baseline -0.002 -19"><span class='ocrx_word' id='word_1_432' title='bbox 578 5364 736 5418; x_wconf 83' lang='lat' dir='ltr'><strong><em>eum?</em></strong></span> <span class='ocrx_word' id='word_1_433' title='bbox 765 5364 885 5433; x_wconf 87' lang='lat' dir='ltr'><strong><em>Ipse</em></strong></span> <span class='ocrx_word' id='word_1_434' title='bbox 912 5364 1050 5420; x_wconf 89' lang='lat' dir='ltr'><strong><em>enim</em></strong></span> <span class='ocrx_word' id='word_1_435' title='bbox 1078 5365 1230 5435; x_wconf 91' lang='lat' dir='ltr'><strong><em>quasi</em></strong></span> <span class='ocrx_word' id='word_1_436' title='bbox 1261 5365 1421 5437; x_wconf 50' lang='lat' dir='ltr'><strong><em>ignis\</em></strong></span> <span class='ocrx_word' id='word_1_437' title='bbox 1447 5363 1683 5434; x_wconf 81' lang='lat' dir='ltr'><strong><em>conflans</em></strong></span> <span class='ocrx_word' id='word_1_438' title='bbox 1726 5370 1773 5415; x_wconf 89' lang='lat' dir='ltr'><strong><em>et</em></strong></span> <span class='ocrx_word' id='word_1_439' title='bbox 1800 5361 1953 5431; x_wconf 87' lang='lat' dir='ltr'><strong><em>quasi</em></strong></span> <span class='ocrx_word' id='word_1_440' title='bbox 2009 5359 2166 5415; x_wconf 86' lang='lat' dir='ltr'><strong><em>herba</em></strong></span> 
     </span>
    </p>
   </div>
   <div class='ocr_carea' id='block_1_56' title="bbox 579 5454 2168 5528">
    <p class='ocr_par' dir='ltr' id='par_1_56' title="bbox 579 5454 2168 5528">
     <span class='ocr_line' id='line_1_57' title="bbox 579 5454 2168 5528; baseline -0.001 -19"><span class='ocrx_word' id='word_1_441' title='bbox 579 5454 844 5525; x_wconf 79' lang='lat' dir='ltr'><strong><em>fullonum</em></strong></span> <span class='ocrx_word' id='word_1_442' title='bbox 865 5466 914 5509; x_wconf 90' lang='lat' dir='ltr'><strong><em>et</em></strong></span> <span class='ocrx_word' id='word_1_443' title='bbox 936 5456 1128 5511; x_wconf 83' lang='lat' dir='ltr'><strong><em>sedebit</em></strong></span> <span class='ocrx_word' id='word_1_444' title='bbox 1151 5459 1386 5528; x_wconf 80' lang='lat' dir='ltr'><strong><em>con/laus</em></strong></span> <span class='ocrx_word' id='word_1_445' title='bbox 1414 5465 1464 5511; x_wconf 92' lang='lat' dir='ltr'><strong><em>et</em></strong></span> <span class='ocrx_word' id='word_1_446' title='bbox 1500 5455 1794 5511; x_wconf 90' lang='lat' dir='ltr'><strong><em>emundans</em></strong></span> <span class='ocrx_word' id='word_1_447' title='bbox 1820 5463 2095 5525; x_wconf 84' lang='lat' dir='ltr'><strong><em>argentum</em></strong></span> <span class='ocrx_word' id='word_1_448' title='bbox 2120 5462 2168 5508; x_wconf 91' lang='lat' dir='ltr'><strong><em>et</em></strong></span> 
     </span>
    </p>
   </div>
   <div class='ocr_carea' id='block_1_57' title="bbox 580 5548 2169 5620">
    <p class='ocr_par' dir='ltr' id='par_1_57' title="bbox 580 5548 2169 5620">
     <span class='ocr_line' id='line_1_58' title="bbox 580 5548 2169 5620; baseline 0.003 -21"><span class='ocrx_word' id='word_1_449' title='bbox 580 5548 823 5617; x_wconf 88' lang='lat' dir='ltr'><strong><em>purgabit</em></strong></span> <span class='ocrx_word' id='word_1_450' title='bbox 867 5548 1007 5617; x_wconf 81' lang='lat' dir='ltr'><strong><em>ﬁlios</em></strong></span> <span class='ocrx_word' id='word_1_451' title='bbox 1059 5548 1179 5604; x_wconf 87' lang='lat' dir='ltr'><strong><em>Levi</em></strong></span> <span class='ocrx_word' id='word_1_452' title='bbox 1218 5560 1265 5604; x_wconf 89' lang='lat' dir='ltr'><strong><em>et</em></strong></span> <span class='ocrx_word' id='word_1_453' title='bbox 1314 5550 1563 5620; x_wconf 83' lang='lat' dir='ltr'><strong><em>conﬂabit</em></strong></span> <span class='ocrx_word' id='word_1_454' title='bbox 1602 5565 1690 5604; x_wconf 91' lang='lat' dir='ltr'><strong><em>eos</em></strong></span> <span class='ocrx_word' id='word_1_455' title='bbox 1724 5548 1878 5620; x_wconf 89' lang='lat' dir='ltr'><strong><em>quasi</em></strong></span> <span class='ocrx_word' id='word_1_456' title='bbox 1904 5565 2094 5603; x_wconf 89' lang='lat' dir='ltr'><strong><em>aurum</em></strong></span> <span class='ocrx_word' id='word_1_457' title='bbox 2121 5559 2169 5603; x_wconf 89' lang='lat' dir='ltr'><strong><em>et</em></strong></span> 
     </span>
    </p>
   </div>
   <div class='ocr_carea' id='block_1_58' title="bbox 580 5639 2170 5711">
    <p class='ocr_par' dir='ltr' id='par_1_58' title="bbox 580 5639 2170 5711">
     <span class='ocr_line' id='line_1_59' title="bbox 580 5639 2170 5711; baseline 0.002 -20"><span class='ocrx_word' id='word_1_458' title='bbox 580 5639 733 5707; x_wconf 87' lang='lat' dir='ltr'><strong><em>quasi</em></strong></span> <span class='ocrx_word' id='word_1_459' title='bbox 763 5651 1055 5709; x_wconf 86' lang='lat' dir='ltr'><strong><em>argentum.</em></strong></span> <span class='ocrx_word' id='word_1_460' title='bbox 1094 5640 1164 5695; x_wconf 86' lang='lat' dir='ltr'><strong><em>Et</em></strong></span> <span class='ocrx_word' id='word_1_461' title='bbox 1198 5651 1347 5694; x_wconf 88' lang='lat' dir='ltr'><strong><em>erunt</em></strong></span> <span class='ocrx_word' id='word_1_462' title='bbox 1391 5642 1612 5695; x_wconf 88' lang='lat' dir='ltr'><strong><em>Domino</em></strong></span> <span class='ocrx_word' id='word_1_463' title='bbox 1656 5640 1932 5711; x_wconf 75' lang='lat' dir='ltr'><strong><em>offerentes</em></strong></span> <span class='ocrx_word' id='word_1_464' title='bbox 1962 5641 2170 5710; x_wconf 79' lang='lat' dir='ltr'><strong><em>sacrifi-</em></strong></span> 
     </span>
    </p>
   </div>
   <div class='ocr_carea' id='block_1_59' title="bbox 584 5723 2172 5801">
    <p class='ocr_par' dir='ltr' id='par_1_59' title="bbox 584 5723 2172 5801">
     <span class='ocr_line' id='line_1_60' title="bbox 584 5723 2172 5801; baseline 0.003 -19"><span class='ocrx_word' id='word_1_465' title='bbox 584 5731 667 5783; x_wconf 88' lang='lat' dir='ltr'><strong><em>cia</em></strong></span> <span class='ocrx_word' id='word_1_466' title='bbox 704 5729 761 5784; x_wconf 87' lang='lat' dir='ltr'><strong><em>in</em></strong></span> <span class='ocrx_word' id='word_1_467' title='bbox 798 5723 1030 5800; x_wconf 87' lang='lat' dir='ltr'><strong><em>justitia,</em></strong></span> <span class='ocrx_word' id='word_1_468' title='bbox 1060 5740 1109 5785; x_wconf 88' lang='lat' dir='ltr'><strong><em>et</em></strong></span> <span class='ocrx_word' id='word_1_469' title='bbox 1138 5728 1360 5801; x_wconf 87' lang='lat' dir='ltr'><strong><em>placebit</em></strong></span> <span class='ocrx_word' id='word_1_470' title='bbox 1404 5729 1514 5785; x_wconf 92' lang='lat' dir='ltr'><strong><em>Deo</em></strong></span> <span class='ocrx_word' id='word_1_471' title='bbox 1558 5729 1880 5800; x_wconf 81' lang='lat' dir='ltr'><strong><em>sacriﬁcium</em></strong></span> <span class='ocrx_word' id='word_1_472' title='bbox 1926 5729 2073 5786; x_wconf 70' lang='lat' dir='ltr'><strong><em>Iuda</em></strong></span> <span class='ocrx_word' id='word_1_473' title='bbox 2123 5737 2172 5786; x_wconf 87' lang='lat' dir='ltr'><strong><em>et</em></strong></span> 
     </span>
    </p>
   </div>
   <div class='ocr_carea' id='block_1_60' title="bbox 588 5816 2172 5893">
    <p class='ocr_par' dir='ltr' id='par_1_60' title="bbox 588 5816 2172 5893">
     <span class='ocr_line' id='line_1_61' title="bbox 588 5816 2172 5893; baseline 0.004 -23"><span class='ocrx_word' id='word_1_474' title='bbox 588 5816 1094 5886; x_wconf 84' lang='lat' dir='ltr'><strong><em>llierusalem,sicut</em></strong></span> <span class='ocrx_word' id='word_1_475' title='bbox 1126 5821 1235 5874; x_wconf 85' lang='lat' dir='ltr'><strong><em>dies</em></strong></span> <span class='ocrx_word' id='word_1_476' title='bbox 1269 5820 1529 5885; x_wconf 78' lang='lat' dir='ltr'><strong><em>swculi,et</em></strong></span> <span class='ocrx_word' id='word_1_477' title='bbox 1554 5824 1689 5876; x_wconf 86' lang='lat' dir='ltr'><strong><em>sicut</em></strong></span> <span class='ocrx_word' id='word_1_478' title='bbox 1712 5824 1839 5877; x_wconf 85' lang='lat' dir='ltr'><strong><em>anni</em></strong></span> <span class='ocrx_word' id='word_1_479' title='bbox 1862 5825 2084 5893; x_wconf 87' lang='lat' dir='ltr'><strong><em>antiqui.</em></strong></span> <span class='ocrx_word' id='word_1_480' title='bbox 2102 5823 2172 5877; x_wconf 84' lang='lat' dir='ltr'><strong><em>Et</em></strong></span> 
     </span>
    </p>
   </div>
   <div class='ocr_carea' id='block_1_61' title="bbox 592 5909 2172 5984">
    <p class='ocr_par' dir='ltr' id='par_1_61' title="bbox 592 5909 2172 5984">
     <span class='ocr_line' id='line_1_62' title="bbox 592 5909 2172 5984; baseline 0.007 -24"><span class='ocrx_word' id='word_1_481' title='bbox 592 5910 835 5965; x_wconf 79' lang='lat' dir='ltr'><strong><em>accedant</em></strong></span> <span class='ocrx_word' id='word_1_482' title='bbox 865 5911 933 5967; x_wconf 89' lang='lat' dir='ltr'><strong><em>ad</em></strong></span> <span class='ocrx_word' id='word_1_483' title='bbox 960 5925 1044 5967; x_wconf 72' lang='lat' dir='ltr'><strong><em>vos</em></strong></span> <span class='ocrx_word' id='word_1_484' title='bbox 1075 5912 1127 5966; x_wconf 85' lang='lat' dir='ltr'><strong><em>in</em></strong></span> <span class='ocrx_word' id='word_1_485' title='bbox 1143 5909 1350 5981; x_wconf 83' lang='lat' dir='ltr'><strong><em>judicio</em></strong></span> <span class='ocrx_word' id='word_1_486' title='bbox 1379 5920 1427 5965; x_wconf 87' lang='lat' dir='ltr'><strong><em>ct</em></strong></span> <span class='ocrx_word' id='word_1_487' title='bbox 1449 5927 1536 5968; x_wconf 90' lang='lat' dir='ltr'><strong><em>ero</em></strong></span> <span class='ocrx_word' id='word_1_488' title='bbox 1563 5913 1705 5968; x_wconf 87' lang='lat' dir='ltr'><strong><em>testis</em></strong></span> <span class='ocrx_word' id='word_1_489' title='bbox 1743 5912 1889 5969; x_wconf 74' lang='lat' dir='ltr'><strong><em>velox</em></strong></span> <span class='ocrx_word' id='word_1_490' title='bbox 1922 5914 2172 5984; x_wconf 77' lang='lat' dir='ltr'><strong><em>maleﬁcis</em></strong></span> 
     </span>
    </p>
   </div>
   <div class='ocr_carea' id='block_1_62' title="bbox 2243 648 3719 720">
    <p class='ocr_par' dir='ltr' id='par_1_62' title="bbox 2243 648 3719 720">
     <span class='ocr_line' id='line_1_63' title="bbox 2243 648 3719 720; baseline -0.008 -6"><span class='ocrx_word' id='word_1_491' title='bbox 2243 660 2418 714; x_wconf 89' lang='lat' dir='ltr'><strong><em>cedem</em></strong></span> <span class='ocrx_word' id='word_1_492' title='bbox 2443 655 2786 720; x_wconf 86' lang='lat' dir='ltr'><strong><em>mercenarii,</em></strong></span> <span class='ocrx_word' id='word_1_493' title='bbox 2815 662 2863 707; x_wconf 90' lang='lat' dir='ltr'><strong><em>et</em></strong></span> <span class='ocrx_word' id='word_1_494' title='bbox 2906 649 3185 705; x_wconf 82' lang='lat' dir='ltr'><strong><em>humiliant</em></strong></span> <span class='ocrx_word' id='word_1_495' title='bbox 3207 649 3394 702; x_wconf 88' lang='lat' dir='ltr'><strong><em>viduas</em></strong></span> <span class='ocrx_word' id='word_1_496' title='bbox 3432 655 3475 700; x_wconf 89' lang='lat' dir='ltr'><strong><em>et</em></strong></span> <span class='ocrx_word' id='word_1_497' title='bbox 3512 648 3719 718; x_wconf 66' lang='lat' dir='ltr'><strong><em>pupillae:</em></strong></span> 
     </span>
    </p>
   </div>
   <div class='ocr_carea' id='block_1_63' title="bbox 2210 741 3720 826">
    <p class='ocr_par' dir='ltr' id='par_1_63' title="bbox 2210 741 3720 826">
     <span class='ocr_line' id='line_1_64' title="bbox 2210 741 3720 826; baseline -0.007 -16"><span class='ocrx_word' id='word_1_498' title='bbox 2210 771 2213 774; x_wconf 75' lang='lat'><em>‘</em></span> <span class='ocrx_word' id='word_1_499' title='bbox 2243 755 2539 826; x_wconf 86' lang='lat' dir='ltr'><strong><em>opprimunt</em></strong></span> <span class='ocrx_word' id='word_1_500' title='bbox 2578 749 2928 821; x_wconf 84' lang='lat' dir='ltr'><strong><em>peregrinum,</em></strong></span> <span class='ocrx_word' id='word_1_501' title='bbox 2956 762 3047 800; x_wconf 89' lang='lat' dir='ltr'><strong><em>nec</em></strong></span> <span class='ocrx_word' id='word_1_502' title='bbox 3076 744 3369 797; x_wconf 80' lang='lat' dir='ltr'><strong><em>timuerunt</em></strong></span> <span class='ocrx_word' id='word_1_503' title='bbox 3400 756 3505 807; x_wconf 90' lang='lat' dir='ltr'><strong><em>me,</em></strong></span> <span class='ocrx_word' id='word_1_504' title='bbox 3541 741 3636 796; x_wconf 81' lang='lat' dir='ltr'><strong><em>dicit</em></strong></span> <span class='ocrx_word' id='word_1_505' title='bbox 3654 742 3720 799; x_wconf 82' lang='lat' dir='ltr'><strong><em>Do-</em></strong></span> 
     </span>
    </p>
   </div>
   <div class='ocr_carea' id='block_1_64' title="bbox 2241 828 3721 909">
    <p class='ocr_par' dir='ltr' id='par_1_64' title="bbox 2241 828 3721 909">
     <span class='ocr_line' id='line_1_65' title="bbox 2241 828 3721 909; baseline -0.009 -10"><span class='ocrx_word' id='word_1_506' title='bbox 2241 845 2415 899; x_wconf 87' lang='lat' dir='ltr'><strong><em>minus</em></strong></span> <span class='ocrx_word' id='word_1_507' title='bbox 2441 841 2763 897; x_wconf 77' lang='lat' dir='ltr'><strong><em>exercituum</em></strong></span> <span class='ocrx_word' id='word_1_508' title='bbox 2793 836 2953 909; x_wconf 79' lang='lat' dir='ltr'><strong><em>(Mal.</em></strong></span> <span class='ocrx_word' id='word_1_509' title='bbox 2970 832 3075 906; x_wconf 86' lang='grc' dir='ltr'>ιιι).</span> <span class='ocrx_word' id='word_1_510' title='bbox 3106 832 3357 889; x_wconf 86' lang='lat' dir='ltr'><strong><em>Celebrat</em></strong></span> <span class='ocrx_word' id='word_1_511' title='bbox 3376 845 3497 901; x_wconf 86' lang='lat' dir='ltr'><strong><em>ergo</em></strong></span> <span class='ocrx_word' id='word_1_512' title='bbox 3520 828 3721 886; x_wconf 76' lang='lat' dir='ltr'><strong><em>losiasno-</em></strong></span> 
     </span>
    </p>
   </div>
   <div class='ocr_carea' id='block_1_65' title="bbox 2243 923 3721 1003">
    <p class='ocr_par' dir='ltr' id='par_1_65' title="bbox 2243 923 3721 1003">
     <span class='ocr_line' id='line_1_66' title="bbox 2243 923 3721 1003; baseline -0.01 -10"><span class='ocrx_word' id='word_1_513' title='bbox 2243 946 2354 993; x_wconf 87' lang='lat' dir='ltr'><strong><em>ster</em></strong></span> <span class='ocrx_word' id='word_1_514' title='bbox 2378 950 2571 990; x_wconf 87' lang='lat' dir='ltr'><strong><em>verum</em></strong></span> <span class='ocrx_word' id='word_1_515' title='bbox 2599 932 2771 1003; x_wconf 89' lang='lat' dir='ltr'><strong><em>phase</em></strong></span> <span class='ocrx_word' id='word_1_516' title='bbox 2822 929 2877 984; x_wconf 88' lang='lat' dir='ltr'><strong><em>in</em></strong></span> <span class='ocrx_word' id='word_1_517' title='bbox 2922 936 3115 984; x_wconf 87' lang='lat' dir='ltr'><strong><em>octavo</em></strong></span> <span class='ocrx_word' id='word_1_518' title='bbox 3140 923 3355 981; x_wconf 90' lang='lat' dir='ltr'><strong><em>decimo</em></strong></span> <span class='ocrx_word' id='word_1_519' title='bbox 3379 937 3511 977; x_wconf 89' lang='lat' dir='ltr'><strong><em>anno</em></strong></span> <span class='ocrx_word' id='word_1_520' title='bbox 3534 923 3721 994; x_wconf 77' lang='lat' dir='ltr'><strong><em>regnisni,</em></strong></span> 
     </span>
    </p>
   </div>
   <div class='ocr_carea' id='block_1_66' title="bbox 2243 1012 3724 1099">
    <p class='ocr_par' dir='ltr' id='par_1_66' title="bbox 2243 1012 3724 1099">
     <span class='ocr_line' id='line_1_67' title="bbox 2243 1012 3724 1099; baseline -0.011 -16"><span class='ocrx_word' id='word_1_521' title='bbox 2243 1027 2458 1099; x_wconf 88' lang='lat' dir='ltr'><strong><em>quando</em></strong></span> <span class='ocrx_word' id='word_1_522' title='bbox 2483 1026 2539 1080; x_wconf 91' lang='lat' dir='ltr'><strong><em>in</em></strong></span> <span class='ocrx_word' id='word_1_523' title='bbox 2562 1031 2753 1080; x_wconf 88' lang='lat' dir='ltr'><strong><em>octava</em></strong></span> <span class='ocrx_word' id='word_1_524' title='bbox 2783 1027 2945 1077; x_wconf 61' lang='lat' dir='ltr'><strong><em>astate</em></strong></span> <span class='ocrx_word' id='word_1_525' title='bbox 2966 1015 3205 1088; x_wconf 87' lang='lat' dir='ltr'><strong><em>generali</em></strong></span> <span class='ocrx_word' id='word_1_526' title='bbox 3224 1012 3724 1084; x_wconf 80' lang='lat' dir='ltr'><strong><em>resurrectioneperpe-</em></strong></span> 
     </span>
    </p>
   </div>
   <div class='ocr_carea' id='block_1_67' title="bbox 2244 1111 3723 1187">
    <p class='ocr_par' dir='ltr' id='par_1_67' title="bbox 2244 1111 3723 1187">
     <span class='ocr_line' id='line_1_68' title="bbox 2244 1111 3723 1187; baseline -0.01 -9"><span class='ocrx_word' id='word_1_527' title='bbox 2244 1129 2387 1178; x_wconf 89' lang='lat' dir='ltr'><strong><em>trata</em></strong></span> <span class='ocrx_word' id='word_1_528' title='bbox 2415 1128 2639 1177; x_wconf 91' lang='lat' dir='ltr'><strong><em>sanctos</em></strong></span> <span class='ocrx_word' id='word_1_529' title='bbox 2660 1134 2793 1175; x_wconf 91' lang='lat' dir='ltr'><strong><em>suos</em></strong></span> <span class='ocrx_word' id='word_1_530' title='bbox 2806 1134 2930 1174; x_wconf 90' lang='lat' dir='ltr'><strong><em>cum</em></strong></span> <span class='ocrx_word' id='word_1_531' title='bbox 2953 1113 3289 1187; x_wconf 81' lang='lat' dir='ltr'><strong><em>perfectione</em></strong></span> <span class='ocrx_word' id='word_1_532' title='bbox 3315 1111 3561 1166; x_wconf 89' lang='lat' dir='ltr'><strong><em>bonorum</em></strong></span> <span class='ocrx_word' id='word_1_533' title='bbox 3581 1125 3723 1180; x_wconf 76' lang='lat' dir='ltr'><strong><em>operum</em></strong></span> 
     </span>
    </p>
   </div>
   <div class='ocr_carea' id='block_1_68' title="bbox 2244 1204 3723 1286">
    <p class='ocr_par' dir='ltr' id='par_1_68' title="bbox 2244 1204 3723 1286">
     <span class='ocr_line' id='line_1_69' title="bbox 2244 1204 3723 1286; baseline -0.01 -14"><span class='ocrx_word' id='word_1_534' title='bbox 2244 1214 2489 1286; x_wconf 88' lang='lat' dir='ltr'><strong><em>perducit</em></strong></span> <span class='ocrx_word' id='word_1_535' title='bbox 2514 1215 2583 1269; x_wconf 91' lang='lat' dir='ltr'><strong><em>ad</em></strong></span> <span class='ocrx_word' id='word_1_536' title='bbox 2605 1222 2823 1269; x_wconf 63' lang='lat' dir='ltr'><strong><em>aeternae</em></strong></span> <span class='ocrx_word' id='word_1_537' title='bbox 2852 1208 3206 1267; x_wconf 90' lang='lat' dir='ltr'><strong><em>beatitudinis</em></strong></span> <span class='ocrx_word' id='word_1_538' title='bbox 3236 1205 3507 1263; x_wconf 87' lang='lat' dir='ltr'><strong><em>denarium</em></strong></span> <span class='ocrx_word' id='word_1_539' title='bbox 3543 1204 3723 1273; x_wconf 67' lang='lat' dir='ltr'><strong><em>accipia-</em></strong></span> 
     </span>
    </p>
   </div>
   <div class='ocr_carea' id='block_1_69' title="bbox 2244 1294 3723 1374">
    <p class='ocr_par' dir='ltr' id='par_1_69' title="bbox 2244 1294 3723 1374">
     <span class='ocr_line' id='line_1_70' title="bbox 2244 1294 3723 1374; baseline -0.009 -12"><span class='ocrx_word' id='word_1_540' title='bbox 2244 1307 2394 1373; x_wconf 91' lang='lat' dir='ltr'><strong><em>dum,</em></strong></span> <span class='ocrx_word' id='word_1_541' title='bbox 2424 1303 2613 1374; x_wconf 84' lang='lat' dir='ltr'><strong><em>ejectis</em></strong></span> <span class='ocrx_word' id='word_1_542' title='bbox 2639 1304 2792 1374; x_wconf 90' lang='lat' dir='ltr'><strong><em>prius</em></strong></span> <span class='ocrx_word' id='word_1_543' title='bbox 2836 1302 3090 1358; x_wconf 90' lang='lat' dir='ltr'><strong><em>omnibus</em></strong></span> <span class='ocrx_word' id='word_1_544' title='bbox 3117 1296 3388 1354; x_wconf 85' lang='lat' dir='ltr'><strong><em>scandalis</em></strong></span> <span class='ocrx_word' id='word_1_545' title='bbox 3411 1296 3473 1351; x_wconf 87' lang='lat' dir='ltr'><strong><em>de</em></strong></span> <span class='ocrx_word' id='word_1_546' title='bbox 3496 1310 3629 1365; x_wconf 86' lang='lat' dir='ltr'><strong><em>regno</em></strong></span> <span class='ocrx_word' id='word_1_547' title='bbox 3645 1294 3723 1363; x_wconf 73' lang='lat' dir='ltr'><strong><em>ejus,</em></strong></span> 
     </span>
    </p>
   </div>
   <div class='ocr_carea' id='block_1_70' title="bbox 2244 1385 3723 1470">
    <p class='ocr_par' dir='ltr' id='par_1_70' title="bbox 2244 1385 3723 1470">
     <span class='ocr_line' id='line_1_71' title="bbox 2244 1385 3723 1470; baseline -0.011 -15"><span class='ocrx_word' id='word_1_548' title='bbox 2244 1400 2313 1455; x_wconf 91' lang='lat' dir='ltr'><strong><em>de</em></strong></span> <span class='ocrx_word' id='word_1_549' title='bbox 2338 1412 2447 1470; x_wconf 89' lang='lat' dir='ltr'><strong><em>quo</em></strong></span> <span class='ocrx_word' id='word_1_550' title='bbox 2473 1396 2765 1467; x_wconf 79' lang='lat' dir='ltr'><strong><em>praedictus</em></strong></span> <span class='ocrx_word' id='word_1_551' title='bbox 2792 1394 3058 1466; x_wconf 88' lang='lat' dir='ltr'><strong><em>propheta</em></strong></span> <span class='ocrx_word' id='word_1_552' title='bbox 3107 1391 3185 1445; x_wconf 86' lang='lat' dir='ltr'><strong><em>ait</em></strong></span> <span class='ocrx_word' id='word_1_553' title='bbox 3222 1407 3237 1442; x_wconf 92' lang='lat'><strong>:</strong></span> <span class='ocrx_word' id='word_1_554' title='bbox 3267 1387 3404 1442; x_wconf 86' lang='lat' dir='ltr'><strong><em>Ecce</em></strong></span> <span class='ocrx_word' id='word_1_555' title='bbox 3440 1387 3561 1441; x_wconf 87' lang='lat' dir='ltr'><strong><em>enim</em></strong></span> <span class='ocrx_word' id='word_1_556' title='bbox 3581 1385 3660 1439; x_wconf 80' lang='lat' dir='ltr'><strong><em>dies</em></strong></span> <span class='ocrx_word' id='word_1_557' title='bbox 3677 1402 3723 1439; x_wconf 81' lang='lat' dir='ltr'><strong><em>u-</em></strong></span> 
     </span>
    </p>
   </div>
   <div class='ocr_carea' id='block_1_71' title="bbox 2245 1479 3725 1562">
    <p class='ocr_par' dir='ltr' id='par_1_71' title="bbox 2245 1479 3725 1562">
     <span class='ocr_line' id='line_1_72' title="bbox 2245 1479 3725 1562; baseline -0.01 -14"><span class='ocrx_word' id='word_1_558' title='bbox 2245 1494 2351 1547; x_wconf 87' lang='lat' dir='ltr'><strong><em>niet</em></strong></span> <span class='ocrx_word' id='word_1_559' title='bbox 2370 1507 2624 1547; x_wconf 91' lang='lat' dir='ltr'><strong><em>succensa</em></strong></span> <span class='ocrx_word' id='word_1_560' title='bbox 2659 1489 2814 1562; x_wconf 90' lang='lat' dir='ltr'><strong><em>quasi</em></strong></span> <span class='ocrx_word' id='word_1_561' title='bbox 2844 1488 3108 1551; x_wconf 88' lang='lat' dir='ltr'><strong><em>caminus,</em></strong></span> <span class='ocrx_word' id='word_1_562' title='bbox 3150 1493 3203 1539; x_wconf 89' lang='lat' dir='ltr'><strong><em>et</em></strong></span> <span class='ocrx_word' id='word_1_563' title='bbox 3252 1490 3403 1539; x_wconf 88' lang='lat' dir='ltr'><strong><em>erunt</em></strong></span> <span class='ocrx_word' id='word_1_564' title='bbox 3427 1497 3580 1536; x_wconf 81' lang='lat' dir='ltr'><strong><em>omnes</em></strong></span> <span class='ocrx_word' id='word_1_565' title='bbox 3601 1479 3725 1547; x_wconf 65' lang='lat' dir='ltr'><strong><em>superbi</em></strong></span> 
     </span>
    </p>
   </div>
   <div class='ocr_carea' id='block_1_72' title="bbox 2246 1570 3725 1652">
    <p class='ocr_par' dir='ltr' id='par_1_72' title="bbox 2246 1570 3725 1652">
     <span class='ocr_line' id='line_1_73' title="bbox 2246 1570 3725 1652; baseline -0.012 -12"><span class='ocrx_word' id='word_1_566' title='bbox 2246 1594 2296 1640; x_wconf 89' lang='lat' dir='ltr'><strong><em>et</em></strong></span> <span class='ocrx_word' id='word_1_567' title='bbox 2313 1600 2490 1639; x_wconf 90' lang='lat' dir='ltr'><strong><em>omnes</em></strong></span> <span class='ocrx_word' id='word_1_568' title='bbox 2526 1582 2776 1652; x_wconf 80' lang='lat' dir='ltr'><strong><em>facientes</em></strong></span> <span class='ocrx_word' id='word_1_569' title='bbox 2798 1580 3120 1651; x_wconf 85' lang='lat' dir='ltr'><strong><em>impietatem</em></strong></span> <span class='ocrx_word' id='word_1_570' title='bbox 3146 1574 3375 1647; x_wconf 77' lang='lat' dir='ltr'><strong><em>stipula,</em></strong></span> <span class='ocrx_word' id='word_1_571' title='bbox 3399 1582 3446 1627; x_wconf 86' lang='lat' dir='ltr'><strong><em>et</em></strong></span> <span class='ocrx_word' id='word_1_572' title='bbox 3483 1570 3725 1641; x_wconf 63' lang='lat' dir='ltr'><strong><em>inflammant</em></strong></span> 
     </span>
    </p>
   </div>
   <div class='ocr_carea' id='block_1_73' title="bbox 2246 1666 3726 1739">
    <p class='ocr_par' dir='ltr' id='par_1_73' title="bbox 2246 1666 3726 1739">
     <span class='ocr_line' id='line_1_74' title="bbox 2246 1666 3726 1739; baseline -0.013 -6"><span class='ocrx_word' id='word_1_573' title='bbox 2246 1694 2336 1733; x_wconf 90' lang='lat' dir='ltr'><strong><em>eos</em></strong></span> <span class='ocrx_word' id='word_1_574' title='bbox 2362 1677 2475 1731; x_wconf 90' lang='lat' dir='ltr'><strong><em>dies</em></strong></span> <span class='ocrx_word' id='word_1_575' title='bbox 2503 1675 2734 1739; x_wconf 90' lang='lat' dir='ltr'><strong><em>veniens,</em></strong></span> <span class='ocrx_word' id='word_1_576' title='bbox 2756 1672 2885 1726; x_wconf 88' lang='lat' dir='ltr'><strong><em>dicit</em></strong></span> <span class='ocrx_word' id='word_1_577' title='bbox 2910 1669 3170 1725; x_wconf 87' lang='lat' dir='ltr'><strong><em>Dominus</em></strong></span> <span class='ocrx_word' id='word_1_578' title='bbox 3199 1666 3514 1723; x_wconf 67' lang='lat' dir='ltr'><strong><em>exercituum</em></strong></span> <span class='ocrx_word' id='word_1_579' title='bbox 3529 1703 3544 1728; x_wconf 90' lang='lat'><strong><em>,</em></strong></span> <span class='ocrx_word' id='word_1_580' title='bbox 3565 1678 3651 1732; x_wconf 69' lang='lat' dir='ltr'><strong><em>qua</em></strong></span> <span class='ocrx_word' id='word_1_581' title='bbox 3670 1678 3726 1715; x_wconf 69' lang='grc' dir='ltr'><strong><em>»οι</em></strong></span> 
     </span>
    </p>
   </div>
   <div class='ocr_carea' id='block_1_74' title="bbox 2249 1755 3727 1841">
    <p class='ocr_par' dir='ltr' id='par_1_74' title="bbox 2249 1755 3727 1841">
     <span class='ocr_line' id='line_1_75' title="bbox 2249 1755 3727 1841; baseline -0.012 -17"><span class='ocrx_word' id='word_1_582' title='bbox 2249 1770 2506 1841; x_wconf 87' lang='lat' dir='ltr'><strong><em>relinquet</em></strong></span> <span class='ocrx_word' id='word_1_583' title='bbox 2554 1769 2629 1822; x_wconf 90' lang='lat' dir='ltr'><strong><em>eis</em></strong></span> <span class='ocrx_word' id='word_1_584' title='bbox 2655 1766 2886 1821; x_wconf 88' lang='lat' dir='ltr'><strong><em>radicem</em></strong></span> <span class='ocrx_word' id='word_1_585' title='bbox 2932 1772 2980 1817; x_wconf 89' lang='lat' dir='ltr'><strong><em>et</em></strong></span> <span class='ocrx_word' id='word_1_586' title='bbox 3014 1778 3246 1829; x_wconf 84' lang='lat' dir='ltr'><strong><em>aermen,</em></strong></span> <span class='ocrx_word' id='word_1_587' title='bbox 3284 1767 3334 1815; x_wconf 88' lang='lat' dir='ltr'><strong><em>et</em></strong></span> <span class='ocrx_word' id='word_1_588' title='bbox 3372 1758 3553 1815; x_wconf 86' lang='lat' dir='ltr'><strong><em>orietur</em></strong></span> <span class='ocrx_word' id='word_1_589' title='bbox 3572 1755 3672 1810; x_wconf 73' lang='lat' dir='ltr'><strong><em>vobis</em></strong></span> <span class='ocrx_word' id='word_1_590' title='bbox 3693 1756 3727 1807; x_wconf 78' lang='lat' dir='ltr'><strong><em>ti-</em></strong></span> 
     </span>
    </p>
   </div>
   <div class='ocr_carea' id='block_1_75' title="bbox 2249 1849 3727 1923">
    <p class='ocr_par' dir='ltr' id='par_1_75' title="bbox 2249 1849 3727 1923">
     <span class='ocr_line' id='line_1_76' title="bbox 2249 1849 3727 1923; baseline -0.011 -7"><span class='ocrx_word' id='word_1_591' title='bbox 2249 1860 2513 1916; x_wconf 89' lang='lat' dir='ltr'><strong><em>mentibus</em></strong></span> <span class='ocrx_word' id='word_1_592' title='bbox 2539 1874 2730 1914; x_wconf 89' lang='lat' dir='ltr'><strong><em>nomen</em></strong></span> <span class='ocrx_word' id='word_1_593' title='bbox 2754 1871 2930 1911; x_wconf 91' lang='lat' dir='ltr'><strong><em>meum</em></strong></span> <span class='ocrx_word' id='word_1_594' title='bbox 2965 1854 3046 1910; x_wconf 90' lang='lat' dir='ltr'><strong><em>sol</em></strong></span> <span class='ocrx_word' id='word_1_595' title='bbox 3066 1853 3299 1923; x_wconf 76' lang='lat' dir='ltr'><strong><em>justitite</em></strong></span> <span class='ocrx_word' id='word_1_596' title='bbox 3332 1859 3382 1906; x_wconf 88' lang='lat' dir='ltr'><strong><em>et</em></strong></span> <span class='ocrx_word' id='word_1_597' title='bbox 3401 1850 3577 1905; x_wconf 84' lang='lat' dir='ltr'><strong><em>sanitas</em></strong></span> <span class='ocrx_word' id='word_1_598' title='bbox 3607 1849 3727 1916; x_wconf 61' lang='lat' dir='ltr'><strong><em>iam</em></strong></span> 
     </span>
    </p>
   </div>
   <div class='ocr_carea' id='block_1_76' title="bbox 2172 1938 3727 2023">
    <p class='ocr_par' dir='ltr' id='par_1_76' title="bbox 2172 1938 3727 2023">
     <span class='ocr_line' id='line_1_77' title="bbox 2172 1938 3727 2023; baseline -0.012 -15"><span class='ocrx_word' id='word_1_599' title='bbox 2172 1941 2222 2002; x_wconf 86' lang='grc' dir='ltr'><strong>Β</strong></span> <span class='ocrx_word' id='word_1_600' title='bbox 2250 1954 2329 2020; x_wconf 80' lang='lat' dir='ltr'><strong><em>nis</em></strong></span> <span class='ocrx_word' id='word_1_601' title='bbox 2368 1953 2503 2023; x_wconf 85' lang='lat' dir='ltr'><strong><em>ejus.</em></strong></span> <span class='ocrx_word' id='word_1_602' title='bbox 2528 1950 2599 2007; x_wconf 90' lang='lat' dir='ltr'><strong><em>Et</em></strong></span> <span class='ocrx_word' id='word_1_603' title='bbox 2624 1948 2962 2022; x_wconf 89' lang='lat' dir='ltr'><strong><em>egrediemini</em></strong></span> <span class='ocrx_word' id='word_1_604' title='bbox 2984 1956 3032 2001; x_wconf 91' lang='lat' dir='ltr'><strong><em>et</em></strong></span> <span class='ocrx_word' id='word_1_605' title='bbox 3074 1944 3277 2000; x_wconf 80' lang='lat' dir='ltr'><strong><em>salictis</em></strong></span> <span class='ocrx_word' id='word_1_606' title='bbox 3319 1945 3452 1999; x_wconf 88' lang='lat' dir='ltr'><strong><em>sicut</em></strong></span> <span class='ocrx_word' id='word_1_607' title='bbox 3485 1938 3727 1997; x_wconf 74' lang='lat' dir='ltr'><strong><em>vitulidem-</em></strong></span> 
     </span>
    </p>
   </div>
   <div class='ocr_carea' id='block_1_77' title="bbox 2246 2032 3726 2116">
    <p class='ocr_par' dir='ltr' id='par_1_77' title="bbox 2246 2032 3726 2116">
     <span class='ocr_line' id='line_1_78' title="bbox 2246 2032 3726 2116; baseline -0.016 -10"><span class='ocrx_word' id='word_1_608' title='bbox 2246 2059 2441 2116; x_wconf 84' lang='lat' dir='ltr'><strong><em>mento,</em></strong></span> <span class='ocrx_word' id='word_1_609' title='bbox 2492 2057 2540 2103; x_wconf 91' lang='lat' dir='ltr'><strong><em>et</em></strong></span> <span class='ocrx_word' id='word_1_610' title='bbox 2585 2045 2857 2102; x_wconf 82' lang='lat' dir='ltr'><strong><em>calcabitis</em></strong></span> <span class='ocrx_word' id='word_1_611' title='bbox 2902 2042 3091 2115; x_wconf 87' lang='lat' dir='ltr'><strong><em>impios</em></strong></span> <span class='ocrx_word' id='word_1_612' title='bbox 3146 2056 3272 2095; x_wconf 88' lang='lat' dir='ltr'><strong><em>cum</em></strong></span> <span class='ocrx_word' id='word_1_613' title='bbox 3320 2037 3504 2108; x_wconf 86' lang='lat' dir='ltr'><strong><em>fuerint</em></strong></span> <span class='ocrx_word' id='word_1_614' title='bbox 3543 2034 3642 2088; x_wconf 81' lang='lat' dir='ltr'><strong><em>cinis</em></strong></span> <span class='ocrx_word' id='word_1_615' title='bbox 3676 2032 3726 2084; x_wconf 70' lang='lat' dir='ltr'><strong><em>nl</em></strong></span> 
     </span>
    </p>
   </div>
   <div class='ocr_carea' id='block_1_78' title="bbox 2244 2124 3727 2213">
    <p class='ocr_par' dir='ltr' id='par_1_78' title="bbox 2244 2124 3727 2213">
     <span class='ocr_line' id='line_1_79' title="bbox 2244 2124 3727 2213; baseline -0.013 -15"><span class='ocrx_word' id='word_1_616' title='bbox 2244 2142 2429 2213; x_wconf 86' lang='lat' dir='ltr'><strong><em>planta</em></strong></span> <span class='ocrx_word' id='word_1_617' title='bbox 2454 2141 2646 2212; x_wconf 85' lang='lat' dir='ltr'><strong><em>pedum</em></strong></span> <span class='ocrx_word' id='word_1_618' title='bbox 2675 2146 2963 2194; x_wconf 88' lang='lat' dir='ltr'><strong><em>vestrorum</em></strong></span> <span class='ocrx_word' id='word_1_619' title='bbox 3005 2131 3162 2206; x_wconf 76' lang='lat' dir='ltr'><strong><em>(Mal.</em></strong></span> <span class='ocrx_word' id='word_1_620' title='bbox 3197 2129 3299 2200; x_wconf 73' lang='grc' dir='ltr'><strong><em>ιν).</em></strong></span> <span class='ocrx_word' id='word_1_621' title='bbox 3332 2128 3401 2184; x_wconf 83' lang='lat' dir='ltr'><strong><em>Et</em></strong></span> <span class='ocrx_word' id='word_1_622' title='bbox 3437 2134 3569 2183; x_wconf 87' lang='lat' dir='ltr'><strong><em>recte</em></strong></span> <span class='ocrx_word' id='word_1_623' title='bbox 3604 2124 3727 2213; x_wconf 71' lang='lat' dir='ltr'><strong><em>dictum</em></strong></span> 
     </span>
    </p>
   </div>
   <div class='ocr_carea' id='block_1_79' title="bbox 2247 2211 3728 2305">
    <p class='ocr_par' dir='ltr' id='par_1_79' title="bbox 2247 2211 3728 2305">
     <span class='ocr_line' id='line_1_80' title="bbox 2247 2211 3728 2305; baseline -0.014 -15"><span class='ocrx_word' id='word_1_624' title='bbox 2247 2211 2351 2300; x_wconf 84' lang='lat' dir='ltr'><strong><em>est,</em></strong></span> <span class='ocrx_word' id='word_1_625' title='bbox 2402 2211 2547 2305; x_wconf 88' lang='lat' dir='ltr'><strong><em>quod</em></strong></span> <span class='ocrx_word' id='word_1_626' title='bbox 2571 2246 2679 2287; x_wconf 92' lang='lat' dir='ltr'><strong><em>non</em></strong></span> <span class='ocrx_word' id='word_1_627' title='bbox 2722 2228 2928 2284; x_wconf 80' lang='lat' dir='ltr'><strong><em>factum</em></strong></span> <span class='ocrx_word' id='word_1_628' title='bbox 2957 2225 3123 2281; x_wconf 80' lang='lat' dir='ltr'><strong><em>fuerit</em></strong></span> <span class='ocrx_word' id='word_1_629' title='bbox 3145 2223 3321 2293; x_wconf 87' lang='lat' dir='ltr'><strong><em>phase</em></strong></span> <span class='ocrx_word' id='word_1_630' title='bbox 3346 2219 3452 2275; x_wconf 88' lang='lat' dir='ltr'><strong><em>tale</em></strong></span> <span class='ocrx_word' id='word_1_631' title='bbox 3476 2233 3504 2273; x_wconf 87' lang='lat' dir='ltr'><strong><em>a</em></strong></span> <span class='ocrx_word' id='word_1_632' title='bbox 3530 2217 3670 2272; x_wconf 83' lang='lat' dir='ltr'><strong><em>diebus</em></strong></span> <span class='ocrx_word' id='word_1_633' title='bbox 3682 2211 3728 2280; x_wconf 77' lang='lat' dir='ltr'><strong><em>ju-</em></strong></span> 
     </span>
    </p>
   </div>
   <div class='ocr_carea' id='block_1_80' title="bbox 2250 2310 3728 2395">
    <p class='ocr_par' dir='ltr' id='par_1_80' title="bbox 2250 2310 3728 2395">
     <span class='ocr_line' id='line_1_81' title="bbox 2250 2310 3728 2395; baseline -0.014 -12"><span class='ocrx_word' id='word_1_634' title='bbox 2250 2327 2448 2391; x_wconf 91' lang='lat' dir='ltr'><strong><em>dicum,</em></strong></span> <span class='ocrx_word' id='word_1_635' title='bbox 2494 2324 2586 2395; x_wconf 88' lang='lat' dir='ltr'><strong><em>qui</em></strong></span> <span class='ocrx_word' id='word_1_636' title='bbox 2608 2322 2991 2393; x_wconf 88' lang='lat' dir='ltr'><strong><em>judicaverunt</em></strong></span> <span class='ocrx_word' id='word_1_637' title='bbox 3031 2316 3220 2383; x_wconf 89' lang='lat' dir='ltr'><strong><em>Israel,</em></strong></span> <span class='ocrx_word' id='word_1_638' title='bbox 3261 2323 3321 2371; x_wconf 88' lang='lat' dir='ltr'><strong><em>et</em></strong></span> <span class='ocrx_word' id='word_1_639' title='bbox 3358 2313 3575 2370; x_wconf 87' lang='lat' dir='ltr'><strong><em>omnium</em></strong></span> <span class='ocrx_word' id='word_1_640' title='bbox 3604 2310 3728 2365; x_wconf 79' lang='lat' dir='ltr'><strong><em>dierum</em></strong></span> 
     </span>
    </p>
   </div>
   <div class='ocr_carea' id='block_1_81' title="bbox 2247 2405 3729 2487">
    <p class='ocr_par' dir='ltr' id='par_1_81' title="bbox 2247 2405 3729 2487">
     <span class='ocr_line' id='line_1_82' title="bbox 2247 2405 3729 2487; baseline -0.016 -12"><span class='ocrx_word' id='word_1_641' title='bbox 2247 2418 2414 2475; x_wconf 87' lang='lat' dir='ltr'><strong><em>Israel</em></strong></span> <span class='ocrx_word' id='word_1_642' title='bbox 2442 2424 2499 2473; x_wconf 88' lang='lat' dir='ltr'><strong><em>et</em></strong></span> <span class='ocrx_word' id='word_1_643' title='bbox 2534 2431 2722 2487; x_wconf 88' lang='lat' dir='ltr'><strong><em>regum</em></strong></span> <span class='ocrx_word' id='word_1_644' title='bbox 2747 2412 2906 2478; x_wconf 80' lang='lat' dir='ltr'><strong><em>Juda,</em></strong></span> <span class='ocrx_word' id='word_1_645' title='bbox 2930 2411 3069 2467; x_wconf 86' lang='lat' dir='ltr'><strong><em>sicut</em></strong></span> <span class='ocrx_word' id='word_1_646' title='bbox 3118 2409 3175 2464; x_wconf 87' lang='lat' dir='ltr'><strong><em>in</em></strong></span> <span class='ocrx_word' id='word_1_647' title='bbox 3218 2415 3414 2465; x_wconf 86' lang='lat' dir='ltr'><strong><em>octavo</em></strong></span> <span class='ocrx_word' id='word_1_648' title='bbox 3442 2405 3617 2462; x_wconf 89' lang='lat' dir='ltr'><strong><em>decimo</em></strong></span> <span class='ocrx_word' id='word_1_649' title='bbox 3650 2412 3729 2453; x_wconf 70' lang='lat' dir='ltr'><strong><em>anno</em></strong></span> 
     </span>
    </p>
   </div>
   <div class='ocr_carea' id='block_1_82' title="bbox 2249 2496 3729 2582">
    <p class='ocr_par' dir='ltr' id='par_1_82' title="bbox 2249 2496 3729 2582">
     <span class='ocr_line' id='line_1_83' title="bbox 2249 2496 3729 2582; baseline -0.014 -16"><span class='ocrx_word' id='word_1_650' title='bbox 2249 2510 2395 2582; x_wconf 87' lang='lat' dir='ltr'><strong><em>regis</em></strong></span> <span class='ocrx_word' id='word_1_651' title='bbox 2420 2508 2583 2565; x_wconf 74' lang='lat' dir='ltr'><strong><em>losize</em></strong></span> <span class='ocrx_word' id='word_1_652' title='bbox 2606 2504 3046 2578; x_wconf 41' lang='lat' dir='ltr'><strong><em>invﬂierusalem,</em></strong></span> <span class='ocrx_word' id='word_1_653' title='bbox 3073 2502 3222 2573; x_wconf 88' lang='lat' dir='ltr'><strong><em>quia,</em></strong></span> <span class='ocrx_word' id='word_1_654' title='bbox 3248 2499 3444 2558; x_wconf 86' lang='lat' dir='ltr'><strong><em>ablatis</em></strong></span> <span class='ocrx_word' id='word_1_655' title='bbox 3465 2496 3632 2570; x_wconf 83' lang='lat' dir='ltr'><strong><em>ﬁguris,</em></strong></span> <span class='ocrx_word' id='word_1_656' title='bbox 3644 2506 3729 2547; x_wconf 66' lang='lat' dir='ltr'><strong><em>ren-</em></strong></span> 
     </span>
    </p>
   </div>
   <div class='ocr_carea' id='block_1_83' title="bbox 2249 2582 3729 2671">
    <p class='ocr_par' dir='ltr' id='par_1_83' title="bbox 2249 2582 3729 2671">
     <span class='ocr_line' id='line_1_84' title="bbox 2249 2582 3729 2671; baseline -0.011 -13"><span class='ocrx_word' id='word_1_657' title='bbox 2249 2603 2390 2658; x_wconf 88' lang='lat' dir='ltr'><strong><em>citer</em></strong></span> <span class='ocrx_word' id='word_1_658' title='bbox 2421 2601 2479 2657; x_wconf 89' lang='lat' dir='ltr'><strong><em>in</em></strong></span> <span class='ocrx_word' id='word_1_659' title='bbox 2506 2601 2595 2658; x_wconf 90' lang='lat' dir='ltr'><strong><em>die</em></strong></span> <span class='ocrx_word' id='word_1_660' title='bbox 2633 2599 2827 2671; x_wconf 89' lang='lat' dir='ltr'><strong><em>judicii</em></strong></span> <span class='ocrx_word' id='word_1_661' title='bbox 2869 2596 3183 2653; x_wconf 88' lang='lat' dir='ltr'><strong><em>transibunt</em></strong></span> <span class='ocrx_word' id='word_1_662' title='bbox 3232 2594 3407 2651; x_wconf 88' lang='lat' dir='ltr'><strong><em>sancti</em></strong></span> <span class='ocrx_word' id='word_1_663' title='bbox 3457 2592 3516 2648; x_wconf 89' lang='lat' dir='ltr'><strong><em>de</em></strong></span> <span class='ocrx_word' id='word_1_664' title='bbox 3542 2597 3668 2646; x_wconf 84' lang='lat' dir='ltr'><strong><em>morte</em></strong></span> <span class='ocrx_word' id='word_1_665' title='bbox 3694 2582 3729 2634; x_wconf 71' lang='lat' dir='ltr'><strong><em>ad</em></strong></span> 
     </span>
    </p>
   </div>
   <div class='ocr_carea' id='block_1_84' title="bbox 2248 2679 3731 2763">
    <p class='ocr_par' dir='ltr' id='par_1_84' title="bbox 2248 2679 3731 2763">
     <span class='ocr_line' id='line_1_85' title="bbox 2248 2679 3731 2763; baseline -0.013 -12"><span class='ocrx_word' id='word_1_666' title='bbox 2248 2696 2439 2761; x_wconf 86' lang='lat' dir='ltr'><strong><em>vitam,</em></strong></span> <span class='ocrx_word' id='word_1_667' title='bbox 2477 2695 2546 2750; x_wconf 90' lang='lat' dir='ltr'><strong><em>de</em></strong></span> <span class='ocrx_word' id='word_1_668' title='bbox 2596 2691 2947 2763; x_wconf 82' lang='lat' dir='ltr'><strong><em>eorruptibne</em></strong></span> <span class='ocrx_word' id='word_1_669' title='bbox 2989 2688 3059 2744; x_wconf 86' lang='lat' dir='ltr'><strong><em>ad</em></strong></span> <span class='ocrx_word' id='word_1_670' title='bbox 3084 2687 3343 2759; x_wconf 89' lang='lat' dir='ltr'><strong><em>gloriam,</em></strong></span> <span class='ocrx_word' id='word_1_671' title='bbox 3383 2684 3550 2754; x_wconf 86' lang='lat' dir='ltr'><strong><em>sicque</em></strong></span> <span class='ocrx_word' id='word_1_672' title='bbox 3586 2679 3627 2734; x_wconf 88' lang='lat' dir='ltr'><strong><em>in</em></strong></span> <span class='ocrx_word' id='word_1_673' title='bbox 3664 2688 3731 2729; x_wconf 64' lang='lat' dir='ltr'><strong><em>eos</em></strong></span> 
     </span>
    </p>
   </div>
   <div class='ocr_carea' id='block_1_85' title="bbox 2253 2770 3729 2856">
    <p class='ocr_par' dir='ltr' id='par_1_85' title="bbox 2253 2770 3729 2856">
     <span class='ocr_line' id='line_1_86' title="bbox 2253 2770 3729 2856; baseline -0.015 -14"><span class='ocrx_word' id='word_1_674' title='bbox 2253 2795 2444 2856; x_wconf 89' lang='lat' dir='ltr'><strong><em>spectu</em></strong></span> <span class='ocrx_word' id='word_1_675' title='bbox 2465 2781 2766 2840; x_wconf 88' lang='lat' dir='ltr'><strong><em>conditoris</em></strong></span> <span class='ocrx_word' id='word_1_676' title='bbox 2801 2780 2888 2836; x_wconf 89' lang='lat' dir='ltr'><strong><em>sui</em></strong></span> <span class='ocrx_word' id='word_1_677' title='bbox 2906 2781 2964 2836; x_wconf 91' lang='lat' dir='ltr'><strong><em>in</em></strong></span> <span class='ocrx_word' id='word_1_678' title='bbox 2991 2778 3206 2836; x_wconf 70' lang='lat' dir='ltr'><strong><em>cmlesti</em></strong></span> <span class='ocrx_word' id='word_1_679' title='bbox 3238 2774 3559 2832; x_wconf 83' lang='lat' dir='ltr'><strong><em>Hierusalem</em></strong></span> <span class='ocrx_word' id='word_1_680' title='bbox 3579 2770 3618 2824; x_wconf 89' lang='lat' dir='ltr'><strong><em>in</em></strong></span> <span class='ocrx_word' id='word_1_681' title='bbox 3638 2774 3729 2822; x_wconf 72' lang='lat' dir='ltr'><strong><em>uter-</em></strong></span> 
     </span>
    </p>
   </div>
   <div class='ocr_carea' id='block_1_86' title="bbox 2251 2859 3731 2947">
    <p class='ocr_par' dir='ltr' id='par_1_86' title="bbox 2251 2859 3731 2947">
     <span class='ocr_line' id='line_1_87' title="bbox 2251 2859 3731 2947; baseline -0.011 -14"><span class='ocrx_word' id='word_1_682' title='bbox 2251 2893 2384 2934; x_wconf 89' lang='lat' dir='ltr'><strong><em>num</em></strong></span> <span class='ocrx_word' id='word_1_683' title='bbox 2423 2875 2736 2947; x_wconf 88' lang='lat' dir='ltr'><strong><em>gaudebunt</em></strong></span> <span class='ocrx_word' id='word_1_684' title='bbox 2771 2890 2785 2927; x_wconf 91' lang='lat'><strong>:</strong></span> <span class='ocrx_word' id='word_1_685' title='bbox 2836 2871 2978 2938; x_wconf 84' lang='lat' dir='ltr'><strong><em>Quia</em></strong></span> <span class='ocrx_word' id='word_1_686' title='bbox 3029 2870 3294 2927; x_wconf 86' lang='lat' dir='ltr'><strong><em>videbitur</em></strong></span> <span class='ocrx_word' id='word_1_687' title='bbox 3332 2868 3468 2924; x_wconf 85' lang='lat' dir='ltr'><strong><em>Deus</em></strong></span> <span class='ocrx_word' id='word_1_688' title='bbox 3515 2865 3673 2919; x_wconf 66' lang='lat' dir='ltr'><strong><em>deorum</em></strong></span> <span class='ocrx_word' id='word_1_689' title='bbox 3704 2859 3731 2908; x_wconf 62' lang='lat' dir='ltr'><strong><em>in</em></strong></span> 
     </span>
    </p>
   </div>
   <div class='ocr_carea' id='block_1_87' title="bbox 2255 2946 3729 3040">
    <p class='ocr_par' dir='ltr' id='par_1_87' title="bbox 2255 2946 3729 3040">
     <span class='ocr_line' id='line_1_88' title="bbox 2255 2946 3729 3040; baseline -0.016 -16"><span class='ocrx_word' id='word_1_690' title='bbox 2255 2967 2389 3024; x_wconf 88' lang='lat' dir='ltr'><strong><em>Sion</em></strong></span> <span class='ocrx_word' id='word_1_691' title='bbox 2434 2946 2608 3040; x_wconf 65' lang='lat' dir='ltr'><strong><em>(Psal.</em></strong></span> <span class='ocrx_word' id='word_1_692' title='bbox 2660 2961 2930 3034; x_wconf 74' lang='lat' dir='ltr'><strong>unm);</strong></span> <span class='ocrx_word' id='word_1_693' title='bbox 2961 2970 3018 3019; x_wconf 89' lang='lat' dir='ltr'><strong><em>et</em></strong></span> <span class='ocrx_word' id='word_1_694' title='bbox 3065 2953 3251 3017; x_wconf 73' lang='lat' dir='ltr'><strong><em>civitas</em></strong></span> <span class='ocrx_word' id='word_1_695' title='bbox 3291 2958 3385 3014; x_wconf 91' lang='lat' dir='ltr'><strong><em>illa</em></strong></span> <span class='ocrx_word' id='word_1_696' title='bbox 3436 2973 3531 3011; x_wconf 89' lang='lat' dir='ltr'><strong><em>non</em></strong></span> <span class='ocrx_word' id='word_1_697' title='bbox 3563 2961 3643 3022; x_wconf 75' lang='lat' dir='ltr'><strong><em>eget</em></strong></span> <span class='ocrx_word' id='word_1_698' title='bbox 3674 2946 3729 3000; x_wconf 72' lang='lat' dir='ltr'><strong><em>solt</em></strong></span> 
     </span>
    </p>
   </div>
   <div class='ocr_carea' id='block_1_88' title="bbox 2254 3042 3730 3132">
    <p class='ocr_par' dir='ltr' id='par_1_88' title="bbox 2254 3042 3730 3132">
     <span class='ocr_line' id='line_1_89' title="bbox 2254 3042 3730 3132; baseline -0.014 -17"><span class='ocrx_word' id='word_1_699' title='bbox 2254 3077 2416 3132; x_wconf 88' lang='lat' dir='ltr'><strong><em>neque</em></strong></span> <span class='ocrx_word' id='word_1_700' title='bbox 2448 3058 2578 3114; x_wconf 88' lang='lat' dir='ltr'><strong><em>luna</em></strong></span> <span class='ocrx_word' id='word_1_701' title='bbox 2595 3065 2656 3112; x_wconf 89' lang='lat' dir='ltr'><strong><em>ut</em></strong></span> <span class='ocrx_word' id='word_1_702' title='bbox 2681 3056 2889 3111; x_wconf 86' lang='lat' dir='ltr'><strong><em>luceant</em></strong></span> <span class='ocrx_word' id='word_1_703' title='bbox 2919 3056 2977 3110; x_wconf 89' lang='lat' dir='ltr'><strong><em>in</em></strong></span> <span class='ocrx_word' id='word_1_704' title='bbox 3021 3072 3105 3121; x_wconf 89' lang='lat' dir='ltr'><strong><em>ea,</em></strong></span> <span class='ocrx_word' id='word_1_705' title='bbox 3125 3070 3253 3109; x_wconf 88' lang='lat' dir='ltr'><strong><em>nam</em></strong></span> <span class='ocrx_word' id='word_1_706' title='bbox 3279 3051 3489 3107; x_wconf 86' lang='lat' dir='ltr'><strong><em>claritas</em></strong></span> <span class='ocrx_word' id='word_1_707' title='bbox 3525 3048 3603 3102; x_wconf 79' lang='lat' dir='ltr'><strong><em>Dei</em></strong></span> <span class='ocrx_word' id='word_1_708' title='bbox 3621 3042 3730 3098; x_wconf 57' lang='lat' dir='ltr'><strong><em>illius</em></strong></span> 
     </span>
    </p>
   </div>
   <div class='ocr_carea' id='block_1_89' title="bbox 2253 3135 3727 3219">
    <p class='ocr_par' dir='ltr' id='par_1_89' title="bbox 2253 3135 3727 3219">
     <span class='ocr_line' id='line_1_90' title="bbox 2253 3135 3727 3219; baseline -0.015 -9"><span class='ocrx_word' id='word_1_709' title='bbox 2253 3153 2399 3210; x_wconf 81' lang='lat' dir='ltr'><strong><em>nubit</em></strong></span> <span class='ocrx_word' id='word_1_710' title='bbox 2430 3169 2568 3219; x_wconf 89' lang='lat' dir='ltr'><strong><em>eam,</em></strong></span> <span class='ocrx_word' id='word_1_711' title='bbox 2612 3159 2661 3206; x_wconf 88' lang='lat' dir='ltr'><strong><em>et</em></strong></span> <span class='ocrx_word' id='word_1_712' title='bbox 2690 3149 2909 3205; x_wconf 86' lang='lat' dir='ltr'><strong><em>lucerna</em></strong></span> <span class='ocrx_word' id='word_1_713' title='bbox 2937 3148 3053 3219; x_wconf 85' lang='lat' dir='ltr'><strong><em>ejus</em></strong></span> <span class='ocrx_word' id='word_1_714' title='bbox 3078 3163 3250 3218; x_wconf 84' lang='lat' dir='ltr'><strong><em>agnus</em></strong></span> <span class='ocrx_word' id='word_1_715' title='bbox 3280 3155 3379 3212; x_wconf 90' lang='lat' dir='ltr'><strong><em>est,</em></strong></span> <span class='ocrx_word' id='word_1_716' title='bbox 3419 3152 3465 3199; x_wconf 89' lang='lat' dir='ltr'><strong><em>et</em></strong></span> <span class='ocrx_word' id='word_1_717' title='bbox 3502 3135 3727 3195; x_wconf 76' lang='lat' dir='ltr'><strong><em>anide</em></strong></span> 
     </span>
    </p>
   </div>
   <div class='ocr_carea' id='block_1_90' title="bbox 2253 3227 3729 3319">
    <p class='ocr_par' dir='ltr' id='par_1_90' title="bbox 2253 3227 3729 3319">
     <span class='ocr_line' id='line_1_91' title="bbox 2253 3227 3729 3319; baseline -0.013 -15"><span class='ocrx_word' id='word_1_718' title='bbox 2253 3255 2429 3319; x_wconf 89' lang='lat' dir='ltr'><strong><em>gentes</em></strong></span> <span class='ocrx_word' id='word_1_719' title='bbox 2456 3246 2513 3300; x_wconf 91' lang='lat' dir='ltr'><strong><em>in</em></strong></span> <span class='ocrx_word' id='word_1_720' title='bbox 2541 3243 2739 3299; x_wconf 89' lang='lat' dir='ltr'><strong><em>lumine</em></strong></span> <span class='ocrx_word' id='word_1_721' title='bbox 2762 3243 2878 3313; x_wconf 89' lang='lat' dir='ltr'><strong><em>ejus</em></strong></span> <span class='ocrx_word' id='word_1_722' title='bbox 2898 3283 2912 3309; x_wconf 95' lang='lat'><strong><em>,</em></strong></span> <span class='ocrx_word' id='word_1_723' title='bbox 2935 3251 2985 3299; x_wconf 81' lang='lat' dir='ltr'><strong><em>et</em></strong></span> <span class='ocrx_word' id='word_1_724' title='bbox 3020 3257 3164 3313; x_wconf 86' lang='lat' dir='ltr'><strong><em>reges</em></strong></span> <span class='ocrx_word' id='word_1_725' title='bbox 3196 3250 3357 3296; x_wconf 69' lang='lat' dir='ltr'><strong><em>terrae</em></strong></span> <span class='ocrx_word' id='word_1_726' title='bbox 3378 3238 3574 3309; x_wconf 58' lang='lat' dir='ltr'><strong><em>aferen:</em></strong></span> <span class='ocrx_word' id='word_1_727' title='bbox 3596 3227 3729 3319; x_wconf 46' lang='lat' dir='ltr'><strong><em>glorise</em></strong></span> 
     </span>
    </p>
   </div>
   <div class='ocr_carea' id='block_1_91' title="bbox 2177 3311 3730 3401">
    <p class='ocr_par' dir='ltr' id='par_1_91' title="bbox 2177 3311 3730 3401">
     <span class='ocr_line' id='line_1_92' title="bbox 2177 3311 3730 3401; baseline -0.004 -7"><span class='ocrx_word' id='word_1_728' title='bbox 2177 3311 2223 3375; x_wconf 74' lang='lat' dir='ltr'><strong><em>C</em></strong></span> <span class='ocrx_word' id='word_1_729' title='bbox 2253 3311 2408 3395; x_wconf 73' lang='lat' dir='ltr'><strong><em>suam</em></strong></span> <span class='ocrx_word' id='word_1_730' title='bbox 2434 3344 2483 3391; x_wconf 90' lang='lat' dir='ltr'><strong><em>et</em></strong></span> <span class='ocrx_word' id='word_1_731' title='bbox 2506 3336 2757 3391; x_wconf 84' lang='lat' dir='ltr'><strong><em>honorem</em></strong></span> <span class='ocrx_word' id='word_1_732' title='bbox 2780 3311 2837 3389; x_wconf 85' lang='lat' dir='ltr'><strong><em>in</em></strong></span> <span class='ocrx_word' id='word_1_733' title='bbox 2865 3333 3037 3401; x_wconf 88' lang='lat' dir='ltr'><strong><em>illam,</em></strong></span> <span class='ocrx_word' id='word_1_734' title='bbox 3063 3311 3156 3388; x_wconf 82' lang='lat' dir='ltr'><strong><em>nec</em></strong></span> <span class='ocrx_word' id='word_1_735' title='bbox 3181 3332 3407 3387; x_wconf 83' lang='lat' dir='ltr'><strong><em>intrabit</em></strong></span> <span class='ocrx_word' id='word_1_736' title='bbox 3431 3331 3485 3383; x_wconf 89' lang='lat' dir='ltr'><strong><em>in</em></strong></span> <span class='ocrx_word' id='word_1_737' title='bbox 3510 3314 3730 3388; x_wconf 60' lang='grc' dir='ltr'><strong><em>εαιηαιίφίί</em></strong></span> 
     </span>
    </p>
   </div>
   <div class='ocr_carea' id='block_1_92' title="bbox 2255 3412 3732 3503">
    <p class='ocr_par' dir='ltr' id='par_1_92' title="bbox 2255 3412 3732 3503">
     <span class='ocr_line' id='line_1_93' title="bbox 2255 3412 3732 3503; baseline -0.013 -15"><span class='ocrx_word' id='word_1_738' title='bbox 2255 3432 2654 3503; x_wconf 88' lang='lat' dir='ltr'><strong><em>coinquinatum</em></strong></span> <span class='ocrx_word' id='word_1_739' title='bbox 2701 3437 2751 3484; x_wconf 92' lang='lat' dir='ltr'><strong><em>et</em></strong></span> <span class='ocrx_word' id='word_1_740' title='bbox 2800 3429 3000 3499; x_wconf 87' lang='lat' dir='ltr'><strong><em>faciens</em></strong></span> <span class='ocrx_word' id='word_1_741' title='bbox 3051 3428 3491 3483; x_wconf 87' lang='lat' dir='ltr'><strong><em>abominationem</em></strong></span> <span class='ocrx_word' id='word_1_742' title='bbox 3536 3430 3575 3474; x_wconf 82' lang='lat' dir='ltr'><strong><em>et</em></strong></span> <span class='ocrx_word' id='word_1_743' title='bbox 3609 3412 3732 3470; x_wconf 55' lang='lat' dir='ltr'><strong><em>nenda</em></strong></span> 
     </span>
    </p>
   </div>
   <div class='ocr_carea' id='block_1_93' title="bbox 2256 3502 3730 3594">
    <p class='ocr_par' dir='ltr' id='par_1_93' title="bbox 2256 3502 3730 3594">
     <span class='ocr_line' id='line_1_94' title="bbox 2256 3502 3730 3594; baseline -0.009 -16"><span class='ocrx_word' id='word_1_744' title='bbox 2256 3502 2418 3588; x_wconf 85' lang='lat' dir='ltr'><strong><em>cium,</em></strong></span> <span class='ocrx_word' id='word_1_745' title='bbox 2433 3523 2537 3579; x_wconf 89' lang='lat' dir='ltr'><strong><em>nisi</em></strong></span> <span class='ocrx_word' id='word_1_746' title='bbox 2556 3523 2649 3594; x_wconf 89' lang='lat' dir='ltr'><strong><em>qui</em></strong></span> <span class='ocrx_word' id='word_1_747' title='bbox 2662 3523 2843 3593; x_wconf 86' lang='lat' dir='ltr'><strong><em>scripti</em></strong></span> <span class='ocrx_word' id='word_1_748' title='bbox 2862 3528 2985 3575; x_wconf 88' lang='lat' dir='ltr'><strong><em>sunt</em></strong></span> <span class='ocrx_word' id='word_1_749' title='bbox 3001 3520 3059 3575; x_wconf 88' lang='lat' dir='ltr'><strong><em>in</em></strong></span> <span class='ocrx_word' id='word_1_750' title='bbox 3077 3518 3212 3573; x_wconf 90' lang='lat' dir='ltr'><strong><em>libro</em></strong></span> <span class='ocrx_word' id='word_1_751' title='bbox 3236 3520 3357 3574; x_wconf 72' lang='lat' dir='ltr'><strong><em>vita:</em></strong></span> <span class='ocrx_word' id='word_1_752' title='bbox 3373 3516 3488 3590; x_wconf 88' lang='lat' dir='ltr'><strong><em>agni</em></strong></span> <span class='ocrx_word' id='word_1_753' title='bbox 3503 3502 3730 3585; x_wconf 52' lang='lat' dir='ltr'><strong><em>(Apocul-</em></strong></span> 
     </span>
    </p>
   </div>
   <div class='ocr_carea' id='block_1_94' title="bbox 2255 3595 3731 3671">
    <p class='ocr_par' dir='ltr' id='par_1_94' title="bbox 2255 3595 3731 3671">
     <span class='ocr_line' id='line_1_95' title="bbox 2255 3595 3731 3671; baseline -0.01 0"><span class='ocrx_word' id='word_1_754' title='bbox 2255 3623 2311 3670; x_wconf 85' lang='lat' dir='ltr'><strong><em>et</em></strong></span> <span class='ocrx_word' id='word_1_755' title='bbox 2340 3630 2541 3671; x_wconf 89' lang='lat' dir='ltr'><strong><em>nomen</em></strong></span> <span class='ocrx_word' id='word_1_756' title='bbox 2559 3613 2795 3670; x_wconf 72' lang='lat' dir='ltr'><strong><em>civitatis</em></strong></span> <span class='ocrx_word' id='word_1_757' title='bbox 2825 3628 2895 3668; x_wconf 72' lang='lat' dir='ltr'><strong><em>ex</em></strong></span> <span class='ocrx_word' id='word_1_758' title='bbox 2921 3611 3011 3667; x_wconf 85' lang='lat' dir='ltr'><strong><em>illa</em></strong></span> <span class='ocrx_word' id='word_1_759' title='bbox 3035 3611 3123 3666; x_wconf 92' lang='lat' dir='ltr'><strong><em>die</em></strong></span> <span class='ocrx_word' id='word_1_760' title='bbox 3144 3609 3409 3667; x_wconf 87' lang='lat' dir='ltr'><strong><em>Dominus</em></strong></span> <span class='ocrx_word' id='word_1_761' title='bbox 3428 3605 3597 3663; x_wconf 77' lang='lat' dir='ltr'><strong><em>ibidem</em></strong></span> <span class='ocrx_word' id='word_1_762' title='bbox 3616 3595 3731 3653; x_wconf 58' lang='lat'><strong><em>233*</em></strong></span> 
     </span>
    </p>
   </div>
   <div class='ocr_carea' id='block_1_95' title="bbox 2256 3685 3731 3778">
    <p class='ocr_par' dir='ltr' id='par_1_95' title="bbox 2256 3685 3731 3778">
     <span class='ocr_line' id='line_1_96' title="bbox 2256 3685 3731 3778; baseline -0.009 -15"><span class='ocrx_word' id='word_1_763' title='bbox 2256 3710 2430 3764; x_wconf 88' lang='lat' dir='ltr'><strong><em>dictus</em></strong></span> <span class='ocrx_word' id='word_1_764' title='bbox 2478 3707 2760 3776; x_wconf 89' lang='lat' dir='ltr'><strong><em>Dominus,</em></strong></span> <span class='ocrx_word' id='word_1_765' title='bbox 2790 3705 3041 3778; x_wconf 90' lang='lat' dir='ltr'><strong><em>quoniam</em></strong></span> <span class='ocrx_word' id='word_1_766' title='bbox 3100 3702 3404 3772; x_wconf 75' lang='lat' dir='ltr'><strong><em>miriﬁcavit</em></strong></span> <span class='ocrx_word' id='word_1_767' title='bbox 3440 3685 3731 3755; x_wconf 43' lang='lat' dir='ltr'><strong><em>mium?!“</em></strong></span> 
     </span>
    </p>
   </div>
   <div class='ocr_carea' id='block_1_96' title="bbox 2250 3796 3713 3870">
    <p class='ocr_par' dir='ltr' id='par_1_96' title="bbox 2250 3796 3713 3870">
     <span class='ocr_line' id='line_1_97' title="bbox 2250 3796 3713 3870; baseline -0.005 -16"><span class='ocrx_word' id='word_1_768' title='bbox 2250 3806 2410 3854; x_wconf 82' lang='lat' dir='ltr'><strong><em>‘suam</em></strong></span> <span class='ocrx_word' id='word_1_769' title='bbox 2442 3796 2619 3870; x_wconf 90' lang='lat' dir='ltr'><strong><em>(Psal.</em></strong></span> <span class='ocrx_word' id='word_1_770' title='bbox 2653 3796 2807 3870; x_wconf 74' lang='lat' dir='ltr'><strong><em>xxx).</em></strong></span> <span class='ocrx_word' id='word_1_771' title='bbox 3709 3862 3713 3870; x_wconf 85' lang='lat'>_</span> 
     </span>
    </p>
   </div>
   <div class='ocr_carea' id='block_1_97' title="bbox 2328 3870 3732 3957">
    <p class='ocr_par' dir='ltr' id='par_1_97' title="bbox 2328 3870 3732 3957">
     <span class='ocr_line' id='line_1_98' title="bbox 2328 3870 3732 3957; baseline -0.011 -13"><span class='ocrx_word' id='word_1_772' title='bbox 2328 3888 2576 3944; x_wconf 83' lang='lat' dir='ltr'><strong><em>Ascendit</em></strong></span> <span class='ocrx_word' id='word_1_773' title='bbox 2630 3885 2848 3941; x_wconf 89' lang='lat' dir='ltr'><strong><em>Nechao</em></strong></span> <span class='ocrx_word' id='word_1_774' title='bbox 2906 3902 2999 3942; x_wconf 76' lang='lat' dir='ltr'><strong><em>rea:</em></strong></span> <span class='ocrx_word' id='word_1_775' title='bbox 3048 3883 3276 3957; x_wconf 55' lang='grc' dir='ltr'><strong><em>ὤρθριὶ</em></strong></span> <span class='ocrx_word' id='word_1_776' title='bbox 3318 3883 3387 3938; x_wconf 90' lang='lat' dir='ltr'><strong><em>ad</em></strong></span> <span class='ocrx_word' id='word_1_777' title='bbox 3421 3870 3683 3951; x_wconf 61' lang='lat' dir='ltr'><strong><em>pugnandi!</em></strong></span> <span class='ocrx_word' id='word_1_778' title='bbox 3704 3876 3732 3912; x_wconf 67' lang='grc'><strong><em>⁸⁵</em></strong></span> 
     </span>
    </p>
   </div>
   <div class='ocr_carea' id='block_1_98' title="bbox 2260 3968 3733 4055">
    <p class='ocr_par' dir='ltr' id='par_1_98' title="bbox 2260 3968 3733 4055">
     <span class='ocr_line' id='line_1_99' title="bbox 2260 3968 3733 4055; baseline -0.017 -17"><span class='ocrx_word' id='word_1_779' title='bbox 2260 3982 2607 4039; x_wconf 88' lang='lat' dir='ltr'><strong><em>Charchamis</em></strong></span> <span class='ocrx_word' id='word_1_780' title='bbox 2628 3984 2790 4054; x_wconf 74' lang='lat' dir='ltr'><strong><em>juxta</em></strong></span> <span class='ocrx_word' id='word_1_781' title='bbox 2822 3981 3157 4053; x_wconf 85' lang='lat' dir='ltr'><strong><em>Euphraten,</em></strong></span> <span class='ocrx_word' id='word_1_782' title='bbox 3186 3987 3237 4034; x_wconf 92' lang='lat' dir='ltr'><strong><em>et</em></strong></span> <span class='ocrx_word' id='word_1_783' title='bbox 3269 3974 3509 4050; x_wconf 84' lang='lat' dir='ltr'><strong><em>processit</em></strong></span> <span class='ocrx_word' id='word_1_784' title='bbox 3546 3970 3590 4023; x_wconf 81' lang='lat' dir='ltr'><strong><em>in</em></strong></span> <span class='ocrx_word' id='word_1_785' title='bbox 3626 3968 3733 4055; x_wconf 57' lang='lat' dir='ltr'><strong><em>occlt-</em></strong></span> 
     </span>
    </p>
   </div>
   <div class='ocr_carea' id='block_1_99' title="bbox 2258 4056 3733 4146">
    <p class='ocr_par' dir='ltr' id='par_1_99' title="bbox 2258 4056 3733 4146">
     <span class='ocr_line' id='line_1_100' title="bbox 2258 4056 3733 4146; baseline -0.016 -16"><span class='ocrx_word' id='word_1_786' title='bbox 2258 4092 2376 4130; x_wconf 90' lang='lat' dir='ltr'><strong><em>sum</em></strong></span> <span class='ocrx_word' id='word_1_787' title='bbox 2400 4075 2515 4146; x_wconf 89' lang='lat' dir='ltr'><strong><em>ejus</em></strong></span> <span class='ocrx_word' id='word_1_788' title='bbox 2549 4072 2749 4129; x_wconf 80' lang='lat' dir='ltr'><strong><em>Josias.</em></strong></span> <span class='ocrx_word' id='word_1_789' title='bbox 2795 4072 2861 4127; x_wconf 78' lang='lat' dir='ltr'><strong><em>At</em></strong></span> <span class='ocrx_word' id='word_1_790' title='bbox 2893 4071 2983 4127; x_wconf 89' lang='lat' dir='ltr'><strong><em>ille</em></strong></span> <span class='ocrx_word' id='word_1_791' title='bbox 3010 4072 3185 4127; x_wconf 89' lang='lat' dir='ltr'><strong><em>missis</em></strong></span> <span class='ocrx_word' id='word_1_792' title='bbox 3219 4071 3291 4125; x_wconf 91' lang='lat' dir='ltr'><strong><em>ad</em></strong></span> <span class='ocrx_word' id='word_1_793' title='bbox 3335 4083 3449 4123; x_wconf 87' lang='lat' dir='ltr'><strong><em>eum</em></strong></span> <span class='ocrx_word' id='word_1_794' title='bbox 3493 4056 3644 4117; x_wconf 80' lang='lat' dir='ltr'><strong><em>nuntiis</em></strong></span> <span class='ocrx_word' id='word_1_795' title='bbox 3671 4056 3733 4146; x_wconf 59' lang='lat' dir='ltr'><strong><em>mli</em></strong></span> 
     </span>
    </p>
   </div>
   <div class='ocr_carea' id='block_1_100' title="bbox 2263 4142 3734 4235">
    <p class='ocr_par' dir='ltr' id='par_1_100' title="bbox 2263 4142 3734 4235">
     <span class='ocr_line' id='line_1_101' title="bbox 2263 4142 3734 4235; baseline -0.021 -4"><span class='ocrx_word' id='word_1_796' title='bbox 2263 4168 2405 4235; x_wconf 82' lang='lat' dir='ltr'><strong><em>Quid</em></strong></span> <span class='ocrx_word' id='word_1_797' title='bbox 2422 4142 2561 4222; x_wconf 77' lang='lat' dir='ltr'><strong><em>mihi</em></strong></span> <span class='ocrx_word' id='word_1_798' title='bbox 2594 4175 2643 4222; x_wconf 88' lang='lat' dir='ltr'><strong><em>et</em></strong></span> <span class='ocrx_word' id='word_1_799' title='bbox 2665 4166 2761 4221; x_wconf 89' lang='lat' dir='ltr'><strong><em>tibi</em></strong></span> <span class='ocrx_word' id='word_1_800' title='bbox 2800 4173 2899 4232; x_wconf 90' lang='lat' dir='ltr'><strong><em>est,</em></strong></span> <span class='ocrx_word' id='word_1_801' title='bbox 2952 4174 3047 4220; x_wconf 82' lang='lat' dir='ltr'><strong><em>rea:</em></strong></span> <span class='ocrx_word' id='word_1_802' title='bbox 3091 4161 3283 4217; x_wconf 76' lang='lat' dir='ltr'><strong><em>Iuda?</em></strong></span> <span class='ocrx_word' id='word_1_803' title='bbox 3321 4159 3443 4215; x_wconf 83' lang='lat' dir='ltr'><strong><em>Non</em></strong></span> <span class='ocrx_word' id='word_1_804' title='bbox 3490 4142 3734 4235; x_wconf 56' lang='lat' dir='ltr'><strong><em>adseruit“</em></strong></span> 
     </span>
    </p>
   </div>
   <div class='ocr_carea' id='block_1_101' title="bbox 2260 4233 3734 4331">
    <p class='ocr_par' dir='ltr' id='par_1_101' title="bbox 2260 4233 3734 4331">
     <span class='ocr_line' id='line_1_102' title="bbox 2260 4233 3734 4331; baseline -0.012 -16"><span class='ocrx_word' id='word_1_805' title='bbox 2260 4233 2415 4317; x_wconf 81' lang='lat' dir='ltr'><strong><em>hodie</em></strong></span> <span class='ocrx_word' id='word_1_806' title='bbox 2448 4262 2621 4329; x_wconf 89' lang='lat' dir='ltr'><strong><em>venio,</em></strong></span> <span class='ocrx_word' id='word_1_807' title='bbox 2668 4259 2759 4315; x_wconf 88' lang='lat' dir='ltr'><strong><em>sed</em></strong></span> <span class='ocrx_word' id='word_1_808' title='bbox 2802 4268 3009 4329; x_wconf 27' lang='lat' dir='ltr'><strong><em>contra.</em></strong></span> <span class='ocrx_word' id='word_1_809' title='bbox 3035 4256 3199 4312; x_wconf 88' lang='lat' dir='ltr'><strong><em>aliam</em></strong></span> <span class='ocrx_word' id='word_1_810' title='bbox 3249 4268 3421 4327; x_wconf 81' lang='lat' dir='ltr'><strong><em>pugno</em></strong></span> <span class='ocrx_word' id='word_1_811' title='bbox 3469 4250 3652 4331; x_wconf 64' lang='lat' dir='ltr'><strong><em>(lanam:3</em></strong></span> 
     </span>
    </p>
   </div>
   <div class='ocr_carea' id='block_1_102' title="bbox 2261 4326 3734 4424">
    <p class='ocr_par' dir='ltr' id='par_1_102' title="bbox 2261 4326 3734 4424">
     <span class='ocr_line' id='line_1_103' title="bbox 2261 4326 3734 4424; baseline -0.014 -15"><span class='ocrx_word' id='word_1_812' title='bbox 2261 4351 2373 4424; x_wconf 69' lang='lat' dir='ltr'><strong><em>est},</em></strong></span> <span class='ocrx_word' id='word_1_813' title='bbox 2402 4326 2613 4408; x_wconf 24' lang='lat' dir='ltr'><strong><em>contra-</em></strong></span> <span class='ocrx_word' id='word_1_814' title='bbox 2647 4350 2870 4407; x_wconf 92' lang='lat' dir='ltr'><strong><em>domum</em></strong></span> <span class='ocrx_word' id='word_1_815' title='bbox 2911 4326 3057 4420; x_wconf 88' lang='lat' dir='ltr'><strong><em>regis</em></strong></span> <span class='ocrx_word' id='word_1_816' title='bbox 3113 4347 3181 4402; x_wconf 90' lang='lat' dir='ltr'><strong><em>ad</em></strong></span> <span class='ocrx_word' id='word_1_817' title='bbox 3224 4326 3481 4402; x_wconf 85' lang='lat' dir='ltr'><strong><em>Remmon</em></strong></span> <span class='ocrx_word' id='word_1_818' title='bbox 3525 4334 3601 4391; x_wconf 83' lang='lat' dir='ltr'><strong><em>ﬁlii</em></strong></span> <span class='ocrx_word' id='word_1_819' title='bbox 3633 4326 3734 4383; x_wconf 62' lang='lat' dir='ltr'><strong><em>hbﬁ‘</em></strong></span> 
     </span>
    </p>
   </div>
   <div class='ocr_carea' id='block_1_103' title="bbox 2261 4429 3734 4516">
    <p class='ocr_par' dir='ltr' id='par_1_103' title="bbox 2261 4429 3734 4516">
     <span class='ocr_line' id='line_1_104' title="bbox 2261 4429 3734 4516; baseline -0.01 -14"><span class='ocrx_word' id='word_1_820' title='bbox 2261 4461 2389 4502; x_wconf 92' lang='lat' dir='ltr'><strong><em>mon</em></strong></span> <span class='ocrx_word' id='word_1_821' title='bbox 2419 4445 2509 4516; x_wconf 88' lang='lat' dir='ltr'><strong><em>qui</em></strong></span> <span class='ocrx_word' id='word_1_822' title='bbox 2548 4443 2815 4516; x_wconf 84' lang='lat' dir='ltr'><strong><em>regnabat</em></strong></span> <span class='ocrx_word' id='word_1_823' title='bbox 2856 4443 2912 4498; x_wconf 92' lang='lat' dir='ltr'><strong><em>in</em></strong></span> <span class='ocrx_word' id='word_1_824' title='bbox 2956 4440 3337 4506; x_wconf 84' lang='lat' dir='ltr'><strong><em>Charchamis,</em></strong></span> <span class='ocrx_word' id='word_1_825' title='bbox 3368 4450 3480 4508; x_wconf 77' lang='lat' dir='ltr'><strong><em>qua:</em></strong></span> <span class='ocrx_word' id='word_1_826' title='bbox 3522 4444 3575 4486; x_wconf 83' lang='lat' dir='ltr'><strong><em>ea</em></strong></span> <span class='ocrx_word' id='word_1_827' title='bbox 3616 4429 3734 4516; x_wconf 64' lang='grc' dir='ltr'><strong><em>ιωψῇ</em></strong></span> 
     </span>
    </p>
   </div>
   <div class='ocr_carea' id='block_1_104' title="bbox 2264 4503 3731 4609">
    <p class='ocr_par' dir='ltr' id='par_1_104' title="bbox 2264 4503 3731 4609">
     <span class='ocr_line' id='line_1_105' title="bbox 2264 4503 3731 4609; baseline -0.018 -15"><span class='ocrx_word' id='word_1_828' title='bbox 2264 4546 2405 4594; x_wconf 89' lang='lat' dir='ltr'><strong><em>state</em></strong></span> <span class='ocrx_word' id='word_1_829' title='bbox 2433 4503 2542 4609; x_wconf 78' lang='lat' dir='ltr'><strong><em>qua</em></strong></span> <span class='ocrx_word' id='word_1_830' title='bbox 2572 4503 2644 4592; x_wconf 49' lang='lat' dir='ltr'><strong><em>et</em></strong></span> <span class='ocrx_word' id='word_1_831' title='bbox 2667 4533 2871 4591; x_wconf 88' lang='lat' dir='ltr'><strong><em>Josiam</em></strong></span> <span class='ocrx_word' id='word_1_832' title='bbox 2925 4549 3110 4606; x_wconf 82' lang='lat' dir='ltr'><strong><em>regem</em></strong></span> <span class='ocrx_word' id='word_1_833' title='bbox 3156 4503 3658 4590; x_wconf 46' lang='lat' dir='ltr'><strong><em>Nechao—interfecit,</em></strong></span> <span class='ocrx_word' id='word_1_834' title='bbox 3690 4503 3731 4609; x_wconf 51' lang='grc' dir='ltr'><strong><em>Αςί</em></strong></span> 
     </span>
    </p>
   </div>
   <div class='ocr_carea' id='block_1_105' title="bbox 2267 4596 3732 4700">
    <p class='ocr_par' dir='ltr' id='par_1_105' title="bbox 2267 4596 3732 4700">
     <span class='ocr_line' id='line_1_106' title="bbox 2267 4596 3732 4700; baseline -0.014 -17"><span class='ocrx_word' id='word_1_835' title='bbox 2267 4645 2426 4700; x_wconf 90' lang='lat' dir='ltr'><strong><em>quam</em></strong></span> <span class='ocrx_word' id='word_1_836' title='bbox 2448 4596 2561 4682; x_wconf 45' lang='lat' dir='ltr'><strong><em>.me</em></strong></span> <span class='ocrx_word' id='word_1_837' title='bbox 2615 4625 2757 4681; x_wconf 91' lang='lat' dir='ltr'><strong><em>Deus</em></strong></span> <span class='ocrx_word' id='word_1_838' title='bbox 2806 4596 3051 4696; x_wconf 62' lang='lat' dir='ltr'><strong><em>festinato</em></strong></span> <span class='ocrx_word' id='word_1_839' title='bbox 3094 4626 3174 4680; x_wconf 91' lang='lat' dir='ltr'><strong><em>ire</em></strong></span> <span class='ocrx_word' id='word_1_840' title='bbox 3210 4621 3468 4696; x_wconf 69' lang='lat' dir='ltr'><strong><em>prlecepit.</em></strong></span> <span class='ocrx_word' id='word_1_841' title='bbox 3502 4596 3732 4700; x_wconf 74' lang='lat' dir='ltr'><strong><em>Desine</em></strong></span> 
     </span>
    </p>
   </div>
   <div class='ocr_carea' id='block_1_106' title="bbox 2269 4692 3733 4789">
    <p class='ocr_par' dir='ltr' id='par_1_106' title="bbox 2269 4692 3733 4789">
     <span class='ocr_line' id='line_1_107' title="bbox 2269 4692 3733 4789; baseline -0.012 -12"><span class='ocrx_word' id='word_1_842' title='bbox 2269 4738 2472 4777; x_wconf 89' lang='lat' dir='ltr'><strong><em>versum</em></strong></span> <span class='ocrx_word' id='word_1_843' title='bbox 2514 4719 2685 4774; x_wconf 90' lang='lat' dir='ltr'><strong><em>Deum</em></strong></span> <span class='ocrx_word' id='word_1_844' title='bbox 2731 4718 2906 4789; x_wconf 88' lang='lat' dir='ltr'><strong><em>facere</em></strong></span> <span class='ocrx_word' id='word_1_845' title='bbox 2960 4718 3051 4789; x_wconf 90' lang='lat' dir='ltr'><strong><em>qui</em></strong></span> <span class='ocrx_word' id='word_1_846' title='bbox 3098 4733 3304 4773; x_wconf 90' lang='lat' dir='ltr'><strong><em>mecum</em></strong></span> <span class='ocrx_word' id='word_1_847' title='bbox 3338 4721 3429 4777; x_wconf 87' lang='lat' dir='ltr'><strong><em>est,</em></strong></span> <span class='ocrx_word' id='word_1_848' title='bbox 3460 4725 3515 4763; x_wconf 84' lang='lat' dir='ltr'><strong><em>ne</em></strong></span> <span class='ocrx_word' id='word_1_849' title='bbox 3555 4692 3733 4762; x_wconf 51' lang='lat' dir='ltr'><strong><em>inmiti“</em></strong></span> 
     </span>
    </p>
   </div>
   <div class='ocr_carea' id='block_1_107' title="bbox 2267 4793 3735 4883">
    <p class='ocr_par' dir='ltr' id='par_1_107' title="bbox 2267 4793 3735 4883">
     <span class='ocr_line' id='line_1_108' title="bbox 2267 4793 3735 4883; baseline -0.006 -16"><span class='ocrx_word' id='word_1_850' title='bbox 2267 4814 2345 4868; x_wconf 72' lang='lat' dir='ltr'><strong><em>te.‘</em></strong></span> <span class='ocrx_word' id='word_1_851' title='bbox 2391 4810 2510 4869; x_wconf 77' lang='lat' dir='ltr'><strong><em>Rex</em></strong></span> <span class='ocrx_word' id='word_1_852' title='bbox 2549 4809 2770 4883; x_wconf 66' lang='lat' dir='ltr'><strong><em>Egypti</em></strong></span> <span class='ocrx_word' id='word_1_853' title='bbox 2801 4824 2860 4865; x_wconf 90' lang='lat' dir='ltr'><strong><em>se</em></strong></span> <span class='ocrx_word' id='word_1_854' title='bbox 2890 4809 3179 4865; x_wconf 89' lang='lat' dir='ltr'><strong><em>Dominum</em></strong></span> <span class='ocrx_word' id='word_1_855' title='bbox 3235 4806 3480 4863; x_wconf 82' lang='lat' dir='ltr'><strong><em>festinato</em></strong></span> <span class='ocrx_word' id='word_1_856' title='bbox 3521 4798 3586 4851; x_wconf 75' lang='lat' dir='ltr'><strong><em>ire</em></strong></span> <span class='ocrx_word' id='word_1_857' title='bbox 3616 4793 3735 4883; x_wconf 45' lang='lat' dir='ltr'><strong><em>Pw?”</em></strong></span> 
     </span>
    </p>
   </div>
   <div class='ocr_carea' id='block_1_108' title="bbox 2268 4882 3732 4974">
    <p class='ocr_par' dir='ltr' id='par_1_108' title="bbox 2268 4882 3732 4974">
     <span class='ocr_line' id='line_1_109' title="bbox 2268 4882 3732 4974; baseline -0.016 -13"><span class='ocrx_word' id='word_1_858' title='bbox 2268 4904 2414 4974; x_wconf 88' lang='lat' dir='ltr'><strong><em>pisse</em></strong></span> <span class='ocrx_word' id='word_1_859' title='bbox 2458 4882 2871 4968; x_wconf 86' lang='lat' dir='ltr'><strong><em>commemorat,</em></strong></span> <span class='ocrx_word' id='word_1_860' title='bbox 2922 4900 3051 4970; x_wconf 88' lang='lat' dir='ltr'><strong><em>quia</em></strong></span> <span class='ocrx_word' id='word_1_861' title='bbox 3102 4913 3172 4954; x_wconf 83' lang='lat' dir='ltr'><strong><em>ex</em></strong></span> <span class='ocrx_word' id='word_1_862' title='bbox 3224 4896 3400 4952; x_wconf 85' lang='lat' dir='ltr'><strong><em>verbis</em></strong></span> <span class='ocrx_word' id='word_1_863' title='bbox 3443 4882 3732 4974; x_wconf 53' lang='lat' dir='ltr'><strong><em>prophetmlnnla</em></strong></span> 
     </span>
    </p>
   </div>
   <div class='ocr_carea' id='block_1_109' title="bbox 2271 4960 3734 5060">
    <p class='ocr_par' dir='ltr' id='par_1_109' title="bbox 2271 4960 3734 5060">
     <span class='ocr_line' id='line_1_110' title="bbox 2271 4960 3734 5060; baseline -0.003 -11"><span class='ocrx_word' id='word_1_864' title='bbox 2271 4960 2375 5049; x_wconf 76' lang='lat' dir='ltr'><strong><em>hoc</em></strong></span> <span class='ocrx_word' id='word_1_865' title='bbox 2402 4999 2487 5049; x_wconf 90' lang='lat' dir='ltr'><strong><em>est</em></strong></span> <span class='ocrx_word' id='word_1_866' title='bbox 2513 4990 2765 5048; x_wconf 82' lang='lat' dir='ltr'><strong><em>Jeremise</em></strong></span> <span class='ocrx_word' id='word_1_867' title='bbox 2792 4960 2869 5045; x_wconf 34' lang='lat' dir='ltr'><strong><em>et.</em></strong></span> <span class='ocrx_word' id='word_1_868' title='bbox 2892 4960 3143 5055; x_wconf 75' lang='lat' dir='ltr'><strong><em>aliorum,</em></strong></span> <span class='ocrx_word' id='word_1_869' title='bbox 3184 4987 3359 5060; x_wconf 88' lang='lat' dir='ltr'><strong><em>potuit</em></strong></span> <span class='ocrx_word' id='word_1_870' title='bbox 3389 4960 3656 5053; x_wconf 53' lang='lat'><strong><em>66800509”</em></strong></span> 
     </span>
    </p>
   </div>
   <div class='ocr_carea' id='block_1_110' title="bbox 2270 5046 3731 5155">
    <p class='ocr_par' dir='ltr' id='par_1_110' title="bbox 2270 5046 3731 5155">
     <span class='ocr_line' id='line_1_111' title="bbox 2270 5046 3731 5155; baseline -0.001 -18"><span class='ocrx_word' id='word_1_871' title='bbox 2270 5082 2404 5138; x_wconf 90' lang='lat' dir='ltr'><strong><em>mini</em></strong></span> <span class='ocrx_word' id='word_1_872' title='bbox 2441 5080 2777 5137; x_wconf 85' lang='lat' dir='ltr'><strong><em>voluntatem</em></strong></span> <span class='ocrx_word' id='word_1_873' title='bbox 2826 5081 2895 5135; x_wconf 89' lang='lat' dir='ltr'><strong><em>ad</em></strong></span> <span class='ocrx_word' id='word_1_874' title='bbox 2933 5046 3204 5155; x_wconf 66' lang='lat' dir='ltr'><strong><em>ultionem</em></strong></span> <span class='ocrx_word' id='word_1_875' title='bbox 3241 5046 3492 5150; x_wconf 51' lang='lat' dir='ltr'><strong><em>agendam</em></strong></span> <span class='ocrx_word' id='word_1_876' title='bbox 3534 5066 3580 5121; x_wconf 73' lang='lat' dir='ltr'><strong><em>in</em></strong></span> 
     </span>
    </p>
   </div>
   <div class='ocr_carea' id='block_1_111' title="bbox 2272 5134 3811 5244">
    <p class='ocr_par' dir='ltr' id='par_1_111' title="bbox 2272 5134 3811 5244">
     <span class='ocr_line' id='line_1_112' title="bbox 2272 5134 3811 5244; baseline -0.012 -15"><span class='ocrx_word' id='word_1_877' title='bbox 2272 5134 2800 5244; x_wconf 17' lang='lat' dir='ltr'><strong><em>Euagrum</em></strong></span> <span class='ocrx_word' id='word_1_878' title='bbox 2849 5134 2905 5226; x_wconf 73' lang='lat' dir='ltr'><strong><em>et</em></strong></span> <span class='ocrx_word' id='word_1_879' title='bbox 2964 5147 3240 5239; x_wconf 78' lang='lat' dir='ltr'><strong><em>Rapsaces</em></strong></span> <span class='ocrx_word' id='word_1_880' title='bbox 3275 5134 3421 5221; x_wconf 47' lang='lat' dir='ltr'><strong><em>&quot;dicit</em></strong></span> <span class='ocrx_word' id='word_1_881' title='bbox 3478 5134 3733 5244; x_wconf 53' lang='lat' dir='ltr'><strong><em>Scanst</em></strong></span> 
     </span>
    </p>
   </div>
   <div class='ocr_carea' id='block_1_112' title="bbox 2273 5222 3730 5336">
    <p class='ocr_par' dir='ltr' id='par_1_112' title="bbox 2273 5222 3730 5336">
     <span class='ocr_line' id='line_1_113' title="bbox 2273 5222 3730 5336; baseline 0.001 -18"><span class='ocrx_word' id='word_1_882' title='bbox 2273 5222 2389 5336; x_wconf 42' lang='grc' dir='ltr'><strong><em>ι’θεὶ</em></strong></span> <span class='ocrx_word' id='word_1_883' title='bbox 2434 5262 2781 5334; x_wconf 84' lang='lat' dir='ltr'><strong><em>Assyriorum</em></strong></span> <span class='ocrx_word' id='word_1_884' title='bbox 2803 5302 2818 5329; x_wconf 92' lang='lat'><strong><em>,</em></strong></span> <span class='ocrx_word' id='word_1_885' title='bbox 2861 5222 3118 5314; x_wconf 48' lang='lat' dir='ltr'><strong><em>Domin‘us</em></strong></span> <span class='ocrx_word' id='word_1_886' title='bbox 3140 5259 3301 5329; x_wconf 85' lang='lat' dir='ltr'><strong><em>jussit</em></strong></span> <span class='ocrx_word' id='word_1_887' title='bbox 3338 5222 3730 5336; x_wconf 49' lang='grc' dir='ltr'><strong><em>ηιεωοεηδετξξδ</em></strong></span> 
     </span>
    </p>
   </div>
   <div class='ocr_carea' id='block_1_113' title="bbox 2272 5326 3732 5425">
    <p class='ocr_par' dir='ltr' id='par_1_113' title="bbox 2272 5326 3732 5425">
     <span class='ocr_line' id='line_1_114' title="bbox 2272 5326 3732 5425; baseline -0.008 -14"><span class='ocrx_word' id='word_1_888' title='bbox 2272 5326 2469 5413; x_wconf 59' lang='grc' dir='ltr'><em>εεῖναηι</em></span> <span class='ocrx_word' id='word_1_889' title='bbox 2502 5326 2659 5410; x_wconf 75' lang='lat' dir='ltr'><strong><em>istam</em></strong></span> <span class='ocrx_word' id='word_1_890' title='bbox 2676 5395 2692 5422; x_wconf 91' lang='lat'><strong><em>,</em></strong></span> <span class='ocrx_word' id='word_1_891' title='bbox 2735 5326 2863 5425; x_wconf 82' lang='lat' dir='ltr'><strong><em>quia</em></strong></span> <span class='ocrx_word' id='word_1_892' title='bbox 2891 5351 3005 5424; x_wconf 88' lang='lat' dir='ltr'><strong><em>jam</em></strong></span> <span class='ocrx_word' id='word_1_893' title='bbox 3053 5326 3327 5422; x_wconf 57' lang='lat' dir='ltr'><strong><em>prophetae</em></strong></span> <span class='ocrx_word' id='word_1_894' title='bbox 3361 5339 3508 5401; x_wconf 84' lang='lat' dir='ltr'><strong><em>Israel</em></strong></span> <span class='ocrx_word' id='word_1_895' title='bbox 3546 5326 3732 5425; x_wconf 55' lang='grc' dir='ltr'><strong><em>Ρτορδξθξ</em></strong></span> 
     </span>
    </p>
   </div>
   <div class='ocr_carea' id='block_1_114' title="bbox 2273 5414 3811 5521">
    <p class='ocr_par' dir='ltr' id='par_1_114' title="bbox 2273 5414 3811 5521">
     <span class='ocr_line' id='line_1_115' title="bbox 2273 5414 3811 5521; baseline -0.008 -13"><span class='ocrx_word' id='word_1_896' title='bbox 2273 5460 2468 5511; x_wconf 87' lang='lat' dir='ltr'><strong><em>verant</em></strong></span> <span class='ocrx_word' id='word_1_897' title='bbox 2516 5452 2640 5519; x_wconf 89' lang='lat' dir='ltr'><strong><em>hoc,</em></strong></span> <span class='ocrx_word' id='word_1_898' title='bbox 2677 5414 2823 5521; x_wconf 71' lang='lat' dir='ltr'><strong><em>quod</em></strong></span> <span class='ocrx_word' id='word_1_899' title='bbox 2862 5414 2955 5505; x_wconf 77' lang='lat' dir='ltr'><strong><em>ille</em></strong></span> <span class='ocrx_word' id='word_1_900' title='bbox 2998 5414 3324 5504; x_wconf 66' lang='lat' dir='ltr'><strong><em>ascensurus</em></strong></span> <span class='ocrx_word' id='word_1_901' title='bbox 3364 5444 3513 5501; x_wconf 85' lang='lat' dir='ltr'><strong><em>esset,</em></strong></span> <span class='ocrx_word' id='word_1_902' title='bbox 3552 5424 3645 5497; x_wconf 70' lang='grc' dir='ltr'>ιιυίει</span> <span class='ocrx_word' id='word_1_903' title='bbox 3671 5414 3729 5468; x_wconf 58' lang='lat' dir='ltr'><strong><em>hoc</em></strong></span> <span class='ocrx_word' id='word_1_904' title='bbox 3810 5446 3811 5521; x_wconf 62' lang='lat' dir='ltr'>j</span> 
     </span>
    </p>
   </div>
   <div class='ocr_carea' id='block_1_115' title="bbox 2256 5541 2863 5601">
    <p class='ocr_par' dir='ltr' id='par_1_115' title="bbox 2256 5541 2863 5601">
     <span class='ocr_line' id='line_1_116' title="bbox 2256 5541 2863 5601; baseline -0.008 0"><span class='ocrx_word' id='word_1_905' title='bbox 2256 5560 2400 5601; x_wconf 79' lang='lat' dir='ltr'><strong><em>eum</em></strong></span> <span class='ocrx_word' id='word_1_906' title='bbox 2428 5544 2652 5600; x_wconf 88' lang='lat' dir='ltr'><strong><em>minime</em></strong></span> <span class='ocrx_word' id='word_1_907' title='bbox 2688 5541 2863 5598; x_wconf 88' lang='lat' dir='ltr'><strong><em>latuit.</em></strong></span> 
     </span>
    </p>
   </div>
   <div class='ocr_carea' id='block_1_116' title="bbox 2350 5605 3727 5704">
    <p class='ocr_par' dir='ltr' id='par_1_116' title="bbox 2350 5605 3727 5704">
     <span class='ocr_line' id='line_1_117' title="bbox 2350 5605 3727 5704; baseline -0.006 -14"><span class='ocrx_word' id='word_1_908' title='bbox 2350 5634 2537 5691; x_wconf 87' lang='lat' dir='ltr'><strong><em>Noluit</em></strong></span> <span class='ocrx_word' id='word_1_909' title='bbox 2558 5634 2735 5689; x_wconf 85' lang='lat' dir='ltr'><strong><em>Josias</em></strong></span> <span class='ocrx_word' id='word_1_910' title='bbox 2777 5635 2994 5699; x_wconf 87' lang='lat' dir='ltr'><strong><em>reverti,</em></strong></span> <span class='ocrx_word' id='word_1_911' title='bbox 3032 5631 3123 5686; x_wconf 89' lang='lat' dir='ltr'><strong><em>sed</em></strong></span> <span class='ocrx_word' id='word_1_912' title='bbox 3160 5622 3455 5702; x_wconf 69' lang='lat' dir='ltr'><strong><em>praparavit</em></strong></span> <span class='ocrx_word' id='word_1_913' title='bbox 3489 5605 3727 5704; x_wconf 36' lang='lat' dir='ltr'><strong><em>comi“:</em></strong></span> 
     </span>
    </p>
   </div>
   <div class='ocr_carea' id='block_1_117' title="bbox 2279 5694 3811 5798">
    <p class='ocr_par' dir='ltr' id='par_1_117' title="bbox 2279 5694 3811 5798">
     <span class='ocr_line' id='line_1_118' title="bbox 2279 5694 3811 5798; baseline -0.007 -15"><span class='ocrx_word' id='word_1_914' title='bbox 2279 5728 2469 5783; x_wconf 88' lang='lat' dir='ltr'><strong><em>bellum</em></strong></span> <span class='ocrx_word' id='word_1_915' title='bbox 2527 5744 2619 5782; x_wconf 87' lang='lat' dir='ltr'><strong><em>nec</em></strong></span> <span class='ocrx_word' id='word_1_916' title='bbox 2662 5726 2914 5798; x_wconf 87' lang='lat' dir='ltr'><strong><em>acquievit</em></strong></span> <span class='ocrx_word' id='word_1_917' title='bbox 2972 5694 3295 5779; x_wconf 77' lang='lat' dir='ltr'><strong><em>sermonibus</em></strong></span> <span class='ocrx_word' id='word_1_918' title='bbox 3343 5712 3531 5772; x_wconf 72' lang='lat' dir='ltr'><strong><em>Nechao</em></strong></span> <span class='ocrx_word' id='word_1_919' title='bbox 3570 5694 3730 5798; x_wconf 49' lang='lat' dir='ltr'><strong><em>rei“:</em></strong></span> 
     </span>
    </p>
   </div>
   <div class='ocr_carea' id='block_1_118' title="bbox 2278 5775 3729 5897">
    <p class='ocr_par' dir='ltr' id='par_1_118' title="bbox 2278 5775 3729 5897">
     <span class='ocr_line' id='line_1_119' title="bbox 2279 5775 3284 5798; baseline -0.007 -15"><span class='ocrx_word' id='word_1_920' title='bbox 2279 5775 2468 5783; x_wconf 55' lang='lat' dir='ltr'><strong><em>mm..-</em></strong></span> <span class='ocrx_word' id='word_1_921' title='bbox 2528 5775 2614 5782; x_wconf 68' lang='grc' dir='ltr'><strong><em>η--</em></strong></span> <span class='ocrx_word' id='word_1_922' title='bbox 2663 5775 2908 5798; x_wconf 48' lang='grc' dir='ltr'><strong><em>ηπρημ,</em></strong></span> <span class='ocrx_word' id='word_1_923' title='bbox 3280 5775 3284 5776; x_wconf 64' lang='lat'><strong><em>,</em></strong></span> 
     </span>
     <span class='ocr_line' id='line_1_120' title="bbox 2278 5775 3729 5897; baseline -0.014 -21"><span class='ocrx_word' id='word_1_924' title='bbox 2278 5838 2365 5875; x_wconf 87' lang='lat' dir='ltr'><strong><em>ore</em></strong></span> <span class='ocrx_word' id='word_1_925' title='bbox 2411 5820 2529 5887; x_wconf 90' lang='lat' dir='ltr'><strong><em>Dei,</em></strong></span> <span class='ocrx_word' id='word_1_926' title='bbox 2562 5835 2739 5875; x_wconf 88' lang='lat' dir='ltr'><strong><em>verum</em></strong></span> <span class='ocrx_word' id='word_1_927' title='bbox 2766 5817 2990 5889; x_wconf 70' lang='lat' dir='ltr'><strong><em>perrexit</em></strong></span> <span class='ocrx_word' id='word_1_928' title='bbox 3033 5826 3089 5870; x_wconf 89' lang='lat' dir='ltr'><strong><em>ut</em></strong></span> <span class='ocrx_word' id='word_1_929' title='bbox 3139 5814 3397 5867; x_wconf 85' lang='lat' dir='ltr'><strong><em>dimicaret</em></strong></span> <span class='ocrx_word' id='word_1_930' title='bbox 3435 5803 3484 5856; x_wconf 76' lang='lat' dir='ltr'><strong><em>in</em></strong></span> 
     </span>
    </p>
   </div>
   <div class='ocr_carea' id='block_1_119' title="bbox 2278 5873 3811 5990">
    <p class='ocr_par' dir='ltr' id='par_1_119' title="bbox 2278 5873 3811 5990">
     <span class='ocr_line' id='line_1_121' title="bbox 2278 5873 3811 5990; baseline -0.029 -3"><span class='ocrx_word' id='word_1_931' title='bbox 2278 5873 2689 5990; x_wconf 19' lang='grc' dir='ltr'><strong><em>θεάάδένὲὺὶἀιιε</em></strong></span> <span class='ocrx_word' id='word_1_932' title='bbox 2742 5873 3038 5971; x_wconf 66' lang='lat' dir='ltr'><strong><em>vulneratus</em></strong></span> <span class='ocrx_word' id='word_1_933' title='bbox 3084 5925 3118 5964; x_wconf 89' lang='lat' dir='ltr'><strong><em>a</em></strong></span> <span class='ocrx_word' id='word_1_934' title='bbox 3167 5899 3437 5978; x_wconf 81' lang='lat' dir='ltr'><strong><em>sagittariis</em></strong></span> <span class='ocrx_word' id='word_1_935' title='bbox 3473 5886 3579 5945; x_wconf 62' lang='lat' dir='ltr'><strong><em>dit“</em></strong></span> <span class='ocrx_word' id='word_1_936' title='bbox 3615 5873 3727 5948; x_wconf 70' lang='grc'><strong><em>1³⁸⁸³⁸⁸</em></strong></span> 
     </span>
    </p>
   </div>
  </div>
