3920 6476
136 482 255 544 529

136 604 258 660 suis
293 617 314 656 :
355 601 622 657 Deducite
666 616 747 654 me
799 600 863 653 de
900 595 1116 668 prwlio,
1160 593 1286 664 quia
1328 590 1515 663 oppido
1577 586 1757 644 vulne—
1784 589 1837 649 Α

139 705 303 749 ratus
338 711 490 749 sum.
540 692 645 759 Qui
680 690 1057 745 transtulerunt
1088 703 1205 740 eum
1246 685 1311 738 de
1358 683 1502 737 curri
1529 682 1586 736 in
1631 679 1760 734 alte-

142 807 273 843 rum
309 804 543 844 currum
566 788 655 858 qui
678 786 986 857 sequebatur
1005 798 1121 836 eum
1150 796 1296 835 more
1320 778 1462 849 regio
1492 786 1539 831 et
1581 790 1762 846 aspor-

143 894 411 942 tauerunt
442 901 564 940 eum
589 885 648 938 in
685 879 1041 937 Hierusalem.
1092 876 1434 946 Mortuusque
1461 881 1537 927 est
1588 880 1635 926 et
1677 887 1760 926 se-

142 980 341 1053 pultus
368 980 435 1034 in
457 976 724 1033 mausoleo
751 984 959 1048 patrum
987 987 1228 1036 suorum,
1253 978 1302 1039 et
1323 967 1593 1023 universus
1618 962 1765 1019 Iuda

144 1084 198 1131 et
227 1072 593 1128 Hierusalem
627 1070 872 1125 luxerunt
893 1082 1031 1133 eum,
1062 1063 1319 1120 Jeremias
1344 1061 1589 1126 maxime,
1613 1058 1765 1127 cujus

147 1180 343 1219 omnes
371 1172 622 1218 cantores
661 1169 814 1231 atque
851 1156 1161 1211 cantatrices
1190 1170 1354 1225 usque
1379 1153 1437 1206 in
1461 1158 1767 1222 prwsentem

149 1255 298 1309 diem
334 1252 749 1307 lamentationes
772 1264 929 1319 super
947 1245 1099 1301 Josia
1124 1243 1394 1316 replicant,
1421 1251 1526 1298 etc.
1560 1241 1636 1295 De
1662 1239 1767 1295 hoc

148 1346 354 1417 praelio
380 1343 658 1415 Josephus
683 1343 757 1396 ita
784 1340 970 1396 refert.
1013 1339 1150 1393 Dum
1172 1335 1349 1393 Josias
1368 1335 1424 1390 in
1444 1348 1579 1404 pace
1607 1340 1768 1403 atque

152 1438 374 1493 divitiis
432 1445 493 1492 et
522 1435 691 1505 gloria
736 1447 897 1502 super
940 1444 1130 1486 omnes
1180 1428 1495 1494 excelleret,
1546 1424 1768 1481 Nechao

155 1548 258 1585 rex
307 1529 706 1600 Egyptiorum
757 1533 938 1581 castra
986 1522 1168 1593 posuit
1210 1522 1278 1577 ad
1325 1520 1638 1592 Euphraten
1670 1517 1768 1572 ﬂu-

152 1625 312 1678 vium
358 1628 425 1676 ut
466 1627 660 1676 contra
699 1617 880 1673 Medos
907 1625 964 1672 et
984 1614 1310 1688 Babylonios
1340 1613 1645 1679 dimicaret,
1675 1611 1769 1682 qui

154 1713 529 1784 Assyriorum
579 1708 851 1765 solverant
896 1706 1283 1778 principatum.
1330 1703 1576 1760 Habebat
1624 1702 1771 1759 enim

157 1804 514 1860 desiderium
537 1808 599 1856 ut
621 1805 870 1872 regnaret
894 1799 949 1853 in
986 1797 1148 1864 Asia;
1193 1805 1250 1852 et
1289 1797 1414 1851 dum
1444 1795 1678 1850 venisset
1704 1793 1772 1847 ad

156 1897 459 1952 civitatem
485 1893 685 1959 Medin,
716 1908 836 1964 quae
860 1898 983 1947 erat
1022 1891 1088 1946 de
1121 1903 1290 1960 regno
1317 1888 1496 1954 Josiae,
1523 1885 1774 1957 prohibe-

159 1989 259 2043 bat
304 2001 444 2041 eum
506 2002 602 2041 rex
653 1984 829 2043 Josias
867 1999 965 2054 per
1008 1998 1165 2038 suam
1203 1981 1537 2053 provinciam
1585 1986 1773 2036 contra

160 2081 359 2135 Medos
390 2081 507 2135 iter
554 2078 753 2135 facere.
805 2077 960 2133 Tunc
988 2078 1213 2132 mittens
1267 2076 1473 2146 legatos
1527 2074 1596 2129 ad
1649 2086 1774 2127 eum

163 2171 400 2228 Nechao
458 2169 785 2243 signiﬁcavit
848 2186 958 2225 non
1019 2182 1077 2224 se
1138 2173 1329 2222 contra
1383 2180 1504 2220 eum
1565 2163 1775 2219 exerci-

166 2275 288 2318 tum
348 2265 588 2332 ducere,
634 2263 729 2319 sed
779 2264 847 2318 ad
879 2263 1208 2333 Euphratem
1257 2258 1479 2314 ﬂuvium
1517 2272 1776 2329 propera-

168 2371 264 2421 re,
315 2355 590 2426 adjiciens
640 2364 700 2410 ut
755 2370 879 2410 eum
922 2368 1223 2426 provocare
1269 2366 1379 2407 non
1423 2351 1644 2407 deberet
1678 2364 1776 2419 per

167 2461 335 2501 suum
373 2446 584 2502 bellum
611 2444 968 2515 prohibendo,
1017 2457 1088 2499 ne
1135 2443 1311 2500 aliena
1339 2444 1445 2499 iret
1481 2442 1549 2497 ad
1590 2441 1775 2513 praelia

170 2552 286 2607 quo
315 2536 603 2592 tendebat.
645 2536 820 2593 Josias
860 2551 989 2592 vero
1036 2550 1145 2591 non
1183 2534 1562 2606 acquiescebat
1594 2534 1776 2590 verbis

169 2627 426 2695 Nechao,
466 2629 562 2685 sed
589 2629 829 2686 instabat
852 2644 922 2684 ne
966 2629 1070 2685 iter
1104 2644 1263 2684 suum
1290 2644 1389 2700 per
1429 2627 1545 2698 ejus
1574 2626 1776 2683 faceret

172 2718 492 2789 regionem.
542 2716 687 2775 Reor
723 2721 949 2792 urgebat
992 2735 1117 2777 eum
1160 2730 1223 2775 ut
1276 2721 1423 2791 quod
1460 2720 1777 2779 imminebat

172 2812 482 2868 accideret.
511 2812 612 2868 Hic
650 2814 778 2868 dum
800 2815 975 2870 aciem
1001 2814 1275 2871 exercitus
1301 2814 1384 2869 sui
1406 2821 1771 2884 componeret,

172 2910 229 2957 et
281 2904 347 2959 in
402 2919 570 2959 curru
622 2913 807 2961 vectus
840 2921 871 2961 a
908 2921 1074 2962 curru
1118 2905 1377 2960 transiret
1414 2905 1479 2960 ad
1531 2919 1774 2971 currum,

171 2998 415 3068 quidam
438 2997 713 3068 iaculatus
736 3016 861 3056 eum
907 2999 1288 3072 JEgyptiorum
1320 3016 1351 3055 a
1398 2999 1526 3056 belli
1554 2999 1780 3056 festina-

171 3090 332 3146 tione
367 3092 666 3162 suspendit.
718 3091 840 3149 Mox
893 3093 1039 3148 enim
1084 3093 1309 3148 vulnere
1353 3093 1517 3147 nimis
1554 3092 1780 3150 allectus

164 3179 341 3249 jussit
366 3183 673 3238 exercitum
713 3184 979 3250 revocari,
1006 3191 1063 3239 et
1088 3184 1157 3240 ad
1179 3182 1478 3239 Jerusalem
1517 3187 1780 3242 remeavit

168 3271 304 3339 quia
332 3271 590 3342 plagatus
633 3280 738 3337 est,
774 3272 1128 3343 sepultusque
1177 3271 1461 3343 magniﬁce
1493 3274 1551 3330 in
1586 3275 1778 3345 patriis

169 3363 579 3418 monumentis.
605 3363 708 3430 Qui
741 3365 876 3418 vixit
900 3365 1056 3420 annis
1091 3366 1313 3435 triginta
1341 3374 1397 3421 et
1433 3381 1647 3435 novem,
1693 3382 1778 3423 re-

172 3456 485 3527 gnavitque
510 3472 573 3511 ex
617 3457 697 3512 eis
724 3456 941 3527 triginta
984 3466 1039 3513 et
1088 3473 1275 3512 unum.
1320 3457 1507 3515 Omnis
1549 3459 1778 3529 populus

171 3561 307 3601 eum
329 3546 524 3602 multis
554 3548 743 3604 diebus
773 3563 969 3618 magno
996 3547 1145 3603 luctu
1192 3549 1501 3620 gemituque
1541 3547 1773 3605 deflevit.

174 3636 294 3694 Sed
324 3635 599 3694 Jeremias
621 3639 889 3709 propheta
919 3641 1083 3696 morti
1116 3639 1231 3709 ejus
1264 3656 1484 3697 carmen
1510 3641 1778 3696 lamenta-

174 3729 277 3787 bili
304 3730 681 3787 modulatione
719 3733 1044 3803 composuit,
1073 3733 1219 3804 quod
1242 3734 1509 3798 hactenus
1532 3734 1779 3789 noscitur

176 3837 531 3895 permanere.
578 3823 679 3880 Hic
707 3839 838 3881 vero
868 3828 1134 3898 propheta
1182 3827 1347 3883 etiam
1377 3825 1625 3899 futuram
1645 3824 1778 3882 civi-

183 3917 314 3972 tatis
370 3916 582 3973 cladem
628 3918 914 3988 praedixit,
967 3921 1170 3991 scripto
1239 3921 1460 3992 reliquit
1513 3921 1674 3978 simul
1723 3928 1777 3976 et

182 4008 557 4078 captivitatem
584 4025 729 4065 nunc
757 4010 900 4081 apud
926 4026 1026 4068 nos
1070 4012 1312 4068 habitam
1340 4021 1395 4068 et
1424 4012 1775 4085 Babyloniam

181 4101 399 4156 variam
447 4102 851 4172 migrationem,
890 4110 948 4158 et
1002 4119 1109 4159 non
1159 4105 1333 4160 solum
1384 4106 1485 4161 iste
1524 4106 1777 4175 prredixit

183 4190 300 4247 haec
329 4191 532 4262 populo
567 4208 687 4249 esse
727 4202 976 4260 ventura,
1008 4196 1103 4251 sed
1128 4204 1184 4251 et
1208 4198 1474 4267 propheta
1523 4197 1774 4254 Ezechiel

182 4277 399 4352 p'rimus
422 4284 489 4338 de
510 4284 593 4339 his
618 4285 756 4341 duos
798 4285 967 4341 libros
993 4288 1344 4344 conscribens
1364 4288 1509 4359 plebi
1535 4289 1770 4359 reliquit.

184 4372 358 4428 Erant
386 4383 569 4430 autem
600 4377 762 4431 ambo
800 4377 1128 4443 sacerdotes,
1154 4380 1248 4434 sed
1267 4377 1531 4434 Jeremias
1555 4379 1774 4450 quidem

186 4463 241 4517 in
277 4462 634 4537 Jerosolymis
692 4475 777 4522 est
823 4477 1210 4536 commoratus,
1254 4484 1286 4524 a
1320 4469 1534 4525 decimo
1579 4478 1773 4540 quarto

1110 473 1480 551 lCOMMENT.
1522 474 1592 530 IN
1626 468 2183 534 PARALIPOMENA.
2224 499 2294 511 ——
2332 470 2461 526 LIB.
2499 469 2543 524 l.

3343 464 3447 521 550

2389 581 2617 638 CAPUT
2664 578 2903 635 XXXVI.

1863 677 1941 731 De
1966 677 2202 731 Joachaz
2246 683 2292 728 et
2320 673 2530 728 Joakim
2557 672 2683 742 ﬁliis
2722 672 2908 738 Jositc,
2939 678 2987 725 et
3026 670 3167 724 obitu
3209 670 3443 724 illorum.

1933 747 2011 802 De
2054 765 2112 801 eo
2146 746 2282 817 quod
2311 745 2540 817 Joachin
2581 760 2749 817 regem
2800 742 3310 806 Nabuchodonosor,
3358 756 3450 817 rea:

1932 811 2435 887 Babylonis,iducit
2470 817 2522 868 in
2554 811 3013 887 captivitatem,_et
3056 820 3298 887 matrem_
3332 811 3450 880 ejus

1936 908 1997 943 ac
2025 880 2327 943 scrvos.‘De
2357 884 2573 941 Sedecia
2602 880 2733 956 rege,
2768 893 2815 938 et
2844 884 3047 937 excidio
3078 882 3221 936 urbis
3249 880 3449 936 Hieru-

1935 959 2118 1014 salem.

1940 1049 2081 1104 Tulit
2104 1066 2224 1121 ergo
2248 1048 2470 1120 populus
2521 1055 2673 1100 terra:
2720 1045 2962 1099 Joachaz
2990 1043 3162 1112 ﬁlium
3207 1043 3374 1098 Josia:
3403 1048 3454 1096 et

1869 1143 2133 1198 constituit
2148 1159 2265 1197 eum
2290 1158 2458 1213 regem
2470 1157 2566 1212 pro
2595 1146 2746 1209 patre
2773 1152 2869 1192 suo
2888 1137 2945 1190 in
2969 1135 3453 1202 Hierusalem,etc.

1867 1230 2120 1298 Joachas,
2150 1232 2241 1301 qui
2265 1232 2657 1302 interpretatur
2677 1235 2939 1293 retentus,
2964 1225 3234 1297 signiﬁcat
3258 1241 3457 1297 pravos

1870 1330 2134 1389 rectores,
2166 1337 2304 1393 quos
2338 1320 2569 1392 populus
2588 1327 2771 1384 terrae,
2801 1316 3050 1372 carnales
3072 1314 3322 1371 videlicet
3352 1323 3460 1369 ter-

1869 1428 2013 1469 renae
2037 1414 2317 1483 cupiditati
2346 1412 2514 1467 dediti
2553 1410 2850 1466 secundum
2874 1422 3055 1463 mores
3077 1421 3205 1462 suos
3230 1420 3460 1461 consen-

1869 1504 2063 1560 tientes
2081 1504 2225 1559 vitiis
2246 1504 2378 1571 suis,
2392 1517 2652 1572 personas
2662 1501 2885 1570 eligunt.
2902 1498 3049 1566 Quos
3061 1496 3274 1551 Pharao
3288 1496 3345 1550 in
3359 1495 3482 1550 Re—.

1871 1595 2193 1653 blavineivit
2213 1602 2268 1649 et
2291 1595 2345 1649 in
2369 1593 2663 1666 Egyptum
2684 1590 2996 1656 duxit,cum
3022 1586 3266 1643 diabolus
3280 1585 3463 1640 multi-

1870 1690 2113 1749 tudinem
2144 1689 2484 1746 adulatorum
2507 1701 2779 1742 enervans
2808 1683 3010 1754 decipit
3031 1681 3194 1737 corda
3205 1679 3459 1750 praelato-

1873 1798 2013 1837 rum.
2058 1781 2290 1836 Beblatb
2316 1779 2460 1835 enim
2506 1776 2791 1831 multitudo
2832 1776 3249 1844 interpretatur,
3275 1771 3463 1841 sicque

1875 1873 2172 1945 spiritualis
2199 1871 2421 1943 IEgypti
2445 1871 2657 1925 vinctos
2681 1868 2891 1925 catenis
2916 1875 3258 1937 peccatorum
3292 1865 3348 1919 in
3377 1874 3464 1918 te-

1800 1958 1849 2020 B
1876 1962 2164 2023 ne'brosam
2184 1964 2380 2036 mergit
2404 1965 2675 2035 abyssum.
2708 1961 2815 2017 Pro
2851 1959 3083 2017 Joachas
3108 1972 3323 2031 quoque
3352 1956 3463 2013 Ne-

1873 2059 2011 2113 chao
2057 2055 2265 2110 Joakim
2316 2069 2500 2124 regem
2554 2052 2890 2108 constituens
2936 2050 3196 2120 imposuit
3231 2048 3459 2104 multam

1873 2157 2032 2203 terra;
2078 2155 2295 2201 centum
2326 2145 2543 2202 talentis
2592 2144 2804 2216 argenti
2833 2152 2888 2199 et
2915 2143 3121 2198 talento
3163 2142 3303 2208 auri,
3339 2156 3465 2197 cum

1875 2241 2143 2311 malignus
2168 2238 2404 2310 Spiritus
2422 2252 2651 2308 pensum
2677 2236 2886 2292 servitii
2916 2235 3000 2291 sui
3028 2235 3083 2288 in
3115 2233 3314 2304 populo
3343 2247 3467 2305 per-

1877 2333 2109 2389 ditorum
2128 2331 2353 2402 expetit,
2383 2339 2443 2385 ut
2468 2337 2580 2385 tam
2610 2342 2773 2385 sensu
2800 2342 2962 2397 quam
2979 2326 3196 2395 eloquio
3216 2324 3334 2395 ejus
3367 2338 3467 2395 per

1873 2423 2057 2478 omnia
2105 2423 2281 2494 parati
2327 2421 2437 2477 sint
2481 2419 2764 2490 obsequio.
2816 2417 2971 2474 Unde
3014 2415 3265 2471 Joachim
3310 2414 3467 2484 juxta

1874 2523 2202 2587 praeceptum
2231 2514 2532 2569 Pharaonis
2575 2525 3017 2582 unumquemque
3063 2509 3361 2565 secundum
3386 2508 3469 2563 vi-

1876 2622 1967 2663 res
2012 2621 2138 2662 suas
2184 2606 2354 2677 exigit
2396 2612 2455 2658 ut
2474 2603 2633 2659 daret
2680 2611 2793 2658 tam
2829 2609 3116 2671 argentum
3154 2615 3319 2671 quam
3365 2615 3465 2654 au-

1877 2716 2027 2767 rum,
2061 2711 2326 2771 quatenus
2363 2699 2466 2753 hoc
2496 2696 2746 2752 redderet
2772 2696 3079 2763 Pharaoni,
3124 2696 3253 2766 quia
3279 2694 3472 2750 diabo-

1875 2791 1960 2847 lus
1990 2808 2087 2863 per
2140 2791 2243 2847 sibi
2281 2790 2492 2845 debitos
2525 2789 2676 2844 viros
2729 2788 2798 2843 ab
2827 2801 3157 2858 unoquoque
3185 2785 3353 2857 exigit
3386 2799 3472 2840 se-

1878 2886 2115 2940 cundum
2140 2884 2286 2939 vires
2312 2898 2440 2938 suas
2486 2882 2698 2952 peccati
2736 2895 2961 2937 censum
3004 2881 3249 2947 solvere,
3282 2880 3470 2949 sicque

1878 2979 1936 3034 in
1975 2979 2228 3049 nequiter
2251 2978 2495 3050 praelatis
2525 2976 2768 3049 quotidie
2813 2981 3085 3049 praeparat
3112 2972 3473 3045 perditionem

1880 3069 2159 3139 subjectis.

1962 3159 2155 3231 Viginti
2206 3161 2434 3232 quinque
2485 3177 2743 3216 annorum
2784 3168 2895 3215 erat
2941 3159 3186 3214 Joachim
3230 3172 3350 3212 cum
3398 3173 3476 3211 re-

1879 3268 2039 3324 gnare
2059 3252 2315 3321 coepisset,
2350 3260 2399 3305 et
2436 3251 2676 3304 undecim
2704 3251 2858 3305 annis
2882 3249 3112 3319 regnavit
3131 3247 3189 3301 in
3217 3245 3475 3301 Hierusa-

1804 3328 1850 3391 C
1881 3342 2005 3409 lem,
2039 3342 2258 3412 fecitque
2285 3341 2484 3396 malum
2511 3357 2689 3395 coram
2719 3340 2948 3394 Domino
2976 3338 3087 3393 Deo
3127 3354 3245 3393 suo.
3276 3335 3477 3393 Contra

1880 3432 2017 3486 hunc
2058 3430 2293 3485 ascendit
2338 3430 2832 3484 Nabuchodonosor
2884 3445 2975 3483 rex
3008 3426 3379 3482 Chaldteorum
3424 3436 3475 3481 et

1876 3524 2106 3577 vinctum
2132 3523 2329 3576 catenis
2354 3521 2509 3575 duxit
2540 3523 2595 3574 in
2619 3519 2965 3590 Babylonem,
2992 3520 3062 3572 ad
3089 3534 3249 3590 quam
3276 3525 3325 3572 et
3348 3534 3474 3572 vasa

1879 3613 2093 3670 Domini
2128 3612 2402 3667 transtulit
2422 3621 2466 3667 et
2490 3613 2667 3684 posuit
2691 3629 2753 3666 ea
2791 3614 2848 3666 in
2891 3611 3081 3681 templo
3114 3627 3232 3666 suo.
3264 3609 3471 3665 Notan-

1877 3707 2006 3762 dum
2045 3712 2227 3759 autem
2249 3705 2396 3775 quod
2429 3704 2497 3760 de
2532 3705 2725 3760 eodem
2776 3702 2987 3759 Joakim
3022 3702 3137 3759 tilio
3174 3701 3337 3758 Josia:
3389 3717 3469 3769 re-

1876 3799 1958 3870 gis
1974 3799 2033 3854 in
2057 3798 2265 3871 Regum
2283 3798 2360 3853 ita
2390 3798 2653 3869 scriptum
2683 3798 3073 3855 est:Dormiuit
3102 3795 3315 3852 Joakim
3350 3814 3469 3851 cum

1874 3889 2110 3959 patribus
2124 3890 2255 3955 suis,
2269 3890 2601 3961 regnavitque
2620 3889 2848 3944 Joacltin
2869 3888 3011 3959 ﬁlius
3025 3904 3120 3960 pro
3141 3904 3201 3941 eo
3217 3886 3270 3958 (Ι
3280 3886 3470 3959 Υιίες.

1875 3979 2057 4052 xxiv).
2099 3979 2365 4051 Josephus
2411 3988 2591 4037 autem
2616 3981 2835 4037 videtur
2865 3994 3112 4037 asserere
3136 3980 3315 4050 ipsum
3350 3978 3472 4035 Joa-

1875 4069 2021 4126 chim
2051 4068 2268 4127 Patrem
2299 4086 2331 4125 a
2357 4085 2486 4142 rege
2533 4071 2823 4144 Babylonis
2872 4073 2927 4127 in
2964 4071 3270 4128 Jerusalem
3300 4070 3471 4128 fuisse

1876 4151 2250 4229 interfectum,
2286 4165 2415 4235 quia
2463 4165 2735 4235 captivum
2782 4165 2837 4220 in
2895 4165 3251 4237 Babyloniam
3304 4166 3471 4222 dedu-

1877 4265 2049 4322 ctum,
2071 4257 2161 4326 qui
2190 4257 2245 4310 in
2288 4257 2499 4313 decimo
2527 4258 2929 4327 Antiquitatum
2956 4272 3179 4311 suarum
3224 4258 3362 4313 libro
3392 4257 3471 4312 ita

1877 4348 2045 4405 refert
2066 4349 2252 4405 dicens
2268 4349 2404 4421 (Lib.
2422 4367 2513 4405 XIV
2527 4350 2737 4421 Antiq.)
2754 4365 2767 4403 :
2784 4351 2919 4404 Dum
2945 4365 3043 4405 rex
3064 4348 3370 4420 Babylonim
3391 4349 3473 4404 in-

1875 4450 2078 4497 trasset
2103 4443 2159 4496 in
2198 4441 2500 4508 civitatem,
2534 4442 2696 4497 ﬁdem
2719 4456 3061 4512 nequaquam
3098 4440 3354 4507 servavit,
3378 4441 3474 4497 sed

185 4570 327 4609 anno
354 4532 510 4626 regis
549 4554 710 4611 Josiaz
750 4572 923 4627 usque
967 4560 1096 4613 dum
1132 4532 1324 4616 civitas
1362 4532 1669 4617 vastaretur
1718 4569 1774 4617 et
1868 4533 2096 4627 juvenes
2118 4534 2446 4627 for‘iSSim9§
2466 4534 2939 4605 θίρυιθδτίίυάίηθ
2959 4532 3474 4605 δεθθνθδδθωδωΫ

187 4623 471 4717 ιοωριυιῆ,
511 4648 651 4715 Quid
695 4623 877 4705 amet}.
897 4649 1056 4719 juxta
1102 4652 1418 4724 allegoriam
1465 4653 1848 4724 interfectio“
1875 4626 2206 4724 mitanorum
2262 4625 2617 4724 occidit-una
2656 4640 2778 4724 cum
2828 4640 2963 4724 rege.
3009 4623 3250 4724 Joakim,
3302 4639 3464 4693 quem

186 4702 346 4795 ,ἰοεῙῷ
374 4740 667 4811 signiﬁcat,
682 4744 773 4812 qui
806 4760 835 4797 ει
864 4702 1147 4800 Pharaone
1168 4702 1395 4801 NZcbao'
1418 4746 1772 4816 interemptus
1795 4702 1849 4764 Β
1873 4717 2038 4772 etiam
2068 4724 2215 4816 imm:
2244 4732 2428 4816 ¹¹¹¹ξ¹ἶ⁰³
2478 4717 2805 4788 insepultum
2851 4716 3042 4788 ΡΓοῙίεί
3066 4716 3266 4787 jussu:
3300 4717 3469 4772 ﬁlium

188 4836 270 4882 est
309 4828 367 4884 in
399 4827 683 4899 Mageddo,
716 4831 822 4886 nisi
871 4833 1307 4902 persecutionem
1348 4834 1559 4903 antiqui
1603 4828 1775 4890 hestis

190 4921 453 4977 adversus
489 4930 706 4978 sanctos
754 4924 1139 4994 praedicatores
1181 4940 1316 4995 quos
1365 4940 1463 4996 per
1515 4925 1774 4982 invidiam

192 5011 306 5065 neci
337 5010 556 5067 tradere
601 5022 655 5068 et
692 5013 758 5069 de
810 5020 954 5069 terra
986 5015 1243 5071 Ecclesia:
1286 5013 1501 5070 auferre
1527 5026 1770 5082 conatur,

192 5110 457 5169 quatenus
481 5102 690 5159 facilius
716 5112 886 5160 totam
916 5106 1129 5175 plebem
1154 5108 1421 5178 dissipare
1441 5117 1497 5162 et
1521 5108 1776 5165 invadere

191 5195 381 5261 possit.
406 5194 799 5265 Interpretatur
824 5204 1005 5251 autem
1028 5197 1242 5253 Pharao
1261 5198 1776 5269 dissipans,Nechao

194 5288 479 5353 percussio,
504 5285 763 5357 Mageddo
790 5288 855 5342 de
899 5290 1202 5345 tentatione.
1243 5289 1552 5346 Permissus
1579 5290 1775 5361 quippe

198 5373 440 5434 diabolus
477 5393 803 5450 consurgere
848 5379 1108 5436 adversus
1154 5389 1387 5447 sanctos,
1439 5381 1545 5437 hoc
1600 5380 1775 5436 solum

200 5468 354 5523 modo
378 5470 509 5539 agit,
550 5471 654 5528 hoc
704 5471 832 5528 totis
875 5472 1081 5529 viribus
1130 5481 1322 5541 certat,
1354 5482 1623 5545 quatenus
1667 5482 1776 5529 ten-

203 5558 361 5615 tando
395 5550 611 5633 gregem
655 5562 754 5618 Dei
802 5565 1110 5634 percutiens
1139 5564 1384 5634 dissipet,
1416 5580 1619 5635 eosque
1666 5565 1778 5635 pri-

204 5662 347 5706 mum
391 5653 600 5709 auferat
628 5671 858 5725 quorum
887 5656 1080 5712 solatio
1126 5656 1296 5727 adjuti
1333 5665 1523 5713 contra
1561 5659 1774 5713 hostem

207 5737 459 5802 dimicare
494 5746 679 5804 caeteri
709 5747 1027 5804 debuerant.

1880 4828 2011 4869 vero
2034 4812 2150 4891 ejus
2186 4812 2414 4869 Joacbin
2445 4814 2724 4868 constituit
2752 4828 2935 4883 regem
2956 4814 3226 4868 universae
3243 4812 3496 4883 proviu-,

1881 4907 1998 4963 ciae.
2024 4907 2131 4961 Eos
2158 4915 2339 4961 autem
2382 4906 2653 4977 quierant
2680 4907 2736 4960 in
2782 4905 3138 4975 dignitatibus
3188 4896 3495 4961 constituti

1879 5012 2109 5053 numero
2149 4997 2251 5051 tria
2300 4996 2468 5052 millia
2525 4998 2770 5066 captivos
2822 4996 3037 5052 induxit
3087 4995 3465 5065 Babyloniam,

1880 5089 2022 5144 inter
2048 5104 2184 5159 quos
2216 5096 2331 5144 erat
2357 5089 2620 5160 propheta
2660 5087 2912 5143 Ezechiel
2943 5102 3067 5141 cum
3114 5094 3260 5142 esset
3288 5086 3468 5142 adhuc

1878 5195 2034 5250 puer.
2057 5179 2158 5235 Hic
2190 5195 2320 5251 ergo
2341 5179 2465 5235 ﬁnis
2490 5180 2680 5235 habuit
2720 5177 2933 5233 Joakim
2979 5193 3181 5250 regem,
3212 5178 3306 5249 qui
3334 5177 3471 5232 vixit

1881 5272 2099 5342 quidem
2130 5272 2285 5327 annis
2309 5287 2405 5326 sex
2429 5278 2484 5327 et
2512 5271 2756 5342 triginta,
2786 5270 3034 5341 regnavit
3072 5279 3255 5325 autem
3296 5269 3467 5326 unde-

1882 5362 2008 5417 cim.
2043 5361 2334 5417 Successor
2352 5377 2481 5417 vero
2503 5360 2655 5430 regni
2677 5360 2905 5415 Joachin
2926 5373 3023 5415 rex
3056 5360 3276 5416 nomine
3304 5373 3463 5427 onos,

1883 5455 2127 5525 regnavit
2155 5455 2432 5510 mensibus
2449 5454 2624 5508 tribus
2653 5464 2709 5508 et
2735 5453 2924 5508 diebus
2951 5453 3156 5509 decem.
3175 5452 3468 5509 Sciendum

1886 5552 2067 5599 autem
2095 5546 2240 5613 quod
2262 5561 2383 5600 cum
2412 5544 2578 5602 semel
2611 5544 2734 5615 quis
2776 5544 2998 5599 cuilibet
3022 5560 3082 5600 se
3108 5544 3467 5614 emanciparit

1878 5636 2030 5701 vitio,
2080 5651 2187 5690 non
2215 5650 2325 5689 uno
2371 5635 2468 5690 sed
2512 5634 2694 5690 multis
2754 5635 2990 5691 dominis
3022 5636 3289 5691 obnoxius
3340 5634 3465 5688 erit.

1881 5723 2036 5781 Unde
2062 5724 2273 5781 Joakim
2298 5741 2458 5795 quem
2478 5724 2691 5781 Pharao
2726 5734 2853 5781 ante
2882 5740 3106 5781 censum
3133 5724 3236 5779 sibi
3258 5722 3467 5777 solvere

1880 5818 2088 5889 coegit,
2135 5833 2277 5872 nunc
2327 5816 2820 5874 Nabuchodonosor
2867 5831 2963 5871 rex
3016 5813 3305 5885 Babylonis
3360 5811 3464 5865 sibi

1880 5912 2056 5967 tribus
2096 5912 2251 5967 annis
2295 5911 2500 5967 servire
2555 5910 2845 5979 compellit.
2875 5910 2943 5964 Et
2969 5920 3130 5977 quem
3175 5902 3462 5960 Nabucho-
