  <div class='ocr_page' id='page_1' title='image "/cluster/home/n/w/nwhite01/storage/ocr_20150623/109/hvd.32044015466857/271.png"; bbox 0 0 3920 6464; ppageno 0'>
   <div class='ocr_carea' id='block_1_1' title="bbox 582 445 685 503">
    <p class='ocr_par' dir='ltr' id='par_1_1' title="bbox 582 445 685 503">
     <span class='ocr_line' id='line_1_1' title="bbox 582 445 685 503; baseline 0 -1"><span class='ocrx_word' id='word_1_1' title='bbox 582 445 685 503; x_wconf 78' lang='lat'><strong>555</strong></span> 
     </span>
    </p>
   </div>
   <div class='ocr_carea' id='block_1_2' title="bbox 1212 437 3736 505">
    <p class='ocr_par' dir='ltr' id='par_1_2' title="bbox 1212 437 3736 505">
     <span class='ocr_line' id='line_1_2' title="bbox 1212 437 3736 505; baseline 0.004 -9"><span class='ocrx_word' id='word_1_2' title='bbox 1212 442 1273 497; x_wconf 94' lang='lat' dir='ltr'><strong>B.</strong></span> <span class='ocrx_word' id='word_1_3' title='bbox 1313 438 1568 497; x_wconf 75' lang='lat' dir='ltr'><strong>RABANI</strong></span> <span class='ocrx_word' id='word_1_4' title='bbox 1604 437 1825 497; x_wconf 80' lang='lat' dir='ltr'><strong>MAURI</strong></span> <span class='ocrx_word' id='word_1_5' title='bbox 1861 438 2185 496; x_wconf 78' lang='lat' dir='ltr'><strong>ARCHIEP.</strong></span> <span class='ocrx_word' id='word_1_6' title='bbox 2226 438 2532 496; x_wconf 84' lang='lat' dir='ltr'><strong>MOGUNT.</strong></span> <span class='ocrx_word' id='word_1_7' title='bbox 2573 438 2861 499; x_wconf 73' lang='lat' dir='ltr'><strong>OPERUM</strong></span> <span class='ocrx_word' id='word_1_8' title='bbox 2895 442 3077 500; x_wconf 78' lang='lat' dir='ltr'><strong>PARS</strong></span> <span class='ocrx_word' id='word_1_9' title='bbox 3112 444 3154 500; x_wconf 80' lang='grc'><strong>1.</strong></span> <span class='ocrx_word' id='word_1_10' title='bbox 3672 453 3736 505; x_wconf 72' lang='lat'><strong>536</strong></span> 
     </span>
    </p>
   </div>
   <div class='ocr_carea' id='block_1_3' title="bbox 577 544 3738 631">
    <p class='ocr_par' dir='ltr' id='par_1_3' title="bbox 577 544 3738 631">
     <span class='ocr_line' id='line_1_3' title="bbox 577 544 3738 631; baseline 0.001 -21"><span class='ocrx_word' id='word_1_11' title='bbox 577 568 700 629; x_wconf 82' lang='lat' dir='ltr'><strong>post</strong></span> <span class='ocrx_word' id='word_1_12' title='bbox 738 557 1069 628; x_wconf 79' lang='lat' dir='ltr'><strong>septuaginta</strong></span> <span class='ocrx_word' id='word_1_13' title='bbox 1112 570 1283 611; x_wconf 84' lang='lat' dir='ltr'><strong>annos</strong></span> <span class='ocrx_word' id='word_1_14' title='bbox 1325 554 1660 620; x_wconf 78' lang='lat' dir='ltr'><strong>liberantur,</strong></span> <span class='ocrx_word' id='word_1_15' title='bbox 1703 568 1767 607; x_wconf 91' lang='lat' dir='ltr'><strong>ac</strong></span> <span class='ocrx_word' id='word_1_16' title='bbox 1814 544 2033 608; x_wconf 75' lang='lat' dir='ltr'><strong>domum</strong></span> <span class='ocrx_word' id='word_1_17' title='bbox 2066 552 2161 606; x_wconf 87' lang='lat' dir='ltr'><strong>Dei</strong></span> <span class='ocrx_word' id='word_1_18' title='bbox 2188 553 2244 615; x_wconf 81' lang='grc' dir='ltr'><strong>Α</strong></span> <span class='ocrx_word' id='word_1_19' title='bbox 2265 552 2533 619; x_wconf 82' lang='lat' dir='ltr'><strong>Desolare,</strong></span> <span class='ocrx_word' id='word_1_20' title='bbox 2566 562 2635 626; x_wconf 49' lang='lat' dir='ltr'><strong>et,</strong></span> <span class='ocrx_word' id='word_1_21' title='bbox 2653 555 2875 623; x_wconf 78' lang='lat' dir='ltr'><strong>ﬂumina</strong></span> <span class='ocrx_word' id='word_1_22' title='bbox 2912 564 3005 610; x_wconf 89' lang='lat' dir='ltr'><strong>tua</strong></span> <span class='ocrx_word' id='word_1_23' title='bbox 3037 555 3363 626; x_wconf 79' lang='lat' dir='ltr'><strong>arefaciam;</strong></span> <span class='ocrx_word' id='word_1_24' title='bbox 3397 554 3481 627; x_wconf 82' lang='lat' dir='ltr'><strong>qui</strong></span> <span class='ocrx_word' id='word_1_25' title='bbox 3503 556 3599 610; x_wconf 82' lang='lat' dir='ltr'><strong>dico</strong></span> <span class='ocrx_word' id='word_1_26' title='bbox 3625 559 3738 631; x_wconf 73' lang='lat' dir='ltr'><strong>Cyro:</strong></span> 
     </span>
    </p>
   </div>
   <div class='ocr_carea' id='block_1_4' title="bbox 577 642 2149 713">
    <p class='ocr_par' dir='ltr' id='par_1_4' title="bbox 577 642 2149 713">
     <span class='ocr_line' id='line_1_4' title="bbox 577 642 2149 713; baseline -0.005 -9"><span class='ocrx_word' id='word_1_27' title='bbox 577 658 632 704; x_wconf 86' lang='lat' dir='ltr'><strong>et</strong></span> <span class='ocrx_word' id='word_1_28' title='bbox 655 649 927 703; x_wconf 89' lang='lat' dir='ltr'><strong>civitatem</strong></span> <span class='ocrx_word' id='word_1_29' title='bbox 953 654 1197 702; x_wconf 89' lang='lat' dir='ltr'><strong>sanctam</strong></span> <span class='ocrx_word' id='word_1_30' title='bbox 1244 643 1595 710; x_wconf 66' lang='lat' dir='ltr'><strong>remdiﬁcant,</strong></span> <span class='ocrx_word' id='word_1_31' title='bbox 1635 643 1763 713; x_wconf 83' lang='lat' dir='ltr'><strong>quia</strong></span> <span class='ocrx_word' id='word_1_32' title='bbox 1788 657 2062 712; x_wconf 84' lang='lat' dir='ltr'><strong>nunquam</strong></span> <span class='ocrx_word' id='word_1_33' title='bbox 2092 642 2149 697; x_wconf 87' lang='lat' dir='ltr'><strong>hi</strong></span> 
     </span>
    </p>
   </div>
   <div class='ocr_carea' id='block_1_5' title="bbox 575 734 2152 808">
    <p class='ocr_par' dir='ltr' id='par_1_5' title="bbox 575 734 2152 808">
     <span class='ocr_line' id='line_1_5' title="bbox 575 734 2152 808; baseline -0.004 -14"><span class='ocrx_word' id='word_1_34' title='bbox 575 754 673 808; x_wconf 92' lang='lat' dir='ltr'><strong>per</strong></span> <span class='ocrx_word' id='word_1_35' title='bbox 694 752 796 803; x_wconf 85' lang='lat' dir='ltr'><strong>sua</strong></span> <span class='ocrx_word' id='word_1_36' title='bbox 823 745 1045 808; x_wconf 88' lang='lat' dir='ltr'><strong>peccata</strong></span> <span class='ocrx_word' id='word_1_37' title='bbox 1083 752 1115 791; x_wconf 89' lang='lat' dir='ltr'><strong>a</strong></span> <span class='ocrx_word' id='word_1_38' title='bbox 1150 735 1528 792; x_wconf 82' lang='lat' dir='ltr'><strong>communione</strong></span> <span class='ocrx_word' id='word_1_39' title='bbox 1560 742 1616 789; x_wconf 89' lang='lat' dir='ltr'><strong>et</strong></span> <span class='ocrx_word' id='word_1_40' title='bbox 1659 734 1919 789; x_wconf 84' lang='lat' dir='ltr'><strong>societate</strong></span> <span class='ocrx_word' id='word_1_41' title='bbox 1951 740 2152 788; x_wconf 76' lang='lat' dir='ltr'><strong>sancta:</strong></span> 
     </span>
    </p>
   </div>
   <div class='ocr_carea' id='block_1_6' title="bbox 575 826 2153 901">
    <p class='ocr_par' dir='ltr' id='par_1_6' title="bbox 575 826 2153 901">
     <span class='ocr_line' id='line_1_6' title="bbox 575 826 2153 901; baseline -0.006 -13"><span class='ocrx_word' id='word_1_42' title='bbox 575 831 827 889; x_wconf 68' lang='lat' dir='ltr'><strong>Ecclesiae</strong></span> <span class='ocrx_word' id='word_1_43' title='bbox 855 831 1086 901; x_wconf 79' lang='lat' dir='ltr'><strong>separati</strong></span> <span class='ocrx_word' id='word_1_44' title='bbox 1110 830 1408 887; x_wconf 82' lang='lat' dir='ltr'><strong>inﬁdelium</strong></span> <span class='ocrx_word' id='word_1_45' title='bbox 1430 830 1563 885; x_wconf 81' lang='lat' dir='ltr'><strong>sorti</strong></span> <span class='ocrx_word' id='word_1_46' title='bbox 1586 844 1650 884; x_wconf 89' lang='lat' dir='ltr'><strong>ac</strong></span> <span class='ocrx_word' id='word_1_47' title='bbox 1671 841 1896 883; x_wconf 90' lang='lat' dir='ltr'><strong>numero</strong></span> <span class='ocrx_word' id='word_1_48' title='bbox 1916 826 2153 896; x_wconf 83' lang='lat' dir='ltr'><strong>copulati</strong></span> 
     </span>
    </p>
   </div>
   <div class='ocr_carea' id='block_1_7' title="bbox 575 922 2152 996">
    <p class='ocr_par' dir='ltr' id='par_1_7' title="bbox 575 922 2152 996">
     <span class='ocr_line' id='line_1_7' title="bbox 575 922 2152 996; baseline -0.004 -14"><span class='ocrx_word' id='word_1_49' title='bbox 575 933 720 991; x_wconf 88' lang='lat' dir='ltr'><strong>sunt,</strong></span> <span class='ocrx_word' id='word_1_50' title='bbox 744 940 1067 995; x_wconf 82' lang='lat' dir='ltr'><strong>rursumque</strong></span> <span class='ocrx_word' id='word_1_51' title='bbox 1090 941 1190 996; x_wconf 88' lang='lat' dir='ltr'><strong>per</strong></span> <span class='ocrx_word' id='word_1_52' title='bbox 1209 926 1409 981; x_wconf 91' lang='lat' dir='ltr'><strong>donum</strong></span> <span class='ocrx_word' id='word_1_53' title='bbox 1429 925 1601 980; x_wconf 86' lang='lat' dir='ltr'><strong>sancti</strong></span> <span class='ocrx_word' id='word_1_54' title='bbox 1630 922 1888 993; x_wconf 87' lang='lat' dir='ltr'><strong>Spiritus,</strong></span> <span class='ocrx_word' id='word_1_55' title='bbox 1912 922 2152 977; x_wconf 85' lang='lat' dir='ltr'><strong>studiose</strong></span> 
     </span>
    </p>
   </div>
   <div class='ocr_carea' id='block_1_8' title="bbox 572 1013 2156 1086">
    <p class='ocr_par' dir='ltr' id='par_1_8' title="bbox 572 1013 2156 1086">
     <span class='ocr_line' id='line_1_8' title="bbox 572 1013 2156 1086; baseline -0.003 -15"><span class='ocrx_word' id='word_1_56' title='bbox 572 1015 728 1071; x_wconf 79' lang='lat' dir='ltr'><strong>bonae</strong></span> <span class='ocrx_word' id='word_1_57' title='bbox 756 1016 1086 1086; x_wconf 86' lang='lat' dir='ltr'><strong>operationis</strong></span> <span class='ocrx_word' id='word_1_58' title='bbox 1113 1024 1266 1072; x_wconf 88' lang='lat' dir='ltr'><strong>actus</strong></span> <span class='ocrx_word' id='word_1_59' title='bbox 1293 1024 1567 1081; x_wconf 82' lang='lat' dir='ltr'><strong>exercent,</strong></span> <span class='ocrx_word' id='word_1_60' title='bbox 1592 1029 1656 1070; x_wconf 91' lang='lat' dir='ltr'><strong>ac</strong></span> <span class='ocrx_word' id='word_1_61' title='bbox 1682 1028 1780 1083; x_wconf 87' lang='lat' dir='ltr'><strong>per</strong></span> <span class='ocrx_word' id='word_1_62' title='bbox 1802 1013 1907 1068; x_wconf 87' lang='lat' dir='ltr'><strong>hoc</strong></span> <span class='ocrx_word' id='word_1_63' title='bbox 1936 1026 2156 1068; x_wconf 88' lang='lat' dir='ltr'><strong>consor-</strong></span> 
     </span>
    </p>
   </div>
   <div class='ocr_carea' id='block_1_9' title="bbox 566 1102 2154 1162">
    <p class='ocr_par' dir='ltr' id='par_1_9' title="bbox 566 1102 2154 1162">
     <span class='ocr_line' id='line_1_9' title="bbox 566 1102 2154 1162; baseline -0.002 -3"><span class='ocrx_word' id='word_1_64' title='bbox 566 1105 711 1160; x_wconf 77' lang='lat' dir='ltr'><strong>tium</strong></span> <span class='ocrx_word' id='word_1_65' title='bbox 737 1105 975 1162; x_wconf 84' lang='lat' dir='ltr'><strong>ﬁdelium</strong></span> <span class='ocrx_word' id='word_1_66' title='bbox 1010 1107 1200 1162; x_wconf 90' lang='lat' dir='ltr'><strong>domus</strong></span> <span class='ocrx_word' id='word_1_67' title='bbox 1223 1106 1472 1162; x_wconf 84' lang='lat' dir='ltr'><strong>videlicet</strong></span> <span class='ocrx_word' id='word_1_68' title='bbox 1491 1112 1549 1160; x_wconf 91' lang='lat' dir='ltr'><strong>et</strong></span> <span class='ocrx_word' id='word_1_69' title='bbox 1576 1103 1811 1160; x_wconf 85' lang='lat' dir='ltr'><strong>civitatis</strong></span> <span class='ocrx_word' id='word_1_70' title='bbox 1833 1102 2046 1158; x_wconf 89' lang='lat' dir='ltr'><strong>Domini</strong></span> <span class='ocrx_word' id='word_1_71' title='bbox 2088 1102 2154 1156; x_wconf 90' lang='lat' dir='ltr'><strong>de</strong></span> 
     </span>
    </p>
   </div>
   <div class='ocr_carea' id='block_1_10' title="bbox 573 1195 1412 1267">
    <p class='ocr_par' dir='ltr' id='par_1_10' title="bbox 573 1195 1412 1267">
     <span class='ocr_line' id='line_1_10' title="bbox 573 1195 1412 1267; baseline 0.002 -17"><span class='ocrx_word' id='word_1_72' title='bbox 573 1210 681 1264; x_wconf 89' lang='lat' dir='ltr'><strong>qua</strong></span> <span class='ocrx_word' id='word_1_73' title='bbox 711 1195 923 1252; x_wconf 83' lang='lat' dir='ltr'><strong>fuerant</strong></span> <span class='ocrx_word' id='word_1_74' title='bbox 947 1195 1104 1266; x_wconf 89' lang='lat' dir='ltr'><strong>ejecti</strong></span> <span class='ocrx_word' id='word_1_75' title='bbox 1124 1197 1412 1267; x_wconf 84' lang='lat' dir='ltr'><strong>recipiunt.</strong></span> 
     </span>
    </p>
   </div>
   <div class='ocr_carea' id='block_1_11' title="bbox 578 1282 2156 1359">
    <p class='ocr_par' dir='ltr' id='par_1_11' title="bbox 578 1282 2156 1359">
     <span class='ocr_line' id='line_1_11' title="bbox 578 1282 2156 1359; baseline -0.003 -19"><span class='ocrx_word' id='word_1_76' title='bbox 578 1298 581 1303; x_wconf 78' lang='lat'><strong><em>&#39;</em></strong></span> <span class='ocrx_word' id='word_1_77' title='bbox 645 1287 797 1341; x_wconf 83' lang='lat' dir='ltr'><strong>Anno</strong></span> <span class='ocrx_word' id='word_1_78' title='bbox 842 1296 1015 1342; x_wconf 87' lang='lat' dir='ltr'><strong>autem</strong></span> <span class='ocrx_word' id='word_1_79' title='bbox 1052 1289 1221 1359; x_wconf 87' lang='lat' dir='ltr'><strong>primo</strong></span> <span class='ocrx_word' id='word_1_80' title='bbox 1259 1286 1385 1358; x_wconf 83' lang='lat' dir='ltr'><strong>Cyri</strong></span> <span class='ocrx_word' id='word_1_81' title='bbox 1428 1288 1561 1359; x_wconf 85' lang='lat' dir='ltr'><strong>regis</strong></span> <span class='ocrx_word' id='word_1_82' title='bbox 1606 1284 1928 1349; x_wconf 78' lang='lat' dir='ltr'><strong>Persarum,</strong></span> <span class='ocrx_word' id='word_1_83' title='bbox 1961 1282 2029 1337; x_wconf 90' lang='lat' dir='ltr'><strong>ad</strong></span> <span class='ocrx_word' id='word_1_84' title='bbox 2063 1298 2156 1337; x_wconf 77' lang='lat' dir='ltr'><strong>ea:-</strong></span> 
     </span>
    </p>
   </div>
   <div class='ocr_carea' id='block_1_12' title="bbox 571 1374 2158 1450">
    <p class='ocr_par' dir='ltr' id='par_1_12' title="bbox 571 1374 2158 1450">
     <span class='ocr_line' id='line_1_12' title="bbox 571 1374 2158 1450; baseline -0.004 -18"><span class='ocrx_word' id='word_1_85' title='bbox 571 1374 823 1449; x_wconf 21' lang='lat' dir='ltr'><strong>plendum’</strong></span> <span class='ocrx_word' id='word_1_86' title='bbox 848 1397 1133 1435; x_wconf 79' lang='lat' dir='ltr'><strong>sermonem</strong></span> <span class='ocrx_word' id='word_1_87' title='bbox 1157 1380 1368 1435; x_wconf 78' lang='lat' dir='ltr'><strong>Domini</strong></span> <span class='ocrx_word' id='word_1_88' title='bbox 1406 1395 1561 1450; x_wconf 86' lang='lat' dir='ltr'><strong>quem</strong></span> <span class='ocrx_word' id='word_1_89' title='bbox 1603 1378 1806 1433; x_wconf 89' lang='lat' dir='ltr'><strong>locutus</strong></span> <span class='ocrx_word' id='word_1_90' title='bbox 1855 1376 2028 1447; x_wconf 78' lang='lat' dir='ltr'><strong>fuerat</strong></span> <span class='ocrx_word' id='word_1_91' title='bbox 2065 1389 2158 1444; x_wconf 88' lang='lat' dir='ltr'><strong>per</strong></span> 
     </span>
    </p>
   </div>
   <div class='ocr_carea' id='block_1_13' title="bbox 573 1465 2155 1543">
    <p class='ocr_par' dir='ltr' id='par_1_13' title="bbox 573 1465 2155 1543">
     <span class='ocr_line' id='line_1_13' title="bbox 573 1465 2155 1543; baseline -0.003 -20"><span class='ocrx_word' id='word_1_92' title='bbox 573 1486 632 1525; x_wconf 90' lang='lat' dir='ltr'><strong>os</strong></span> <span class='ocrx_word' id='word_1_93' title='bbox 661 1470 903 1527; x_wconf 69' lang='lat' dir='ltr'><strong>Ieremia</strong></span> <span class='ocrx_word' id='word_1_94' title='bbox 938 1470 1151 1543; x_wconf 85' lang='lat' dir='ltr'><strong>(Jerem.</strong></span> <span class='ocrx_word' id='word_1_95' title='bbox 1188 1488 1317 1539; x_wconf 87' lang='lat' dir='ltr'><strong>xxv,</strong></span> <span class='ocrx_word' id='word_1_96' title='bbox 1362 1465 1538 1543; x_wconf 64' lang='lat' dir='ltr'><strong>xitx),</strong></span> <span class='ocrx_word' id='word_1_97' title='bbox 1579 1470 1849 1525; x_wconf 79' lang='lat' dir='ltr'><strong>suscitavit</strong></span> <span class='ocrx_word' id='word_1_98' title='bbox 1895 1466 2155 1522; x_wconf 80' lang='lat' dir='ltr'><strong>Dominus</strong></span> 
     </span>
    </p>
   </div>
   <div class='ocr_carea' id='block_1_14' title="bbox 572 1553 2157 1633">
    <p class='ocr_par' dir='ltr' id='par_1_14' title="bbox 572 1553 2157 1633">
     <span class='ocr_line' id='line_1_14' title="bbox 572 1553 2157 1633; baseline -0.003 -21"><span class='ocrx_word' id='word_1_99' title='bbox 572 1561 819 1630; x_wconf 81' lang='lat' dir='ltr'><strong>spiritum</strong></span> <span class='ocrx_word' id='word_1_100' title='bbox 859 1560 983 1632; x_wconf 88' lang='lat' dir='ltr'><strong>Cyri</strong></span> <span class='ocrx_word' id='word_1_101' title='bbox 1023 1563 1156 1633; x_wconf 85' lang='lat' dir='ltr'><strong>regis</strong></span> <span class='ocrx_word' id='word_1_102' title='bbox 1199 1561 1510 1628; x_wconf 80' lang='lat' dir='ltr'><strong>Persarum,</strong></span> <span class='ocrx_word' id='word_1_103' title='bbox 1542 1562 1632 1633; x_wconf 88' lang='lat' dir='ltr'><strong>qui</strong></span> <span class='ocrx_word' id='word_1_104' title='bbox 1663 1560 1827 1631; x_wconf 87' lang='lat' dir='ltr'><strong>jussit</strong></span> <span class='ocrx_word' id='word_1_105' title='bbox 1872 1553 2157 1629; x_wconf 69' lang='lat' dir='ltr'><strong>praedicari</strong></span> 
     </span>
    </p>
   </div>
   <div class='ocr_carea' id='block_1_15' title="bbox 581 1649 2155 1724">
    <p class='ocr_par' dir='ltr' id='par_1_15' title="bbox 581 1649 2155 1724">
     <span class='ocr_line' id='line_1_15' title="bbox 581 1649 2155 1724; baseline -0.002 -21"><span class='ocrx_word' id='word_1_106' title='bbox 581 1651 824 1706; x_wconf 85' lang='lat' dir='ltr'><strong>universo</strong></span> <span class='ocrx_word' id='word_1_107' title='bbox 867 1669 1024 1724; x_wconf 88' lang='lat' dir='ltr'><strong>regno</strong></span> <span class='ocrx_word' id='word_1_108' title='bbox 1072 1670 1189 1719; x_wconf 90' lang='lat' dir='ltr'><strong>suo,</strong></span> <span class='ocrx_word' id='word_1_109' title='bbox 1230 1654 1388 1707; x_wconf 87' lang='lat' dir='ltr'><strong>etiam</strong></span> <span class='ocrx_word' id='word_1_110' title='bbox 1432 1670 1525 1724; x_wconf 86' lang='lat' dir='ltr'><strong>per</strong></span> <span class='ocrx_word' id='word_1_111' title='bbox 1568 1653 1902 1722; x_wconf 83' lang='lat' dir='ltr'><strong>scripturam,</strong></span> <span class='ocrx_word' id='word_1_112' title='bbox 1934 1649 2110 1702; x_wconf 88' lang='lat' dir='ltr'><strong>dicens</strong></span> <span class='ocrx_word' id='word_1_113' title='bbox 2136 1660 2155 1699; x_wconf 90' lang='lat'><strong><em>:</em></strong></span> 
     </span>
    </p>
   </div>
   <div class='ocr_carea' id='block_1_16' title="bbox 574 1741 2157 1815">
    <p class='ocr_par' dir='ltr' id='par_1_16' title="bbox 574 1741 2157 1815">
     <span class='ocr_line' id='line_1_16' title="bbox 574 1741 2157 1815; baseline -0.002 -20"><span class='ocrx_word' id='word_1_114' title='bbox 574 1741 705 1797; x_wconf 70' lang='lat' dir='ltr'><strong>Hcce</strong></span> <span class='ocrx_word' id='word_1_115' title='bbox 743 1745 870 1798; x_wconf 85' lang='lat' dir='ltr'><strong>dicit</strong></span> <span class='ocrx_word' id='word_1_116' title='bbox 907 1744 1074 1815; x_wconf 82' lang='lat' dir='ltr'><strong>Cyrus</strong></span> <span class='ocrx_word' id='word_1_117' title='bbox 1104 1761 1195 1800; x_wconf 78' lang='lat' dir='ltr'><strong>rea:</strong></span> <span class='ocrx_word' id='word_1_118' title='bbox 1231 1742 1557 1799; x_wconf 83' lang='lat' dir='ltr'><strong>Persarum:</strong></span> <span class='ocrx_word' id='word_1_119' title='bbox 1588 1741 1780 1798; x_wconf 85' lang='lat' dir='ltr'><strong>Omnia</strong></span> <span class='ocrx_word' id='word_1_120' title='bbox 1809 1756 1969 1811; x_wconf 87' lang='lat' dir='ltr'><strong>regna</strong></span> <span class='ocrx_word' id='word_1_121' title='bbox 2003 1748 2157 1792; x_wconf 74' lang='lat' dir='ltr'><strong>terra:</strong></span> 
     </span>
    </p>
   </div>
   <div class='ocr_carea' id='block_1_17' title="bbox 576 1828 2157 1904">
    <p class='ocr_par' dir='ltr' id='par_1_17' title="bbox 576 1828 2157 1904">
     <span class='ocr_line' id='line_1_17' title="bbox 576 1828 2157 1904; baseline -0.003 -18"><span class='ocrx_word' id='word_1_122' title='bbox 576 1834 719 1887; x_wconf 83' lang='lat' dir='ltr'><strong>dedit</strong></span> <span class='ocrx_word' id='word_1_123' title='bbox 751 1835 878 1888; x_wconf 85' lang='lat' dir='ltr'><strong>mihi</strong></span> <span class='ocrx_word' id='word_1_124' title='bbox 911 1834 1166 1890; x_wconf 84' lang='lat' dir='ltr'><strong>Dominus</strong></span> <span class='ocrx_word' id='word_1_125' title='bbox 1192 1834 1333 1890; x_wconf 85' lang='lat' dir='ltr'><strong>Deus</strong></span> <span class='ocrx_word' id='word_1_126' title='bbox 1369 1835 1512 1901; x_wconf 74' lang='lat' dir='ltr'><strong>caeli,</strong></span> <span class='ocrx_word' id='word_1_127' title='bbox 1538 1844 1585 1888; x_wconf 89' lang='lat' dir='ltr'><strong>et</strong></span> <span class='ocrx_word' id='word_1_128' title='bbox 1617 1835 1725 1902; x_wconf 89' lang='lat' dir='ltr'><strong>ipse</strong></span> <span class='ocrx_word' id='word_1_129' title='bbox 1749 1830 1991 1904; x_wconf 72' lang='lat' dir='ltr'><strong>prazcepit</strong></span> <span class='ocrx_word' id='word_1_130' title='bbox 2026 1828 2157 1882; x_wconf 89' lang='lat' dir='ltr'><strong>mihi</strong></span> 
     </span>
    </p>
   </div>
   <div class='ocr_carea' id='block_1_18' title="bbox 2255 645 3741 722">
    <p class='ocr_par' dir='ltr' id='par_1_18' title="bbox 2255 645 3741 722">
     <span class='ocr_line' id='line_1_18' title="bbox 2255 645 3741 722; baseline 0.003 -23"><span class='ocrx_word' id='word_1_131' title='bbox 2255 645 2451 700; x_wconf 85' lang='lat' dir='ltr'><strong>Pastor</strong></span> <span class='ocrx_word' id='word_1_132' title='bbox 2475 662 2622 702; x_wconf 90' lang='lat' dir='ltr'><strong>meus</strong></span> <span class='ocrx_word' id='word_1_133' title='bbox 2646 664 2719 714; x_wconf 88' lang='lat' dir='ltr'><strong>es,</strong></span> <span class='ocrx_word' id='word_1_134' title='bbox 2749 656 2801 702; x_wconf 87' lang='lat' dir='ltr'><strong>et</strong></span> <span class='ocrx_word' id='word_1_135' title='bbox 2826 664 3032 704; x_wconf 87' lang='lat' dir='ltr'><strong>omnem</strong></span> <span class='ocrx_word' id='word_1_136' title='bbox 3050 648 3373 704; x_wconf 78' lang='lat' dir='ltr'><strong>uoluntatem</strong></span> <span class='ocrx_word' id='word_1_137' title='bbox 3408 665 3562 703; x_wconf 84' lang='lat' dir='ltr'><strong>meam</strong></span> <span class='ocrx_word' id='word_1_138' title='bbox 3596 657 3741 722; x_wconf 65' lang='grc' dir='ltr'><strong>ωηριε.</strong></span> 
     </span>
    </p>
   </div>
   <div class='ocr_carea' id='block_1_19' title="bbox 2255 734 3737 812">
    <p class='ocr_par' dir='ltr' id='par_1_19' title="bbox 2255 734 3737 812">
     <span class='ocr_line' id='line_1_19' title="bbox 2255 734 3737 812; baseline 0.007 -25"><span class='ocrx_word' id='word_1_139' title='bbox 2255 734 2363 799; x_wconf 82' lang='lat' dir='ltr'><strong>bis;</strong></span> <span class='ocrx_word' id='word_1_140' title='bbox 2404 735 2492 807; x_wconf 88' lang='lat' dir='ltr'><strong>qui</strong></span> <span class='ocrx_word' id='word_1_141' title='bbox 2526 736 2642 790; x_wconf 85' lang='lat' dir='ltr'><strong>dico</strong></span> <span class='ocrx_word' id='word_1_142' title='bbox 2689 735 2982 794; x_wconf 82' lang='lat' dir='ltr'><strong>Jerusalem</strong></span> <span class='ocrx_word' id='word_1_143' title='bbox 3009 751 3029 790; x_wconf 89' lang='lat'><strong><em>:</em></strong></span> <span class='ocrx_word' id='word_1_144' title='bbox 3057 737 3470 807; x_wconf 64' lang='lat' dir='ltr'><strong>Ediﬁcaberis;</strong></span> <span class='ocrx_word' id='word_1_145' title='bbox 3506 748 3549 793; x_wconf 84' lang='lat' dir='ltr'><strong>et</strong></span> <span class='ocrx_word' id='word_1_146' title='bbox 3587 744 3737 812; x_wconf 69' lang='lat' dir='ltr'><strong>templo&#39;</strong></span> 
     </span>
    </p>
   </div>
   <div class='ocr_carea' id='block_1_20' title="bbox 2254 821 3738 901">
    <p class='ocr_par' dir='ltr' id='par_1_20' title="bbox 2254 821 3738 901">
     <span class='ocr_line' id='line_1_20' title="bbox 2254 821 3738 901; baseline 0.007 -25"><span class='ocrx_word' id='word_1_147' title='bbox 2254 821 2603 879; x_wconf 85' lang='lat' dir='ltr'><strong>Fundaberis.</strong></span> <span class='ocrx_word' id='word_1_148' title='bbox 2651 824 2783 882; x_wconf 67' lang='lat' dir='ltr'><strong>Haec</strong></span> <span class='ocrx_word' id='word_1_149' title='bbox 2820 827 2947 881; x_wconf 86' lang='lat' dir='ltr'><strong>dicit</strong></span> <span class='ocrx_word' id='word_1_150' title='bbox 2974 825 3237 882; x_wconf 84' lang='lat' dir='ltr'><strong>Dominus</strong></span> <span class='ocrx_word' id='word_1_151' title='bbox 3287 825 3477 881; x_wconf 84' lang='lat' dir='ltr'><strong>christo</strong></span> <span class='ocrx_word' id='word_1_152' title='bbox 3513 844 3608 882; x_wconf 83' lang='lat' dir='ltr'><strong>meo</strong></span> <span class='ocrx_word' id='word_1_153' title='bbox 3642 829 3738 901; x_wconf 75' lang='lat' dir='ltr'><strong>Cyro,</strong></span> 
     </span>
    </p>
   </div>
   <div class='ocr_carea' id='block_1_21' title="bbox 2255 916 3739 995">
    <p class='ocr_par' dir='ltr' id='par_1_21' title="bbox 2255 916 3739 995">
     <span class='ocr_line' id='line_1_21' title="bbox 2255 916 3739 995; baseline 0.005 -25"><span class='ocrx_word' id='word_1_154' title='bbox 2255 916 2406 986; x_wconf 84' lang='lat' dir='ltr'><strong>cujus</strong></span> <span class='ocrx_word' id='word_1_155' title='bbox 2447 918 2762 990; x_wconf 80' lang='lat' dir='ltr'><strong>apprehendi</strong></span> <span class='ocrx_word' id='word_1_156' title='bbox 2790 919 3049 986; x_wconf 70' lang='lat' dir='ltr'><strong>dextram,</strong></span> <span class='ocrx_word' id='word_1_157' title='bbox 3076 928 3145 995; x_wconf 86' lang='lat' dir='ltr'><strong>ut</strong></span> <span class='ocrx_word' id='word_1_158' title='bbox 3185 919 3469 990; x_wconf 77' lang='lat' dir='ltr'><strong>subjiciam</strong></span> <span class='ocrx_word' id='word_1_159' title='bbox 3503 930 3605 975; x_wconf 83' lang='lat' dir='ltr'><strong>ante</strong></span> <span class='ocrx_word' id='word_1_160' title='bbox 3624 923 3739 991; x_wconf 72' lang='grc' dir='ltr'><strong>ιἀάιιι</strong></span> 
     </span>
    </p>
   </div>
   <div class='ocr_carea' id='block_1_22' title="bbox 2255 1005 3739 1082">
    <p class='ocr_par' dir='ltr' id='par_1_22' title="bbox 2255 1005 3739 1082">
     <span class='ocr_line' id='line_1_22' title="bbox 2255 1005 3739 1082; baseline 0.006 -23"><span class='ocrx_word' id='word_1_161' title='bbox 2255 1005 2368 1074; x_wconf 88' lang='lat' dir='ltr'><strong>ejus</strong></span> <span class='ocrx_word' id='word_1_162' title='bbox 2397 1017 2590 1077; x_wconf 82' lang='lat' dir='ltr'><strong>gentes,</strong></span> <span class='ocrx_word' id='word_1_163' title='bbox 2621 1018 2670 1063; x_wconf 91' lang='lat' dir='ltr'><strong>et</strong></span> <span class='ocrx_word' id='word_1_164' title='bbox 2694 1008 2853 1064; x_wconf 89' lang='lat' dir='ltr'><strong>dorsa</strong></span> <span class='ocrx_word' id='word_1_165' title='bbox 2875 1026 3055 1081; x_wconf 82' lang='lat' dir='ltr'><strong>regum</strong></span> <span class='ocrx_word' id='word_1_166' title='bbox 3083 1019 3307 1076; x_wconf 83' lang='lat' dir='ltr'><strong>vertam,</strong></span> <span class='ocrx_word' id='word_1_167' title='bbox 3331 1018 3381 1064; x_wconf 85' lang='lat' dir='ltr'><strong>et</strong></span> <span class='ocrx_word' id='word_1_168' title='bbox 3405 1013 3614 1082; x_wconf 83' lang='lat' dir='ltr'><strong>aperiam</strong></span> <span class='ocrx_word' id='word_1_169' title='bbox 3631 1032 3739 1070; x_wconf 71' lang='lat' dir='ltr'><strong>caras</strong></span> 
     </span>
    </p>
   </div>
   <div class='ocr_carea' id='block_1_23' title="bbox 2255 1097 3739 1172">
    <p class='ocr_par' dir='ltr' id='par_1_23' title="bbox 2255 1097 3739 1172">
     <span class='ocr_line' id='line_1_23' title="bbox 2255 1097 3739 1172; baseline 0.007 -23"><span class='ocrx_word' id='word_1_170' title='bbox 2255 1111 2315 1150; x_wconf 90' lang='lat' dir='ltr'><strong>eo</strong></span> <span class='ocrx_word' id='word_1_171' title='bbox 2339 1097 2564 1167; x_wconf 89' lang='lat' dir='ltr'><strong>januas,</strong></span> <span class='ocrx_word' id='word_1_172' title='bbox 2595 1108 2643 1154; x_wconf 87' lang='lat' dir='ltr'><strong>et</strong></span> <span class='ocrx_word' id='word_1_173' title='bbox 2671 1109 2838 1171; x_wconf 72' lang='lat' dir='ltr'><strong>porta:</strong></span> <span class='ocrx_word' id='word_1_174' title='bbox 2876 1117 2981 1155; x_wconf 87' lang='lat' dir='ltr'><strong>non</strong></span> <span class='ocrx_word' id='word_1_175' title='bbox 3010 1100 3351 1155; x_wconf 82' lang='lat' dir='ltr'><strong>claudentur.</strong></span> <span class='ocrx_word' id='word_1_176' title='bbox 3396 1100 3506 1172; x_wconf 87' lang='lat' dir='ltr'><strong>Ego</strong></span> <span class='ocrx_word' id='word_1_177' title='bbox 3539 1105 3691 1158; x_wconf 81' lang='lat' dir='ltr'><strong>anteila</strong></span> <span class='ocrx_word' id='word_1_178' title='bbox 3714 1118 3739 1160; x_wconf 70' lang='lat' dir='ltr'><strong>et</strong></span> 
     </span>
    </p>
   </div>
   <div class='ocr_carea' id='block_1_24' title="bbox 2256 1188 3737 1261">
    <p class='ocr_par' dir='ltr' id='par_1_24' title="bbox 2256 1188 3737 1261">
     <span class='ocr_line' id='line_1_24' title="bbox 2256 1188 3737 1261; baseline 0.006 -19"><span class='ocrx_word' id='word_1_179' title='bbox 2256 1188 2512 1260; x_wconf 88' lang='lat' dir='ltr'><strong>gloriosos</strong></span> <span class='ocrx_word' id='word_1_180' title='bbox 2564 1200 2716 1249; x_wconf 75' lang='lat' dir='ltr'><strong>terra:</strong></span> <span class='ocrx_word' id='word_1_181' title='bbox 2761 1193 3067 1249; x_wconf 85' lang='lat' dir='ltr'><strong>humiliabo.</strong></span> <span class='ocrx_word' id='word_1_182' title='bbox 3109 1191 3310 1248; x_wconf 88' lang='lat' dir='ltr'><strong>Portas</strong></span> <span class='ocrx_word' id='word_1_183' title='bbox 3344 1210 3501 1249; x_wconf 66' lang='lat' dir='ltr'><strong>cereas</strong></span> <span class='ocrx_word' id='word_1_184' title='bbox 3535 1204 3737 1261; x_wconf 69' lang='lat' dir='ltr'><strong>conteras,</strong></span> 
     </span>
    </p>
   </div>
   <div class='ocr_carea' id='block_1_25' title="bbox 2257 1282 3739 1356">
    <p class='ocr_par' dir='ltr' id='par_1_25' title="bbox 2257 1282 3739 1356">
     <span class='ocr_line' id='line_1_25' title="bbox 2257 1282 3739 1356; baseline 0.007 -24"><span class='ocrx_word' id='word_1_185' title='bbox 2257 1287 2308 1332; x_wconf 87' lang='lat' dir='ltr'><strong>et</strong></span> <span class='ocrx_word' id='word_1_186' title='bbox 2336 1290 2501 1335; x_wconf 78' lang='lat' dir='ltr'><strong>vectes</strong></span> <span class='ocrx_word' id='word_1_187' title='bbox 2540 1282 2738 1351; x_wconf 77' lang='lat' dir='ltr'><strong>ferreos</strong></span> <span class='ocrx_word' id='word_1_188' title='bbox 2781 1285 3129 1356; x_wconf 76' lang='lat' dir='ltr'><strong>confringam,</strong></span> <span class='ocrx_word' id='word_1_189' title='bbox 3175 1293 3228 1339; x_wconf 89' lang='lat' dir='ltr'><strong>et</strong></span> <span class='ocrx_word' id='word_1_190' title='bbox 3263 1285 3401 1339; x_wconf 87' lang='lat' dir='ltr'><strong>dabo</strong></span> <span class='ocrx_word' id='word_1_191' title='bbox 3436 1285 3522 1339; x_wconf 87' lang='lat' dir='ltr'><strong>tibi</strong></span> <span class='ocrx_word' id='word_1_192' title='bbox 3556 1290 3739 1342; x_wconf 75' lang='lat' dir='ltr'><strong>thesauros</strong></span> 
     </span>
    </p>
   </div>
   <div class='ocr_carea' id='block_1_26' title="bbox 2258 1368 3736 1447">
    <p class='ocr_par' dir='ltr' id='par_1_26' title="bbox 2258 1368 3736 1447">
     <span class='ocr_line' id='line_1_26' title="bbox 2258 1368 3736 1447; baseline 0.005 -25"><span class='ocrx_word' id='word_1_193' title='bbox 2258 1368 2586 1427; x_wconf 84' lang='lat' dir='ltr'><strong>absconditos</strong></span> <span class='ocrx_word' id='word_1_194' title='bbox 2613 1382 2663 1428; x_wconf 88' lang='lat' dir='ltr'><strong>et</strong></span> <span class='ocrx_word' id='word_1_195' title='bbox 2702 1390 2906 1429; x_wconf 89' lang='lat' dir='ltr'><strong>arcana</strong></span> <span class='ocrx_word' id='word_1_196' title='bbox 2943 1383 3289 1439; x_wconf 86' lang='lat' dir='ltr'><strong>secretorum,</strong></span> <span class='ocrx_word' id='word_1_197' title='bbox 3334 1384 3393 1428; x_wconf 85' lang='lat' dir='ltr'><strong>ut</strong></span> <span class='ocrx_word' id='word_1_198' title='bbox 3421 1376 3547 1429; x_wconf 85' lang='lat' dir='ltr'><strong>scias</strong></span> <span class='ocrx_word' id='word_1_199' title='bbox 3577 1376 3736 1447; x_wconf 67' lang='lat' dir='ltr'><strong>quiaego</strong></span> 
     </span>
    </p>
   </div>
   <div class='ocr_carea' id='block_1_27' title="bbox 2256 1458 3739 1536">
    <p class='ocr_par' dir='ltr' id='par_1_27' title="bbox 2256 1458 3739 1536">
     <span class='ocr_line' id='line_1_27' title="bbox 2256 1458 3739 1536; baseline 0.004 -23"><span class='ocrx_word' id='word_1_200' title='bbox 2256 1458 2513 1516; x_wconf 88' lang='lat' dir='ltr'><strong>Dominus</strong></span> <span class='ocrx_word' id='word_1_201' title='bbox 2546 1463 2636 1531; x_wconf 90' lang='lat' dir='ltr'><strong>qui</strong></span> <span class='ocrx_word' id='word_1_202' title='bbox 2669 1478 2791 1518; x_wconf 83' lang='lat' dir='ltr'><strong>voco</strong></span> <span class='ocrx_word' id='word_1_203' title='bbox 2820 1481 3007 1519; x_wconf 85' lang='lat' dir='ltr'><strong>nomen</strong></span> <span class='ocrx_word' id='word_1_204' title='bbox 3030 1472 3180 1519; x_wconf 88' lang='lat' dir='ltr'><strong>tuum</strong></span> <span class='ocrx_word' id='word_1_205' title='bbox 3222 1464 3369 1520; x_wconf 86' lang='lat' dir='ltr'><strong>Deus</strong></span> <span class='ocrx_word' id='word_1_206' title='bbox 3408 1464 3584 1532; x_wconf 82' lang='lat' dir='ltr'><strong>Israel,</strong></span> <span class='ocrx_word' id='word_1_207' title='bbox 3609 1478 3739 1536; x_wconf 70' lang='lat' dir='ltr'><strong>propter</strong></span> 
     </span>
    </p>
   </div>
   <div class='ocr_carea' id='block_1_28' title="bbox 2256 1553 3736 1612">
    <p class='ocr_par' dir='ltr' id='par_1_28' title="bbox 2256 1553 3736 1612">
     <span class='ocr_line' id='line_1_28' title="bbox 2256 1553 3736 1612; baseline 0.005 -7"><span class='ocrx_word' id='word_1_208' title='bbox 2256 1568 2459 1606; x_wconf 81' lang='lat' dir='ltr'><strong>servum</strong></span> <span class='ocrx_word' id='word_1_209' title='bbox 2512 1570 2684 1608; x_wconf 89' lang='lat' dir='ltr'><strong>meum</strong></span> <span class='ocrx_word' id='word_1_210' title='bbox 2735 1553 2903 1610; x_wconf 72' lang='lat' dir='ltr'><strong>Iacob</strong></span> <span class='ocrx_word' id='word_1_211' title='bbox 2960 1565 3009 1611; x_wconf 87' lang='lat' dir='ltr'><strong>et</strong></span> <span class='ocrx_word' id='word_1_212' title='bbox 3057 1555 3235 1612; x_wconf 83' lang='lat' dir='ltr'><strong>Israel</strong></span> <span class='ocrx_word' id='word_1_213' title='bbox 3285 1556 3499 1612; x_wconf 84' lang='lat' dir='ltr'><strong>electum</strong></span> <span class='ocrx_word' id='word_1_214' title='bbox 3553 1575 3679 1612; x_wconf 70' lang='lat' dir='ltr'><strong>meum</strong></span> <span class='ocrx_word' id='word_1_215' title='bbox 3713 1573 3736 1612; x_wconf 76' lang='grc' dir='ltr'><em>α</em></span> 
     </span>
    </p>
   </div>
   <div class='ocr_carea' id='block_1_29' title="bbox 2256 1645 3739 1719">
    <p class='ocr_par' dir='ltr' id='par_1_29' title="bbox 2256 1645 3739 1719">
     <span class='ocr_line' id='line_1_29' title="bbox 2256 1645 3739 1719; baseline 0.004 -22"><span class='ocrx_word' id='word_1_216' title='bbox 2256 1645 2430 1699; x_wconf 81' lang='lat' dir='ltr'><strong>vocavi</strong></span> <span class='ocrx_word' id='word_1_217' title='bbox 2453 1653 2501 1699; x_wconf 92' lang='lat' dir='ltr'><strong>te</strong></span> <span class='ocrx_word' id='word_1_218' title='bbox 2534 1646 2591 1701; x_wconf 88' lang='lat' dir='ltr'><strong>in</strong></span> <span class='ocrx_word' id='word_1_219' title='bbox 2623 1647 2831 1701; x_wconf 88' lang='lat' dir='ltr'><strong>nomine</strong></span> <span class='ocrx_word' id='word_1_220' title='bbox 2854 1657 2966 1713; x_wconf 92' lang='lat' dir='ltr'><strong>tuo,</strong></span> <span class='ocrx_word' id='word_1_221' title='bbox 3003 1647 3297 1704; x_wconf 77' lang='lat' dir='ltr'><strong>assimilavi</strong></span> <span class='ocrx_word' id='word_1_222' title='bbox 3339 1657 3386 1704; x_wconf 88' lang='lat' dir='ltr'><strong>te</strong></span> <span class='ocrx_word' id='word_1_223' title='bbox 3430 1659 3477 1704; x_wconf 92' lang='lat' dir='ltr'><strong>et</strong></span> <span class='ocrx_word' id='word_1_224' title='bbox 3509 1666 3597 1703; x_wconf 85' lang='lat' dir='ltr'><strong>non</strong></span> <span class='ocrx_word' id='word_1_225' title='bbox 3623 1667 3739 1719; x_wconf 71' lang='lat' dir='ltr'><strong>cogas-</strong></span> 
     </span>
    </p>
   </div>
   <div class='ocr_carea' id='block_1_30' title="bbox 2257 1735 3736 1809">
    <p class='ocr_par' dir='ltr' id='par_1_30' title="bbox 2257 1735 3736 1809">
     <span class='ocr_line' id='line_1_30' title="bbox 2257 1735 3736 1809; baseline 0.002 -21"><span class='ocrx_word' id='word_1_226' title='bbox 2257 1735 2376 1789; x_wconf 85' lang='lat' dir='ltr'><strong>visti</strong></span> <span class='ocrx_word' id='word_1_227' title='bbox 2438 1752 2536 1791; x_wconf 87' lang='lat' dir='ltr'><strong>me.</strong></span> <span class='ocrx_word' id='word_1_228' title='bbox 2592 1735 2705 1808; x_wconf 88' lang='lat' dir='ltr'><strong>Ego</strong></span> <span class='ocrx_word' id='word_1_229' title='bbox 2766 1737 3023 1793; x_wconf 87' lang='lat' dir='ltr'><strong>Dominus</strong></span> <span class='ocrx_word' id='word_1_230' title='bbox 3085 1748 3135 1793; x_wconf 89' lang='lat' dir='ltr'><strong>et</strong></span> <span class='ocrx_word' id='word_1_231' title='bbox 3215 1755 3328 1794; x_wconf 84' lang='lat' dir='ltr'><strong>non</strong></span> <span class='ocrx_word' id='word_1_232' title='bbox 3395 1738 3620 1809; x_wconf 79' lang='lat' dir='ltr'><strong>amplius,</strong></span> <span class='ocrx_word' id='word_1_233' title='bbox 3651 1752 3736 1792; x_wconf 67' lang='lat' dir='ltr'><strong>eam</strong></span> 
     </span>
    </p>
   </div>
   <div class='ocr_carea' id='block_1_31' title="bbox 2257 1826 3737 1900">
    <p class='ocr_par' dir='ltr' id='par_1_31' title="bbox 2257 1826 3737 1900">
     <span class='ocr_line' id='line_1_31' title="bbox 2257 1826 3737 1900; baseline 0.002 -22"><span class='ocrx_word' id='word_1_234' title='bbox 2257 1841 2339 1880; x_wconf 88' lang='lat' dir='ltr'><strong>me</strong></span> <span class='ocrx_word' id='word_1_235' title='bbox 2377 1843 2480 1881; x_wconf 91' lang='lat' dir='ltr'><strong>non</strong></span> <span class='ocrx_word' id='word_1_236' title='bbox 2517 1835 2590 1882; x_wconf 90' lang='lat' dir='ltr'><strong>est</strong></span> <span class='ocrx_word' id='word_1_237' title='bbox 2638 1826 2799 1883; x_wconf 87' lang='lat' dir='ltr'><strong>Deus.</strong></span> <span class='ocrx_word' id='word_1_238' title='bbox 2842 1827 3061 1883; x_wconf 69' lang='lat' dir='ltr'><strong>Accinzci</strong></span> <span class='ocrx_word' id='word_1_239' title='bbox 3095 1838 3143 1884; x_wconf 92' lang='lat' dir='ltr'><strong>te</strong></span> <span class='ocrx_word' id='word_1_240' title='bbox 3186 1840 3238 1884; x_wconf 91' lang='lat' dir='ltr'><strong>et</strong></span> <span class='ocrx_word' id='word_1_241' title='bbox 3287 1846 3396 1885; x_wconf 89' lang='lat' dir='ltr'><strong>non</strong></span> <span class='ocrx_word' id='word_1_242' title='bbox 3436 1830 3669 1900; x_wconf 80' lang='lat' dir='ltr'><strong>cognovisti</strong></span> <span class='ocrx_word' id='word_1_243' title='bbox 3695 1846 3737 1881; x_wconf 73' lang='lat' dir='ltr'><strong>ue</strong></span> 
     </span>
    </p>
   </div>
   <div class='ocr_carea' id='block_1_32' title="bbox 576 1911 2586 1994">
    <p class='ocr_par' dir='ltr' id='par_1_32' title="bbox 576 1911 2586 1994">
     <span class='ocr_line' id='line_1_32' title="bbox 576 1911 2586 1994; baseline -0.001 -19"><span class='ocrx_word' id='word_1_244' title='bbox 576 1932 632 1975; x_wconf 91' lang='lat' dir='ltr'><strong>ut</strong></span> <span class='ocrx_word' id='word_1_245' title='bbox 677 1924 996 1993; x_wconf 76' lang='lat' dir='ltr'><strong>wdiﬁcarem</strong></span> <span class='ocrx_word' id='word_1_246' title='bbox 1032 1926 1081 1994; x_wconf 74' lang='lat' dir='ltr'><strong>ei</strong></span> <span class='ocrx_word' id='word_1_247' title='bbox 1118 1927 1332 1980; x_wconf 91' lang='lat' dir='ltr'><strong>domum</strong></span> <span class='ocrx_word' id='word_1_248' title='bbox 1367 1926 1422 1980; x_wconf 92' lang='lat' dir='ltr'><strong>in</strong></span> <span class='ocrx_word' id='word_1_249' title='bbox 1462 1924 1789 1991; x_wconf 77' lang='lat' dir='ltr'><strong>Jerusalem,</strong></span> <span class='ocrx_word' id='word_1_250' title='bbox 1829 1940 1945 1994; x_wconf 70' lang='lat' dir='ltr'><strong>quas</strong></span> <span class='ocrx_word' id='word_1_251' title='bbox 1983 1930 2058 1977; x_wconf 88' lang='lat' dir='ltr'><strong>est</strong></span> <span class='ocrx_word' id='word_1_252' title='bbox 2096 1920 2153 1973; x_wconf 88' lang='lat' dir='ltr'><strong>in</strong></span> <span class='ocrx_word' id='word_1_253' title='bbox 2178 1911 2229 1972; x_wconf 90' lang='grc' dir='ltr'><strong>Β</strong></span> <span class='ocrx_word' id='word_1_254' title='bbox 2257 1916 2412 1989; x_wconf 88' lang='lat' dir='ltr'><strong>(Isai.</strong></span> <span class='ocrx_word' id='word_1_255' title='bbox 2440 1918 2586 1991; x_wconf 76' lang='lat' dir='ltr'><strong>XLV).</strong></span> 
     </span>
    </p>
   </div>
   <div class='ocr_carea' id='block_1_33' title="bbox 572 2010 2149 2086">
    <p class='ocr_par' dir='ltr' id='par_1_33' title="bbox 572 2010 2149 2086">
     <span class='ocr_line' id='line_1_33' title="bbox 572 2010 2149 2086; baseline 0.001 -23"><span class='ocrx_word' id='word_1_256' title='bbox 572 2011 800 2078; x_wconf 74' lang='lat' dir='ltr'><strong>Judtra;</strong></span> <span class='ocrx_word' id='word_1_257' title='bbox 831 2015 947 2084; x_wconf 87' lang='lat' dir='ltr'><strong>quis</strong></span> <span class='ocrx_word' id='word_1_258' title='bbox 985 2031 1050 2069; x_wconf 77' lang='lat' dir='ltr'><strong>ea;</strong></span> <span class='ocrx_word' id='word_1_259' title='bbox 1094 2015 1234 2069; x_wconf 84' lang='lat' dir='ltr'><strong>vobis</strong></span> <span class='ocrx_word' id='word_1_260' title='bbox 1269 2024 1344 2070; x_wconf 90' lang='lat' dir='ltr'><strong>est</strong></span> <span class='ocrx_word' id='word_1_261' title='bbox 1378 2014 1602 2069; x_wconf 66' lang='lat' dir='ltr'><strong>infomni</strong></span> <span class='ocrx_word' id='word_1_262' title='bbox 1642 2013 1833 2086; x_wconf 82' lang='lat' dir='ltr'><strong>populo</strong></span> <span class='ocrx_word' id='word_1_263' title='bbox 1870 2012 2025 2084; x_wconf 83' lang='lat' dir='ltr'><strong>ejus?</strong></span> <span class='ocrx_word' id='word_1_264' title='bbox 2067 2010 2149 2067; x_wconf 88' lang='lat' dir='ltr'><strong>Sit</strong></span> 
     </span>
    </p>
   </div>
   <div class='ocr_carea' id='block_1_34' title="bbox 564 2102 1765 2174">
    <p class='ocr_par' dir='ltr' id='par_1_34' title="bbox 564 2102 1765 2174">
     <span class='ocr_line' id='line_1_34' title="bbox 564 2102 1765 2174; baseline 0.004 -19"><span class='ocrx_word' id='word_1_265' title='bbox 564 2102 822 2159; x_wconf 89' lang='lat' dir='ltr'><strong>Dominus</strong></span> <span class='ocrx_word' id='word_1_266' title='bbox 854 2105 998 2161; x_wconf 86' lang='lat' dir='ltr'><strong>Deus</strong></span> <span class='ocrx_word' id='word_1_267' title='bbox 1020 2123 1146 2161; x_wconf 88' lang='lat' dir='ltr'><strong>suus</strong></span> <span class='ocrx_word' id='word_1_268' title='bbox 1177 2123 1294 2161; x_wconf 88' lang='lat' dir='ltr'><strong>cum</strong></span> <span class='ocrx_word' id='word_1_269' title='bbox 1317 2124 1398 2174; x_wconf 91' lang='lat' dir='ltr'><strong>eo,</strong></span> <span class='ocrx_word' id='word_1_270' title='bbox 1428 2115 1477 2162; x_wconf 89' lang='lat' dir='ltr'><strong>et</strong></span> <span class='ocrx_word' id='word_1_271' title='bbox 1500 2107 1765 2162; x_wconf 88' lang='lat' dir='ltr'><strong>ascendat.</strong></span> 
     </span>
    </p>
   </div>
   <div class='ocr_carea' id='block_1_35' title="bbox 632 2196 2146 2271">
    <p class='ocr_par' dir='ltr' id='par_1_35' title="bbox 632 2196 2146 2271">
     <span class='ocr_line' id='line_1_35' title="bbox 632 2196 2146 2271; baseline 0.003 -21"><span class='ocrx_word' id='word_1_272' title='bbox 632 2196 780 2253; x_wconf 87' lang='lat' dir='ltr'><strong>Finis</strong></span> <span class='ocrx_word' id='word_1_273' title='bbox 818 2198 939 2253; x_wconf 87' lang='lat' dir='ltr'><strong>libri</strong></span> <span class='ocrx_word' id='word_1_274' title='bbox 969 2199 1417 2271; x_wconf 87' lang='lat' dir='ltr'><strong>Paralipomenon</strong></span> <span class='ocrx_word' id='word_1_275' title='bbox 1454 2200 1649 2257; x_wconf 87' lang='lat' dir='ltr'><strong>similis</strong></span> <span class='ocrx_word' id='word_1_276' title='bbox 1675 2208 1761 2257; x_wconf 89' lang='lat' dir='ltr'><strong>est</strong></span> <span class='ocrx_word' id='word_1_277' title='bbox 1787 2200 2058 2271; x_wconf 88' lang='lat' dir='ltr'><strong>principio</strong></span> <span class='ocrx_word' id='word_1_278' title='bbox 2081 2200 2146 2254; x_wconf 89' lang='lat' dir='ltr'><strong>li—</strong></span> 
     </span>
    </p>
   </div>
   <div class='ocr_carea' id='block_1_36' title="bbox 561 2276 2144 2362">
    <p class='ocr_par' dir='ltr' id='par_1_36' title="bbox 561 2276 2144 2362">
     <span class='ocr_line' id='line_1_36' title="bbox 561 2276 2144 2362; baseline 0.004 -22"><span class='ocrx_word' id='word_1_279' title='bbox 561 2286 647 2341; x_wconf 86' lang='lat' dir='ltr'><strong>bri</strong></span> <span class='ocrx_word' id='word_1_280' title='bbox 692 2288 877 2344; x_wconf 64' lang='lat' dir='ltr'><strong>Esdrae</strong></span> <span class='ocrx_word' id='word_1_281' title='bbox 926 2276 1219 2347; x_wconf 81' lang='lat' dir='ltr'><strong>sacerdotis</strong></span> <span class='ocrx_word' id='word_1_282' title='bbox 1267 2307 1282 2346; x_wconf 91' lang='lat'><strong>:</strong></span> <span class='ocrx_word' id='word_1_283' title='bbox 1334 2306 1497 2362; x_wconf 88' lang='lat' dir='ltr'><strong>quem</strong></span> <span class='ocrx_word' id='word_1_284' title='bbox 1550 2290 1763 2348; x_wconf 63' lang='lat' dir='ltr'><strong>Hebraei</strong></span> <span class='ocrx_word' id='word_1_285' title='bbox 1823 2291 2144 2347; x_wconf 85' lang='lat' dir='ltr'><strong>Malachiam</strong></span> 
     </span>
    </p>
   </div>
   <div class='ocr_carea' id='block_1_37' title="bbox 560 2380 2143 2462">
    <p class='ocr_par' dir='ltr' id='par_1_37' title="bbox 560 2380 2143 2462">
     <span class='ocr_line' id='line_1_37' title="bbox 560 2380 2143 2462; baseline 0.004 -30"><span class='ocrx_word' id='word_1_286' title='bbox 560 2380 810 2436; x_wconf 89' lang='lat' dir='ltr'><strong>ultimum</strong></span> <span class='ocrx_word' id='word_1_287' title='bbox 846 2382 1127 2439; x_wconf 89' lang='lat' dir='ltr'><strong>duodecim</strong></span> <span class='ocrx_word' id='word_1_288' title='bbox 1172 2385 1558 2455; x_wconf 87' lang='lat' dir='ltr'><strong>prophetarum</strong></span> <span class='ocrx_word' id='word_1_289' title='bbox 1599 2399 1725 2441; x_wconf 90' lang='lat' dir='ltr'><strong>esse</strong></span> <span class='ocrx_word' id='word_1_290' title='bbox 1737 2391 2054 2462; x_wconf 62' lang='lat' dir='ltr'><strong>autumant,</strong></span> <span class='ocrx_word' id='word_1_291' title='bbox 2085 2384 2143 2439; x_wconf 91' lang='lat' dir='ltr'><strong>in</strong></span> 
     </span>
    </p>
   </div>
   <div class='ocr_carea' id='block_1_38' title="bbox 560 2474 2140 2548">
    <p class='ocr_par' dir='ltr' id='par_1_38' title="bbox 560 2474 2140 2548">
     <span class='ocr_line' id='line_1_38' title="bbox 560 2474 2140 2548; baseline 0.004 -23"><span class='ocrx_word' id='word_1_292' title='bbox 560 2485 668 2540; x_wconf 91' lang='lat' dir='ltr'><strong>quo</strong></span> <span class='ocrx_word' id='word_1_293' title='bbox 702 2474 939 2529; x_wconf 87' lang='lat' dir='ltr'><strong>edictum</strong></span> <span class='ocrx_word' id='word_1_294' title='bbox 974 2475 1099 2547; x_wconf 86' lang='lat' dir='ltr'><strong>Cyri</strong></span> <span class='ocrx_word' id='word_1_295' title='bbox 1130 2477 1274 2548; x_wconf 80' lang='lat' dir='ltr'><strong>regis</strong></span> <span class='ocrx_word' id='word_1_296' title='bbox 1306 2476 1679 2533; x_wconf 59' lang='lat' dir='ltr'><strong>Persarum‘ct</strong></span> <span class='ocrx_word' id='word_1_297' title='bbox 1724 2477 1932 2533; x_wconf 89' lang='lat' dir='ltr'><strong>reditus</strong></span> <span class='ocrx_word' id='word_1_298' title='bbox 1959 2477 2140 2547; x_wconf 85' lang='lat' dir='ltr'><strong>populi</strong></span> 
     </span>
    </p>
   </div>
   <div class='ocr_carea' id='block_1_39' title="bbox 559 2562 2143 2624">
    <p class='ocr_par' dir='ltr' id='par_1_39' title="bbox 559 2562 2143 2624">
     <span class='ocr_line' id='line_1_39' title="bbox 559 2562 2143 2624; baseline 0.004 -7"><span class='ocrx_word' id='word_1_299' title='bbox 559 2562 771 2618; x_wconf 83' lang='lat' dir='ltr'><strong>Judaici</strong></span> <span class='ocrx_word' id='word_1_300' title='bbox 800 2564 857 2618; x_wconf 90' lang='lat' dir='ltr'><strong>in</strong></span> <span class='ocrx_word' id='word_1_301' title='bbox 885 2573 1087 2621; x_wconf 89' lang='lat' dir='ltr'><strong>terram</strong></span> <span class='ocrx_word' id='word_1_302' title='bbox 1128 2565 1265 2622; x_wconf 81' lang='lat' dir='ltr'><strong>Juda</strong></span> <span class='ocrx_word' id='word_1_303' title='bbox 1296 2568 1639 2623; x_wconf 88' lang='lat' dir='ltr'><strong>describitur.</strong></span> <span class='ocrx_word' id='word_1_304' title='bbox 1671 2567 1825 2624; x_wconf 90' lang='lat' dir='ltr'><strong>Unde</strong></span> <span class='ocrx_word' id='word_1_305' title='bbox 1853 2567 2015 2622; x_wconf 86' lang='lat' dir='ltr'><strong>simili</strong></span> <span class='ocrx_word' id='word_1_306' title='bbox 2053 2582 2143 2623; x_wconf 84' lang='lat' dir='ltr'><strong>ex-</strong></span> 
     </span>
    </p>
   </div>
   <div class='ocr_carea' id='block_1_40' title="bbox 563 2654 2141 2728">
    <p class='ocr_par' dir='ltr' id='par_1_40' title="bbox 563 2654 2141 2728">
     <span class='ocr_line' id='line_1_40' title="bbox 563 2654 2141 2728; baseline 0.003 -21"><span class='ocrx_word' id='word_1_307' title='bbox 563 2654 831 2723; x_wconf 87' lang='lat' dir='ltr'><strong>positione</strong></span> <span class='ocrx_word' id='word_1_308' title='bbox 871 2656 957 2711; x_wconf 88' lang='lat' dir='ltr'><strong>hic</strong></span> <span class='ocrx_word' id='word_1_309' title='bbox 982 2656 1134 2712; x_wconf 91' lang='lat' dir='ltr'><strong>locus</strong></span> <span class='ocrx_word' id='word_1_310' title='bbox 1164 2657 1370 2713; x_wconf 82' lang='lat' dir='ltr'><strong>exsolvi</strong></span> <span class='ocrx_word' id='word_1_311' title='bbox 1407 2666 1604 2728; x_wconf 87' lang='lat' dir='ltr'><strong>potest,</strong></span> <span class='ocrx_word' id='word_1_312' title='bbox 1634 2658 1710 2712; x_wconf 88' lang='lat' dir='ltr'><strong>ita</strong></span> <span class='ocrx_word' id='word_1_313' title='bbox 1741 2666 1803 2712; x_wconf 90' lang='lat' dir='ltr'><strong>ut</strong></span> <span class='ocrx_word' id='word_1_314' title='bbox 1828 2671 1946 2727; x_wconf 68' lang='lat' dir='ltr'><strong>qua:</strong></span> <span class='ocrx_word' id='word_1_315' title='bbox 1979 2672 2141 2727; x_wconf 84' lang='lat' dir='ltr'><strong>expo-</strong></span> 
     </span>
    </p>
   </div>
   <div class='ocr_carea' id='block_1_41' title="bbox 563 2746 2134 2819">
    <p class='ocr_par' dir='ltr' id='par_1_41' title="bbox 563 2746 2134 2819">
     <span class='ocr_line' id='line_1_41' title="bbox 563 2746 2134 2819; baseline 0.002 -19"><span class='ocrx_word' id='word_1_316' title='bbox 563 2746 757 2801; x_wconf 89' lang='lat' dir='ltr'><strong>sitores</strong></span> <span class='ocrx_word' id='word_1_317' title='bbox 782 2746 953 2818; x_wconf 87' lang='lat' dir='ltr'><strong>ipsius</strong></span> <span class='ocrx_word' id='word_1_318' title='bbox 980 2747 1256 2819; x_wconf 67' lang='lat' dir='ltr'><strong>prophetae</strong></span> <span class='ocrx_word' id='word_1_319' title='bbox 1295 2750 1362 2805; x_wconf 89' lang='lat' dir='ltr'><strong>de</strong></span> <span class='ocrx_word' id='word_1_320' title='bbox 1400 2748 1544 2805; x_wconf 91' lang='lat' dir='ltr'><strong>illius</strong></span> <span class='ocrx_word' id='word_1_321' title='bbox 1586 2749 1725 2804; x_wconf 87' lang='lat' dir='ltr'><strong>libro</strong></span> <span class='ocrx_word' id='word_1_322' title='bbox 1770 2749 1828 2804; x_wconf 92' lang='lat' dir='ltr'><strong>in</strong></span> <span class='ocrx_word' id='word_1_323' title='bbox 1868 2748 2134 2819; x_wconf 83' lang='lat' dir='ltr'><strong>principio</strong></span> 
     </span>
    </p>
   </div>
   <div class='ocr_carea' id='block_1_42' title="bbox 560 2836 2131 2911">
    <p class='ocr_par' dir='ltr' id='par_1_42' title="bbox 560 2836 2131 2911">
     <span class='ocr_line' id='line_1_42' title="bbox 560 2836 2131 2911; baseline 0.004 -21"><span class='ocrx_word' id='word_1_324' title='bbox 560 2836 841 2905; x_wconf 86' lang='lat' dir='ltr'><strong>dixerunt,</strong></span> <span class='ocrx_word' id='word_1_325' title='bbox 891 2840 1007 2896; x_wconf 81' lang='lat' dir='ltr'><strong>haec</strong></span> <span class='ocrx_word' id='word_1_326' title='bbox 1050 2843 1236 2898; x_wconf 86' lang='lat' dir='ltr'><strong>eadem</strong></span> <span class='ocrx_word' id='word_1_327' title='bbox 1269 2858 1369 2898; x_wconf 90' lang='lat' dir='ltr'><strong>nos</strong></span> <span class='ocrx_word' id='word_1_328' title='bbox 1412 2842 1469 2897; x_wconf 89' lang='lat' dir='ltr'><strong>in</strong></span> <span class='ocrx_word' id='word_1_329' title='bbox 1510 2842 1618 2898; x_wconf 82' lang='lat' dir='ltr'><strong>ﬁne</strong></span> <span class='ocrx_word' id='word_1_330' title='bbox 1652 2841 1808 2898; x_wconf 88' lang='lat' dir='ltr'><strong>istius</strong></span> <span class='ocrx_word' id='word_1_331' title='bbox 1848 2856 2131 2911; x_wconf 87' lang='lat' dir='ltr'><strong>ponamus,</strong></span> 
     </span>
    </p>
   </div>
   <div class='ocr_carea' id='block_1_43' title="bbox 2322 2007 3735 2082">
    <p class='ocr_par' dir='ltr' id='par_1_43' title="bbox 2322 2007 3735 2082">
     <span class='ocr_line' id='line_1_43' title="bbox 2322 2007 3735 2082; baseline -0.001 -20"><span class='ocrx_word' id='word_1_332' title='bbox 2322 2007 2402 2062; x_wconf 85' lang='lat' dir='ltr'><strong>Ex</strong></span> <span class='ocrx_word' id='word_1_333' title='bbox 2442 2023 2549 2079; x_wconf 91' lang='lat' dir='ltr'><strong>quo</strong></span> <span class='ocrx_word' id='word_1_334' title='bbox 2595 2009 2749 2067; x_wconf 72' lang='lat' dir='ltr'><strong>Isaia:</strong></span> <span class='ocrx_word' id='word_1_335' title='bbox 2794 2011 3068 2082; x_wconf 62' lang='lat' dir='ltr'><strong>propheta:</strong></span> <span class='ocrx_word' id='word_1_336' title='bbox 3115 2012 3454 2068; x_wconf 90' lang='lat' dir='ltr'><strong>credendum</strong></span> <span class='ocrx_word' id='word_1_337' title='bbox 3498 2019 3570 2067; x_wconf 88' lang='lat' dir='ltr'><strong>est</strong></span> <span class='ocrx_word' id='word_1_338' title='bbox 3603 2024 3673 2081; x_wconf 83' lang='lat' dir='ltr'><strong>pro</strong></span> <span class='ocrx_word' id='word_1_339' title='bbox 3700 2023 3735 2061; x_wconf 73' lang='lat' dir='ltr'><strong>eo</strong></span> 
     </span>
    </p>
   </div>
   <div class='ocr_carea' id='block_1_44' title="bbox 2249 2101 3733 2173">
    <p class='ocr_par' dir='ltr' id='par_1_44' title="bbox 2249 2101 3733 2173">
     <span class='ocr_line' id='line_1_44' title="bbox 2249 2101 3733 2173; baseline 0.002 -19"><span class='ocrx_word' id='word_1_340' title='bbox 2249 2101 2485 2156; x_wconf 84' lang='lat' dir='ltr'><strong>maxime</strong></span> <span class='ocrx_word' id='word_1_341' title='bbox 2519 2101 2723 2173; x_wconf 89' lang='lat' dir='ltr'><strong>Cyrum</strong></span> <span class='ocrx_word' id='word_1_342' title='bbox 2748 2117 2930 2172; x_wconf 80' lang='lat' dir='ltr'><strong>regem</strong></span> <span class='ocrx_word' id='word_1_343' title='bbox 2959 2103 3215 2160; x_wconf 85' lang='lat' dir='ltr'><strong>dilexisse</strong></span> <span class='ocrx_word' id='word_1_344' title='bbox 3242 2103 3387 2160; x_wconf 83' lang='lat' dir='ltr'><strong>ﬁlios</strong></span> <span class='ocrx_word' id='word_1_345' title='bbox 3412 2102 3581 2167; x_wconf 85' lang='lat' dir='ltr'><strong>Israel,</strong></span> <span class='ocrx_word' id='word_1_346' title='bbox 3607 2116 3733 2170; x_wconf 79' lang='lat' dir='ltr'><strong>eosque</strong></span> 
     </span>
    </p>
   </div>
   <div class='ocr_carea' id='block_1_45' title="bbox 2248 2190 3733 2263">
    <p class='ocr_par' dir='ltr' id='par_1_45' title="bbox 2248 2190 3733 2263">
     <span class='ocr_line' id='line_1_45' title="bbox 2248 2190 3733 2263; baseline -0.001 -19"><span class='ocrx_word' id='word_1_347' title='bbox 2248 2190 2315 2244; x_wconf 90' lang='lat' dir='ltr'><strong>de</strong></span> <span class='ocrx_word' id='word_1_348' title='bbox 2351 2191 2663 2261; x_wconf 87' lang='lat' dir='ltr'><strong>captivitate</strong></span> <span class='ocrx_word' id='word_1_349' title='bbox 2691 2201 2972 2263; x_wconf 85' lang='lat' dir='ltr'><strong>exemptos</strong></span> <span class='ocrx_word' id='word_1_350' title='bbox 2999 2193 3221 2248; x_wconf 89' lang='lat' dir='ltr'><strong>domum</strong></span> <span class='ocrx_word' id='word_1_351' title='bbox 3267 2192 3552 2258; x_wconf 87' lang='lat' dir='ltr'><strong>remisisse,</strong></span> <span class='ocrx_word' id='word_1_352' title='bbox 3581 2205 3631 2245; x_wconf 85' lang='lat' dir='ltr'><strong>ac</strong></span> <span class='ocrx_word' id='word_1_353' title='bbox 3654 2198 3733 2243; x_wconf 75' lang='lat' dir='ltr'><strong>tem-</strong></span> 
     </span>
    </p>
   </div>
   <div class='ocr_carea' id='block_1_46' title="bbox 2246 2279 3734 2355">
    <p class='ocr_par' dir='ltr' id='par_1_46' title="bbox 2246 2279 3734 2355">
     <span class='ocr_line' id='line_1_46' title="bbox 2246 2279 3734 2355; baseline 0.003 -21"><span class='ocrx_word' id='word_1_354' title='bbox 2246 2282 2394 2353; x_wconf 89' lang='lat' dir='ltr'><strong>plum</strong></span> <span class='ocrx_word' id='word_1_355' title='bbox 2431 2282 2761 2339; x_wconf 82' lang='lat' dir='ltr'><strong>reaediﬁcare</strong></span> <span class='ocrx_word' id='word_1_356' title='bbox 2794 2284 3045 2355; x_wconf 90' lang='lat' dir='ltr'><strong>jussisse,</strong></span> <span class='ocrx_word' id='word_1_357' title='bbox 3076 2285 3224 2355; x_wconf 88' lang='lat' dir='ltr'><strong>quod</strong></span> <span class='ocrx_word' id='word_1_358' title='bbox 3267 2283 3496 2339; x_wconf 88' lang='lat' dir='ltr'><strong>audierit</strong></span> <span class='ocrx_word' id='word_1_359' title='bbox 3535 2279 3734 2352; x_wconf 75' lang='lat' dir='ltr'><strong>prophetas</strong></span> 
     </span>
    </p>
   </div>
   <div class='ocr_carea' id='block_1_47' title="bbox 2246 2369 3731 2448">
    <p class='ocr_par' dir='ltr' id='par_1_47' title="bbox 2246 2369 3731 2448">
     <span class='ocr_line' id='line_1_47' title="bbox 2246 2369 3731 2448; baseline -0.004 -22"><span class='ocrx_word' id='word_1_360' title='bbox 2246 2386 2434 2427; x_wconf 87' lang='lat' dir='ltr'><strong>eorum</strong></span> <span class='ocrx_word' id='word_1_361' title='bbox 2460 2387 2558 2442; x_wconf 90' lang='lat' dir='ltr'><strong>per</strong></span> <span class='ocrx_word' id='word_1_362' title='bbox 2604 2371 2865 2442; x_wconf 89' lang='lat' dir='ltr'><strong>Spiritum</strong></span> <span class='ocrx_word' id='word_1_363' title='bbox 2910 2375 3007 2429; x_wconf 86' lang='lat' dir='ltr'><strong>Dei</strong></span> <span class='ocrx_word' id='word_1_364' title='bbox 3026 2445 3028 2448; x_wconf 15' lang='grc' dir='ltr'>ν</span> <span class='ocrx_word' id='word_1_365' title='bbox 3048 2375 3114 2430; x_wconf 92' lang='lat' dir='ltr'><strong>de</strong></span> <span class='ocrx_word' id='word_1_366' title='bbox 3148 2388 3255 2430; x_wconf 91' lang='lat' dir='ltr'><strong>suo</strong></span> <span class='ocrx_word' id='word_1_367' title='bbox 3297 2388 3481 2445; x_wconf 80' lang='lat' dir='ltr'><strong>regno,</strong></span> <span class='ocrx_word' id='word_1_368' title='bbox 3516 2382 3561 2427; x_wconf 87' lang='lat' dir='ltr'><strong>et</strong></span> <span class='ocrx_word' id='word_1_369' title='bbox 3584 2369 3731 2439; x_wconf 79' lang='lat' dir='ltr'><strong>Babylo-</strong></span> 
     </span>
    </p>
   </div>
   <div class='ocr_carea' id='block_1_48' title="bbox 2244 2463 3732 2537">
    <p class='ocr_par' dir='ltr' id='par_1_48' title="bbox 2244 2463 3732 2537">
     <span class='ocr_line' id='line_1_48' title="bbox 2244 2463 3732 2537; baseline -0.001 -20"><span class='ocrx_word' id='word_1_370' title='bbox 2244 2463 2458 2519; x_wconf 90' lang='lat' dir='ltr'><strong>niorum</strong></span> <span class='ocrx_word' id='word_1_371' title='bbox 2483 2465 2848 2522; x_wconf 87' lang='lat' dir='ltr'><strong>destructione</strong></span> <span class='ocrx_word' id='word_1_372' title='bbox 2874 2465 3044 2523; x_wconf 80' lang='lat' dir='ltr'><strong>fuisse</strong></span> <span class='ocrx_word' id='word_1_373' title='bbox 3081 2466 3429 2537; x_wconf 70' lang='lat' dir='ltr'><strong>pmlocutos.</strong></span> <span class='ocrx_word' id='word_1_374' title='bbox 3456 2464 3577 2519; x_wconf 87' lang='lat' dir='ltr'><strong>Nam</strong></span> <span class='ocrx_word' id='word_1_375' title='bbox 3598 2475 3640 2517; x_wconf 83' lang='lat' dir='ltr'><strong>et</strong></span> <span class='ocrx_word' id='word_1_376' title='bbox 3664 2473 3732 2530; x_wconf 60' lang='lat' dir='ltr'><strong>sps</strong></span> 
     </span>
    </p>
   </div>
   <div class='ocr_carea' id='block_1_49' title="bbox 2243 2553 3730 2630">
    <p class='ocr_par' dir='ltr' id='par_1_49' title="bbox 2243 2553 3730 2630">
     <span class='ocr_line' id='line_1_49' title="bbox 2243 2553 3730 2630; baseline -0.005 -20"><span class='ocrx_word' id='word_1_377' title='bbox 2243 2554 2454 2610; x_wconf 88' lang='lat' dir='ltr'><strong>cialiter</strong></span> <span class='ocrx_word' id='word_1_378' title='bbox 2491 2556 2669 2626; x_wconf 91' lang='lat' dir='ltr'><strong>ipsum</strong></span> <span class='ocrx_word' id='word_1_379' title='bbox 2697 2571 2866 2629; x_wconf 81' lang='lat' dir='ltr'><strong>genus</strong></span> <span class='ocrx_word' id='word_1_380' title='bbox 2905 2558 3322 2630; x_wconf 82' lang='lat' dir='ltr'><strong>expurgationis</strong></span> <span class='ocrx_word' id='word_1_381' title='bbox 3349 2572 3455 2627; x_wconf 92' lang='lat' dir='ltr'><strong>quo</strong></span> <span class='ocrx_word' id='word_1_382' title='bbox 3480 2553 3730 2625; x_wconf 77' lang='lat' dir='ltr'><strong>Babyloniam</strong></span> 
     </span>
    </p>
   </div>
   <div class='ocr_carea' id='block_1_50' title="bbox 2242 2643 3729 2719">
    <p class='ocr_par' dir='ltr' id='par_1_50' title="bbox 2242 2643 3729 2719">
     <span class='ocr_line' id='line_1_50' title="bbox 2242 2643 3729 2719; baseline -0.002 -18"><span class='ocrx_word' id='word_1_383' title='bbox 2242 2647 2387 2716; x_wconf 89' lang='lat' dir='ltr'><strong>cepit</strong></span> <span class='ocrx_word' id='word_1_384' title='bbox 2420 2655 2805 2717; x_wconf 84' lang='lat' dir='ltr'><strong>expresserant</strong></span> <span class='ocrx_word' id='word_1_385' title='bbox 2832 2648 2994 2704; x_wconf 90' lang='lat' dir='ltr'><strong>iidem</strong></span> <span class='ocrx_word' id='word_1_386' title='bbox 3037 2649 3583 2719; x_wconf 75' lang='lat' dir='ltr'><strong>prophetaz,,quorum</strong></span> <span class='ocrx_word' id='word_1_387' title='bbox 3599 2643 3729 2698; x_wconf 74' lang='lat' dir='ltr'><strong>Isaias:</strong></span> 
     </span>
    </p>
   </div>
   <div class='ocr_carea' id='block_1_51' title="bbox 2244 2736 3729 2808">
    <p class='ocr_par' dir='ltr' id='par_1_51' title="bbox 2244 2736 3729 2808">
     <span class='ocr_line' id='line_1_51' title="bbox 2244 2736 3729 2808; baseline -0.003 -17"><span class='ocrx_word' id='word_1_388' title='bbox 2244 2736 2348 2804; x_wconf 84' lang='lat' dir='ltr'><strong>Qui</strong></span> <span class='ocrx_word' id='word_1_389' title='bbox 2375 2737 2512 2803; x_wconf 84' lang='lat' dir='ltr'><strong>dico,</strong></span> <span class='ocrx_word' id='word_1_390' title='bbox 2538 2738 2731 2808; x_wconf 90' lang='lat' dir='ltr'><strong>inquit,</strong></span> <span class='ocrx_word' id='word_1_391' title='bbox 2763 2739 3026 2808; x_wconf 77' lang='lat' dir='ltr'><strong>profundo</strong></span> <span class='ocrx_word' id='word_1_392' title='bbox 3054 2753 3072 2790; x_wconf 91' lang='lat'><em>:</em></span> <span class='ocrx_word' id='word_1_393' title='bbox 3099 2738 3381 2806; x_wconf 88' lang='lat' dir='ltr'><strong>Desolare,</strong></span> <span class='ocrx_word' id='word_1_394' title='bbox 3414 2746 3461 2793; x_wconf 87' lang='lat' dir='ltr'><strong>et</strong></span> <span class='ocrx_word' id='word_1_395' title='bbox 3483 2736 3658 2807; x_wconf 80' lang='lat' dir='ltr'><strong>ﬂumina</strong></span> <span class='ocrx_word' id='word_1_396' title='bbox 3678 2739 3729 2782; x_wconf 75' lang='lat' dir='ltr'><strong>tu</strong></span> 
     </span>
    </p>
   </div>
   <div class='ocr_carea' id='block_1_52' title="bbox 2238 2823 3728 2899">
    <p class='ocr_par' dir='ltr' id='par_1_52' title="bbox 2238 2823 3728 2899">
     <span class='ocr_line' id='line_1_52' title="bbox 2238 2823 3728 2899; baseline -0.005 -18"><span class='ocrx_word' id='word_1_397' title='bbox 2238 2827 2527 2898; x_wconf 78' lang='lat' dir='ltr'><strong>arefaciam</strong></span> <span class='ocrx_word' id='word_1_398' title='bbox 2570 2827 2706 2899; x_wconf 85' lang='lat' dir='ltr'><strong>(Isa.</strong></span> <span class='ocrx_word' id='word_1_399' title='bbox 2732 2826 2925 2899; x_wconf 78' lang='lat' dir='ltr'><strong>‘xmv).</strong></span> <span class='ocrx_word' id='word_1_400' title='bbox 2968 2828 3138 2885; x_wconf 88' lang='lat' dir='ltr'><strong>Porro</strong></span> <span class='ocrx_word' id='word_1_401' title='bbox 3171 2827 3443 2885; x_wconf 76' lang='lat' dir='ltr'><strong>Jeremias</strong></span> <span class='ocrx_word' id='word_1_402' title='bbox 3478 2826 3546 2880; x_wconf 89' lang='lat' dir='ltr'><strong>ait</strong></span> <span class='ocrx_word' id='word_1_403' title='bbox 3574 2842 3585 2878; x_wconf 90' lang='lat'>:</span> <span class='ocrx_word' id='word_1_404' title='bbox 3611 2823 3728 2877; x_wconf 74' lang='lat' dir='ltr'><strong>llum</strong></span> 
     </span>
    </p>
   </div>
   <div class='ocr_carea' id='block_1_53' title="bbox 556 2916 2137 3005">
    <p class='ocr_par' dir='ltr' id='par_1_53' title="bbox 556 2924 2137 3005">
     <span class='ocr_line' id='line_1_53' title="bbox 556 2924 2137 3005; baseline 0.006 -25"><span class='ocrx_word' id='word_1_405' title='bbox 556 2924 790 2983; x_wconf 86' lang='lat' dir='ltr'><strong>Narrant</strong></span> <span class='ocrx_word' id='word_1_406' title='bbox 818 2938 1030 2987; x_wconf 88' lang='lat' dir='ltr'><strong>veteres</strong></span> <span class='ocrx_word' id='word_1_407' title='bbox 1056 2933 1315 3000; x_wconf 77' lang='lat' dir='ltr'><strong>historiae,</strong></span> <span class='ocrx_word' id='word_1_408' title='bbox 1344 2932 1539 3004; x_wconf 87' lang='lat' dir='ltr'><strong>quibus</strong></span> <span class='ocrx_word' id='word_1_409' title='bbox 1563 2942 1618 2988; x_wconf 91' lang='lat' dir='ltr'><strong>et</strong></span> <span class='ocrx_word' id='word_1_410' title='bbox 1643 2933 1919 3005; x_wconf 70' lang='lat' dir='ltr'><strong>propheta:</strong></span> <span class='ocrx_word' id='word_1_411' title='bbox 1943 2932 2137 2989; x_wconf 91' lang='lat' dir='ltr'><strong>Danie-</strong></span> 
     </span>
    </p>
   </div>
   <div class='ocr_carea' id='block_1_54' title="bbox 2238 2916 3728 3005">
    <p class='ocr_par' dir='ltr' id='par_1_54' title="bbox 2238 2916 3728 3005">
     <span class='ocr_line' id='line_1_54' title="bbox 2238 2916 3728 3005; baseline -0.005 -30"><span class='ocrx_word' id='word_1_412' title='bbox 2238 2919 2521 2991; x_wconf 86' lang='lat' dir='ltr'><strong>Babylonis</strong></span> <span class='ocrx_word' id='word_1_413' title='bbox 2569 2918 2660 2975; x_wconf 90' lang='lat' dir='ltr'><strong>ille</strong></span> <span class='ocrx_word' id='word_1_414' title='bbox 2708 2920 2993 2976; x_wconf 86' lang='lat' dir='ltr'><strong>latissimus</strong></span> <span class='ocrx_word' id='word_1_415' title='bbox 3042 2922 3362 2991; x_wconf 77' lang='lat' dir='ltr'><strong>suffossione</strong></span> <span class='ocrx_word' id='word_1_416' title='bbox 3419 2916 3728 3005; x_wconf 55' lang='lat' dir='ltr'><strong>suffodietsrd</strong></span> 
     </span>
    </p>
   </div>
   <div class='ocr_carea' id='block_1_55' title="bbox 555 3001 2137 3097">
    <p class='ocr_par' dir='ltr' id='par_1_55' title="bbox 555 3001 2130 3097">
     <span class='ocr_line' id='line_1_55' title="bbox 555 3001 2130 3097; baseline 0.004 -26"><span class='ocrx_word' id='word_1_417' title='bbox 555 3016 623 3073; x_wconf 89' lang='lat' dir='ltr'><strong>lis</strong></span> <span class='ocrx_word' id='word_1_418' title='bbox 662 3017 945 3091; x_wconf 86' lang='lat' dir='ltr'><strong>Scriptura</strong></span> <span class='ocrx_word' id='word_1_419' title='bbox 987 3024 1310 3089; x_wconf 86' lang='lat' dir='ltr'><strong>concordat,</strong></span> <span class='ocrx_word' id='word_1_420' title='bbox 1356 3001 1556 3097; x_wconf 83' lang='lat' dir='ltr'><strong>Cyrum</strong></span> <span class='ocrx_word' id='word_1_421' title='bbox 1593 3001 1775 3095; x_wconf 71' lang='lat' dir='ltr'><strong>regem</strong></span> <span class='ocrx_word' id='word_1_422' title='bbox 1818 3022 2130 3089; x_wconf 86' lang='lat' dir='ltr'><strong>Persarum,</strong></span> 
     </span>
    </p>
   </div>
   <div class='ocr_carea' id='block_1_56' title="bbox 2238 3001 3728 3097">
    <p class='ocr_par' dir='ltr' id='par_1_56' title="bbox 2238 3001 3728 3083">
     <span class='ocr_line' id='line_1_56' title="bbox 2238 3001 3728 3083; baseline -0.009 -17"><span class='ocrx_word' id='word_1_423' title='bbox 2238 3020 2399 3082; x_wconf 77' lang='lat' dir='ltr'><strong>porta:</strong></span> <span class='ocrx_word' id='word_1_424' title='bbox 2432 3012 2546 3082; x_wconf 88' lang='lat' dir='ltr'><strong>ejus</strong></span> <span class='ocrx_word' id='word_1_425' title='bbox 2576 3011 2791 3068; x_wconf 71' lang='lat' dir='ltr'><strong>excelsa:</strong></span> <span class='ocrx_word' id='word_1_426' title='bbox 2832 3013 2942 3083; x_wconf 89' lang='lat' dir='ltr'><strong>igni</strong></span> <span class='ocrx_word' id='word_1_427' title='bbox 2969 3012 3341 3067; x_wconf 85' lang='lat' dir='ltr'><strong>comburentur</strong></span> <span class='ocrx_word' id='word_1_428' title='bbox 3382 3011 3403 3083; x_wconf 92' lang='lat'>(</span> <span class='ocrx_word' id='word_1_429' title='bbox 3421 3008 3523 3064; x_wconf 82' lang='lat' dir='ltr'><strong>Jer.</strong></span> <span class='ocrx_word' id='word_1_430' title='bbox 3549 3001 3728 3075; x_wconf 79' lang='lat' dir='ltr'><strong>1.1).Nar-</strong></span> 
     </span>
    </p>
   </div>
   <div class='ocr_carea' id='block_1_57' title="bbox 550 3097 3721 3186">
    <p class='ocr_par' dir='ltr' id='par_1_57' title="bbox 550 3097 3721 3186">
     <span class='ocr_line' id='line_1_57' title="bbox 550 3097 3721 3186; baseline -0.003 -28"><span class='ocrx_word' id='word_1_431' title='bbox 550 3110 738 3182; x_wconf 70' lang='lat' dir='ltr'><strong>iuncto</strong></span> <span class='ocrx_word' id='word_1_432' title='bbox 763 3112 867 3167; x_wconf 77' lang='lat' dir='ltr'><strong>sibi</strong></span> <span class='ocrx_word' id='word_1_433' title='bbox 886 3113 1033 3169; x_wconf 75' lang='lat' dir='ltr'><strong>socio</strong></span> <span class='ocrx_word' id='word_1_434' title='bbox 1055 3113 1216 3170; x_wconf 65' lang='lat' dir='ltr'><strong>Dario</strong></span> <span class='ocrx_word' id='word_1_435' title='bbox 1242 3129 1370 3186; x_wconf 68' lang='lat' dir='ltr'><strong>rege</strong></span> <span class='ocrx_word' id='word_1_436' title='bbox 1395 3113 1693 3180; x_wconf 66' lang='lat' dir='ltr'><strong>Medorum,</strong></span> <span class='ocrx_word' id='word_1_437' title='bbox 1715 3112 2133 3185; x_wconf 71' lang='lat' dir='ltr'><strong>Babyloniorum</strong></span> <span class='ocrx_word' id='word_1_438' title='bbox 2236 3112 2359 3159; x_wconf 89' lang='lat' dir='ltr'><strong>rant</strong></span> <span class='ocrx_word' id='word_1_439' title='bbox 2386 3104 2531 3159; x_wconf 88' lang='lat' dir='ltr'><strong>enim</strong></span> <span class='ocrx_word' id='word_1_440' title='bbox 2562 3104 2817 3171; x_wconf 60' lang='lat' dir='ltr'><strong>historiae,</strong></span> <span class='ocrx_word' id='word_1_441' title='bbox 2849 3105 2975 3174; x_wconf 86' lang='lat' dir='ltr'><strong>quia</strong></span> <span class='ocrx_word' id='word_1_442' title='bbox 3001 3103 3172 3159; x_wconf 90' lang='lat' dir='ltr'><strong>diviso</strong></span> <span class='ocrx_word' id='word_1_443' title='bbox 3194 3112 3362 3174; x_wconf 88' lang='lat' dir='ltr'><strong>atque</strong></span> <span class='ocrx_word' id='word_1_444' title='bbox 3399 3097 3633 3157; x_wconf 84' lang='lat' dir='ltr'><strong>exinanito</strong></span> <span class='ocrx_word' id='word_1_445' title='bbox 3661 3105 3721 3186; x_wconf 72' lang='lat' dir='ltr'><strong>per</strong></span> 
     </span>
    </p>
   </div>
   <div class='ocr_carea' id='block_1_58' title="bbox 554 3184 3722 3277">
    <p class='ocr_par' dir='ltr' id='par_1_58' title="bbox 554 3184 3722 3277">
     <span class='ocr_line' id='line_1_58' title="bbox 554 3184 3722 3277; baseline 0.003 -22"><span class='ocrx_word' id='word_1_446' title='bbox 554 3203 898 3260; x_wconf 75' lang='lat' dir='ltr'><strong>dextruxisse</strong></span> <span class='ocrx_word' id='word_1_447' title='bbox 944 3206 1262 3276; x_wconf 87' lang='lat' dir='ltr'><strong>imperium,</strong></span> <span class='ocrx_word' id='word_1_448' title='bbox 1308 3184 1490 3263; x_wconf 76' lang='lat' dir='ltr'><strong>occiso</strong></span> <span class='ocrx_word' id='word_1_449' title='bbox 1537 3206 1729 3262; x_wconf 91' lang='lat' dir='ltr'><strong>ultimo</strong></span> <span class='ocrx_word' id='word_1_450' title='bbox 1764 3221 1956 3262; x_wconf 86' lang='lat' dir='ltr'><strong>eorum</strong></span> <span class='ocrx_word' id='word_1_451' title='bbox 2002 3220 2130 3277; x_wconf 81' lang='lat' dir='ltr'><strong>rege</strong></span> <span class='ocrx_word' id='word_1_452' title='bbox 2182 3272 2213 3277; x_wconf 83' lang='lat'>_</span> <span class='ocrx_word' id='word_1_453' title='bbox 2234 3195 2498 3265; x_wconf 66' lang='lat' dir='ltr'><strong>Plurimos</strong></span> <span class='ocrx_word' id='word_1_454' title='bbox 2520 3197 2663 3252; x_wconf 70' lang='grc' dir='ltr'><strong>Γίνοε</strong></span> <span class='ocrx_word' id='word_1_455' title='bbox 2690 3196 2912 3252; x_wconf 71' lang='lat' dir='ltr'><strong>ﬂumine</strong></span> <span class='ocrx_word' id='word_1_456' title='bbox 2952 3195 3269 3266; x_wconf 54' lang='lat' dir='ltr'><strong>Euphraten</strong></span> <span class='ocrx_word' id='word_1_457' title='bbox 3321 3195 3411 3265; x_wconf 68' lang='lat' dir='ltr'><strong>qui</strong></span> <span class='ocrx_word' id='word_1_458' title='bbox 3447 3207 3537 3264; x_wconf 64' lang='lat' dir='ltr'><strong>Per</strong></span> <span class='ocrx_word' id='word_1_459' title='bbox 3570 3184 3722 3277; x_wconf 39' lang='lat' dir='ltr'><strong>medi?”</strong></span> 
     </span>
    </p>
   </div>
   <div class='ocr_carea' id='block_1_59' title="bbox 551 3272 3724 3367">
    <p class='ocr_par' dir='ltr' id='par_1_59' title="bbox 551 3272 3724 3367">
     <span class='ocr_line' id='line_1_59' title="bbox 551 3272 3724 3367; baseline 0 -20"><span class='ocrx_word' id='word_1_460' title='bbox 551 3293 856 3361; x_wconf 85' lang='lat' dir='ltr'><strong>Balthasar,</strong></span> <span class='ocrx_word' id='word_1_461' title='bbox 889 3304 947 3351; x_wconf 88' lang='lat' dir='ltr'><strong>et</strong></span> <span class='ocrx_word' id='word_1_462' title='bbox 973 3272 1091 3367; x_wconf 73' lang='lat' dir='ltr'><strong>ipsa</strong></span> <span class='ocrx_word' id='word_1_463' title='bbox 1118 3272 1253 3353; x_wconf 79' lang='lat' dir='ltr'><strong>urbe</strong></span> <span class='ocrx_word' id='word_1_464' title='bbox 1293 3297 1469 3353; x_wconf 89' lang='lat' dir='ltr'><strong>diruta</strong></span> <span class='ocrx_word' id='word_1_465' title='bbox 1497 3312 1563 3353; x_wconf 92' lang='lat' dir='ltr'><strong>ac</strong></span> <span class='ocrx_word' id='word_1_466' title='bbox 1596 3303 1830 3352; x_wconf 87' lang='lat' dir='ltr'><strong>vastata.</strong></span> <span class='ocrx_word' id='word_1_467' title='bbox 1860 3295 1964 3364; x_wconf 88' lang='lat' dir='ltr'><strong>Qui</strong></span> <span class='ocrx_word' id='word_1_468' title='bbox 1993 3272 2142 3351; x_wconf 76' lang='lat' dir='ltr'><strong>vide-</strong></span> <span class='ocrx_word' id='word_1_469' title='bbox 2167 3272 2213 3338; x_wconf 68' lang='grc' dir='ltr'><strong>(Ἰ</strong></span> <span class='ocrx_word' id='word_1_470' title='bbox 2243 3287 2535 3358; x_wconf 85' lang='lat' dir='ltr'><strong>Babylonis</strong></span> <span class='ocrx_word' id='word_1_471' title='bbox 2556 3287 2832 3354; x_wconf 82' lang='lat' dir='ltr'><strong>inﬂuebat,</strong></span> <span class='ocrx_word' id='word_1_472' title='bbox 2860 3303 2958 3359; x_wconf 83' lang='lat' dir='ltr'><strong>per</strong></span> <span class='ocrx_word' id='word_1_473' title='bbox 2979 3288 3282 3344; x_wconf 83' lang='lat' dir='ltr'><strong>arefactum</strong></span> <span class='ocrx_word' id='word_1_474' title='bbox 3310 3303 3374 3343; x_wconf 88' lang='lat' dir='ltr'><strong>ac</strong></span> <span class='ocrx_word' id='word_1_475' title='bbox 3399 3283 3647 3343; x_wconf 80' lang='lat' dir='ltr'><strong>desolawm</strong></span> <span class='ocrx_word' id='word_1_476' title='bbox 3660 3274 3724 3342; x_wconf 66' lang='grc' dir='ltr'><strong>εἰπε</strong></span> 
     </span>
    </p>
   </div>
   <div class='ocr_carea' id='block_1_60' title="bbox 554 3383 2141 3457">
    <p class='ocr_par' dir='ltr' id='par_1_60' title="bbox 554 3383 2141 3457">
     <span class='ocr_line' id='line_1_60' title="bbox 554 3383 2141 3457; baseline 0.003 -20"><span class='ocrx_word' id='word_1_477' title='bbox 554 3383 681 3439; x_wconf 89' lang='lat' dir='ltr'><strong>licet</strong></span> <span class='ocrx_word' id='word_1_478' title='bbox 722 3384 896 3455; x_wconf 87' lang='lat' dir='ltr'><strong>Cyrus</strong></span> <span class='ocrx_word' id='word_1_479' title='bbox 924 3385 1101 3442; x_wconf 87' lang='lat' dir='ltr'><strong>sciens</strong></span> <span class='ocrx_word' id='word_1_480' title='bbox 1140 3402 1172 3441; x_wconf 90' lang='lat' dir='ltr'><strong>a</strong></span> <span class='ocrx_word' id='word_1_481' title='bbox 1215 3387 1328 3444; x_wconf 90' lang='lat' dir='ltr'><strong>Deo</strong></span> <span class='ocrx_word' id='word_1_482' title='bbox 1354 3388 1520 3443; x_wconf 85' lang='lat' dir='ltr'><strong>Israel</strong></span> <span class='ocrx_word' id='word_1_483' title='bbox 1563 3402 1791 3457; x_wconf 79' lang='lat' dir='ltr'><strong>regnum</strong></span> <span class='ocrx_word' id='word_1_484' title='bbox 1823 3386 1928 3442; x_wconf 88' lang='lat' dir='ltr'><strong>sibi</strong></span> <span class='ocrx_word' id='word_1_485' title='bbox 1973 3387 2141 3442; x_wconf 87' lang='lat' dir='ltr'><strong>tradi-</strong></span> 
     </span>
    </p>
   </div>
   <div class='ocr_carea' id='block_1_61' title="bbox 558 3478 2141 3549">
    <p class='ocr_par' dir='ltr' id='par_1_61' title="bbox 558 3478 2141 3549">
     <span class='ocr_line' id='line_1_61' title="bbox 558 3478 2141 3549; baseline 0.004 -22"><span class='ocrx_word' id='word_1_486' title='bbox 558 3482 695 3540; x_wconf 91' lang='lat' dir='ltr'><strong>tum,</strong></span> <span class='ocrx_word' id='word_1_487' title='bbox 722 3491 850 3531; x_wconf 83' lang='lat' dir='ltr'><strong>mox</strong></span> <span class='ocrx_word' id='word_1_488' title='bbox 880 3484 941 3531; x_wconf 91' lang='lat' dir='ltr'><strong>ut</strong></span> <span class='ocrx_word' id='word_1_489' title='bbox 970 3492 1192 3549; x_wconf 77' lang='lat' dir='ltr'><strong>regnum</strong></span> <span class='ocrx_word' id='word_1_490' title='bbox 1227 3478 1359 3534; x_wconf 90' lang='lat' dir='ltr'><strong>illud</strong></span> <span class='ocrx_word' id='word_1_491' title='bbox 1383 3479 1527 3548; x_wconf 91' lang='lat' dir='ltr'><strong>quod</strong></span> <span class='ocrx_word' id='word_1_492' title='bbox 1552 3478 1811 3549; x_wconf 88' lang='lat' dir='ltr'><strong>populum</strong></span> <span class='ocrx_word' id='word_1_493' title='bbox 1839 3480 2141 3549; x_wconf 88' lang='lat' dir='ltr'><strong>captivarat</strong></span> 
     </span>
    </p>
   </div>
   <div class='ocr_carea' id='block_1_62' title="bbox 556 3569 2137 3641">
    <p class='ocr_par' dir='ltr' id='par_1_62' title="bbox 556 3569 2137 3641">
     <span class='ocr_line' id='line_1_62' title="bbox 556 3569 2137 3641; baseline 0.003 -20"><span class='ocrx_word' id='word_1_494' title='bbox 556 3582 621 3622; x_wconf 88' lang='lat' dir='ltr'><strong>ac</strong></span> <span class='ocrx_word' id='word_1_495' title='bbox 668 3569 929 3624; x_wconf 88' lang='lat' dir='ltr'><strong>servitute</strong></span> <span class='ocrx_word' id='word_1_496' title='bbox 975 3571 1257 3639; x_wconf 88' lang='lat' dir='ltr'><strong>premebat</strong></span> <span class='ocrx_word' id='word_1_497' title='bbox 1301 3570 1598 3641; x_wconf 86' lang='lat' dir='ltr'><strong>superavit,</strong></span> <span class='ocrx_word' id='word_1_498' title='bbox 1632 3570 1779 3626; x_wconf 90' lang='lat' dir='ltr'><strong>dedit</strong></span> <span class='ocrx_word' id='word_1_499' title='bbox 1825 3570 2137 3626; x_wconf 82' lang='lat' dir='ltr'><strong>facultatem</strong></span> 
     </span>
    </p>
   </div>
   <div class='ocr_carea' id='block_1_63' title="bbox 553 3659 2135 3733">
    <p class='ocr_par' dir='ltr' id='par_1_63' title="bbox 553 3659 2135 3733">
     <span class='ocr_line' id='line_1_63' title="bbox 553 3659 2135 3733; baseline 0.003 -20"><span class='ocrx_word' id='word_1_500' title='bbox 553 3659 731 3714; x_wconf 89' lang='lat' dir='ltr'><strong>eidem</strong></span> <span class='ocrx_word' id='word_1_501' title='bbox 756 3661 955 3731; x_wconf 88' lang='lat' dir='ltr'><strong>populo</strong></span> <span class='ocrx_word' id='word_1_502' title='bbox 994 3663 1231 3733; x_wconf 75' lang='lat' dir='ltr'><strong>patriam</strong></span> <span class='ocrx_word' id='word_1_503' title='bbox 1269 3662 1553 3729; x_wconf 88' lang='lat' dir='ltr'><strong>redeundi,</strong></span> <span class='ocrx_word' id='word_1_504' title='bbox 1582 3677 1648 3718; x_wconf 88' lang='lat' dir='ltr'><strong>ac</strong></span> <span class='ocrx_word' id='word_1_505' title='bbox 1674 3663 1895 3718; x_wconf 92' lang='lat' dir='ltr'><strong>domum</strong></span> <span class='ocrx_word' id='word_1_506' title='bbox 1925 3662 2023 3718; x_wconf 89' lang='lat' dir='ltr'><strong>Dei</strong></span> <span class='ocrx_word' id='word_1_507' title='bbox 2052 3662 2135 3718; x_wconf 91' lang='lat' dir='ltr'><strong>sui</strong></span> 
     </span>
    </p>
   </div>
   <div class='ocr_carea' id='block_1_64' title="bbox 553 3751 2136 3823">
    <p class='ocr_par' dir='ltr' id='par_1_64' title="bbox 553 3751 2136 3823">
     <span class='ocr_line' id='line_1_64' title="bbox 553 3751 2136 3823; baseline 0.002 -18"><span class='ocrx_word' id='word_1_508' title='bbox 553 3766 674 3821; x_wconf 68' lang='lat' dir='ltr'><strong>quae</strong></span> <span class='ocrx_word' id='word_1_509' title='bbox 702 3751 759 3805; x_wconf 90' lang='lat' dir='ltr'><strong>in</strong></span> <span class='ocrx_word' id='word_1_510' title='bbox 806 3767 873 3806; x_wconf 87' lang='lat' dir='ltr'><strong>ea</strong></span> <span class='ocrx_word' id='word_1_511' title='bbox 911 3760 1030 3809; x_wconf 89' lang='lat' dir='ltr'><strong>erat</strong></span> <span class='ocrx_word' id='word_1_512' title='bbox 1077 3753 1300 3810; x_wconf 84' lang='lat' dir='ltr'><strong>incensa</strong></span> <span class='ocrx_word' id='word_1_513' title='bbox 1344 3752 1735 3817; x_wconf 77' lang='lat' dir='ltr'><strong>reaediﬁcandi,</strong></span> <span class='ocrx_word' id='word_1_514' title='bbox 1785 3753 2136 3823; x_wconf 90' lang='lat' dir='ltr'><strong>eamdemque</strong></span> 
     </span>
    </p>
   </div>
   <div class='ocr_carea' id='block_1_65' title="bbox 552 3841 2134 3916">
    <p class='ocr_par' dir='ltr' id='par_1_65' title="bbox 552 3841 2134 3916">
     <span class='ocr_line' id='line_1_65' title="bbox 552 3841 2134 3916; baseline 0.005 -22"><span class='ocrx_word' id='word_1_515' title='bbox 552 3841 821 3899; x_wconf 89' lang='lat' dir='ltr'><strong>libertatis</strong></span> <span class='ocrx_word' id='word_1_516' title='bbox 850 3845 1172 3900; x_wconf 88' lang='lat' dir='ltr'><strong>sententiam</strong></span> <span class='ocrx_word' id='word_1_517' title='bbox 1195 3860 1305 3902; x_wconf 92' lang='lat' dir='ltr'><strong>non</strong></span> <span class='ocrx_word' id='word_1_518' title='bbox 1337 3854 1547 3901; x_wconf 86' lang='lat' dir='ltr'><strong>tantum</strong></span> <span class='ocrx_word' id='word_1_519' title='bbox 1579 3845 1749 3902; x_wconf 88' lang='lat' dir='ltr'><strong>verbo</strong></span> <span class='ocrx_word' id='word_1_520' title='bbox 1774 3846 2134 3916; x_wconf 64' lang='lat' dir='ltr'><strong>praesentibus</strong></span> 
     </span>
    </p>
   </div>
   <div class='ocr_carea' id='block_1_66' title="bbox 553 3933 2134 4009">
    <p class='ocr_par' dir='ltr' id='par_1_66' title="bbox 553 3933 2134 4009">
     <span class='ocr_line' id='line_1_66' title="bbox 553 3933 2134 4009; baseline 0.004 -21"><span class='ocrx_word' id='word_1_521' title='bbox 553 3933 841 4000; x_wconf 89' lang='lat' dir='ltr'><strong>intimavit,</strong></span> <span class='ocrx_word' id='word_1_522' title='bbox 874 3951 1064 3992; x_wconf 89' lang='lat' dir='ltr'><strong>verum</strong></span> <span class='ocrx_word' id='word_1_523' title='bbox 1100 3937 1265 3993; x_wconf 87' lang='lat' dir='ltr'><strong>etiam</strong></span> <span class='ocrx_word' id='word_1_524' title='bbox 1291 3938 1372 3994; x_wconf 89' lang='lat' dir='ltr'><strong>eis</strong></span> <span class='ocrx_word' id='word_1_525' title='bbox 1414 3938 1508 4008; x_wconf 92' lang='lat' dir='ltr'><strong>qui</strong></span> <span class='ocrx_word' id='word_1_526' title='bbox 1550 3937 1765 4009; x_wconf 77' lang='lat' dir='ltr'><strong>longius</strong></span> <span class='ocrx_word' id='word_1_527' title='bbox 1804 3952 1903 4007; x_wconf 86' lang='lat' dir='ltr'><strong>per</strong></span> <span class='ocrx_word' id='word_1_528' title='bbox 1944 3952 2134 3994; x_wconf 89' lang='lat' dir='ltr'><strong>omnes</strong></span> 
     </span>
    </p>
   </div>
   <div class='ocr_carea' id='block_1_67' title="bbox 551 4029 2133 4102">
    <p class='ocr_par' dir='ltr' id='par_1_67' title="bbox 551 4029 2133 4102">
     <span class='ocr_line' id='line_1_67' title="bbox 551 4029 2133 4102; baseline 0.003 -20"><span class='ocrx_word' id='word_1_529' title='bbox 551 4029 707 4099; x_wconf 81' lang='lat' dir='ltr'><strong>regni</strong></span> <span class='ocrx_word' id='word_1_530' title='bbox 736 4029 819 4084; x_wconf 92' lang='lat' dir='ltr'><strong>sui</strong></span> <span class='ocrx_word' id='word_1_531' title='bbox 865 4030 1176 4100; x_wconf 87' lang='lat' dir='ltr'><strong>provincias</strong></span> <span class='ocrx_word' id='word_1_532' title='bbox 1201 4031 1425 4086; x_wconf 88' lang='lat' dir='ltr'><strong>aberant</strong></span> <span class='ocrx_word' id='word_1_533' title='bbox 1470 4031 1651 4087; x_wconf 89' lang='lat' dir='ltr'><strong>missis</strong></span> <span class='ocrx_word' id='word_1_534' title='bbox 1694 4030 1938 4102; x_wconf 88' lang='lat' dir='ltr'><strong>epistolis</strong></span> <span class='ocrx_word' id='word_1_535' title='bbox 1981 4045 2133 4086; x_wconf 91' lang='lat' dir='ltr'><strong>man-</strong></span> 
     </span>
    </p>
   </div>
   <div class='ocr_carea' id='block_1_68' title="bbox 551 4118 2132 4189">
    <p class='ocr_par' dir='ltr' id='par_1_68' title="bbox 551 4118 2132 4189">
     <span class='ocr_line' id='line_1_68' title="bbox 551 4118 2132 4189; baseline 0.001 -14"><span class='ocrx_word' id='word_1_536' title='bbox 551 4118 718 4184; x_wconf 86' lang='lat' dir='ltr'><strong>davit,</strong></span> <span class='ocrx_word' id='word_1_537' title='bbox 746 4118 922 4188; x_wconf 90' lang='lat' dir='ltr'><strong>ipsum</strong></span> <span class='ocrx_word' id='word_1_538' title='bbox 963 4121 1163 4189; x_wconf 75' lang='lat' dir='ltr'><strong>quiest</strong></span> <span class='ocrx_word' id='word_1_539' title='bbox 1188 4121 1332 4177; x_wconf 88' lang='lat' dir='ltr'><strong>Deus</strong></span> <span class='ocrx_word' id='word_1_540' title='bbox 1372 4121 1540 4177; x_wconf 89' lang='lat' dir='ltr'><strong>Israel</strong></span> <span class='ocrx_word' id='word_1_541' title='bbox 1579 4136 1769 4177; x_wconf 89' lang='lat' dir='ltr'><strong>verum</strong></span> <span class='ocrx_word' id='word_1_542' title='bbox 1809 4136 1930 4178; x_wconf 88' lang='lat' dir='ltr'><strong>esse</strong></span> <span class='ocrx_word' id='word_1_543' title='bbox 1958 4121 2132 4178; x_wconf 90' lang='lat' dir='ltr'><strong>Deum</strong></span> 
     </span>
    </p>
   </div>
   <div class='ocr_carea' id='block_1_69' title="bbox 550 4206 2130 4285">
    <p class='ocr_par' dir='ltr' id='par_1_69' title="bbox 550 4206 2130 4285">
     <span class='ocr_line' id='line_1_69' title="bbox 550 4206 2130 4285; baseline 0.005 -23"><span class='ocrx_word' id='word_1_544' title='bbox 550 4218 607 4263; x_wconf 89' lang='lat' dir='ltr'><strong>et</strong></span> <span class='ocrx_word' id='word_1_545' title='bbox 635 4208 923 4265; x_wconf 90' lang='lat' dir='ltr'><strong>Dominum</strong></span> <span class='ocrx_word' id='word_1_546' title='bbox 959 4211 1083 4267; x_wconf 68' lang='lat' dir='ltr'><strong>caeli</strong></span> <span class='ocrx_word' id='word_1_547' title='bbox 1127 4213 1474 4283; x_wconf 89' lang='lat' dir='ltr'><strong>omniumque</strong></span> <span class='ocrx_word' id='word_1_548' title='bbox 1518 4206 1809 4285; x_wconf 78' lang='lat' dir='ltr'><strong>regnorum</strong></span> <span class='ocrx_word' id='word_1_549' title='bbox 1854 4222 2130 4270; x_wconf 88' lang='lat' dir='ltr'><strong>auctorem</strong></span> 
     </span>
    </p>
   </div>
   <div class='ocr_carea' id='block_1_70' title="bbox 547 4302 2129 4376">
    <p class='ocr_par' dir='ltr' id='par_1_70' title="bbox 547 4302 2129 4376">
     <span class='ocr_line' id='line_1_70' title="bbox 547 4302 2129 4376; baseline 0.005 -20"><span class='ocrx_word' id='word_1_550' title='bbox 547 4302 765 4372; x_wconf 88' lang='lat' dir='ltr'><strong>publica</strong></span> <span class='ocrx_word' id='word_1_551' title='bbox 793 4318 926 4360; x_wconf 88' lang='lat' dir='ltr'><strong>voce</strong></span> <span class='ocrx_word' id='word_1_552' title='bbox 955 4303 1255 4362; x_wconf 85' lang='lat' dir='ltr'><strong>confessus.</strong></span> <span class='ocrx_word' id='word_1_553' title='bbox 1296 4305 1426 4373; x_wconf 70' lang='lat' dir='ltr'><strong>Qua:</strong></span> <span class='ocrx_word' id='word_1_554' title='bbox 1452 4306 1635 4363; x_wconf 88' lang='lat' dir='ltr'><strong>omnia</strong></span> <span class='ocrx_word' id='word_1_555' title='bbox 1672 4307 1752 4363; x_wconf 88' lang='lat' dir='ltr'><strong>sic</strong></span> <span class='ocrx_word' id='word_1_556' title='bbox 1794 4306 1974 4362; x_wconf 88' lang='lat' dir='ltr'><strong>futura</strong></span> <span class='ocrx_word' id='word_1_557' title='bbox 2004 4322 2129 4376; x_wconf 84' lang='lat' dir='ltr'><strong>pro-</strong></span> 
     </span>
    </p>
   </div>
   <div class='ocr_carea' id='block_1_71' title="bbox 549 4395 2124 4470">
    <p class='ocr_par' dir='ltr' id='par_1_71' title="bbox 549 4395 2124 4470">
     <span class='ocr_line' id='line_1_71' title="bbox 549 4395 2124 4470; baseline 0.001 -20"><span class='ocrx_word' id='word_1_558' title='bbox 549 4396 727 4465; x_wconf 84' lang='lat' dir='ltr'><strong>phetae</strong></span> <span class='ocrx_word' id='word_1_559' title='bbox 755 4397 927 4452; x_wconf 91' lang='lat' dir='ltr'><strong>sancti</strong></span> <span class='ocrx_word' id='word_1_560' title='bbox 967 4397 1133 4453; x_wconf 89' lang='lat' dir='ltr'><strong>Isaias</strong></span> <span class='ocrx_word' id='word_1_561' title='bbox 1156 4406 1212 4453; x_wconf 88' lang='lat' dir='ltr'><strong>et</strong></span> <span class='ocrx_word' id='word_1_562' title='bbox 1237 4395 1501 4454; x_wconf 79' lang='lat' dir='ltr'><strong>Jeremias</strong></span> <span class='ocrx_word' id='word_1_563' title='bbox 1529 4406 1713 4468; x_wconf 89' lang='lat' dir='ltr'><strong>aperte</strong></span> <span class='ocrx_word' id='word_1_564' title='bbox 1738 4398 2124 4470; x_wconf 81' lang='lat' dir='ltr'><strong>praedixerunt.</strong></span> 
     </span>
    </p>
   </div>
   <div class='ocr_carea' id='block_1_72' title="bbox 551 4485 2128 4559">
    <p class='ocr_par' dir='ltr' id='par_1_72' title="bbox 551 4485 2128 4559">
     <span class='ocr_line' id='line_1_72' title="bbox 551 4485 2128 4559; baseline 0.003 -19"><span class='ocrx_word' id='word_1_565' title='bbox 551 4486 791 4553; x_wconf 87' lang='lat' dir='ltr'><strong>Quorum</strong></span> <span class='ocrx_word' id='word_1_566' title='bbox 825 4485 1089 4543; x_wconf 82' lang='lat' dir='ltr'><strong>Jeremias</strong></span> <span class='ocrx_word' id='word_1_567' title='bbox 1113 4495 1169 4542; x_wconf 90' lang='lat' dir='ltr'><strong>et</strong></span> <span class='ocrx_word' id='word_1_568' title='bbox 1207 4503 1489 4545; x_wconf 88' lang='lat' dir='ltr'><strong>numerum</strong></span> <span class='ocrx_word' id='word_1_569' title='bbox 1522 4504 1790 4544; x_wconf 89' lang='lat' dir='ltr'><strong>annorum</strong></span> <span class='ocrx_word' id='word_1_570' title='bbox 1822 4490 2020 4559; x_wconf 90' lang='lat' dir='ltr'><strong>quibus</strong></span> <span class='ocrx_word' id='word_1_571' title='bbox 2049 4505 2128 4545; x_wconf 88' lang='lat' dir='ltr'><strong>es-</strong></span> 
     </span>
    </p>
   </div>
   <div class='ocr_carea' id='block_1_73' title="bbox 548 4578 2126 4652">
    <p class='ocr_par' dir='ltr' id='par_1_73' title="bbox 548 4578 2126 4652">
     <span class='ocr_line' id='line_1_73' title="bbox 548 4578 2126 4652; baseline 0.001 -18"><span class='ocrx_word' id='word_1_572' title='bbox 548 4586 667 4634; x_wconf 89' lang='lat' dir='ltr'><strong>sent</strong></span> <span class='ocrx_word' id='word_1_573' title='bbox 711 4579 766 4633; x_wconf 91' lang='lat' dir='ltr'><strong>in</strong></span> <span class='ocrx_word' id='word_1_574' title='bbox 812 4578 1103 4651; x_wconf 88' lang='lat' dir='ltr'><strong>Babylonia</strong></span> <span class='ocrx_word' id='word_1_575' title='bbox 1136 4580 1409 4647; x_wconf 81' lang='lat' dir='ltr'><strong>servituri,</strong></span> <span class='ocrx_word' id='word_1_576' title='bbox 1450 4591 1504 4636; x_wconf 89' lang='lat' dir='ltr'><strong>et</strong></span> <span class='ocrx_word' id='word_1_577' title='bbox 1545 4582 1760 4650; x_wconf 88' lang='lat' dir='ltr'><strong>quando</strong></span> <span class='ocrx_word' id='word_1_578' title='bbox 1802 4582 1857 4635; x_wconf 86' lang='lat' dir='ltr'><strong>in</strong></span> <span class='ocrx_word' id='word_1_579' title='bbox 1895 4583 2126 4652; x_wconf 89' lang='lat' dir='ltr'><strong>patriam</strong></span> 
     </span>
    </p>
   </div>
   <div class='ocr_carea' id='block_1_74' title="bbox 2238 3368 3723 3452">
    <p class='ocr_par' dir='ltr' id='par_1_74' title="bbox 2238 3368 3723 3452">
     <span class='ocr_line' id='line_1_74' title="bbox 2238 3368 3723 3452; baseline -0.013 -16"><span class='ocrx_word' id='word_1_580' title='bbox 2238 3380 2563 3452; x_wconf 82' lang='lat' dir='ltr'><strong>profundum</strong></span> <span class='ocrx_word' id='word_1_581' title='bbox 2598 3382 2787 3436; x_wconf 90' lang='lat' dir='ltr'><strong>urbem</strong></span> <span class='ocrx_word' id='word_1_582' title='bbox 2842 3380 3014 3435; x_wconf 90' lang='lat' dir='ltr'><strong>hostis</strong></span> <span class='ocrx_word' id='word_1_583' title='bbox 3048 3379 3353 3435; x_wconf 87' lang='lat' dir='ltr'><strong>intraverit.</strong></span> <span class='ocrx_word' id='word_1_584' title='bbox 3382 3375 3499 3432; x_wconf 70' lang='lat' dir='ltr'><strong>Haec</strong></span> <span class='ocrx_word' id='word_1_585' title='bbox 3533 3372 3588 3427; x_wconf 90' lang='lat' dir='ltr'><strong>de</strong></span> <span class='ocrx_word' id='word_1_586' title='bbox 3618 3368 3723 3422; x_wconf 82' lang='lat' dir='ltr'><strong>histo-</strong></span> 
     </span>
    </p>
   </div>
   <div class='ocr_carea' id='block_1_75' title="bbox 2240 3461 3725 3543">
    <p class='ocr_par' dir='ltr' id='par_1_75' title="bbox 2240 3461 3725 3543">
     <span class='ocr_line' id='line_1_75' title="bbox 2240 3461 3725 3543; baseline -0.005 -16"><span class='ocrx_word' id='word_1_587' title='bbox 2240 3474 2322 3527; x_wconf 90' lang='lat' dir='ltr'><strong>ria</strong></span> <span class='ocrx_word' id='word_1_588' title='bbox 2345 3473 2537 3543; x_wconf 88' lang='lat' dir='ltr'><strong>paucis</strong></span> <span class='ocrx_word' id='word_1_589' title='bbox 2564 3468 2974 3528; x_wconf 58' lang='lat' dir='ltr'><strong>dixerimus.&#39;At</strong></span> <span class='ocrx_word' id='word_1_590' title='bbox 3005 3486 3135 3528; x_wconf 87' lang='lat' dir='ltr'><strong>vero</strong></span> <span class='ocrx_word' id='word_1_591' title='bbox 3166 3470 3330 3542; x_wconf 83' lang='lat' dir='ltr'><strong>juxta</strong></span> <span class='ocrx_word' id='word_1_592' title='bbox 3363 3461 3725 3542; x_wconf 67' lang='lat' dir='ltr'><strong>mysticos&#39;sensus</strong></span> 
     </span>
    </p>
   </div>
   <div class='ocr_carea' id='block_1_76' title="bbox 2238 3551 3724 3634">
    <p class='ocr_par' dir='ltr' id='par_1_76' title="bbox 2238 3551 3724 3634">
     <span class='ocr_line' id='line_1_76' title="bbox 2238 3551 3724 3634; baseline -0.005 -17"><span class='ocrx_word' id='word_1_593' title='bbox 2238 3561 2412 3634; x_wconf 87' lang='lat' dir='ltr'><strong>Cyrus</strong></span> <span class='ocrx_word' id='word_1_594' title='bbox 2434 3579 2531 3618; x_wconf 81' lang='lat' dir='ltr'><strong>rex</strong></span> <span class='ocrx_word' id='word_1_595' title='bbox 2551 3562 2842 3617; x_wconf 90' lang='lat' dir='ltr'><strong>Dominum</strong></span> <span class='ocrx_word' id='word_1_596' title='bbox 2864 3560 3202 3617; x_wconf 87' lang='lat' dir='ltr'><strong>Salvatorem</strong></span> <span class='ocrx_word' id='word_1_597' title='bbox 3231 3568 3292 3618; x_wconf 90' lang='lat' dir='ltr'><strong>et</strong></span> <span class='ocrx_word' id='word_1_598' title='bbox 3328 3559 3533 3616; x_wconf 90' lang='lat' dir='ltr'><strong>nomine</strong></span> <span class='ocrx_word' id='word_1_599' title='bbox 3566 3551 3724 3618; x_wconf 60' lang='lat' dir='ltr'><strong>designat</strong></span> 
     </span>
    </p>
   </div>
   <div class='ocr_carea' id='block_1_77' title="bbox 2236 3648 3722 3725">
    <p class='ocr_par' dir='ltr' id='par_1_77' title="bbox 2236 3648 3722 3725">
     <span class='ocr_line' id='line_1_77' title="bbox 2236 3648 3722 3725; baseline -0.005 -14"><span class='ocrx_word' id='word_1_600' title='bbox 2236 3663 2291 3711; x_wconf 90' lang='lat' dir='ltr'><strong>et</strong></span> <span class='ocrx_word' id='word_1_601' title='bbox 2312 3656 2467 3711; x_wconf 90' lang='lat' dir='ltr'><strong>actis.</strong></span> <span class='ocrx_word' id='word_1_602' title='bbox 2500 3653 2653 3722; x_wconf 88' lang='lat' dir='ltr'><strong>Quod</strong></span> <span class='ocrx_word' id='word_1_603' title='bbox 2674 3668 2782 3709; x_wconf 92' lang='lat' dir='ltr'><strong>non</strong></span> <span class='ocrx_word' id='word_1_604' title='bbox 2804 3669 2872 3709; x_wconf 81' lang='lat' dir='ltr'><strong>ex</strong></span> <span class='ocrx_word' id='word_1_605' title='bbox 2898 3661 3081 3709; x_wconf 88' lang='lat' dir='ltr'><strong>nostra</strong></span> <span class='ocrx_word' id='word_1_606' title='bbox 3102 3655 3416 3725; x_wconf 76' lang='lat' dir='ltr'><strong>conjectum</strong></span> <span class='ocrx_word' id='word_1_607' title='bbox 3458 3648 3540 3705; x_wconf 91' lang='lat' dir='ltr'><strong>sed</strong></span> <span class='ocrx_word' id='word_1_608' title='bbox 3575 3658 3626 3699; x_wconf 75' lang='lat' dir='ltr'><strong>ex</strong></span> <span class='ocrx_word' id='word_1_609' title='bbox 3654 3655 3722 3694; x_wconf 48' lang='grc' dir='ltr'><strong>ων</strong></span> 
     </span>
    </p>
   </div>
   <div class='ocr_carea' id='block_1_78' title="bbox 2235 3740 3722 3813">
    <p class='ocr_par' dir='ltr' id='par_1_78' title="bbox 2235 3740 3722 3813">
     <span class='ocr_line' id='line_1_78' title="bbox 2235 3740 3722 3813; baseline -0.006 -13"><span class='ocrx_word' id='word_1_610' title='bbox 2235 3744 2601 3800; x_wconf 82' lang='lat' dir='ltr'><strong>nifestissimis</strong></span> <span class='ocrx_word' id='word_1_611' title='bbox 2620 3744 2771 3800; x_wconf 69' lang='lat' dir='ltr'><strong>lsaim</strong></span> <span class='ocrx_word' id='word_1_612' title='bbox 2794 3744 2972 3800; x_wconf 86' lang='lat' dir='ltr'><strong>verbis</strong></span> <span class='ocrx_word' id='word_1_613' title='bbox 3015 3744 3309 3801; x_wconf 89' lang='lat' dir='ltr'><strong>didicimus</strong></span> <span class='ocrx_word' id='word_1_614' title='bbox 3359 3740 3537 3813; x_wconf 91' lang='lat' dir='ltr'><strong>quibus</strong></span> <span class='ocrx_word' id='word_1_615' title='bbox 3570 3750 3620 3791; x_wconf 82' lang='lat' dir='ltr'><strong>ex</strong></span> <span class='ocrx_word' id='word_1_616' title='bbox 3650 3745 3722 3802; x_wconf 62' lang='lat' dir='ltr'><strong>[wr-</strong></span> 
     </span>
    </p>
   </div>
   <div class='ocr_carea' id='block_1_79' title="bbox 2234 3818 3722 3895">
    <p class='ocr_par' dir='ltr' id='par_1_79' title="bbox 2234 3818 3722 3895">
     <span class='ocr_line' id='line_1_79' title="bbox 2234 3818 3722 3895; baseline -0.009 0"><span class='ocrx_word' id='word_1_617' title='bbox 2234 3852 2369 3895; x_wconf 91' lang='lat' dir='ltr'><strong>sona</strong></span> <span class='ocrx_word' id='word_1_618' title='bbox 2396 3836 2609 3893; x_wconf 90' lang='lat' dir='ltr'><strong>Domini</strong></span> <span class='ocrx_word' id='word_1_619' title='bbox 2637 3836 2851 3892; x_wconf 90' lang='lat' dir='ltr'><strong>dicebat</strong></span> <span class='ocrx_word' id='word_1_620' title='bbox 2882 3854 2895 3890; x_wconf 93' lang='lat'>:</span> <span class='ocrx_word' id='word_1_621' title='bbox 2924 3835 3224 3890; x_wconf 81' lang='lat' dir='ltr'><strong>Assimilavi</strong></span> <span class='ocrx_word' id='word_1_622' title='bbox 3252 3844 3305 3890; x_wconf 88' lang='lat' dir='ltr'><strong>te</strong></span> <span class='ocrx_word' id='word_1_623' title='bbox 3342 3843 3389 3888; x_wconf 88' lang='lat' dir='ltr'><strong>et</strong></span> <span class='ocrx_word' id='word_1_624' title='bbox 3429 3846 3525 3886; x_wconf 87' lang='lat' dir='ltr'><strong>non</strong></span> <span class='ocrx_word' id='word_1_625' title='bbox 3562 3818 3722 3894; x_wconf 35' lang='lat' dir='ltr'><strong>cognati;</strong></span> 
     </span>
    </p>
   </div>
   <div class='ocr_carea' id='block_1_80' title="bbox 2232 3912 3723 4000">
    <p class='ocr_par' dir='ltr' id='par_1_80' title="bbox 2232 3912 3723 4000">
     <span class='ocr_line' id='line_1_80' title="bbox 2232 3912 3723 4000; baseline -0.009 -16"><span class='ocrx_word' id='word_1_626' title='bbox 2232 3930 2299 3984; x_wconf 88' lang='lat' dir='ltr'><strong>sti</strong></span> <span class='ocrx_word' id='word_1_627' title='bbox 2324 3946 2406 3983; x_wconf 89' lang='lat' dir='ltr'><strong>me</strong></span> <span class='ocrx_word' id='word_1_628' title='bbox 2447 3927 2588 4000; x_wconf 87' lang='lat' dir='ltr'><strong>(Isa.</strong></span> <span class='ocrx_word' id='word_1_629' title='bbox 2638 3927 2815 3999; x_wconf 65' lang='grc' dir='ltr'><strong>κων).</strong></span> <span class='ocrx_word' id='word_1_630' title='bbox 2858 3926 3190 3983; x_wconf 84' lang='lat' dir='ltr'><strong>Assimilavit</strong></span> <span class='ocrx_word' id='word_1_631' title='bbox 3239 3938 3468 3996; x_wconf 85' lang='lat' dir='ltr'><strong>namque</strong></span> <span class='ocrx_word' id='word_1_632' title='bbox 3507 3931 3607 3976; x_wconf 90' lang='lat' dir='ltr'><strong>eum</strong></span> <span class='ocrx_word' id='word_1_633' title='bbox 3638 3912 3723 3965; x_wconf 60' lang='lat' dir='ltr'><strong>Dens</strong></span> 
     </span>
    </p>
   </div>
   <div class='ocr_carea' id='block_1_81' title="bbox 2230 4006 3721 4090">
    <p class='ocr_par' dir='ltr' id='par_1_81' title="bbox 2230 4006 3721 4090">
     <span class='ocr_line' id='line_1_81' title="bbox 2230 4006 3721 4090; baseline -0.015 -15"><span class='ocrx_word' id='word_1_634' title='bbox 2230 4020 2371 4077; x_wconf 88' lang='lat' dir='ltr'><strong>Filio</strong></span> <span class='ocrx_word' id='word_1_635' title='bbox 2406 4036 2536 4087; x_wconf 90' lang='lat' dir='ltr'><strong>suo,</strong></span> <span class='ocrx_word' id='word_1_636' title='bbox 2564 4019 2811 4090; x_wconf 84' lang='lat' dir='ltr'><strong>quamvis</strong></span> <span class='ocrx_word' id='word_1_637' title='bbox 2858 4019 2974 4089; x_wconf 91' lang='lat' dir='ltr'><strong>ipse</strong></span> <span class='ocrx_word' id='word_1_638' title='bbox 3013 4019 3278 4075; x_wconf 90' lang='lat' dir='ltr'><strong>Dominus</strong></span> <span class='ocrx_word' id='word_1_639' title='bbox 3328 4030 3386 4073; x_wconf 90' lang='lat' dir='ltr'><strong>se</strong></span> <span class='ocrx_word' id='word_1_640' title='bbox 3437 4006 3721 4069; x_wconf 77' lang='lat' dir='ltr'><strong>assimilanlem</strong></span> 
     </span>
    </p>
   </div>
   <div class='ocr_carea' id='block_1_82' title="bbox 2232 4096 3717 4184">
    <p class='ocr_par' dir='ltr' id='par_1_82' title="bbox 2232 4096 3717 4184">
     <span class='ocr_line' id='line_1_82' title="bbox 2232 4096 3717 4184; baseline -0.015 -15"><span class='ocrx_word' id='word_1_641' title='bbox 2232 4114 2452 4169; x_wconf 88' lang='lat' dir='ltr'><strong>minime</strong></span> <span class='ocrx_word' id='word_1_642' title='bbox 2479 4112 2811 4184; x_wconf 76' lang='lat' dir='ltr'><strong>cognoverit,</strong></span> <span class='ocrx_word' id='word_1_643' title='bbox 2854 4112 3093 4181; x_wconf 90' lang='lat' dir='ltr'><strong>primum</strong></span> <span class='ocrx_word' id='word_1_644' title='bbox 3138 4111 3194 4165; x_wconf 91' lang='lat' dir='ltr'><strong>in</strong></span> <span class='ocrx_word' id='word_1_645' title='bbox 3238 4126 3308 4167; x_wconf 92' lang='lat' dir='ltr'><strong>eo</strong></span> <span class='ocrx_word' id='word_1_646' title='bbox 3360 4104 3494 4179; x_wconf 88' lang='lat' dir='ltr'><strong>quod</strong></span> <span class='ocrx_word' id='word_1_647' title='bbox 3532 4096 3717 4156; x_wconf 80' lang='lat' dir='ltr'><strong>Christum</strong></span> 
     </span>
    </p>
   </div>
   <div class='ocr_carea' id='block_1_83' title="bbox 2232 4186 3720 4273">
    <p class='ocr_par' dir='ltr' id='par_1_83' title="bbox 2232 4186 3720 4273">
     <span class='ocr_line' id='line_1_83' title="bbox 2232 4186 3720 4273; baseline -0.008 -14"><span class='ocrx_word' id='word_1_648' title='bbox 2232 4218 2389 4259; x_wconf 92' lang='lat' dir='ltr'><strong>suum</strong></span> <span class='ocrx_word' id='word_1_649' title='bbox 2414 4201 2797 4273; x_wconf 80' lang='lat' dir='ltr'><strong>cognominare</strong></span> <span class='ocrx_word' id='word_1_650' title='bbox 2828 4200 3077 4271; x_wconf 86' lang='lat' dir='ltr'><strong>dignatus</strong></span> <span class='ocrx_word' id='word_1_651' title='bbox 3112 4208 3216 4265; x_wconf 90' lang='lat' dir='ltr'><strong>est,</strong></span> <span class='ocrx_word' id='word_1_652' title='bbox 3269 4197 3457 4255; x_wconf 90' lang='lat' dir='ltr'><strong>deinde</strong></span> <span class='ocrx_word' id='word_1_653' title='bbox 3498 4186 3612 4261; x_wconf 85' lang='lat' dir='ltr'><strong>quod</strong></span> <span class='ocrx_word' id='word_1_654' title='bbox 3646 4192 3720 4234; x_wconf 57' lang='lat'><strong>91&quot;“</strong></span> 
     </span>
    </p>
   </div>
   <div class='ocr_carea' id='block_1_84' title="bbox 2228 4281 3717 4367">
    <p class='ocr_par' dir='ltr' id='par_1_84' title="bbox 2228 4281 3717 4367">
     <span class='ocr_line' id='line_1_84' title="bbox 2228 4281 3717 4367; baseline -0.005 -18"><span class='ocrx_word' id='word_1_655' title='bbox 2228 4282 2451 4367; x_wconf 88' lang='lat' dir='ltr'><strong>Cyrum,</strong></span> <span class='ocrx_word' id='word_1_656' title='bbox 2476 4292 2618 4361; x_wconf 88' lang='lat' dir='ltr'><strong>quod</strong></span> <span class='ocrx_word' id='word_1_657' title='bbox 2665 4290 3055 4361; x_wconf 86' lang='lat' dir='ltr'><strong>interpretatur</strong></span> <span class='ocrx_word' id='word_1_658' title='bbox 3098 4290 3290 4357; x_wconf 71' lang='grc' dir='ltr'><strong>[κει-εδ,</strong></span> <span class='ocrx_word' id='word_1_659' title='bbox 3337 4285 3495 4342; x_wconf 90' lang='lat' dir='ltr'><strong>multo</strong></span> <span class='ocrx_word' id='word_1_660' title='bbox 3520 4281 3717 4342; x_wconf 57' lang='lat' dir='ltr'><strong>numquam</strong></span> 
     </span>
    </p>
   </div>
   <div class='ocr_carea' id='block_1_85' title="bbox 2228 4372 3718 4451">
    <p class='ocr_par' dir='ltr' id='par_1_85' title="bbox 2228 4372 3718 4451">
     <span class='ocr_line' id='line_1_85' title="bbox 2228 4372 3718 4451; baseline -0.011 -10"><span class='ocrx_word' id='word_1_661' title='bbox 2228 4393 2543 4442; x_wconf 85' lang='lat' dir='ltr'><strong>nasceretur</strong></span> <span class='ocrx_word' id='word_1_662' title='bbox 2569 4382 2870 4438; x_wconf 87' lang='lat' dir='ltr'><strong>vocandum</strong></span> <span class='ocrx_word' id='word_1_663' title='bbox 2904 4396 3027 4437; x_wconf 89' lang='lat' dir='ltr'><strong>esse</strong></span> <span class='ocrx_word' id='word_1_664' title='bbox 3052 4382 3328 4451; x_wconf 67' lang='lat' dir='ltr'><strong>disposuit.</strong></span> <span class='ocrx_word' id='word_1_665' title='bbox 3352 4379 3459 4434; x_wconf 82' lang='lat' dir='ltr'><strong>Hoc</strong></span> <span class='ocrx_word' id='word_1_666' title='bbox 3480 4372 3598 4430; x_wconf 89' lang='lat' dir='ltr'><strong>enim</strong></span> <span class='ocrx_word' id='word_1_667' title='bbox 3621 4376 3718 4417; x_wconf 43' lang='lat' dir='ltr'><strong>tot?</strong></span> 
     </span>
    </p>
   </div>
   <div class='ocr_carea' id='block_1_86' title="bbox 2228 4457 3713 4546">
    <p class='ocr_par' dir='ltr' id='par_1_86' title="bbox 2228 4457 3713 4546">
     <span class='ocr_line' id='line_1_86' title="bbox 2228 4457 3713 4546; baseline -0.019 -13"><span class='ocrx_word' id='word_1_668' title='bbox 2228 4478 2414 4533; x_wconf 88' lang='lat' dir='ltr'><strong>bulum</strong></span> <span class='ocrx_word' id='word_1_669' title='bbox 2439 4484 2587 4532; x_wconf 87' lang='lat' dir='ltr'><strong>recte</strong></span> <span class='ocrx_word' id='word_1_670' title='bbox 2622 4476 2870 4546; x_wconf 84' lang='lat' dir='ltr'><strong>congruit</strong></span> <span class='ocrx_word' id='word_1_671' title='bbox 2895 4473 2992 4540; x_wconf 91' lang='lat' dir='ltr'><strong>illi,</strong></span> <span class='ocrx_word' id='word_1_672' title='bbox 3022 4474 3108 4529; x_wconf 92' lang='lat' dir='ltr'><strong>cui</strong></span> <span class='ocrx_word' id='word_1_673' title='bbox 3134 4474 3270 4529; x_wconf 90' lang='lat' dir='ltr'><strong>dicit</strong></span> <span class='ocrx_word' id='word_1_674' title='bbox 3298 4474 3433 4529; x_wconf 89' lang='lat' dir='ltr'><strong>idem</strong></span> <span class='ocrx_word' id='word_1_675' title='bbox 3460 4457 3713 4521; x_wconf 71' lang='lat' dir='ltr'><strong>DeusPatcr:</strong></span> 
     </span>
    </p>
   </div>
   <div class='ocr_carea' id='block_1_87' title="bbox 2230 4553 3713 4634">
    <p class='ocr_par' dir='ltr' id='par_1_87' title="bbox 2230 4553 3713 4634">
     <span class='ocr_line' id='line_1_87' title="bbox 2230 4553 3713 4634; baseline -0.018 -13"><span class='ocrx_word' id='word_1_676' title='bbox 2230 4565 2451 4620; x_wconf 87' lang='lat' dir='ltr'><strong>Postula</strong></span> <span class='ocrx_word' id='word_1_677' title='bbox 2480 4583 2512 4620; x_wconf 91' lang='lat' dir='ltr'><strong>a</strong></span> <span class='ocrx_word' id='word_1_678' title='bbox 2553 4582 2634 4618; x_wconf 85' lang='lat' dir='ltr'><strong>me</strong></span> <span class='ocrx_word' id='word_1_679' title='bbox 2674 4572 2722 4619; x_wconf 91' lang='lat' dir='ltr'><strong>et</strong></span> <span class='ocrx_word' id='word_1_680' title='bbox 2753 4563 2887 4617; x_wconf 88' lang='lat' dir='ltr'><strong>dabo</strong></span> <span class='ocrx_word' id='word_1_681' title='bbox 2920 4563 3012 4616; x_wconf 90' lang='lat' dir='ltr'><strong>tibi</strong></span> <span class='ocrx_word' id='word_1_682' title='bbox 3052 4572 3224 4634; x_wconf 85' lang='lat' dir='ltr'><strong>gentes</strong></span> <span class='ocrx_word' id='word_1_683' title='bbox 3272 4559 3591 4619; x_wconf 76' lang='lat' dir='ltr'><strong>hwre‘ditatem</strong></span> <span class='ocrx_word' id='word_1_684' title='bbox 3625 4553 3713 4634; x_wconf 64' lang='lat' dir='ltr'><strong>tuan</strong></span> 
     </span>
    </p>
   </div>
   <div class='ocr_carea' id='block_1_88' title="bbox 546 4631 3714 4743">
    <p class='ocr_par' dir='ltr' id='par_1_88' title="bbox 546 4631 3714 4743">
     <span class='ocr_line' id='line_1_88' title="bbox 546 4631 3714 4743; baseline 0.001 -18"><span class='ocrx_word' id='word_1_685' title='bbox 546 4670 870 4736; x_wconf 85' lang='lat' dir='ltr'><strong>revocandi,</strong></span> <span class='ocrx_word' id='word_1_686' title='bbox 915 4631 1201 4741; x_wconf 70' lang='lat' dir='ltr'><strong>praecinuit</strong></span> <span class='ocrx_word' id='word_1_687' title='bbox 1244 4631 1459 4743; x_wconf 77' lang='lat' dir='ltr'><strong>(larem.</strong></span> <span class='ocrx_word' id='word_1_688' title='bbox 1501 4631 1673 4743; x_wconf 51' lang='lat' dir='ltr'><strong>xxix).</strong></span> <span class='ocrx_word' id='word_1_689' title='bbox 1723 4631 2118 4727; x_wconf 61' lang='lat' dir='ltr'><strong>lsaiasrautem</strong></span> <span class='ocrx_word' id='word_1_690' title='bbox 2150 4631 2410 4731; x_wconf 67' lang='lat' dir='ltr'><strong>1)(PW-</strong></span> <span class='ocrx_word' id='word_1_691' title='bbox 2443 4662 2539 4729; x_wconf 79' lang='grc' dir='ltr'><strong>ιι)·</strong></span> <span class='ocrx_word' id='word_1_692' title='bbox 2584 4656 2660 4711; x_wconf 70' lang='lat' dir='ltr'><strong>De</strong></span> <span class='ocrx_word' id='word_1_693' title='bbox 2705 4670 2811 4725; x_wconf 79' lang='grc' dir='ltr'><strong>(ιυο</strong></span> <span class='ocrx_word' id='word_1_694' title='bbox 2862 4661 2917 4709; x_wconf 62' lang='lat' dir='ltr'><strong>et</strong></span> <span class='ocrx_word' id='word_1_695' title='bbox 2954 4654 3288 4726; x_wconf 73' lang='grc' dir='ltr'><strong>ΑΡοδῑοῙυθε</strong></span> <span class='ocrx_word' id='word_1_696' title='bbox 3338 4652 3491 4719; x_wconf 55' lang='lat' dir='ltr'><strong>Quem</strong></span> <span class='ocrx_word' id='word_1_697' title='bbox 3530 4637 3714 4743; x_wconf 36' lang='lat'><strong>€03???</strong></span> 
     </span>
    </p>
   </div>
   <div class='ocr_carea' id='block_1_89' title="bbox 546 4760 2118 4831">
    <p class='ocr_par' dir='ltr' id='par_1_89' title="bbox 546 4760 2118 4831">
     <span class='ocr_line' id='line_1_89' title="bbox 546 4760 2118 4831; baseline -0.001 -15"><span class='ocrx_word' id='word_1_698' title='bbox 546 4762 710 4816; x_wconf 88' lang='lat' dir='ltr'><strong>etiam</strong></span> <span class='ocrx_word' id='word_1_699' title='bbox 738 4775 934 4815; x_wconf 88' lang='lat' dir='ltr'><strong>nomen</strong></span> <span class='ocrx_word' id='word_1_700' title='bbox 971 4761 1115 4830; x_wconf 77' lang='lat' dir='ltr'><strong>regis</strong></span> <span class='ocrx_word' id='word_1_701' title='bbox 1145 4760 1270 4830; x_wconf 85' lang='lat' dir='ltr'><strong>Cyri</strong></span> <span class='ocrx_word' id='word_1_702' title='bbox 1310 4776 1410 4830; x_wconf 86' lang='lat' dir='ltr'><strong>per</strong></span> <span class='ocrx_word' id='word_1_703' title='bbox 1454 4776 1614 4831; x_wconf 89' lang='lat' dir='ltr'><strong>quem</strong></span> <span class='ocrx_word' id='word_1_704' title='bbox 1655 4776 1686 4815; x_wconf 92' lang='lat' dir='ltr'><strong>a</strong></span> <span class='ocrx_word' id='word_1_705' title='bbox 1720 4760 1942 4815; x_wconf 88' lang='lat' dir='ltr'><strong>servitio</strong></span> <span class='ocrx_word' id='word_1_706' title='bbox 1982 4761 2118 4816; x_wconf 89' lang='lat' dir='ltr'><strong>libe-</strong></span> 
     </span>
    </p>
   </div>
   <div class='ocr_carea' id='block_1_90' title="bbox 545 4853 2124 4925">
    <p class='ocr_par' dir='ltr' id='par_1_90' title="bbox 545 4853 2124 4925">
     <span class='ocr_line' id='line_1_90' title="bbox 545 4853 2124 4925; baseline -0.001 -15"><span class='ocrx_word' id='word_1_707' title='bbox 545 4854 721 4920; x_wconf 88' lang='lat' dir='ltr'><strong>randi,</strong></span> <span class='ocrx_word' id='word_1_708' title='bbox 763 4854 818 4908; x_wconf 92' lang='lat' dir='ltr'><strong>in</strong></span> <span class='ocrx_word' id='word_1_709' title='bbox 850 4853 1080 4924; x_wconf 88' lang='lat' dir='ltr'><strong>patriam</strong></span> <span class='ocrx_word' id='word_1_710' title='bbox 1120 4854 1439 4925; x_wconf 74' lang='lat' dir='ltr'><strong>revocandi,</strong></span> <span class='ocrx_word' id='word_1_711' title='bbox 1483 4854 1639 4924; x_wconf 88' lang='lat' dir='ltr'><strong>cujus</strong></span> <span class='ocrx_word' id='word_1_712' title='bbox 1678 4853 1947 4923; x_wconf 85' lang='lat' dir='ltr'><strong>permissu</strong></span> <span class='ocrx_word' id='word_1_713' title='bbox 1988 4861 2124 4909; x_wconf 89' lang='lat' dir='ltr'><strong>tem-</strong></span> 
     </span>
    </p>
   </div>
   <div class='ocr_carea' id='block_1_91' title="bbox 546 4944 2123 5016">
    <p class='ocr_par' dir='ltr' id='par_1_91' title="bbox 546 4944 2123 5016">
     <span class='ocr_line' id='line_1_91' title="bbox 546 4944 2123 5016; baseline 0 -16"><span class='ocrx_word' id='word_1_714' title='bbox 546 4946 693 5016; x_wconf 90' lang='lat' dir='ltr'><strong>plum</strong></span> <span class='ocrx_word' id='word_1_715' title='bbox 716 4953 900 5000; x_wconf 89' lang='lat' dir='ltr'><strong>essent</strong></span> <span class='ocrx_word' id='word_1_716' title='bbox 926 4945 1304 5011; x_wconf 89' lang='lat' dir='ltr'><strong>restauraturi,</strong></span> <span class='ocrx_word' id='word_1_717' title='bbox 1328 4944 1446 5000; x_wconf 90' lang='lat' dir='ltr'><strong>sine</strong></span> <span class='ocrx_word' id='word_1_718' title='bbox 1470 4944 1592 5000; x_wconf 90' lang='lat' dir='ltr'><strong>ullis</strong></span> <span class='ocrx_word' id='word_1_719' title='bbox 1620 4945 1951 5015; x_wconf 85' lang='lat' dir='ltr'><strong>propheticae</strong></span> <span class='ocrx_word' id='word_1_720' title='bbox 1971 4945 2123 5000; x_wconf 86' lang='lat' dir='ltr'><strong>locu—</strong></span> 
     </span>
    </p>
   </div>
   <div class='ocr_carea' id='block_1_92' title="bbox 545 5034 2124 5107">
    <p class='ocr_par' dir='ltr' id='par_1_92' title="bbox 545 5034 2124 5107">
     <span class='ocr_line' id='line_1_92' title="bbox 545 5034 2124 5107; baseline -0.001 -17"><span class='ocrx_word' id='word_1_721' title='bbox 545 5036 709 5091; x_wconf 88' lang='lat' dir='ltr'><strong>tionis</strong></span> <span class='ocrx_word' id='word_1_722' title='bbox 762 5036 1138 5107; x_wconf 81' lang='lat' dir='ltr'><strong>aenigmatibus</strong></span> <span class='ocrx_word' id='word_1_723' title='bbox 1192 5035 1444 5091; x_wconf 89' lang='lat' dir='ltr'><strong>ostendit.</strong></span> <span class='ocrx_word' id='word_1_724' title='bbox 1491 5036 1583 5089; x_wconf 81' lang='lat' dir='ltr'><strong>Ait</strong></span> <span class='ocrx_word' id='word_1_725' title='bbox 1626 5036 1769 5090; x_wconf 89' lang='lat' dir='ltr'><strong>enim</strong></span> <span class='ocrx_word' id='word_1_726' title='bbox 1814 5034 2124 5092; x_wconf 87' lang='lat' dir='ltr'><strong>Jeremias:</strong></span> 
     </span>
    </p>
   </div>
   <div class='ocr_carea' id='block_1_93' title="bbox 544 5125 2118 5182">
    <p class='ocr_par' dir='ltr' id='par_1_93' title="bbox 544 5125 2118 5182">
     <span class='ocr_line' id='line_1_93' title="bbox 544 5125 2118 5182; baseline 0 -1"><span class='ocrx_word' id='word_1_727' title='bbox 544 5126 675 5182; x_wconf 68' lang='lat' dir='ltr'><strong>Haec</strong></span> <span class='ocrx_word' id='word_1_728' title='bbox 702 5128 827 5181; x_wconf 90' lang='lat' dir='ltr'><strong>dicit</strong></span> <span class='ocrx_word' id='word_1_729' title='bbox 851 5127 1105 5182; x_wconf 84' lang='lat' dir='ltr'><strong>Dominus</strong></span> <span class='ocrx_word' id='word_1_730' title='bbox 1130 5128 1449 5181; x_wconf 80' lang='lat' dir='ltr'><strong>exercituum</strong></span> <span class='ocrx_word' id='word_1_731' title='bbox 1472 5142 1563 5182; x_wconf 80' lang='lat' dir='ltr'><strong>rea:</strong></span> <span class='ocrx_word' id='word_1_732' title='bbox 1581 5125 1752 5181; x_wconf 88' lang='lat' dir='ltr'><strong>Israel</strong></span> <span class='ocrx_word' id='word_1_733' title='bbox 1780 5128 1922 5181; x_wconf 90' lang='lat' dir='ltr'><strong>omni</strong></span> <span class='ocrx_word' id='word_1_734' title='bbox 1949 5136 2118 5181; x_wconf 87' lang='lat' dir='ltr'><strong>trans-</strong></span> 
     </span>
    </p>
   </div>
   <div class='ocr_carea' id='block_1_94' title="bbox 543 5215 2119 5288">
    <p class='ocr_par' dir='ltr' id='par_1_94' title="bbox 543 5215 2119 5288">
     <span class='ocr_line' id='line_1_94' title="bbox 543 5215 2119 5288; baseline -0.001 -17"><span class='ocrx_word' id='word_1_735' title='bbox 543 5218 844 5288; x_wconf 84' lang='lat' dir='ltr'><strong>migrationi</strong></span> <span class='ocrx_word' id='word_1_736' title='bbox 887 5233 1044 5288; x_wconf 90' lang='lat' dir='ltr'><strong>quam</strong></span> <span class='ocrx_word' id='word_1_737' title='bbox 1085 5216 1330 5272; x_wconf 85' lang='lat' dir='ltr'><strong>transtuli</strong></span> <span class='ocrx_word' id='word_1_738' title='bbox 1361 5217 1424 5270; x_wconf 88' lang='lat' dir='ltr'><strong>de</strong></span> <span class='ocrx_word' id='word_1_739' title='bbox 1462 5215 1755 5270; x_wconf 85' lang='lat' dir='ltr'><strong>Jerusalem</strong></span> <span class='ocrx_word' id='word_1_740' title='bbox 1794 5216 1849 5269; x_wconf 90' lang='lat' dir='ltr'><strong>in</strong></span> <span class='ocrx_word' id='word_1_741' title='bbox 1890 5216 2119 5287; x_wconf 87' lang='lat' dir='ltr'><strong>Babylo-</strong></span> 
     </span>
    </p>
   </div>
   <div class='ocr_carea' id='block_1_95' title="bbox 545 5305 2120 5375">
    <p class='ocr_par' dir='ltr' id='par_1_95' title="bbox 545 5305 2120 5375">
     <span class='ocr_line' id='line_1_95' title="bbox 545 5305 2120 5375; baseline -0.001 -14"><span class='ocrx_word' id='word_1_742' title='bbox 545 5323 683 5361; x_wconf 86' lang='lat' dir='ltr'><strong>nem.</strong></span> <span class='ocrx_word' id='word_1_743' title='bbox 726 5306 1013 5374; x_wconf 63' lang='lat' dir='ltr'><strong>zEdiﬁcate</strong></span> <span class='ocrx_word' id='word_1_744' title='bbox 1056 5308 1238 5362; x_wconf 89' lang='lat' dir='ltr'><strong>domos</strong></span> <span class='ocrx_word' id='word_1_745' title='bbox 1284 5316 1331 5360; x_wconf 88' lang='lat' dir='ltr'><strong>et</strong></span> <span class='ocrx_word' id='word_1_746' title='bbox 1381 5305 1639 5371; x_wconf 84' lang='lat' dir='ltr'><strong>habitate,</strong></span> <span class='ocrx_word' id='word_1_747' title='bbox 1678 5307 1803 5375; x_wconf 89' lang='lat' dir='ltr'><strong>quia</strong></span> <span class='ocrx_word' id='word_1_748' title='bbox 1850 5308 1961 5360; x_wconf 71' lang='lat' dir='ltr'><strong>lucc</strong></span> <span class='ocrx_word' id='word_1_749' title='bbox 1992 5306 2120 5360; x_wconf 89' lang='lat' dir='ltr'><strong>dicit</strong></span> 
     </span>
    </p>
   </div>
   <div class='ocr_carea' id='block_1_96' title="bbox 544 5395 2121 5467">
    <p class='ocr_par' dir='ltr' id='par_1_96' title="bbox 544 5395 2121 5467">
     <span class='ocr_line' id='line_1_96' title="bbox 544 5395 2121 5467; baseline 0 -19"><span class='ocrx_word' id='word_1_750' title='bbox 544 5395 799 5449; x_wconf 87' lang='lat' dir='ltr'><strong>Dominus</strong></span> <span class='ocrx_word' id='word_1_751' title='bbox 826 5397 1177 5451; x_wconf 77' lang='lat' dir='ltr'><strong>exercituum:</strong></span> <span class='ocrx_word' id='word_1_752' title='bbox 1203 5396 1333 5450; x_wconf 89' lang='lat' dir='ltr'><strong>Cum</strong></span> <span class='ocrx_word' id='word_1_753' title='bbox 1369 5395 1611 5464; x_wconf 74' lang='lat' dir='ltr'><strong>coeperint</strong></span> <span class='ocrx_word' id='word_1_754' title='bbox 1634 5396 1838 5466; x_wconf 87' lang='lat' dir='ltr'><strong>impleri</strong></span> <span class='ocrx_word' id='word_1_755' title='bbox 1868 5398 1923 5451; x_wconf 89' lang='lat' dir='ltr'><strong>in</strong></span> <span class='ocrx_word' id='word_1_756' title='bbox 1950 5396 2121 5467; x_wconf 86' lang='lat' dir='ltr'><strong>Baby-</strong></span> 
     </span>
    </p>
   </div>
   <div class='ocr_carea' id='block_1_97' title="bbox 545 5485 2121 5557">
    <p class='ocr_par' dir='ltr' id='par_1_97' title="bbox 545 5485 2121 5557">
     <span class='ocr_line' id='line_1_97' title="bbox 545 5485 2121 5557; baseline 0.002 -19"><span class='ocrx_word' id='word_1_757' title='bbox 545 5485 662 5539; x_wconf 87' lang='lat' dir='ltr'><strong>lone</strong></span> <span class='ocrx_word' id='word_1_758' title='bbox 702 5488 1027 5557; x_wconf 88' lang='lat' dir='ltr'><strong>septuaginta</strong></span> <span class='ocrx_word' id='word_1_759' title='bbox 1061 5489 1212 5553; x_wconf 88' lang='lat' dir='ltr'><strong>anni,</strong></span> <span class='ocrx_word' id='word_1_760' title='bbox 1239 5485 1455 5539; x_wconf 85' lang='lat' dir='ltr'><strong>visitabo</strong></span> <span class='ocrx_word' id='word_1_761' title='bbox 1485 5502 1572 5541; x_wconf 84' lang='lat' dir='ltr'><strong>vos</strong></span> <span class='ocrx_word' id='word_1_762' title='bbox 1600 5494 1650 5541; x_wconf 94' lang='lat' dir='ltr'><strong>et</strong></span> <span class='ocrx_word' id='word_1_763' title='bbox 1678 5486 1940 5541; x_wconf 85' lang='lat' dir='ltr'><strong>suscitabo</strong></span> <span class='ocrx_word' id='word_1_764' title='bbox 1964 5503 2121 5556; x_wconf 87' lang='lat' dir='ltr'><strong>super</strong></span> 
     </span>
    </p>
   </div>
   <div class='ocr_carea' id='block_1_98' title="bbox 544 5576 2122 5633">
    <p class='ocr_par' dir='ltr' id='par_1_98' title="bbox 544 5576 2122 5633">
     <span class='ocr_line' id='line_1_98' title="bbox 544 5576 2122 5633; baseline 0.002 -3"><span class='ocrx_word' id='word_1_765' title='bbox 544 5593 632 5631; x_wconf 83' lang='lat' dir='ltr'><strong>vos</strong></span> <span class='ocrx_word' id='word_1_766' title='bbox 674 5576 881 5631; x_wconf 83' lang='lat' dir='ltr'><strong>verbum</strong></span> <span class='ocrx_word' id='word_1_767' title='bbox 912 5593 1082 5632; x_wconf 88' lang='lat' dir='ltr'><strong>meum</strong></span> <span class='ocrx_word' id='word_1_768' title='bbox 1126 5577 1315 5632; x_wconf 88' lang='lat' dir='ltr'><strong>bonum</strong></span> <span class='ocrx_word' id='word_1_769' title='bbox 1356 5587 1403 5631; x_wconf 87' lang='lat' dir='ltr'><strong>et</strong></span> <span class='ocrx_word' id='word_1_770' title='bbox 1433 5576 1680 5633; x_wconf 89' lang='lat' dir='ltr'><strong>reducam</strong></span> <span class='ocrx_word' id='word_1_771' title='bbox 1708 5595 1800 5632; x_wconf 84' lang='lat' dir='ltr'><strong>vos</strong></span> <span class='ocrx_word' id='word_1_772' title='bbox 1841 5578 1910 5632; x_wconf 89' lang='lat' dir='ltr'><strong>ad</strong></span> <span class='ocrx_word' id='word_1_773' title='bbox 1951 5576 2122 5633; x_wconf 89' lang='lat' dir='ltr'><strong>locum</strong></span> 
     </span>
    </p>
   </div>
   <div class='ocr_carea' id='block_1_99' title="bbox 544 5666 2123 5741">
    <p class='ocr_par' dir='ltr' id='par_1_99' title="bbox 544 5666 2123 5741">
     <span class='ocr_line' id='line_1_99' title="bbox 544 5666 2123 5741; baseline 0.001 -19"><span class='ocrx_word' id='word_1_774' title='bbox 544 5670 723 5723; x_wconf 88' lang='lat' dir='ltr'><strong>istum.</strong></span> <span class='ocrx_word' id='word_1_775' title='bbox 750 5668 919 5724; x_wconf 90' lang='lat' dir='ltr'><strong>Porro</strong></span> <span class='ocrx_word' id='word_1_776' title='bbox 956 5670 1157 5731; x_wconf 80' lang='lat' dir='ltr'><strong>Isaias:</strong></span> <span class='ocrx_word' id='word_1_777' title='bbox 1194 5666 1324 5722; x_wconf 75' lang='lat' dir='ltr'><strong>Rrec</strong></span> <span class='ocrx_word' id='word_1_778' title='bbox 1350 5670 1475 5723; x_wconf 84' lang='lat' dir='ltr'><strong>dicit</strong></span> <span class='ocrx_word' id='word_1_779' title='bbox 1510 5670 1768 5726; x_wconf 88' lang='lat' dir='ltr'><strong>Dominus</strong></span> <span class='ocrx_word' id='word_1_780' title='bbox 1807 5669 2123 5741; x_wconf 86' lang='lat' dir='ltr'><strong>Redemptor</strong></span> 
     </span>
    </p>
   </div>
   <div class='ocr_carea' id='block_1_100' title="bbox 546 5761 2120 5840">
    <p class='ocr_par' dir='ltr' id='par_1_100' title="bbox 546 5761 2120 5840">
     <span class='ocr_line' id='line_1_100' title="bbox 546 5761 2120 5840; baseline 0 -28"><span class='ocrx_word' id='word_1_781' title='bbox 546 5769 666 5814; x_wconf 88' lang='lat' dir='ltr'><strong>tuus</strong></span> <span class='ocrx_word' id='word_1_782' title='bbox 694 5769 742 5815; x_wconf 88' lang='lat' dir='ltr'><strong>et</strong></span> <span class='ocrx_word' id='word_1_783' title='bbox 782 5761 1039 5830; x_wconf 78' lang='lat' dir='ltr'><strong>formator</strong></span> <span class='ocrx_word' id='word_1_784' title='bbox 1066 5772 1186 5825; x_wconf 87' lang='lat' dir='ltr'><strong>tuus</strong></span> <span class='ocrx_word' id='word_1_785' title='bbox 1230 5777 1294 5814; x_wconf 63' lang='lat' dir='ltr'><strong>ex</strong></span> <span class='ocrx_word' id='word_1_786' title='bbox 1339 5771 1503 5840; x_wconf 72' lang='lat' dir='ltr'><strong>utero.</strong></span> <span class='ocrx_word' id='word_1_787' title='bbox 1548 5761 1661 5831; x_wconf 87' lang='lat' dir='ltr'><strong>Ego</strong></span> <span class='ocrx_word' id='word_1_788' title='bbox 1704 5778 1819 5815; x_wconf 90' lang='lat' dir='ltr'><strong>sum</strong></span> <span class='ocrx_word' id='word_1_789' title='bbox 1866 5762 2120 5816; x_wconf 83' lang='lat' dir='ltr'><strong>Dominus</strong></span> 
     </span>
    </p>
   </div>
   <div class='ocr_carea' id='block_1_101' title="bbox 550 5848 2120 5919">
    <p class='ocr_par' dir='ltr' id='par_1_101' title="bbox 550 5848 2120 5919">
     <span class='ocr_line' id='line_1_101' title="bbox 550 5848 2120 5919; baseline -0.002 -17"><span class='ocrx_word' id='word_1_790' title='bbox 550 5851 744 5907; x_wconf 80' lang='lat' dir='ltr'><strong>taoiens</strong></span> <span class='ocrx_word' id='word_1_791' title='bbox 790 5852 985 5905; x_wconf 84' lang='lat' dir='ltr'><strong>omnia.</strong></span> <span class='ocrx_word' id='word_1_792' title='bbox 1036 5849 1116 5903; x_wconf 60' lang='lat' dir='ltr'><strong>Et.</strong></span> <span class='ocrx_word' id='word_1_793' title='bbox 1133 5851 1292 5917; x_wconf 86' lang='lat' dir='ltr'><strong>paulo</strong></span> <span class='ocrx_word' id='word_1_794' title='bbox 1326 5860 1481 5919; x_wconf 88' lang='lat' dir='ltr'><strong>post:</strong></span> <span class='ocrx_word' id='word_1_795' title='bbox 1522 5851 1623 5915; x_wconf 85' lang='lat' dir='ltr'><strong>Qui</strong></span> <span class='ocrx_word' id='word_1_796' title='bbox 1658 5851 1775 5905; x_wconf 89' lang='lat' dir='ltr'><strong>dico</strong></span> <span class='ocrx_word' id='word_1_797' title='bbox 1817 5848 2076 5918; x_wconf 77' lang='lat' dir='ltr'><strong>profundo</strong></span> <span class='ocrx_word' id='word_1_798' title='bbox 2102 5861 2120 5899; x_wconf 90' lang='lat'><strong><em>:</em></strong></span> 
     </span>
    </p>
   </div>
   <div class='ocr_carea' id='block_1_102' title="bbox 2225 4720 3710 4818">
    <p class='ocr_par' dir='ltr' id='par_1_102' title="bbox 2225 4720 3710 4818">
     <span class='ocr_line' id='line_1_102' title="bbox 2225 4720 3710 4818; baseline -0.005 -12"><span class='ocrx_word' id='word_1_799' title='bbox 2225 4720 2484 4807; x_wconf 66' lang='lat' dir='ltr'><strong>Iiwredem</strong></span> <span class='ocrx_word' id='word_1_800' title='bbox 2498 4720 2891 4811; x_wconf 63' lang='lat' dir='ltr'><strong>universorum,</strong></span> <span class='ocrx_word' id='word_1_801' title='bbox 2915 4720 3020 4817; x_wconf 60' lang='lat' dir='ltr'><strong>per:</strong></span> <span class='ocrx_word' id='word_1_802' title='bbox 3040 4762 3192 4818; x_wconf 88' lang='lat' dir='ltr'><strong>quem</strong></span> <span class='ocrx_word' id='word_1_803' title='bbox 3213 4746 3333 4815; x_wconf 81' lang='lat' dir='ltr'><strong>fecit</strong></span> <span class='ocrx_word' id='word_1_804' title='bbox 3349 4752 3395 4798; x_wconf 87' lang='lat' dir='ltr'><strong>et</strong></span> <span class='ocrx_word' id='word_1_805' title='bbox 3412 4732 3579 4794; x_wconf 68' lang='lat' dir='ltr'><strong>saecula</strong></span> <span class='ocrx_word' id='word_1_806' title='bbox 3591 4720 3710 4798; x_wconf 53' lang='lat' dir='ltr'><strong>(&quot;dm</strong></span> 
     </span>
    </p>
   </div>
   <div class='ocr_carea' id='block_1_103' title="bbox 2225 4821 3709 4917">
    <p class='ocr_par' dir='ltr' id='par_1_103' title="bbox 2225 4821 3709 4917">
     <span class='ocr_line' id='line_1_103' title="bbox 2225 4821 3709 4917; baseline -0.018 -18"><span class='ocrx_word' id='word_1_807' title='bbox 2225 4860 2260 4899; x_wconf 91' lang='lat' dir='ltr'><strong>v</strong></span> <span class='ocrx_word' id='word_1_808' title='bbox 2282 4843 2323 4917; x_wconf 95' lang='lat'><strong>).</strong></span> <span class='ocrx_word' id='word_1_809' title='bbox 2354 4842 2432 4898; x_wconf 92' lang='lat' dir='ltr'><strong>De</strong></span> <span class='ocrx_word' id='word_1_810' title='bbox 2460 4855 2567 4912; x_wconf 88' lang='lat' dir='ltr'><strong>quo</strong></span> <span class='ocrx_word' id='word_1_811' title='bbox 2597 4840 2763 4896; x_wconf 88' lang='lat' dir='ltr'><strong>etiam</strong></span> <span class='ocrx_word' id='word_1_812' title='bbox 2792 4840 2846 4893; x_wconf 92' lang='lat' dir='ltr'><strong>in</strong></span> <span class='ocrx_word' id='word_1_813' title='bbox 2880 4852 3047 4895; x_wconf 90' lang='lat' dir='ltr'><strong>carne</strong></span> <span class='ocrx_word' id='word_1_814' title='bbox 3092 4844 3385 4908; x_wconf 86' lang='lat' dir='ltr'><strong>apparente</strong></span> <span class='ocrx_word' id='word_1_815' title='bbox 3429 4821 3600 4886; x_wconf 89' lang='lat' dir='ltr'><strong>inimici</strong></span> 
     </span>
    </p>
   </div>
   <div class='ocr_carea' id='block_1_104' title="bbox 2231 4899 3711 5004">
    <p class='ocr_par' dir='ltr' id='par_1_104' title="bbox 2231 4899 3711 5004">
     <span class='ocr_line' id='line_1_104' title="bbox 2231 4899 3711 5004; baseline -0.011 -17"><span class='ocrx_word' id='word_1_816' title='bbox 2231 4899 2516 5004; x_wconf 68' lang='lat' dir='ltr'><strong>sequentes</strong></span> <span class='ocrx_word' id='word_1_817' title='bbox 2557 4928 2811 4985; x_wconf 87' lang='lat' dir='ltr'><strong>dicebant</strong></span> <span class='ocrx_word' id='word_1_818' title='bbox 2843 4946 2855 4981; x_wconf 91' lang='lat'><strong>:</strong></span> <span class='ocrx_word' id='word_1_819' title='bbox 2887 4925 2990 4982; x_wconf 84' lang='lat' dir='ltr'><strong>Hic</strong></span> <span class='ocrx_word' id='word_1_820' title='bbox 3035 4899 3140 4981; x_wconf 47' lang='lat' dir='ltr'><strong>est-</strong></span> <span class='ocrx_word' id='word_1_821' title='bbox 3160 4899 3324 4980; x_wconf 66' lang='lat' dir='ltr'><strong>iuvre:</strong></span> <span class='ocrx_word' id='word_1_822' title='bbox 3351 4939 3369 4978; x_wconf 91' lang='lat'><strong><em>:</em></strong></span> <span class='ocrx_word' id='word_1_823' title='bbox 3393 4916 3554 4977; x_wconf 78' lang='lat' dir='ltr'><strong>venite,</strong></span> 
     </span>
    </p>
   </div>
   <div class='ocr_carea' id='block_1_105' title="bbox 2233 4983 3709 5088">
    <p class='ocr_par' dir='ltr' id='par_1_105' title="bbox 2233 4983 3709 5088">
     <span class='ocr_line' id='line_1_105' title="bbox 2233 4983 3709 5088; baseline -0.007 -11"><span class='ocrx_word' id='word_1_824' title='bbox 2233 4983 2349 5076; x_wconf 60' lang='lat' dir='ltr'><strong>mtis</strong></span> <span class='ocrx_word' id='word_1_825' title='bbox 2375 5036 2514 5086; x_wconf 88' lang='lat' dir='ltr'><strong>eum,</strong></span> <span class='ocrx_word' id='word_1_826' title='bbox 2536 5028 2586 5074; x_wconf 86' lang='lat' dir='ltr'><strong>et</strong></span> <span class='ocrx_word' id='word_1_827' title='bbox 2606 5027 2784 5073; x_wconf 89' lang='lat' dir='ltr'><strong>nostra</strong></span> <span class='ocrx_word' id='word_1_828' title='bbox 2827 5017 2923 5072; x_wconf 91' lang='lat' dir='ltr'><strong>erit</strong></span> <span class='ocrx_word' id='word_1_829' title='bbox 2953 5012 3229 5072; x_wconf 65' lang='lat' dir='ltr'><strong>barreditas</strong></span> <span class='ocrx_word' id='word_1_830' title='bbox 3279 5009 3485 5088; x_wconf 63' lang='grc' dir='ltr'><strong>(Μακή-</strong></span> <span class='ocrx_word' id='word_1_831' title='bbox 3507 4983 3709 5088; x_wconf 42' lang='grc' dir='ltr'><strong>ιω·ξῷ</strong></span> 
     </span>
    </p>
   </div>
   <div class='ocr_carea' id='block_1_106' title="bbox 2222 5079 3706 5178">
    <p class='ocr_par' dir='ltr' id='par_1_106' title="bbox 2222 5079 3706 5178">
     <span class='ocr_line' id='line_1_106' title="bbox 2222 5079 3706 5178; baseline -0.016 -9"><span class='ocrx_word' id='word_1_832' title='bbox 2222 5123 2278 5170; x_wconf 89' lang='lat' dir='ltr'><strong>et</strong></span> <span class='ocrx_word' id='word_1_833' title='bbox 2306 5114 2360 5168; x_wconf 89' lang='lat' dir='ltr'><strong>in</strong></span> <span class='ocrx_word' id='word_1_834' title='bbox 2390 5126 2455 5167; x_wconf 92' lang='lat' dir='ltr'><strong>eo</strong></span> <span class='ocrx_word' id='word_1_835' title='bbox 2490 5079 2629 5165; x_wconf 87' lang='lat' dir='ltr'><strong>Deus</strong></span> <span class='ocrx_word' id='word_1_836' title='bbox 2661 5108 2821 5163; x_wconf 87' lang='lat' dir='ltr'><strong>Pater</strong></span> <span class='ocrx_word' id='word_1_837' title='bbox 2853 5107 2996 5177; x_wconf 88' lang='lat' dir='ltr'><strong>quod</strong></span> <span class='ocrx_word' id='word_1_838' title='bbox 3040 5079 3435 5178; x_wconf 46' lang='lat' dir='ltr'><strong>subjecit‘ante</strong></span> <span class='ocrx_word' id='word_1_839' title='bbox 3464 5092 3617 5151; x_wconf 79' lang='lat' dir='ltr'><strong>faciem</strong></span> <span class='ocrx_word' id='word_1_840' title='bbox 3630 5079 3706 5176; x_wconf 51' lang='lat' dir='ltr'><strong>cili</strong></span> 
     </span>
    </p>
   </div>
   <div class='ocr_carea' id='block_1_107' title="bbox 2224 5178 3708 5279">
    <p class='ocr_par' dir='ltr' id='par_1_107' title="bbox 2224 5178 3708 5279">
     <span class='ocr_line' id='line_1_107' title="bbox 2224 5178 3708 5279; baseline -0.016 -16"><span class='ocrx_word' id='word_1_841' title='bbox 2224 5213 2413 5279; x_wconf 84' lang='lat' dir='ltr'><strong>gentes</strong></span> <span class='ocrx_word' id='word_1_842' title='bbox 2449 5214 2502 5258; x_wconf 88' lang='lat' dir='ltr'><strong>et</strong></span> <span class='ocrx_word' id='word_1_843' title='bbox 2523 5202 2684 5257; x_wconf 87' lang='lat' dir='ltr'><strong>dorsa</strong></span> <span class='ocrx_word' id='word_1_844' title='bbox 2711 5214 2897 5270; x_wconf 80' lang='lat' dir='ltr'><strong>regum</strong></span> <span class='ocrx_word' id='word_1_845' title='bbox 2921 5198 3103 5264; x_wconf 86' lang='lat' dir='ltr'><strong>vertit,</strong></span> <span class='ocrx_word' id='word_1_846' title='bbox 3156 5207 3343 5269; x_wconf 89' lang='lat' dir='ltr'><strong>portas</strong></span> <span class='ocrx_word' id='word_1_847' title='bbox 3387 5200 3536 5279; x_wconf 43' lang='lat' dir='ltr'><strong>terens</strong></span> 
     </span>
    </p>
   </div>
   <div class='ocr_carea' id='block_1_108' title="bbox 2223 5263 3705 5359">
    <p class='ocr_par' dir='ltr' id='par_1_108' title="bbox 2223 5263 3705 5359">
     <span class='ocr_line' id='line_1_108' title="bbox 2223 5263 3705 5359; baseline -0.022 -9"><span class='ocrx_word' id='word_1_848' title='bbox 2223 5263 2300 5353; x_wconf 43' lang='lat' dir='ltr'><strong>iit</strong></span> <span class='ocrx_word' id='word_1_849' title='bbox 2330 5305 2385 5352; x_wconf 92' lang='lat' dir='ltr'><strong>et</strong></span> <span class='ocrx_word' id='word_1_850' title='bbox 2415 5302 2601 5350; x_wconf 90' lang='lat' dir='ltr'><strong>vectes</strong></span> <span class='ocrx_word' id='word_1_851' title='bbox 2644 5263 2851 5346; x_wconf 65' lang='lat' dir='ltr'><strong>ferreos</strong></span> <span class='ocrx_word' id='word_1_852' title='bbox 2895 5263 3179 5359; x_wconf 51' lang='lat' dir='ltr'><strong>confregit;</strong></span> <span class='ocrx_word' id='word_1_853' title='bbox 3225 5285 3465 5346; x_wconf 74' lang='lat' dir='ltr'><strong>videlicet</strong></span> <span class='ocrx_word' id='word_1_854' title='bbox 3502 5263 3705 5359; x_wconf 57' lang='lat' dir='ltr'><strong>BabylonIs</strong></span> 
     </span>
    </p>
   </div>
   <div class='ocr_carea' id='block_1_109' title="bbox 2222 5350 3703 5450">
    <p class='ocr_par' dir='ltr' id='par_1_109' title="bbox 2222 5350 3703 5450">
     <span class='ocr_line' id='line_1_109' title="bbox 2222 5350 3703 5450; baseline -0.018 -10"><span class='ocrx_word' id='word_1_855' title='bbox 2222 5350 2309 5442; x_wconf 77' lang='lat' dir='ltr'><strong>vel</strong></span> <span class='ocrx_word' id='word_1_856' title='bbox 2334 5350 2561 5439; x_wconf 82' lang='lat' dir='ltr'><strong>aliarum</strong></span> <span class='ocrx_word' id='word_1_857' title='bbox 2583 5394 2718 5450; x_wconf 86' lang='lat' dir='ltr'><strong>quas</strong></span> <span class='ocrx_word' id='word_1_858' title='bbox 2749 5378 2893 5448; x_wconf 86' lang='lat' dir='ltr'><strong>cepit</strong></span> <span class='ocrx_word' id='word_1_859' title='bbox 2916 5350 3210 5444; x_wconf 54' lang='lat' dir='ltr'><strong>civitaium,</strong></span> <span class='ocrx_word' id='word_1_860' title='bbox 3253 5375 3393 5450; x_wconf 89' lang='lat' dir='ltr'><strong>quod</strong></span> <span class='ocrx_word' id='word_1_861' title='bbox 3411 5365 3537 5427; x_wconf 85' lang='lat' dir='ltr'><strong>dedit</strong></span> <span class='ocrx_word' id='word_1_862' title='bbox 3561 5358 3598 5450; x_wconf 65' lang='lat' dir='ltr'><strong>ei</strong></span> 
     </span>
    </p>
   </div>
   <div class='ocr_carea' id='block_1_110' title="bbox 2224 5441 3699 5541">
    <p class='ocr_par' dir='ltr' id='par_1_110' title="bbox 2224 5441 3699 5541">
     <span class='ocr_line' id='line_1_110' title="bbox 2224 5441 3699 5541; baseline -0.022 -8"><span class='ocrx_word' id='word_1_863' title='bbox 2224 5492 2415 5533; x_wconf 90' lang='lat' dir='ltr'><strong>sauros</strong></span> <span class='ocrx_word' id='word_1_864' title='bbox 2444 5441 2788 5530; x_wconf 69' lang='lat' dir='ltr'><strong>absconditos</strong></span> <span class='ocrx_word' id='word_1_865' title='bbox 2833 5479 2888 5525; x_wconf 90' lang='lat' dir='ltr'><strong>et</strong></span> <span class='ocrx_word' id='word_1_866' title='bbox 2935 5485 3132 5526; x_wconf 86' lang='lat' dir='ltr'><strong>arcana</strong></span> <span class='ocrx_word' id='word_1_867' title='bbox 3176 5441 3487 5527; x_wconf 73' lang='lat' dir='ltr'><strong>secretorum</strong></span> <span class='ocrx_word' id='word_1_868' title='bbox 3530 5441 3699 5541; x_wconf 52' lang='lat' dir='ltr'><strong>videlif‘t‘i</strong></span> 
     </span>
    </p>
   </div>
   <div class='ocr_carea' id='block_1_111' title="bbox 2220 5539 3701 5638">
    <p class='ocr_par' dir='ltr' id='par_1_111' title="bbox 2220 5539 3701 5638">
     <span class='ocr_line' id='line_1_111' title="bbox 2220 5539 3701 5638; baseline -0.02 -15"><span class='ocrx_word' id='word_1_869' title='bbox 2220 5583 2349 5638; x_wconf 88' lang='lat' dir='ltr'><strong>apes</strong></span> <span class='ocrx_word' id='word_1_870' title='bbox 2376 5568 2584 5635; x_wconf 80' lang='lat' dir='ltr'><strong>ignotas</strong></span> <span class='ocrx_word' id='word_1_871' title='bbox 2607 5561 3030 5634; x_wconf 84' lang='lat' dir='ltr'><strong>provinciarum,</strong></span> <span class='ocrx_word' id='word_1_872' title='bbox 3061 5562 3373 5618; x_wconf 86' lang='lat' dir='ltr'><strong>assimilavit</strong></span> <span class='ocrx_word' id='word_1_873' title='bbox 3401 5565 3510 5612; x_wconf 88' lang='lat' dir='ltr'><strong>eum</strong></span> 
     </span>
    </p>
   </div>
   <div class='ocr_carea' id='block_1_112' title="bbox 2218 5624 3695 5733">
    <p class='ocr_par' dir='ltr' id='par_1_112' title="bbox 2218 5624 3695 5733">
     <span class='ocr_line' id='line_1_112' title="bbox 2218 5624 3695 5733; baseline 0.004 -23"><span class='ocrx_word' id='word_1_874' title='bbox 2218 5624 2274 5711; x_wconf 65' lang='lat' dir='ltr'><strong>ei</strong></span> <span class='ocrx_word' id='word_1_875' title='bbox 2315 5624 2582 5710; x_wconf 52' lang='lat' dir='ltr'><strong>Salyatori</strong></span> <span class='ocrx_word' id='word_1_876' title='bbox 2607 5624 2836 5717; x_wconf 47' lang='lat' dir='ltr'><strong>-nostro,</strong></span> <span class='ocrx_word' id='word_1_877' title='bbox 2875 5652 2966 5721; x_wconf 92' lang='lat' dir='ltr'><strong>qui</strong></span> <span class='ocrx_word' id='word_1_878' title='bbox 3006 5624 3409 5721; x_wconf 70' lang='lat' dir='ltr'><strong>praedicantibus</strong></span> <span class='ocrx_word' id='word_1_879' title='bbox 3452 5651 3533 5712; x_wconf 62' lang='lat' dir='ltr'><strong>Per</strong></span> 
     </span>
    </p>
   </div>
   <div class='ocr_carea' id='block_1_113' title="bbox 2220 5717 3693 5822">
    <p class='ocr_par' dir='ltr' id='par_1_113' title="bbox 2220 5717 3693 5822">
     <span class='ocr_line' id='line_1_113' title="bbox 2220 5717 3693 5822; baseline -0.009 -16"><span class='ocrx_word' id='word_1_880' title='bbox 2220 5751 2493 5822; x_wconf 88' lang='lat' dir='ltr'><strong>apostolis,</strong></span> <span class='ocrx_word' id='word_1_881' title='bbox 2528 5748 2770 5820; x_wconf 81' lang='lat' dir='ltr'><strong>gentium</strong></span> <span class='ocrx_word' id='word_1_882' title='bbox 2799 5717 2909 5803; x_wconf 80' lang='lat' dir='ltr'><strong>sibi</strong></span> <span class='ocrx_word' id='word_1_883' title='bbox 2945 5717 3317 5804; x_wconf 75' lang='lat' dir='ltr'><strong>universarum</strong></span> <span class='ocrx_word' id='word_1_884' title='bbox 3364 5738 3483 5799; x_wconf 91' lang='lat' dir='ltr'><strong>colla</strong></span> <span class='ocrx_word' id='word_1_885' title='bbox 3520 5717 3693 5822; x_wconf 55' lang='grc' dir='ltr'><strong>ευδὲοξίξ</strong></span> 
     </span>
    </p>
   </div>
   <div class='ocr_carea' id='block_1_114' title="bbox 2218 5807 3690 5915">
    <p class='ocr_par' dir='ltr' id='par_1_114' title="bbox 2218 5807 3690 5915">
     <span class='ocr_line' id='line_1_114' title="bbox 2218 5807 3690 5915; baseline -0.014 -12"><span class='ocrx_word' id='word_1_886' title='bbox 2218 5807 2363 5915; x_wconf 70' lang='lat' dir='ltr'><strong>ipsos</strong></span> <span class='ocrx_word' id='word_1_887' title='bbox 2387 5858 2600 5915; x_wconf 86' lang='lat' dir='ltr'><strong>quoque</strong></span> <span class='ocrx_word' id='word_1_888' title='bbox 2638 5857 2818 5898; x_wconf 87' lang='lat' dir='ltr'><strong>rerum</strong></span> <span class='ocrx_word' id='word_1_889' title='bbox 2863 5842 3131 5909; x_wconf 88' lang='lat' dir='ltr'><strong>dominos,</strong></span> <span class='ocrx_word' id='word_1_890' title='bbox 3157 5850 3213 5897; x_wconf 91' lang='lat' dir='ltr'><strong>et</strong></span> <span class='ocrx_word' id='word_1_891' title='bbox 3245 5832 3499 5911; x_wconf 72' lang='lat' dir='ltr'><strong>sapientia:</strong></span> <span class='ocrx_word' id='word_1_892' title='bbox 3521 5807 3690 5877; x_wconf 51' lang='lat' dir='ltr'><strong>simula&quot;</strong></span> 
     </span>
    </p>
   </div>
  </div>
