3920 6476
139 495 285 558 537

1102 476 1452 559 COMMENT.
1492 475 1559 532 IN
1595 466 2150 531 PARALIPOMENA.
2185 496 2257 509 —-
2291 467 2421 523 LIB.
2452 468 2497 524 Ι.

3330 462 3439 524 558

151 594 451 682 auctores;
500 610 687 670 animi
737 605 1045 665 substravit.
1097 596 1199 670 Qui
1242 606 1427 669 portas
1464 593 1760 650 inferorum
1785 596 1840 657 Α
1861 583 2052 682 lsrael,
2074 583 2182 682 ipse
2203 582 2445 682 estDeus
2574 591 2649 637 est
2675 583 2736 682 in
2753 581 3162 682 Hierusalem“
3185 581 3439 682 Esdm).

151 706 468 772 destruxit,
491 712 552 759 ut
574 702 782 757 ablatos
803 698 928 753 inde
951 696 1152 751 electos
1172 706 1300 747 suos
1342 688 1411 743 ad
1452 686 1756 742 libertatem

150 800 370 871 patriae
391 797 627 855 etelestis
671 794 1051 850 introduceret.
1107 786 1208 855 Qui
1253 796 1465 837 errores
1491 813 1499 871 ξ
1508 776 1761 835 contrivit

62 914 65 917 ‘
152 868 441 967 gentium,
471 898 525 945 et
554 888 827 945 doctrinas
854 885 1089 940 humana
1119 880 1327 935 ratione
1366 868 1621 967 munitas,
1664 883 1764 939 per

154 963 465 1042 bumilium
485 996 580 1037 ora
608 977 892 1043 subvertit,
925 982 985 1029 ut
1012 973 1213 1029 eisdem
1256 966 1539 1029 correctis,
1579 963 1763 1016 lumen

152 1092 295 1132 suae
322 1073 444 1129 ﬁdei
471 1081 527 1128 et
548 1070 793 1127 veritatis
812 1066 1070 1139 aperiret,
1099 1065 1157 1119 in
1194 1078 1302 1133 quo
1351 1068 1477 1115 sunt
1519 1053 1763 1112 thesauri

153 1168 359 1223 omnis
378 1164 655 1235 sapientiae
682 1170 735 1218 et
761 1160 1000 1216 scientiae
1033 1155 1352 1213 absconditi.
1402 1152 1547 1220 Quos
1575 1148 1764 1203 videli-

155 1267 270 1313 cet
305 1258 590 1313 thesauros
609 1262 664 1309 et
685 1253 828 1308 idem
852 1250 1111 1307 Dominus
1135 1255 1321 1302 noster
1348 1245 1402 1297 in
1443 1249 1637 1296 natura
1683 1237 1764 1292 di-

152 1348 423 1403 vinitatis
450 1344 782 1401 aeternaliter
804 1359 873 1398 ex
899 1341 1061 1396 Patre
1080 1338 1286 1404 habuit,
1329 1335 1422 1391 sed
1466 1334 1521 1387 in
1553 1345 1761 1387 assum-

154 1446 274 1507 pta
302 1437 638 1493 humanitate
663 1451 727 1491 ex
751 1442 993 1502 tempore
1024 1429 1252 1499 accepit.
1275 1424 1607 1481 Assimilavit
1632 1436 1762 1493 ergo

154 1529 379 1601 Cyrum
404 1530 666 1585 Dominus
692 1525 969 1598 unigenito
1011 1522 1149 1578 Filio
1186 1536 1283 1577 suo
1320 1528 1375 1574 et
1400 1517 1628 1574 Domino
1662 1532 1763 1571 no-

155 1628 295 1675 stro
318 1620 443 1675 Jcsu
469 1619 717 1686 Christo;
743 1618 868 1689 quia
914 1617 1054 1672 sicut
1098 1613 1355 1669 nimirum
1396 1627 1463 1666 ex
1498 1626 1605 1682 quo
1650 1610 1765 1680 ipse

152 1729 298 1770 esse
319 1716 479 1769 homo
517 1713 701 1784 coepit,
732 1711 819 1767 ille
840 1710 1114 1765 destructo
1140 1704 1511 1762 Chaldaeorum
1536 1702 1765 1773 imperio

154 1806 430 1875 pOpulum
453 1805 549 1860 Dei
581 1804 831 1860 liberavit
867 1814 931 1858 ac
978 1803 1035 1857 in
1079 1789 1311 1872 patriam
1358 1797 1585 1865 remisit,
1625 1805 1763 1850 tem-

155 1897 436 1966 piumque
469 1897 612 1966 quod
641 1903 759 1951 erat
780 1895 1063 1950 incensum
1097 1890 1485 1962 Hierosolymis
1532 1888 1761 1945 reaediﬁ-

155 1988 291 2042 cari
327 1988 599 2060 praecepit,
622 1994 680 2044 et
700 1988 804 2043 hoc
840 1986 1019 2056 ipsum
1057 1984 1293 2040 edictum
1334 1983 1498 2053 etiam
1544 1996 1642 2052 per
1679 1981 1766 2036 lit—
1792 1967 1841 2029 Β

156 2087 328 2136 teras
354 2080 703 2136 manifestare
727 2077 941 2134 curavit
978 2085 1038 2132 ut
1078 2075 1429 2146 implerentur
1475 2073 1640 2129 verba
1675 2072 1767 2128 Je-

162 2177 388 2243 remiae,
414 2174 612 2247 quibus
636 2176 741 2231 hoc
760 2173 1002 2229 futurum
1026 2173 1141 2244 ipse
1165 2171 1435 2243 przedixit,
1468 2172 1544 2226 ita
1564 2169 1771 2225 media-

160 2278 264 2324 tor
299 2268 395 2324 Dei
432 2276 487 2323 et
507 2267 806 2333 hominum,
833 2267 1109 2323 destructo
1127 2281 1227 2337 per
1250 2266 1439 2321 orbem
1459 2263 1655 2320 diaboli
1678 2278 1768 2319 re-

160 2376 305 2433 gno,
332 2359 533 2416 electos
559 2374 686 2415 suos
712 2359 805 2429 qui
833 2366 990 2415 erant
1018 2358 1246 2429 dispersi
1272 2359 1339 2413 ab
1370 2357 1489 2428 ejus
1528 2356 1771 2428 tyranni-

159 2451 240 2506 de
268 2458 553 2506 revocatos
575 2449 630 2504 in
650 2464 805 2505 suam
830 2456 1124 2520 congregat
1149 2447 1467 2515 Ecclesiam,
1495 2461 1614 2516 quae
1637 2454 1691 2502 et
1715 2446 1771 2501 in

160 2543 432 2614 praesenti
458 2529 753 2614 justiﬁcata
786 2555 856 2595 ex
894 2538 998 2595 ﬁde
1041 2553 1230 2608 pacem
1268 2538 1429 2593 habet
1477 2538 1545 2593 ad
1589 2537 1770 2593 Domi—

166 2650 314 2689 num
334 2649 432 2704 per
460 2634 660 2704 ipsum,
691 2640 747 2687 et
770 2630 839 2686 ad
868 2631 1129 2686 visionem
1151 2638 1425 2700 perpetua:
1447 2630 1599 2700 pacis
1619 2628 1771 2685 festis

164 2735 274 2780 nat
308 2727 364 2779 in
384 2725 584 2790 futuro.
615 2723 951 2779 Hierusalem
976 2724 1171 2794 quippe
1194 2723 1321 2778 visio
1359 2723 1503 2793 pacis
1551 2723 1767 2779 dicitur.
1826 2750 1831 2755 ι

165 2818 286 2885 Qui
322 2817 490 2872 etiam
517 2815 775 2887 templum
805 2814 951 2885 quod
988 2823 1108 2869 erat
1146 2813 1430 2869 incensum
1475 2821 1767 2882 restaurat,

178 2923 314 2962 cum
340 2907 461 2963 illos
484 2907 573 2978 qui
597 2906 808 2962 insidiis
839 2905 1047 2976 antiqui
1085 2905 1258 2960 hostis
1310 2904 1472 2960 ﬁdem
1521 2905 1772 2976 perdide-

171 3009 310 3055 rant
335 3001 402 3056 ad
438 3000 669 3055 salutem
713 2999 1001 3065 reducens,
1052 3013 1150 3053 sua
1195 2998 1531 3053 habitatione
1579 2999 1771 3070 dignos

169 3091 362 3147 efﬁcit.
397 3090 504 3146 Sed
531 3098 586 3145 et
607 3089 920 3159 Scripturas
941 3096 1158 3144 sanctas
1181 3089 1239 3143 in
1266 3089 1581 3145 universum
1622 3090 1772 3147 misit

168 3185 463 3249 mundum,
499 3183 693 3253 quibus
720 3182 881 3239 ﬁdem
910 3182 994 3237 sui
1033 3181 1266 3238 nominis
1286 3196 1351 3237 ac
1375 3197 1527 3253 spem
1581 3182 1773 3240 salutis

170 3274 395 3329 cunctis
417 3273 508 3343 qui
537 3271 605 3327 ad
622 3286 779 3327 suum
810 3286 1036 3343 regnum
1056 3270 1351 3341 pertinent,
1396 3272 1502 3326 hoc
1540 3278 1626 3326 est
1664 3270 1773 3328 ele-

172 3366 288 3419 ctis
316 3364 567 3420 omnibus
591 3362 928 3433 prmdicaret.
966 3360 1120 3429 Quod
1149 3362 1229 3417 ita
1254 3360 1500 3416 futurum
1536 3376 1643 3417 non
1686 3361 1775 3419 Je-

177 3454 389 3509 remias
419 3452 584 3519 solus,
619 3452 716 3508 sed
744 3459 799 3507 et
839 3452 1112 3508 communi
1154 3467 1317 3508 sensu
1362 3466 1551 3509 omnes
1583 3455 1778 3525 praedi-

174 3561 317 3603 xere
349 3547 627 3618 prophetae
656 3546 812 3618 juxta
854 3549 959 3606 hoc
1000 3549 1144 3620 quod
1172 3548 1288 3618 ipse
1329 3547 1606 3619 discipulis
1652 3550 1772 3604 ait:

177 3638 454 3707 Quoniam
475 3655 678 3716 necesse
697 3648 775 3694 est
800 3639 1004 3711 impleri
1027 3640 1205 3693 omnia
1244 3655 1361 3711 qua:
1405 3640 1601 3710 scripta
1655 3649 1779 3695 sunt

175 3733 235 3786 in
263 3730 373 3802 lege
393 3730 566 3803 Moysi
586 3741 635 3787 et
649 3731 913 3804 prophetis
928 3740 975 3786 et
986 3731 1203 3803 psalmis
1227 3731 1291 3786 de
1310 3746 1391 3786 me
1414 3730 1579 3803 (Luc.
1602 3733 1774 3805 ων).

176 3820 478 3876 Suscitavit
510 3830 691 3878 autem
719 3821 979 3878 Dominus
1015 3822 1263 3892 spiritum
1294 3823 1419 3894 Cyri
1459 3824 1602 3895 regis
1650 3823 1779 3880 Per-

176 3925 390 3979 sarum,
412 3921 474 3967 ut
494 3913 675 3983 agnita
697 3922 967 3985 potestate
988 3930 1052 3971 ac
1086 3916 1423 3986 providentia
1465 3915 1561 3973 Dei
1614 3917 1781 3974 Israel

173 3991 389 4059 faceret
414 4019 535 4075 quae
561 4004 627 4060 de
653 4020 718 4061 eo
746 4014 935 4061 narrat
967 4005 1267 4075 Scriptura,
1319 4022 1384 4063 ac
1428 4009 1687 4066 Dominus
1720 4010 1779 4066 in

174 4095 477 4168 Evangelio
501 4096 580 4151 ait
605 4094 805 4153 Iudaeis
838 4114 852 4152 :
881 4096 1015 4153 Cum
1035 4098 1391 4154 exaltaveritis
1416 4099 1584 4168 ﬁlium
1610 4102 1780 4157 homi-

176 4189 290 4257 nis,
315 4199 438 4243 tunc
460 4189 776 4259 cognoscetis
799 4189 922 4261 quia
947 4206 1040 4261 ego
1066 4207 1205 4258 sum,
1228 4201 1274 4245 et
1297 4209 1328 4246 a
1357 4208 1439 4246 me
1486 4196 1596 4263 ipso
1642 4194 1780 4264 facio

178 4279 354 4346 nihil,
399 4280 489 4334 sed
516 4281 650 4333 sicut
692 4280 867 4335 docuit
901 4296 981 4334 me
1005 4278 1170 4334 Pater
1205 4281 1317 4335 haec
1359 4279 1543 4353 loquor
1585 4283 1777 4355 (Joan.

177 4370 336 4442 vni).
371 4371 524 4438 Quod
554 4386 681 4428 vero
704 4372 760 4429 in
784 4372 1065 4442 Scriptura
1103 4387 1202 4427 sua
1230 4372 1381 4440 dicit,
1405 4373 1547 4430 idem
1575 4374 1776 4447 Cyrus:

182 4463 380 4517 Omnia
408 4479 566 4534 regna
612 4473 765 4518 terra:
802 4464 944 4518 dedit
991 4464 1121 4518 mihi
1168 4464 1426 4519 Dominus
1474 4465 1617 4522 Deus
1667 4467 1783 4523 ειειὶ

180 4537 284 4627 (ΙΙ
310 4554 445 4609 Par.
470 4569 664 4621 xxxvi;
696 4553 726 4608 Ι
761 4554 919 4608 Esdr.
950 4554 1000 4625 1)
1028 4573 1041 4609 :
1069 4556 1208 4611 bene
1237 4555 1456 4627 quidem
1495 4556 1782 4615 Dominum

180 4646 374 4712 Israel,
408 4645 695 4701 Dominum
744 4645 915 4701 Deum
962 4645 1086 4702 caeli
1130 4644 1411 4703 confessus
1460 4656 1566 4714 est,
1616 4663 1780 4718 quem

1860 671 2051 744 Magna
2081 673 2135 726 in
2162 671 2246 727 his
2264 672 2445 726 verbis
2474 671 2608 728 ﬁdes
2627 673 2791 744 regis,
2816 688 3012 746 magna
3033 673 3205 729 claret
3232 674 3444 745 pietas:

1862 762 1995 819 ﬁdes
2016 763 2255 834 quidem,
2285 762 2427 832 quod
2455 762 2711 832 populum
2736 777 2849 832 prae
2884 771 3096 819 caeteris
3130 763 3446 824 nationibus

1862 853 1958 908 Dei
1985 867 2103 908 esse
2130 851 2384 923 populum
2411 850 2695 917 intellexit,
2714 851 2889 921 pietas
2920 853 3066 922 quod
3102 852 3251 909 nullo
3292 866 3449 924 pror-

1863 957 1955 998 sus
1981 950 2206 1012 excepto
2233 954 2424 997 omnes
2456 940 2547 1011 qui
2598 939 2798 995 vellent
2829 941 3029 998 liberos
3080 943 3313 1014 patriam
3358 958 3446 1000 re-

1863 1032 1979 1088 dire
2005 1032 2268 1103 permisit.
2303 1029 2464 1087 Fides
2497 1030 2642 1101 quod
2669 1031 2917 1088 eumdem
2940 1031 3230 1089 Dominum
3271 1035 3445 1093 Deum

1862 1132 1917 1177 et
1944 1122 2188 1178 habitare
2214 1124 2270 1177 in
2293 1121 2447 1178 caelis
2485 1130 2541 1177 et
2571 1136 2692 1178 esse
2738 1122 2794 1177 in
2833 1122 3170 1179 Hierusalem
3216 1135 3273 1179 et
3321 1141 3447 1191 cum

1863 1215 2086 1286 singulis
2114 1215 2499 1271 revertentium
2532 1215 2598 1270 de
2619 1213 2892 1285 Babylone
2918 1215 2972 1270 in
2996 1214 3331 1272 Hierusalem
3361 1232 3449 1273 as-

1863 1308 2093 1364 cendere
2117 1322 2277 1379 posse
2298 1307 2577 1363 confessus
2600 1315 2702 1363 est.
2749 1306 2835 1361 An
2863 1321 2974 1363 non
2994 1306 3117 1363 luce
3139 1308 3342 1364 clarius
3366 1317 3450 1364 est

1862 1400 2007 1472 quod
2024 1389 2175 1455 hunc
2197 1415 2306 1455 non
2330 1413 2647 1471 corporeum
2677 1407 2731 1454 et
2752 1399 2872 1454 loco
2885 1385 3450 1469 comprehensibilem,

1863 1492 1959 1548 sed
1996 1493 2245 1562 spiritum
2296 1500 2352 1547 et
2382 1491 2582 1562 ubique
2625 1499 2950 1563 praesentem
2994 1492 3243 1559 credidit,
3291 1508 3453 1562 quem

1864 1584 1942 1641 ita
1977 1600 2035 1639 ιιι
2078 1583 2418 1640 Hierusalem
2462 1584 2594 1639 et-in
2631 1583 2830 1654 templo
2872 1584 3121 1641 habitare
3169 1586 3451 1642 confessus

1865 1685 1972 1744 est,
2001 1684 2063 1731 ut
2090 1676 2249 1732 simul
2277 1676 2399 1732 coeli
2451 1690 2616 1747 regno
2663 1675 2957 1747 praesidere
3006 1691 3116 1732 non
3159 1677 3453 1744 dubitaret,

1866 1766 1943 1823 ita
1962 1767 2018 1822 in
2047 1767 2200 1823 caelis
2237 1781 2468 1837 regnare
2518 1764 2771 1834 credidit,
2821 1776 2884 1821 ut
2923 1766 3274 1824 nihilominus
3332 1783 3455 1825 cum

1867 1858 1982 1915 suis
2012 1858 2258 1914 ﬁdelibus
2290 1867 2434 1915 esset
2459 1858 2514 1913 in
2538 1864 2707 1926 terra,
2755 1872 3051 1929 eorumque
3075 1869 3129 1916 et
3156 1861 3365 1917 animos
3402 1870 3459 1918 et

1871 1951 2158 2005 manusad
2183 1965 2248 2005 ea
2278 1964 2399 2019 quae
2422 1948 2679 2005 salutaria
2706 1958 2888 2005 essent
2909 1949 3156 2006 facienda
3178 1951 3456 2024 dirigeret.

1869 2040 2136 2098 Caeterum
2163 2041 2346 2095 omnia
2369 2039 2661 2110 Scripturae
2697 2038 2859 2109 hujus
2905 2041 3071 2096 verba
3117 2041 3453 2111 spiritualem

1869 2148 2086 2190 sensum
2119 2132 2386 2188 redolent.
2417 2130 2552 2186 Cum
2583 2132 2727 2186 enim
2753 2146 2862 2186 non
2882 2130 3042 2187 facile
3064 2141 3273 2203 pareat,
3316 2133 3460 2190 solos

1868 2223 1987 2280 illos
2014 2239 2136 2279 cum
2162 2222 2359 2294 quibus
2386 2222 2533 2279 Deus
2568 2230 2673 2289 est,
2728 2223 2794 2279 de
2842 2222 3182 2279 confessione
3218 2234 3462 2293 peccato-

1869 2330 1993 2369 rum
2029 2315 2099 2370 ad
2122 2315 2382 2369 virtutum
2406 2328 2572 2385 opera
2592 2314 2747 2384 quasi
2763 2313 2830 2368 de
2856 2313 3080 2370 servitio
3101 2314 3168 2369 de
3187 2314 3477 2385 Babylone'

1869 2406 1928 2462 in
1955 2405 2350 2476 Jerosolymam
2390 2406 2460 2460 ad
2495 2405 2801 2461 libertatem
2835 2420 2999 2476 posse
3038 2406 3288 2472 transire,
3335 2407 3463 2477 quia

1870 2497 1988 2554 sine
2021 2498 2139 2569 ipso
2168 2497 2305 2552 nihil
2329 2509 2617 2567 possumus
2645 2496 2843 2552 facere.
2874 2496 3008 2565 Quis
3030 2512 3139 2553 non
3184 2498 3332 2555 videt
3376 2513 3463 2554 re-

1872 2590 2226 2645 cteineadem
2255 2588 2524 2644 sententia
2552 2587 2922 2645 ascensionem
2941 2604 3061 2644 esse
3085 2587 3464 2648 nominatam?

1872 2682 2009 2751 Quia
2041 2683 2302 2739 nimirum
2329 2697 2518 2739 omnes
2543 2682 2637 2753 qui
2674 2689 2901 2752 peccant
2929 2695 3054 2737 cum
3088 2681 3273 2738 saeculi
3319 2683 3465 2742 curis

1872 2776 2114 2831 serviunt
2142 2776 2199 2831 in
2220 2776 2331 2832 imo
2360 2783 2516 2843 sunt;
2548 2775 2643 2845 qui
2697 2785 2829 2831 vero
2879 2773 3114 2845 placent,
3154 2776 3223 2832 ad
3271 2776 3466 2834 altiora

1871 2882 2097 2924 necesse
2139 2875 2225 2924 est
2274 2875 2511 2924 mentem
2564 2866 2795 2937 erigant,
2859 2864 3101 2920 coelestia
3173 2866 3465 2937 suspirent,

1870 2975 2096 3031 pompas
2120 2960 2306 3015 mundi
2345 2973 2535 3014 omnes
2584 2965 2747 3027 atque
2794 2955 3077 3013 illecebras
3128 2964 3454 3013 aeternorum

1880 3068 2070 3109 amore
2126 3051 2534 3108 transcendant.
2597 3047 2937 3104 Hierusalem
2985 3060 3200 3118 quoque
3242 3062 3363 3103 esse
3410 3048 3467 3103 in

1872 3144 2078 3211 Judaaa,
2108 3145 2214 3200 hoc
2238 3151 2322 3201 est
2340 3143 2396 3197 in
2416 3140 2757 3198 confessione
2781 3147 3135 3207 memoratur,
3161 3148 3224 3195 ut
3250 3141 3338 3210 qui
3369 3156 3467 3211 per

1875 3236 2202 3294 oblivionem
2226 3235 2322 3290 Dei
2342 3234 2605 3304 captivari
2624 3248 2657 3288 a
2677 3232 2962 3298 Chaldaeis,
2987 3233 3082 3303 qui
3102 3233 3467 3304 interpretan-

1800 3335 1847 3400 C
1877 3340 1969 3386 tur
1989 3328 2145 3400 quasi
2176 3326 2462 3393 daemonia,
2485 3324 2591 3381 hoc
2617 3333 2733 3402 est,
2746 3323 2995 3395 malignis
3014 3323 3293 3394 spiritibus
3313 3340 3470 3382 man-

1879 3422 2050 3495 cipari
2072 3419 2390 3485 meruimus,
2419 3433 2520 3490 per
2543 3415 2940 3474 confessionem
2981 3415 3175 3473 divinae
3221 3418 3462 3490 pietatis,

1879 3513 1949 3569 ad
1971 3512 2235 3568 visionem
2263 3509 2448 3566 libera:
2472 3508 2625 3580 pacis
2654 3515 2711 3564 et
2747 3507 2885 3564 lucis
2928 3508 3233 3578 redeamus,
3287 3510 3471 3580 ibique

1878 3603 2209 3660 aediﬁcemus
2236 3601 2459 3657 domum
2482 3599 2712 3656 Domino
2729 3598 2842 3655 Deo
2872 3598 3059 3668 Israel,
3111 3601 3216 3657 hoc
3264 3611 3365 3669 est,
3414 3604 3470 3659 in

1880 3699 2087 3755 unitate
2112 3695 2395 3752 catholica:
2427 3692 2599 3765 pacis,
2626 3693 2685 3748 in
2726 3692 3068 3748 confessione
3108 3692 3223 3749 sive
3271 3702 3473 3751 nostrae

1880 3790 2200 3863 iniquitatis,
2233 3804 2329 3844 seu
2354 3787 2551 3842 divinae
2592 3784 2956 3842 miserationis
3004 3793 3060 3841 et
3104 3785 3293 3857 gratiae
3333 3802 3471 3859 pra:-

1878 3898 2133 3957 paremus
2163 3881 2326 3937 corda
2356 3886 2561 3943 nostra,
2590 3878 2645 3931 in
2675 3877 2871 3947 quibus
2893 3875 3153 3935 Dominus
3180 3876 3298 3947 ipse
3340 3893 3467 3948 pro-

1878 3977 2045 4049 pitius
2069 3973 2371 4029 inhabitare
2401 3978 2562 4040 atque
2588 3983 2652 4024 ea
2710 3982 2807 4023 sua
2861 3967 3145 4038 prmsentia
3200 3967 3473 4027 illustrare

1882 4069 2152 4140 dignetur,
2183 4065 2278 4122 sed
2307 4071 2365 4120 et
2386 4061 2760 4134 proximorum
2808 4060 2971 4116 corda
3023 4060 3093 4115 ad
3136 4058 3349 4117 laudem
3387 4062 3474 4120 sui

1882 4157 2180 4214 conditoris
2201 4163 2257 4210 et
2277 4168 2441 4224 opera
2464 4151 2682 4223 pietatis
2700 4150 2998 4207 accendere
3018 4164 3287 4207 curemus.
3315 4150 3474 4210 Utro-

1885 4265 1992 4319 que
2018 4247 2221 4302 etenim
2248 4245 2410 4300 modo
2432 4243 2652 4299 domum
2682 4243 2912 4298 Domino
2948 4242 3301 4310 aediﬁcamus,
3345 4258 3472 4301 cum

1883 4344 1970 4400 vel
1998 4341 2359 4410 nosmetipsos
2382 4340 2437 4393 in
2476 4335 2733 4408 operibus
2766 4335 2991 4405 justitiae
3020 4350 3357 4402 exercemus,
3388 4337 3474 4394 vel

1883 4450 1977 4492 eos
2007 4449 2143 4505 quos
2171 4432 2432 4487 vellemus
2468 4430 2537 4484 ad
2566 4428 2673 4483 iter
2710 4425 2934 4496 iustitia:
2955 4434 3009 4481 et
3033 4427 3292 4497 exemplis
3343 4442 3472 4499 pro.

1883 4542 2141 4585 vocamus
2158 4534 2214 4583 et
2233 4524 2435 4580 verbis.
2463 4521 2779 4593 Sequuntur
2817 4518 3024 4589 reliqua
3058 4519 3300 4590 ejusdem
3338 4521 3476 4577 scri-

1884 4627 2054 4690 pturae
2079 4617 2207 4690 Cyri
2231 4615 2373 4687 regis
2400 4633 2413 4668 :

182 4706 547 4809 etiam-regna
574 4745 734 4792 terrae
759 4738 941 4792 omnia
964 4738 1035 4806 in,
1044 4745 1310 4808 potestate
1360 4706 1563 4795 habere
1584 4706 1781 4795 etcui-
1804 4706 1858 4767 D
1955 4735 2022 4789 Et
2051 4750 2228 4789 omnes
2250 4730 2435 4803 reliqui
2454 4732 2512 4785 in
2533 4729 2733 4784 cunctis
2757 4727 2884 4783 locis
2919 4727 3212 4798 ubicunque
3235 4728 3473 4784 habitant

182 4845 404 4899 cunque
428 4829 587 4885 vellet
612 4830 743 4886 dare
768 4845 930 4900 posse
958 4832 1228 4903 cognovit,
1261 4831 1356 4887 sed
1386 4832 1564 4888 minus
1588 4848 1777 4889 verum

185 4922 402 4977 videtur
433 4935 651 4988 sonare,
676 4921 821 4992 quod
856 4922 956 4977 sibi
979 4922 1163 4978 omnia
1204 4937 1372 4995 regna
1412 4932 1572 4979 terra:
1611 4925 1679 4980 ab
1712 4941 1779 4981 eo

186 5012 390 5066 tradita
417 5012 567 5077 dicit,
616 5013 719 5067 nisi
762 5012 904 5069 forte
945 5014 1352 5085 intelligendum
1395 5025 1479 5071 est
1518 5018 1662 5087 quod
1714 5033 1779 5073 eo

189 5118 435 5178 tempore
463 5123 570 5177 quo
595 5108 711 5163 haec
733 5107 950 5178 scripsit
976 5109 1182 5163 nullum
1208 5107 1311 5163 sibi
1336 5123 1561 5179 regnum
1589 5110 1780 5166 adver-

188 5202 397 5256 sarium
441 5200 711 5267 habuerit,
741 5201 823 5255 vel
854 5210 1002 5256 certe
1045 5201 1248 5255 victore
1300 5200 1581 5256 destructo
1627 5210 1790 5271 atque

188 5296 458 5350 exhausto
491 5303 603 5348 tam
632 5294 855 5349 robusto
880 5302 1137 5364 tanquam
1162 5291 1387 5363 antiquo
1413 5292 1789 5349 Chaldaeorum

192 5377 445 5461 imperio,
480 5386 686 5443 nullum
714 5386 817 5442 sibi
861 5400 1090 5457 regnum
1118 5384 1173 5440 in
1202 5392 1315 5440 toto
1357 5385 1492 5441 orbe
1532 5385 1790 5442 resistere

190 5497 350 5553 posse
379 5480 689 5537 crediderit.
720 5478 1002 5535 Veraciter
1027 5485 1209 5534 autem
1234 5479 1323 5534 hic
1366 5494 1545 5535 sermo
1592 5493 1789 5536 conve-

196 5577 273 5630 nit
303 5572 573 5643 majestati
602 5572 720 5642 ejus
747 5573 840 5645 qui
869 5574 1006 5629 dixit
1035 5587 1050 5627 :
1079 5573 1222 5627 Data
1243 5582 1319 5627 est
1342 5573 1469 5627 mihi
1501 5572 1667 5626 omnis
1692 5589 1786 5644 po-

197 5676 354 5721 testas
381 5666 437 5719 in
465 5664 591 5719 cwlo
622 5674 670 5719 et
700 5666 756 5719 in
796 5674 936 5718 terra
979 5663 1202 5737 (Matth.
1253 5662 1480 5733 xxvm).
1532 5661 1789 5733 Sequitur

200 5760 385 5815 eadem
422 5760 690 5829 scriptura
721 5758 847 5829 Cyri
875 5776 888 5811 :
919 5757 1049 5824 Quis
1084 5766 1159 5813 est
1197 5760 1251 5812 in
1280 5757 1421 5812 vobis
1444 5758 1508 5813 de
1548 5758 1786 5812 universo

202 5852 391 5924 populo
413 5853 568 5924 ejus?
591 5850 670 5908 Sit
701 5851 843 5908 Deus
867 5851 1012 5906 illius
1033 5868 1150 5905 cum
1183 5852 1294 5921 ipso
1315 5861 1362 5906 et
1389 5848 1635 5905 ascendat
1660 5848 1710 5901 Η
1716 5849 1789 5902 ie-

208 5945 432 6001 rusalem
467 5961 586 6017 qua:
611 5954 685 6000 est
714 5946 770 6000 in
805 5942 1021 6012 Judwa,
1070 5954 1117 5999 et
1174 5943 1393 6011 wdiﬁcet
1437 5943 1648 5996 domum
1690 5939 1788 5996 Dei

1884 4828 2131 4898 adjuvent
2158 4841 2277 4880 eum
2305 4823 2404 4879 viri
2425 4823 2489 4877 de
2521 4822 2635 4876 loco
2663 4838 2780 4888 suo,
2814 4829 3027 4891 argento
3057 4828 3104 4875 et
3128 4837 3259 4874 auro
3287 4829 3333 4873 ει
3362 4819 3477 4872 sub-

1884 4919 2075 4974 stantia
2103 4927 2147 4971 et
2177 4914 2471 4986 pecoribus,
2496 4922 2706 4983 excepto
2732 4911 2871 4983 quod
2918 4909 3209 4965 voluntarie
3251 4910 3471 4979 o/ferent

1883 5012 1937 5065 in
1966 5020 2155 5079 temp.o
2180 5006 2302 5072 Dei,
2341 5004 2482 5076 quod
2512 5013 2586 5059 est
2617 5005 2675 5056 in
2718 5000 3049 5056 Hierusalem
3098 4998 3161 5072 (1
3196 4999 3358 5054 Esdr.
3394 4999 3473 5071 ι).

1884 5102 2131 5158 Notanda
2169 5100 2445 5156 distinctio
2472 5098 2786 5161 verborum,
2810 5095 2937 5164 quia
2978 5091 3230 5149 omnibus
3284 5092 3477 5150 solutis

1892 5196 1960 5252 ab
1988 5194 2183 5264 injuria
2212 5191 2542 5264 captivitatis
2569 5189 2713 5244 dedit
2744 5187 3058 5242 facultatem
3097 5200 3214 5253 rex,
3244 5194 3306 5241 ut
3358 5188 3478 5256 quin

1892 5300 2106 5356 cunque
2159 5284 2322 5339 vellet
2378 5283 2446 5337 ad
2502 5279 2878 5335 aediﬁcandum
2931 5275 3188 5349 templum
3247 5276 3476 5335 Domino

1890 5378 2025 5433 duce
2048 5375 2381 5438 ascenderet,
2419 5387 2526 5427 non
2563 5378 2743 5425 tamen
2794 5383 2981 5424 omnes
3028 5367 3153 5425 illuc
3186 5370 3477 5426 ascendere

1882 5470 2065 5540 jussit.
2097 5469 2199 5537 Qui
2227 5467 2372 5521 enim
2401 5473 2585 5521 essent
2613 5464 2679 5519 de
2713 5463 2902 5518 eodem
2943 5462 3139 5534 pepulo
3185 5464 3302 5529 Dei,
3340 5478 3477 5533 quos

1888 5565 2011 5637 plus
2038 5562 2158 5618 aliis
2178 5561 2481 5632 quibusque
2506 5558 2558 5612 in
2590 5556 2723 5613 locis
2744 5555 2995 5611 libertate
3021 5556 3219 5611 donata
3253 5555 3331 5610 uti
3382 5556 3476 5611 de-

1890 5658 2136 5721 lectaret,
2162 5654 2268 5708 hoc
2294 5648 2711 5706 ascendentibus
2738 5646 2938 5703 auxilio
2964 5661 3085 5703 esse
3113 5646 3181 5700 de
3215 5660 3312 5700 suo
3343 5659 3477 5714 quo-

1890 5764 1996 5821 que
2020 5749 2140 5803 loco
2166 5744 2441 5817 praecepit,
2470 5742 2594 5799 data
2623 5739 2829 5797 scilicet
2857 5739 2962 5796 illis
2994 5740 3049 5792 in
3092 5737 3477 5793 necessitatem

1892 5849 2003 5895 tam
2034 5838 2179 5909 longi
2226 5835 2437 5891 itineris
2483 5833 2713 5905 pecunia
2766 5832 2879 5887 sive
2912 5830 3218 5902 pecoribus.
3276 5827 3383 5882 Sed
3420 5822 3489 5883 ct~

1894 5933 1998 5988 alia
2029 5931 2135 5988 illis
2169 5929 2309 5985 dona
2336 5943 2430 5985 eos
2452 5927 2581 5983 dare
2610 5935 2666 5982 et
2701 5924 3081 5982 commendare
3120 5919 3471 5985 desideravit,
