3920 6538
1145 464 1206 520 B.
1247 463 1502 520 RABANI
1533 463 1760 522 nsum
1795 462 2116 522 ARCHIEP.
2155 459 2470 518 uocum.
2509 459 2816 520 oratum
2851 461 3034 520 rans
3068 441 3134 520 i.’
3653 471 3726 528 ει.

485 600 610 660 quae
637 581 728 640 illo
757 582 1135 655 pervenientes
1169 579 1226 636 in
1261 579 1520 650 templum
1537 579 1754 634 Domini
1790 594 1894 650 pro
1943 594 2060 634 me~
2086 585 2136 647 Α
2163 576 2328 650 gitate
2369 575 2662 643 subveniri,
2691 583 2753 632 ut
2790 561 2954 633 etiam
2993 577 3094 649 ipsi
3147 575 3372 636 divites

486 679 662 740 moria
697 674 1026 732 mittentinm
1051 671 1248 730 atl‘erre
1280 671 1564 728 deberent.
1605 672 1806 729 Omnes
1840 687 1972 744 ergo
1997 672 2068 727 de
2171 665 2412 736 ejusdem
2431 669 2642 739 possint
2660 681 2781 724 esse
2803 678 3101 726 consortes.
3151 668 3221 725 In
3280 683 3520 740 quorum
3554 687 3725 742 pergo.

486 768 798 842 captivitate
827 765 1122 840 Babylonia
1155 764 1373 820 liberati
1411 771 1566 832 sunt,
1607 779 1804 820 crimes
1843 761 2069 835 pictatis

2173 758 2304 815 dicit
2330 758 2463 816 Gaio
2489 759 2726 816 Joannes
2757 756 2906 814 :Pro
2951 761 3166 816 nomine
3213 761 3376 816 enim
3420 761 3534 833 ejus
3563 767 3724 836 profecti

489 861 698 922 actibus
722 867 853 914 sunt
879 857 1070 926 dediti,
1095 857 1196 914 sed
1209 857 1566 927 perfectiores
1591 857 1666 913 ad
1691 858 2071 914 aediﬁcandum
2171 865 2292 912 sunt
2315 855 2443 910 nihil
2469 856 2778 925 accipientes
2811 871 2844 909 a
2873 855 3140 926 gentibus.
3185 854 3318 910 Nos
3377 872 3503 926 ergo
3549 858 3726 920 deum

489 949 717 1007 Domino
743 947 1003 1018 templum
1033 947 1410 1014 ascenderunt,
1444 947 1624 1003 cmteri
1651 963 1744 1004 eos
1769 946 1862 1018 qui
1879 963 2074 1004 ascen-

488 1043 678 1100 derant
690 1042 1032 1114 adjuvarunt,
1061 1040 1187 1112 quia
1207 1041 1312 1097 etsi
1333 1057 1522 1097 omnes
1535 1043 1694 1113 eiecti
1715 1043 1784 1099 de
1801 1051 2075 1114 peteatate

492 1133 838 1188 tenebrarum
883 1131 1028 1186 eruti
1066 1131 1136 1185 ad
1165 1131 1472 1188 libertatem
1507 1133 1844 1204 pertinerent
1891 1134 2078 1207 glorias

493 1225 724 1281 ﬁliorum
753 1225 870 1291 Dei,
904 1239 1092 1282 omnes
1111 1225 1184 1280 ad
1219 1224 1534 1281 societatem
1579 1235 1777 1282 sanctae
1813 1227 2075 1296 civitatis,

493 1317 668 1384 idest,
700 1316 953 1374 Ecclesia
975 1318 1401 1373 seannumerari
1432 1317 1701 1384 lmtaatur,
1743 1334 1854 1374 non
1896 1328 2078 1378 tamen

493 1408 758 1474 omnium,
779 1408 873 1464 sed
897 1405 1264 1478 perfectorum
1287 1407 1622 1464 solummodo
1653 1417 1738 1464 est
1765 1410 1818 1464 in
1841 1409 2080 1467 aedifica.

500 1500 644 1554 tione
681 1499 922 1570 cjusdem
943 1498 1200 1554 Ecclesiae
1217 1497 1384 1554 etiam
1411 1500 1534 1556 aliis
1550 1500 1896 1571 praedicando
1931 1501 2083 1558 labe-

497 1604 636 1644 rare.
675 1589 825 1646 Unde
856 1589 991 1645 tales
1017 1605 1134 1662 pra:
1153 1591 1362 1646 caeteris
1381 1590 1629 1654 ﬁdelibus
1650 1592 1854 1663 duplici
1879 1593 2084 1654 bonane

499 1682 568 1736 ab
597 1681 855 1752 Apostolo
875 1681 1020 1753 digni
1056 1696 1182 1738 esse
1219 1691 1532 1747 censentur,
1581 1684 1724 1739 sicut
1759 1692 1817 1741 et
1843 1684 2085 1756 Angelus

499 1769 706 1826 Danieli
732 1791 747 1824 :
776 1771 879 1838 Qui
915 1772 1058 1826 docti
1100 1772 1321 1843 fuerint,
1357 1773 1558 1842 inquit,
1606 1773 1882 1845 [κίμβικα
1931 1777 2086 1848 quasi

497 1863 741 1934 splendor
780 1864 1120 1934 ﬁrmamenti,
1163 1874 1214 1920 et
1265 1866 1356 1937 qui
1401 1865 1478 1920 ad
1519 1866 1791 1937 justitiam
1833 1869 2086 1926 erudiunt

2174 948 2432 1019 suscimre
2472 947 2798 1018 hujusmodi,
2841 957 2897 1003 ut
2929 956 3319 1020 cooperatores
3369 948 3534 1004 sinus
3564 952 3724 1010 mirati

2176 1033 2370 1108 (Joan.
2397 1039 2510 1108 Ill).
2563 1037 2924 1106 Quamobrem
2971 1045 3113 1094 nunc
3165 1038 3417 1105 dicitur,
3467 1041 3655 1108 quodhi
3671 1047 3727 1113 qui

2177 1127 2540 1184 ascendebant
2575 1129 2640 1183 ad
2677 1127 3048 1184 aediﬁcandum
3095 1130 3342 1186 domum
3385 1129 3591 1186 Domini
3625 1132 3725 1206 adju-

2178 1219 2294 1273 vari
2325 1218 2582 1276 deberent
2611 1219 2895 1290 largitione
2923 1221 3301 1292 pecuniarum
3339 1221 3416 1276 ab
3455 1223 3726 1292 amicissis,

2179 1308 2480 1380 ubicunque
2505 1311 2832 1378 habitarent,
2859 1312 2914 1368 id
2941 1321 3045 1380 est,
3073 1317 3198 1368 sive
3225 1313 3289 1368 in
3318 1311 3587 1381 Chaldaca,
3609 1317 3726 1372 seuit

2181 1401 2302 1457 aliis
2325 1401 2478 1468 locis,
2510 1402 2564 1457 in
2593 1418 2714 1474 quae
2744 1404 2820 1460 ob
2856 1413 3060 1460 metum
3101 1405 3500 1476 profugissem
3530 1406 3726 1462 Cbaldes

2184 1513 2326 1553 rum.
2383 1498 2620 1568 Excepto
2644 1537 2660 1566 ,
2713 1499 2928 1570 inquit,
2974 1501 3118 1569 quod
3185 1499 3515 1556 voluntarie
3557 1498 3724 1556 otism

2182 1589 2386 1660 templo
2408 1590 2526 1653 Dei,
2558 1590 2702 1661 quod
2719 1598 2806 1646 est.
2831 1593 2886 1646 in
2907 1590 3290 1660 Hierusalem,
3317 1592 3452 1663 quia
3471 1601 3726 1662 opm-tetes

2183 1681 2274 1752 qui
2300 1681 2685 1752 temporalibus
2713 1683 2990 1740 abundant
3031 1685 3274 1750 divitiis,
3341 1699 3458 1739 non
3503 1684 3648 1739 solum
3683 1699 3723 1739 ex

2185 1773 2270 1828 his
2297 1773 2631 1845 pauperibus
2659 1774 2866 1831 Christi
2893 1777 3210 1834 necessaria
3245 1776 3582 1844 ministrare,
3599 1791 3723 1832 vetui

2185 1863 2352 1918 etiam
2379 1865 2524 1934 ipsos
2545 1865 2704 1940 bona,
2729 1883 2848 1938 quae
2865 1876 3113 1940 possunt,
3135 1884 3260 1942 pro
3307 1883 3372 1925 se
3411 1867 3621 1924 libenter
3647 1883 3726 1938 ope-

500 1956 710 2022 multos,
725 1957 876 2028 quasi
887 1956 1051 2012 stella:
1065 1957 1405 2028 inperpetuas
1417 1959 1740 2015 aeternitate:
1762 1959 1784 2032 .(
1797 1959 1936 2016 Dan.
1955 1959 2085 2032 ιιι).
2111 1952 2164 2016 Β
2193 1955 2320 2024 rari,
2347 1965 2615 2027 quatenus
2641 1958 2834 2016 horum
2861 1961 3055 2016 merito
3096 1960 3262 2016 velut
3304 1959 3593 2017 oblationis
3619 1975 3725 2028 spot-

503 2049 604 2117 Qui
625 2051 882 2106 nimirum
902 2051 1215 2108 eruditores
1241 2051 1556 2118 multorum,
1585 2069 1694 2122 quo
1735 2053 1910 2124 magis
1957 2068 2088 2114 suos

2191 2055 2362 2104 taneae
2382 2056 2436 2103 et
2463 2049 2563 2120 ipsi
2589 2051 2646 2106 in
2675 2051 2880 2123 templo
2912 2052 3032 2121 Dei,
3061 2053 3219 2124 quod
3245 2059 3340 2110 est
3366 2049 3616 2116 Ecclesia.
3646 2064 3724 2120 μι-

510 2139 784 2196 auditores
813 2141 881 2194 ad
913 2141 1146 2198 caalestia
1183 2143 1472 2212 qumrenda
1522 2152 1607 2198 ac’
1631 2142 1900 2214 diligenda
1931 2143 2093 2200 insti-
2193 2150 2300 2198 tem
2330 2153 2642 2200 mereantur
2669 2145 2886 2200 habere.

501 2241 686 2299 tuunt,
707 2248 772 2288 eo
789 2233 967 2288 minus
991 2233 1089 2305 ipsi
1111 2249 1210 2305 pro
1235 2235 1465 2290 terrenis
1475 2234 1825 2304 acquirendis
1838 2235 1951 2291 sive
1966 2250 2087 2306 pos.

503 2321 745 2378 sidendis
772 2338 959 2378 curam
981 2332 1204 2395 gerunt;
1235 2326 1345 2380 imo
1365 2325 1529 2380 etiam
1561 2326 1860 2396 saepissime
1881 2335 2090 2399 temp.

503 2415 636 2470 ralia
676 2415 792 2485 jam
835 2417 1101 2487 acquisita
1142 2433 1242 2489 pro
1267 2428 1704 2488 speaaternorum
1759 2419 2086 2491 relinquunt.

508 2504 659 2562 Unde
684 2522 907 2563 necesse
929 2516 1011 2564 est
1031 2524 1222 2564 eorum
1245 2511 1460 2581 inopiae,
1485 2519 1546 2566 ut
1577 2513 1648 2567 ad
1690 2513 2090 2582 pradicath-

504 2599 825 2669 subsistaat,
846 2599 1134 2671 ditiorum,
1167 2603 1262 2673 qui
1289 2604 1591 2674 praedicare
1642 2613 1937 2675 nequeunt,
1978 2605 2092 2661 lar-

513 2747 1714 2778 Wu-

2189 2256 2422 2330 Explicit
2446 2257 2601 2314 Liber
2621 2275 2700 2330 WA
2721 2257 3238 2330 Commentariorum
3281 2255 3495 2312 Ruﬁoni
3529 2254 3670 2311 ιι.ιὶ
3687 2254 3720 2306 ἐι

2617 2327 2855 2384 uolumen
2886 2329 3372 2401 Paralipomenon.

2259 2415 2448 2476 Finito
2471 2417 2614 2476 libro
2641 2419 2712 2476 sit
2735 2419 2852 2475 laus
2873 2427 2927 2475 et
2947 2420 3120 2491 gloria
3141 2419 3403 2484 Christo,

2267 2512 2530 2598 Omnibus
2560 2515 2786 2586 inceptis
2815 2523 3120 2585 postremos
3161 2515 3385 2572 cernite
3421 2527 3587 2576 casm,

2267 2604 2616 2682 Omnipotens
2641 2622 2830 2664 omnes
2852 2615 3033 2666 servet
3055 2607 3205 2664 Deus
3226 2607 3329 2664 hic
3347 2605 3644 2662 habitantes.

1083 2899 1662 3014 ΒΕΔἮ
1728 2897 2089 3014 ΒΔΕ

2189 2898 2482 3012 IN!
2553 2875 3170 3038 nillil“

1239 3107 1624 3169 FULDENSIS
1659 3107 1950 3168 ABBATIS
1981 3107 2079 3166 ET
2116 3108 2499 3168 MOGUNTINI
2535 3110 3056 3175 AWIEPISCOPI

903 3287 1747 3425 EXPOSITIO
1839 3287 2004 3417 IN
2095 3289 2704 3426 LIBRUM
2785 3296 3431 3430 JUDITH.

1889 3501 2158 3589 (anno
2207 3503 2396 3592 est.)

1533 3657 2030 3746 EPISTULA
2077 3658 2782 3748 DEDIGA’I‘OBIA

1756 3816 1850 3874 ΔΙ)
1883 3813 2130 3876 1111311ῑῖ
2165 3811 2571 3878 AUGUSTAM.

1497 3947 1726 4018 (Malim,
1748 3949 1964 4002 Annales
1979 3947 2070 4002 SS.
2091 3947 2278 4000 ordilh
2293 3950 2455 4000 meti
2467 3943 2772 4020 Benedicti.)

591 4158 1054 4229 Dominaelectaa,
1069 4168 1132 4218 et
1146 4161 1344 4220 metito
1369 4163 1813 4236 mgnaepietatis
1829 4167 1901 4224 ab
1918 4166 2098 4224 omni-
2123 4168 2170 4232 C
2202 4164 2388 4237 gorico
2423 4175 2582 4220 sensu
2603 4156 2673 4216 ad
2715 4162 2918 4214 sanctae
2945 4153 3201 4214 Ecclesiae
3225 4155 3534 4231 mysterium
3549 4167 3575 4208 a
3593 4147 3695 4206 milia

511 4260 617 4314 bus
675 4254 996 4310 veneranda
1051 4261 1213 4326 atque
1271 4257 1534 4325 amandas,
1569 4256 1770 4315 Junrrn
1809 4258 2094 4332 Augustam,

515 4348 796 4417 Risimus,
820 4361 1107 4405 servorum
1141 4347 1238 4406 Dei
1255 4364 1476 4420 servus,
1513 4357 1771 4410 aeternam
1793 4354 1852 4411 in
1875 4354 2096 4414 Glirin

517 4441 741 4514 supplex
763 4447 920 4513 optat
941 4439 1193 4496 salutem;

587 4532 720 4588 Cum
743 4531 1008 4588 celsitudo
1029 4529 1418 4601 magnitudinis
1443 4519 1660 4600 vostra,
1679 4541 1846 4605 salue
1875 4535 2096 4607 largitio

519 4623 889 4694 benignitatis,
907 4639 1027 4693 qua:
1044 4638 1150 4677 non
1172 4621 1345 4688 solum
1371 4622 1584 4690 amicis,
1613 4625 1891 4682 sedetiam
1920 4627 2100 4684 inimi-

515 4716 613 4778 cis,
641 4715 708 4768 ab
731 4715 899 4784 ipsius
929 4713 1141 4769 Domini
1159 4729 1254 4768 ore
1294 4714 1580 4782 instructa,
1601 4717 1862 4786 prodesse
1888 4708 2094 4786 didicit,

519 4804 778 4875 plurimos
809 4801 974 4859 l‘aciat
998 4799 1099 4858 sibi
1123 4800 1373 4871 devotos;
1393 4820 1492 4860 nos
1518 4805 1682 4860 etiam
1708 4807 2099 4877 quantulacun-

516 4911 622 4964 que
645 4911 769 4966 pars
783 4893 956 4966 plebis
971 4911 1000 4949 a
1015 4892 1126 4949 Deo
1147 4892 1300 4951 vobis
1321 4895 1642 4962 commissa,
1667 4897 1767 4953 sub
1793 4898 1994 4969 pietate
2007 4914 2098 4956 ve-

515 4994 626 5041 stra
641 4985 918 5056 degentes,
934 4985 1182 5042 devotum
1199 4987 1503 5057 cogitamus
1516 4987 1666 5042 vobis
1679 4987 1934 5044 exhibere
1945 4991 2100 5048 obses

515 5079 722 5148 quium.
739 5078 839 5145 Qui
855 5077 978 5134 licet
993 5093 1098 5134 non
1113 5079 1281 5132 simus
1294 5093 1457 5133 censu
1471 5078 1834 5150 pretiosarum
1851 5095 2013 5150 opum
2025 5079 2098 5136 lo-

517 5171 773 5240 cupletes,
790 5179 967 5226 tamen
986 5170 1164 5226 studio
1179 5185 1459 5227 sacrarum
1471 5173 1776 5228 orationum
1795 5189 1898 5228 non
1913 5189 2098 5229 sumus

517 5261 738 5315 omnino
771 5261 944 5328 vacui,
984 5279 1120 5334 quas
1149 5263 1488 5319 incessanter
1522 5264 1761 5334 quotidie
1803 5279 1901 5334 pro
1926 5265 2095 5331 vobis,

517 5359 804 5420 vestroque
814 5349 1030 5409 domino
1045 5355 1200 5410 simul
1215 5373 1278 5410 ac
1294 5355 1476 5411 sobole
1488 5353 1763 5409 olierimus
1779 5373 1790 5408 :
1809 5355 2100 5424 deprecan-

519 5451 602 5497 tes
628 5444 860 5514 utipsius
889 5447 1028 5502 dono
1053 5449 1144 5502 diu
1169 5448 1254 5502 hic
1271 5447 1590 5514 incolumes,
1623 5447 1754 5502 etin
1786 5443 1965 5500 futura
1985 5446 2096 5501 vita

2203 4255 2541 4321 translatam,
2562 4259 2748 4307 vestro
2764 4247 2971 4307 nomini
2992 4249 3176 4306 dicare
3201 4257 3368 4322 atque
3391 4243 3690 4304 transmittunt

2197 4342 2383 4404 Iudith
2424 4343 2688 4409 videlicet,
2721 4349 2882 4412 atque
2916 4339 3112 4396 Esther
3144 4360 3158 4397 :
3196 4355 3428 4412 quarum
3471 4350 3604 4393 unam
3631 4347 3690 4386 αν

2195 4437 2425 4511 aequatis
2447 4435 2687 4503 nomine,
2723 4434 2950 4490 alteram
2973 4434 3256 4506 dignitate.
3289 4435 3415 4503 Quae
3438 4427 3613 4502 quidem

2196 4507 2407 4600 insigne
2431 4525 2686 4584 meritum
2711 4523 2951 4590 virtutis,
2993 4529 3104 4578 tam
3127 4521 3286 4590 viris,
3318 4535 3469 4592 quam
3489 4515 3617 4572 etiam

2197 4599 2360 4675 minis
2386 4625 2512 4676 sunt
2537 4611 2848 4683 imitabiles,
2880 4630 2946 4672 eo
2968 4616 3114 4690 quod
3142 4614 3409 4686 spiritales
3435 4612 3590 4666 hostes
3607 4599 3685 4660 ani

2197 4713 2271 4768 mi
2297 4711 2505 4784 vigore,
2531 4717 2587 4766 et
2611 4704 2922 4781 corporales
2949 4709 3155 4765 consilii
3181 4707 3482 4765 maturitate
3497 4699 3682 4757 vicerunt

2199 4801 2292 4859 Sic
2324 4810 2380 4858 et
2419 4811 2602 4859 vestra
2627 4818 2772 4858 nunc
2813 4801 3104 4858 laudabilis
3147 4799 3446 4874 prudentia,
3482 4808 3582 4866 qua:
3607 4788 3682 4860 l‘“

2197 4897 2382 4952 hostes
2428 4911 2554 4952 suos
2576 4910 2682 4950 non
2707 4909 2874 4967 parva
2911 4908 2979 4950 ex
3001 4903 3163 4966 parte
3201 4893 3420 4960 vicerat,
3449 4888 3489 4944 si
3515 4886 3559 4940 in

2199 4997 2376 5060 coepto
2397 5003 2744 5059 perseverare
2771 4996 2936 5060 atque
2965 4988 3310 5060 semetipsam
3339 4995 3532 5054 semper
3550 4971 3676 5031 melio-

2199 5098 2324 5138 rare
2365 5082 2726 5148 contenderit,
2757 5089 2983 5138 cunctos
3007 5083 3346 5140 adversarios
3373 5092 3484 5136 suos
3520 5065 3675 5126 idid“

2200 5169 2494 5243 superabit.
2526 5171 2717 5227 Adhuc
2757 5187 2887 5241 ergo
2913 5171 2978 5226 in'
3000 5187 3171 5242 agone
3197 5167 3494 5232 consistitis,
3529 5173 3579 5215 ac
3599 5153 3677 5210 id“

2200 5279 2420 5321 necesse
2445 5273 2528 5320 est
2551 5263 2794 5318 divinum
2821 5263 3118 5336 implorare
3159 5264 3426 5327 auxilium,
3453 5263 3504 5312 ut
3523 5249 3671 5322 quis”

2201 5355 2460 5428 sanguine
2507 5361 2738 5411 mortem
2763 5355 2988 5422 vicerat,
3026 5355 3320 5426 mortisque
3355 5355 3583 5410 auctorem

2199 5423 2518 5516 ptivaverat,
2559 5441 2616 5499 in
2661 5445 2958 5500 certamine
3003 5445 3158 5502 istius
3187 5445 3364 5502 mundi
3387 5449 3540 5496 veram
3570 5423 3667 5516 τοδίξ

521 5505 732 5604 semper
758 5535 874 5590 sitis
895 5536 1079 5593 felices
1101 5546 1263 5608 atque
1285 5538 1597 5610 gaudentes.
1624 5535 1700 5591 De
1725 5547 1943 5602 cmtero,
1969 5536 2095 5607 quia
2122 5535 2175 5595 D
2199 5535 2478 5590 victoriam
2503 5535 2710 5606 pariat;
2742 5536 2926 5608 sicque
2955 5536 3222 5592 veraciter
3249 5505 3666 5610 triumphantes?"

519 5637 618 5680 vos
631 5629 865 5699 comperi
889 5625 1140 5686 laudabili
1159 5629 1424 5684 excellere
1443 5625 1686 5700 ingenio,
1709 5636 1762 5682 et
1786 5637 2094 5684 sanctarum

522 5715 807 5773 mulierum
848 5736 982 5789 quas
1020 5735 1172 5776 sacra
1213 5715 1500 5788 Scriptura
1548 5727 1953 5791 commemorat,
1983 5720 2095 5774 vir-

520 5811 666 5864 tutes
687 5825 750 5882 ac
793 5809 1024 5864 studium
1053 5811 1106 5864 in
1126 5807 1272 5865 bono
1303 5825 1467 5881 opere
1511 5806 1734 5876 imitari,
1765 5823 1870 5864 non
1899 5807 2095 5866 frustra

523 5901 818 5960 arbitratus
847 5915 964 5960 sum
993 5899 1347 5975 quarumdam
1380 5899 1592 5955 illarum
1629 5897 1940 5965 historiam,
1967 5899 2096 5958 alle-

2199 5637 2415 5683 aeternae
2453 5603 2806 5683 beatitudinis
2831 5603 3022 5698 gaudia
3054 5644 3149 5685 vos
3174 5624 3437 5700 pervenire
3463 5603 3658 5708 οοηοξίίίξξ

2199 5715 2442 5785 Accipite
2469 5731 2598 5789 ergo
2618 5715 2803 5772 Judith
2821 5697 3205 5790 homonymum
3229 5725 3458 5777 vestram,
3480 5697 3662 5762 ωειῑωυε

2199 5809 2492 5879 exemplar,
2518 5818 2573 5864 et
2595 5809 2906 5882 triumphali
2938 5807 3096 5866 laude
3119 5809 3382 5886 perpetuis
3398 5813 3495 5859 eam

2200 5900 2308 5962 niis
2355 5878 2662 5958 declarate:
2703 5878 2988 5976 ipsumque
3030 5878 3193 5982 sup-tu
3213 5878 3395 5959 "omnia
3424 5878 3655 5949 benedide
