3920 6510
559 466 666 524 545
1197 459 1259 513 Β.
1298 456 1552 545 RABAN!
1590 457 1811 515 MAURI
1845 457 2168 515 ARCHIEP.
2208 456 2516 515 MOGUNT.
2554 454 2839 513 OPERUM
2876 454 3057 512 PARS
3092 457 3133 512 l.
3674 456 3739 523 su

556 594 786 638 numero
830 584 885 633 et
912 576 1101 633 ordine
1150 589 1340 645 regum
1368 589 1477 629 non
1525 573 1795 629 habeatur
1825 572 2135 628 illustrium.
2167 578 2221 638 Α
2320 588 2340 622 ι
2377 569 2446 624 Et
2499 569 2616 640 ipse
2682 567 2969 624 aediﬁcavit
3028 569 3317 624 civitatem
3374 571 3737 647 potentissima}.

560 674 823 745 Equidem
852 685 919 725 eo
959 677 1200 739 tempore
1227 682 1335 737 quo
1365 665 1611 731 Azarias,
1645 667 1738 735 qui
1769 674 1826 721 et
1851 665 2013 722 Ozias
2039 680 2137 720 no-
2245 679 2263 712 ι
2302 675 2467 731 quam
2503 659 2793 731 appellavit
2818 658 3107 715 Ecbatanis
3137 674 3212 715 ex
3241 660 3515 730 lapidibus
3538 666 3740 732 quadratis

560 766 798 822 minatus
826 772 933 828 est,
974 773 1135 831 super
1160 760 1293 815 duas
1336 758 1510 814 tribus
1531 759 1585 813 in
1613 756 1916 814 Jerusalem
1941 771 2138 827 regna-
2245 772 2264 806 ‹
2302 762 2359 808 et
2401 752 2607 808 sectis:
2640 750 2769 807 fecit
2807 766 2991 807 muros
3021 751 3137 821 ejus
3162 752 3227 807 in
3283 751 3609 808 altitudinem
3648 760 3737 816 cum.

558 859 656 923 vit,
695 862 752 910 et
793 852 1082 910 Jerobo‘am
1114 851 1257 906 ﬁlius
1281 849 1417 905 Joah
1465 850 1608 921 regis
1643 849 1807 905 Israel
1862 864 2024 918 super
2046 848 2142 904 de-
2246 863 2265 897 ‹
2303 853 2482 901 torum
2506 844 2865 915 septuaginta,
2895 851 2949 898 et
2976 843 3333 900 latitudinem
3378 844 3653 902 cubitorum
3683 853 3739 905 tri-

559 962 677 1004 cem
705 945 880 1000 tribus
904 943 962 998 in
992 941 1240 997 Samaria
1268 947 1605 1013 regnaverat,
1630 955 1855 1010 regnum
1882 937 2138 1010 Assyrio-
2246 953 2264 986 ι
2300 935 2467 1005 ginta,
2491 942 2670 990 turres
2702 947 2830 989 vero
2860 931 2976 1003 ejus
3005 933 3190 1004 posuit
3216 933 3279 988 in
3315 932 3737 996 altitudinemwa

561 1054 681 1095 rum
700 1051 801 1109 per
818 1035 1081 1091 Arbatum
1104 1033 1460 1099 destructum,
1484 1039 1645 1103 atque
1672 1033 1729 1088 in
1758 1031 1940 1087 Medos
1965 1039 2143 1087 trans-
2245 1044 2265 1078 ι
2304 1034 2481 1081 torum
2505 1033 2744 1081 centum.
2787 1043 2808 1078 ι
2850 1024 3140 1081 Ecbatanis
3166 1023 3371 1080 Medias
3408 1028 3739 1096 provinciam:-

559 1130 727 1185 latum
757 1134 862 1192 est,
890 1132 947 1181 et
964 1124 1188 1179 interim
1233 1124 1351 1179 sine
1384 1122 1721 1193 principibus
1744 1137 1831 1177 res
1857 1122 2138 1194 agebatur,
2242 1117 2466 1189 tropolis
2501 1125 2603 1183 est,
2657 1132 2820 1187 quam
2861 1117 3108 1189 superius
3138 1116 3390 1173 diximus
3437 1133 3471 1171 a
3496 1118 3658 1190 Dejoco
3680 1122 3740 1179 lie-

560 1236 733 1292 usque
761 1217 1020 1289 Dejoeum
1048 1231 1252 1288 regem,
1294 1216 1387 1285 qui
1416 1215 1707 1270 Ecbatanis
1735 1214 1976 1270 condidit
2005 1214 2139 1269 civi-
2241 1209 2433 1265 dorum
2461 1224 2587 1281 rege
2612 1209 2908 1281 conditam,
2935 1208 3031 1264 sed
3051 1208 3178 1279 quia
3202 1208 3375 1264 modo
3398 1225 3616 1280 praesens
3636 1213 3739 1269 hiate

564 1320 730 1365 tatem
756 1327 771 1375 ;
802 1310 859 1364 in
905 1306 1083 1363 medio
1133 1314 1315 1361 autem
1364 1314 1625 1377 tempore,
1657 1304 1893 1360 Chaldaei
1924 1305 2141 1376 proprie
2240 1300 2321 1355 ria
2354 1301 2674 1357 aedificatam
2705 1318 2825 1359 esse
2846 1304 2914 1359 ab
2935 1302 3233 1374 Arphaxad
3253 1304 3534 1360 civitatem
3562 1310 3739 1376 potentis-

561 1399 926 1471 praevalebant
952 1415 966 1464 ;
998 1412 1225 1468 quorum
1247 1404 1511 1466 separatae
1541 1396 1786 1466 quaadam
1812 1410 1999 1466 regum
2020 1411 2140 1452 suc-
2241 1395 2436 1451 simam
2455 1411 2734 1452 murorum
2754 1396 2921 1452 nimia
2935 1396 3261 1452 celsitudine
3276 1405 3444 1467 atque
3463 1399 3736 1468 amphtudine,

563 1491 862 1557 sessiones,
900 1496 962 1544 ut
1009 1502 1169 1557 supra
1207 1487 1410 1543 dictum
1460 1495 1564 1552 est,
1605 1486 1872 1542 feruntur.
1902 1486 2141 1557 Denique
2241 1488 2473 1543 turrium
2504 1488 2786 1544 altitudine
2817 1496 3024 1555 narrat,
3068 1503 3373 1560 possumus
3395 1502 3514 1543 eam
3535 1490 3738 1561 intelligere

558 1580 1121 1655 'Fhelgathphalnasar
1154 1587 1211 1633 et
1263 1576 1610 1634 Salmanasar
1669 1586 1725 1632 et
1773 1576 2141 1633 Sennacberib
2241 1594 2273 1634 a
2299 1577 2496 1648 Dejoco
2532 1578 2787 1650 primitus
2824 1579 3117 1646 conditam,
3159 1579 3266 1635 sed
3290 1579 3363 1634 ab
3394 1578 3647 1648 Arphaxad
3675 1598 3737 1635 aa
3796 1592 3797 1631 l

563 1693 720 1748 reges
740 1676 1110 1748 Assyriorum,
1138 1682 1343 1729 terram
1376 1673 1741 1728 lsraelitarum
1770 1672 1964 1728 iisdem
2001 1679 2144 1729 tem-
2240 1670 2571 1742 plificatam;
2609 1671 2750 1727 sicut
2779 1679 2834 1726 et
2858 1670 3125 1741 Jesephus
3160 1679 3367 1725 narrat
3409 1670 3647 1725 Danielem
3672 1687 3739 1740 pm

562 1768 785 1838 poribus
810 1774 1078 1831 vastasse,
1133 1772 1295 1835 atque
1323 1778 1418 1820 eos
1443 1764 1498 1846 in
1524 1763 1898 1835 captivitatem
1923 1762 2144 1818 duxisse
2240 1763 2459 1833 phetam
2489 1762 2589 1819 sub
2636 1762 2802 1817 Dario
2861 1777 2985 1832 rege
3035 1762 3090 1817 in
3133 1762 3339 1816 eadem
3388 1759 3591 1817 civitate
3623 1760 3735 1816 liciti:

563 1861 966 1939 describuntur,
999 1866 1290 1929 antequam
1335 1856 1570 1927 Dejocus
1595 1856 1652 1911 in
1680 1855 1856 1913 Media
1884 1855 2138 1925 regnarit.
2242 1851 2590 1908 mausolmum
2627 1852 2782 1908 valde
2836 1852 3161 1922 praeclarum
3199 1859 3262 1907 et
3310 1850 3613 1906 mirabiliter
3645 1852 3738 1904 nimis

564 1950 760 2006 Noster
795 1959 979 2006 autem
1010 1949 1505 2006 Nabuchodonosor
1529 1947 1921 2019 Jerosolymam
1963 1954 2142 2002 vasta-
2168 1949 2217 2010 Β
2244 1941 2585 2008 instruxisse,
2625 1943 2770 2012 quod
2802 1943 3075 2013 equidem,
3105 1948 3169 1996 ut
3208 1942 3335 2013 ipse
3364 1941 3511 2007 dicit,
3535 1941 3733 1995 manetis-

565 2043 661 2097 vit.
695 2042 901 2098 Tamen
924 2041 1229 2112 aliquorum
1278 2055 1467 2110 regum
1493 2039 1769 2096 Medorum
1799 2039 1941 2094 inter
1973 2037 2145 2094 Arba-
2248 2040 2460 2099 etenus,
2512 2030 2817 2088 videntibus
2866 2032 3106 2089 creditur
3147 2032 3361 2087 mirum
3386 2032 3677 2095 aediﬁcatum,
3698 2033 3735 2085 in

566 2144 678 2190 tum
704 2142 758 2190 et
784 2134 1039 2205 Dejoeum
1068 2134 1124 2188 in
1178 2131 1460 2189 Cbronicis
1488 2131 1797 2186 introducta
1847 2129 2146 2199 reperimus
2244 2131 2393 2178 utea
2433 2122 2521 2179 die
2545 2138 2652 2193 qua
2681 2124 3011 2195 conSpicitur
3040 2130 3269 2195 putetur
3294 2131 3420 2179 esSe
3443 2132 3730 2185 constructum.
3796 2116 3797 2121 “

564 2227 802 2293 nomina,
855 2225 945 2282 ubi
995 2224 1228 2281 refertur
1277 2225 1422 2295 quod
1470 2230 1595 2295 post
1641 2222 1907 2278 Arbatum
1952 2220 2146 2291 viginti
2247 2213 2326 2268 sic
2360 2214 2410 2268 ei
2436 2213 2784 2283 pulchritudo
2808 2228 2951 2269 nova
2984 2214 3202 2269 videtur
3235 2222 3295 2267 et
3343 2212 3529 2279 solida,
3572 2212 3734 2280 nullaque

563 2327 685 2375 octo
714 2318 871 2374 annis
900 2325 1241 2388 regnantem,
1299 2316 1569 2372 secundus
1607 2314 1897 2370 Sosarinus
1948 2313 2006 2367 in
2029 2312 2144 2369 Me-
2249 2312 2527 2361 senectute
2552 2314 2664 2361 tam
2689 2305 2872 2377 magni
2910 2305 3170 2376 temporis
3207 2303 3546 2377 longaevitate
3562 2301 3731 2359 confecta.

565 2413 649 2467 dis
679 2411 901 2482 triginta
925 2410 1083 2466 annis
1108 2409 1437 2480 regnaverit.
1470 2406 1602 2463 Post
1637 2420 1799 2476 quem
1827 2404 2014 2460 Medus
2038 2412 2148 2459 ter-
2250 2410 2373 2451 cum
2404 2394 2632 2451 aediﬁcia
2665 2396 2855 2451 eadem
2907 2410 3028 2466 qua:
3056 2395 3315 2451 homines
3363 2394 3625 2465 patiantur,
3647 2400 3681 2446 et
3699 2392 3733 2445 ad

567 2503 677 2557 tius
738 2501 896 2556 annis
945 2500 1337 2570 quadraginta;
1394 2505 1517 2569 post
1558 2499 1701 2553 hunc
1731 2502 1961 2567 quartus
2008 2493 2146 2551 Car-
2249 2495 2573 2542 vetustatem
2603 2487 2956 2558 perveniant,
3004 2494 3060 2542 et
3084 2502 3185 2541 sua
3233 2486 3544 2543 fortitudine
3572 2484 3732 2554 longaevi-
3796 2506 3797 2570 ἦ

567 2591 768 2646 duceas
796 2588 954 2644 annis
1002 2587 1302 2653 tredecim;
1331 2586 1524 2643 deinde
1550 2585 1778 2656 Dejocus
1812 2585 1971 2639 annis
1993 2584 2152 2656 quin-
2252 2585 2365 2633 tate
2403 2586 2647 2645 careant,
2675 2593 2740 2635 ac
2777 2579 2985 2650 proprii
3034 2580 3255 2636 decoris
3311 2579 3582 2635 amissione
3603 2592 3731 2632 marte-

568 2682 825 2754 quaginta
875 2688 1148 2753 quatuor;
1179 2688 1301 2750 post
1352 2679 1607 2750 Dejoeum
1657 2686 1838 2734 autem
1885 2678 2151 2739 Phraates
2252 2676 2425 2725 seant.
2474 2668 2745 2726 Hactenus
2781 2671 2928 2726 enim
2974 2670 3316 2741 sepeliuntur
3350 2671 3425 2727 ibi
3456 2670 3733 2725 Medorumre-

568 2773 726 2827 annis
761 2772 952 2843 viginti
979 2772 1034 2827 in
1053 2779 1357 2827 memorata
1378 2778 1535 2842 gente
1557 2769 1827 2841 regnavit.
1851 2769 1980 2826 Post
2007 2771 2116 2826 hun

2253 2774 2347 2830 ges
2372 2766 2535 2830 atque
2563 2759 2873 2827 Persarum,
2915 2763 3123 2832 pariter
3163 2771 3223 2819 et
3261 2763 3588 2819 Parthorum.
3626 2762 3730 2815 Elui

568 2865 848 2934 Cyaxarus
884 2864 1000 2919 sive
1045 2862 1259 2918 Diocles
1308 2862 1464 2918 annis
1512 2862 1738 2933 triginta
1771 2861 2019 2929 duobus,
2057 2863 2150 2933 qui
2254 2850 2372 2906 11390
2402 2864 2533 2905 cum
2588 2852 2961 2917 ϐοωωίῑιίιιιΐ,
3016 2854 3277 2909 sacerdos
3304 2862 3390 2909 est
3434 2852 3732 2913 σιιιᾱῖὲοηιωιει

568 2956 809 3011 moriens
835 2955 1127 3026 imperium
1171 2954 1423 3027 Astyagis
1446 2969 1515 3011 ex
1540 2953 1652 3009 ﬁlia
1700 2971 1868 3026 regno
1896 2955 2116 3027 privavit

2051 2956 2150 3023 vix,
2254 2943 2358 2998 hoc
2380 2942 2443 2996 fit
2476 2956 2647 3011 usque
2683 2942 2751 2997 ad
2777 2956 3018 3012 praesens
3049 2950 3288 3014 tempus.
3324 2941 3598 3013 Sequitur:

569 3060 635 3099 ac
664 3060 890 3117 regnum
915 3044 1196 3101 Medorum
1221 3047 1277 3100 in
1299 3044 1493 3102 Persas
1516 3046 1790 3101 transtulit
1813 3054 1869 3101 et
1898 3047 1954 3102 iu
1980 3046 2154 3119 Bahy-
2333 3061 2351 3094 ί
2390 3042 2459 3097 Ει
2482 3043 2818 3114 gloriabatur
2841 3046 2998 3113 quasi
3021 3052 3218 3115 potens
3267 3046 3326 3100 in
3370 3042 3588 3114 potentia
3607 3040 3729 3094 exerat

570 3136 770 3191 Ioniam
793 3136 1046 3203 vastavit,
1078 3152 1143 3192 ac
1173 3151 1398 3208 regnum
1444 3136 1590 3201 illius
1614 3138 1832 3209 penitus
1858 3139 2147 3205 destruxit,
2261 3156 2280 3191 ς
2318 3146 2405 3193 tus
2446 3137 2550 3205 sui,
2578 3145 2633 3193 et
2664 3138 2720 3192 in
2745 3137 2915 3208 gloria
2972 3138 3368 3210 quadrigarum
3401 3150 3609 3193 suarum.
3637 3133 3726 3186 Anno

569 3228 900 3309 interﬁciens
946 3229 1221 3286 Baltassar
1276 3230 1598 3300 abnepotem
1652 3228 2151 3286 Nabuchodonosor
2264 3248 2284 3282 ι
2326 3230 2490 3302 igitur
2522 3229 2842 3287 duodecimo
2900 3231 3054 3303 regni
3090 3232 3174 3287 sui
3228 3231 3728 3287 Nahuchodonosorrei

569 3321 711 3394 regis
738 3320 1048 3394 Babylonis,
1077 3319 1300 3391 juvante
1324 3320 1428 3377 sibi
1462 3320 1647 3388 Dario,
1683 3331 1745 3376 ut
1772 3318 2039 3392 Josephus
2067 3329 2151 3376 te-
2170 3321 2226 3385 ‘C
2263 3344 2281 3377 ι
2325 3323 2689 3395 Assyriorum,
2719 3324 2812 3395 qui
2842 3325 3107 3396 regnabat
3156 3325 3216 3380 in
3236 3324 3430 3380 Ninivc
3471 3321 3645 3377 civitate
3664 3324 3725 3369 uit

522 3481 527 3486 '
569 3422 759 3477 statur,
790 3413 1095 3482 propinquo
1124 3427 1242 3478 suo,
1291 3410 1401 3467 lilio
1444 3412 1635 3482 utique
1678 3410 1950 3484 Astyagis,
1982 3426 2154 3467 annos
2261 3432 2280 3465 ι
2322 3431 2450 3486 gna,
2479 3415 2738 3487 pugnavit
2769 3423 2960 3470 contra
2985 3416 3308 3486 Arphaxad,
3358 3424 3413 3471 et
3448 3411 3726 3470 obtinuiteum

473 3570 481 3585 ν
567 3502 747 3565 aetatis
770 3508 1005 3563 habente
1049 3508 1333 3578 sexaginta
1361 3508 1515 3564 duos.
1543 3505 1672 3563 Haec
1696 3515 1876 3561 autem
1904 3505 2027 3560 ideo
2056 3517 2154 3575 po-
2260 3524 2280 3559 ι
2318 3506 2374 3561 in
2401 3521 2594 3577 campo
2630 3521 2847 3575 magno,
2873 3506 2967 3576 qui
2995 3507 3302 3578 appellatur
3338 3506 3515 3574 Ragau
3548 3497 3723 3558 circabr

569 3603 796 3668 suimus,
823 3609 883 3655 ut
910 3601 1081 3656 lector
1106 3601 1336 3671 diligens
1384 3600 1619 3672 aliquam
1659 3600 1911 3656 notitiam
1959 3613 2150 3669 regum
2262 3619 2280 3652 ι
2323 3600 2555 3671 phraten
2581 3608 2635 3654 et
2655 3599 2880 3670 Tigrim,
2908 3607 2965 3654 et
3006 3598 3273 3668 Jadason,
3314 3600 3371 3655 in
3420 3586 3723 3665 campoﬁrioch

568 3693 917 3763 Assyriorum
951 3701 1115 3763 atque
1141 3692 1419 3749 Medorum
1449 3692 1506 3748 in
1536 3693 1795 3764 praedicto
1833 3705 1997 3761 opere
2024 3691 2151 3746 bre-
2261 3710 2280 3743 ι
2328 3692 2471 3765 regis
2494 3691 2789 3748 Elieorum.
2822 3712 2842 3746 ι
2882 3690 2989 3748 Per
3018 3693 3242 3748 nomina
3294 3692 3523 3748 locorum
3558 3679 3720 3741 simule-

570 3785 712 3840 viter
736 3800 768 3838 a
796 3784 953 3841 nobis
978 3784 1316 3841 succinctam
1355 3784 1655 3852 inveniens,
1687 3784 1932 3856 paratius
1956 3782 2155 3856 agnitis
2256 3792 2514 3842 notantur
2562 3784 2827 3858 gentium,
2863 3786 2991 3858 quia
3034 3794 3090 3843 et
3124 3782 3495 3859 cosmographi
3529 3775 3723 3850 produnla

571 3889 759 3945 regum
793 3872 1227 3932 successionihus
1252 3876 1495 3933 historiae
1523 3877 1780 3946 indagare
1821 3876 1992 3947 possit
2013 3876 2153 3931 veri-
2255 3877 2478 3933 ﬂumine
2517 3876 2668 3946 Indo,
2709 3879 2853 3951 quod
2900 3886 2985 3935 est
3029 3880 3098 3934 ah
3128 3878 3372 3945 Oriente,
3420 3886 3566 3944 usque
3604 3866 3651 3921 ad
3669 3863 3721 3916 lb-

571 3978 760 4035 tatem,
786 3969 873 4024 cui
896 3970 1132 4025 maxime
1167 3968 1549 4038 praedictorum
1591 3984 1781 4040 regum
1805 3968 1940 4025 ordo
1961 3982 2153 4023 narra—
2254 3986 2380 4026 men
2406 3970 2636 4043 Tigrim,
2657 3972 2801 4042 quod
2826 3979 2910 4027 est
2932 3971 3000 4026 ab
3024 3969 3256 4039 Occasu,
3282 3968 3516 4040 regiones
3531 3956 3719 4017 suntistr:

572 4065 737 4121 tionis
785 4066 1092 4121 conveniat.
1146 4063 1416 4122 Caeterum
1463 4065 1730 4121 Eusebius
1779 4064 1835 4119 in
1870 4062 2156 4120 Cbronicis
2254 4062 2537 4131 Aracusia,
2566 4062 2811 4130 Parthia,
2853 4062 3098 4134 Assyria,
3148 4062 3372 4119 Persida
3396 4066 3447 4114 et
3482 4051 3635 4115 Media:
3659 4044 3717 4099 δέω

570 4154 685 4210 suis
718 4156 914 4210 asserit
940 4154 1260 4227 Cambysem
1286 4145 1460 4212 ﬁlium
1504 4155 1651 4227 Cyri,
1679 4155 1773 4225 qui
1797 4164 1920 4226 post
1944 4162 2156 4226 patrem
2256 4163 2526 4209 terrarum
2581 4163 2868 4211 montuosa
2917 4163 2973 4210 et
3010 4170 3222 4226 aspero.
3283 4154 3374 4209 liae
3398 4167 3427 4205 a
3456 4137 3720 4218 δεριειιιτὶουε

572 4246 799 4318 triginta
849 4249 1006 4304 annis
1049 4257 1371 4321 regnantem
1400 4257 1525 4307 octo
1561 4249 1719 4304 armis
1742 4249 1801 4305 in
1822 4248 2043 4305 Perside
2069 4262 2157 4304 re-
2255 4246 2456 4302 habent
2479 4255 2717 4302 montem
2743 4245 3063 4314 Caucasum,
3090 4262 3122 4301 a
3146 4245 3369 4301 Meridie
3389 4254 3522 4298 mare
3546 4232 3717 4321 Rubri“!

567 4338 771 4409 gnavit,
803 4338 873 4395 ab
920 4338 1162 4396 Hebrzeis
1191 4341 1485 4397 secundum
1535 4340 2032 4397 Nabuchodonosor
2056 4354 2170 4395 vo-~
2255 4347 2311 4396 et
2346 4341 2528 4395 sinum
2572 4338 2873 4395 Persicum.
2935 4328 2996 4393 in
3030 4339 3208 4395 medio
3260 4346 3433 4393 autem
3483 4328 3552 4386 sui
3578 4318 3715 4383 ﬂumini

568 4430 704 4496 cari,
735 4429 835 4485 sub
856 4446 965 4500 quo
989 4428 1177 4488 Judith
1199 4432 1427 4488 historia
1447 4433 1754 4502 conscripta
1779 4434 1868 4488 sit.
1898 4431 2005 4487 Sed
2026 4432 2155 4502 quia
2254 4431 2524 4502 praecipua
2563 4430 2778 4501 ldapcm
2810 4439 2865 4487 ct
2901 4429 3227 4487 Arbiminin.
3283 4431 3342 4485 ln
3374 4428 3449 4483 eis
3474 4430 3577 4479 sunt
3603 4420 3717 4487 seu“S

570 4521 688 4592 ipsa
716 4523 948 4579 historia
978 4523 1273 4594 Arphaxad
1303 4525 1437 4580 dicit
1459 4539 1582 4580 esse
1617 4540 1803 4595 regem
1852 4523 2151 4590 Medorum,
2256 4524 2482 4596 triginta
2512 4523 2649 4578 duae.
2680 4522 2788 4578 Sed
2812 4523 3136 4595 generaliter
3157 4523 3376 4579 Parthia
3406 4516 3715 4578 dicitur,qW

568 4622 623 4669 et
648 4614 1145 4673 Nabuchodonosor
1174 4631 1359 4689 regem
1381 4618 1750 4690 Assyriorum,
1783 4618 1879 4689 qui
1901 4624 2156 4689 regnaret
2254 4615 2340 4671 vis
2386 4613 2682 4684 Scripturae
2735 4622 2938 4670 sanetae
2976 4613 3285 4670 universam
3312 4625 3446 4683 saepe
3472 4602 3647 4663 Mediam
3667 4608 3716 4643 ην

575 4704 630 4757 in
660 4703 872 4773 Ninive,
904 4706 1187 4777 ipsumque
1210 4706 1708 4766 Nabuchodonosor
1749 4723 2038 4779 superasse
2067 4720 2155 4763 re-
2178 4695 2233 4757 D
2261 4714 2388 4764 cent
2432 4721 2462 4760 a
2487 4705 2706 4762 ﬂumine
2732 4707 2882 4778 Tigri
2920 4721 3091 4776 usque
3116 4707 3185 4761 ad
3241 4705 3431 4761 ﬂumen
3482 4693 3710 4765 Eupbﬂlm

568 4808 689 4864 gem
718 4793 1015 4861 Medorum,
1043 4804 1100 4851 et
1126 4796 1421 4857 obtinuisse
1446 4813 1591 4865 eum,
1620 4813 1728 4853 non
1778 4799 1995 4854 invenio
2020 4813 2154 4869 quo-
2262 4798 2648 4869 Mesopotamia
2675 4807 2761 4854 est
2782 4797 3043 4867 incipiens
3063 4813 3094 4852 a
3122 4796 3483 4869 Septentrione
3507 4790 3714 4843 interim

569 4884 731 4939 modo
755 4899 980 4957 regnum
1002 4885 1352 4957 Assyriorum
1387 4904 1418 4943 a
1455 4887 1624 4944 Medis
1658 4897 1823 4958 atque
1849 4888 2031 4944 Persis
2061 4890 2156 4945 de-
2258 4899 2369 4946 tem
2398 4889 2635 4946 Taurum
2677 4890 3074 4956 etCaucasum,
3116 4891 3202 4945 cui
3233 4891 3303 4945 ad
3344 4884 3579 4943 Meridiem
3600 4879 3711 4965 suos“

568 4986 837 5032 structum
873 4988 1038 5048 atque
1057 4988 1327 5035 vastatum
1373 4997 1564 5038 rursus
1615 4982 1965 5053 praevaluerit
2019 4984 2153 5054 ipsis
2260 4983 2339 5038 dit
2372 4981 2683 5051 Babylonia,
2722 4979 2921 5036 deinde
2971 4980 3243 5048 Chaldtca,
3295 4976 3551 5037 novissime
3588 4960 3709 5054 Λήδη

568 5068 758 5137 Medis,
790 5070 835 5125 si
872 5069 1170 5143 Cambyses
1198 5051 1699 5130 Nabuchodonosor
1740 5090 1862 5132 esse
1886 5051 2153 5147 intelliga-
2258 5071 2556 5137 Eudemon,
2587 5085 2707 5140 qua:
2735 5072 2877 5125 inter
2900 5072 3075 5127 sinum
3098 5072 3370 5128 Persicum
3395 5074 3444 5123 et
3476 5063 3613 5120 sinum
3631 5051 3707 5105 λη’

564 5170 674 5227 tur,
707 5163 812 5217 nisi
848 5162 991 5219 forte
1046 5165 1288 5222 dicamus
1338 5167 1482 5236 quod
1509 5168 1625 5239 ipse
1673 5167 1992 5241 Cambyses,
2023 5170 2151 5240 quia
2258 5164 2440 5219 bicum
2465 5171 2693 5233 angusto
2738 5171 2897 5218 terrae
2943 5170 3142 5230 tractu,
3174 5172 3229 5219 et
3257 5169 3474 5219 montem
3493 5161 3634 5208 versus
3654 5153 3707 5241 ξι·

565 5263 757 5324 gentes
805 5254 1064 5313 ﬁnitimas
1103 5231 1419 5330 impugnare
1446 5268 1501 5315 et
1527 5231 1826 5330 iﬁgyptum
1844 5231 2152 5331 superasse
2257 5257 2514 5312 tenditur.
2545 5231 2604 5312 in
2647 5256 2733 5312 his
2760 5265 2886 5312 sunt
2911 5266 3099 5329 gentes
3124 5259 3313 5329 viginti
3353 5262 3481 5316 octo,
3506 5231 3701 5331 sicqtltlﬂ'

563 5344 916 5413 describitur,
944 5363 1065 5404 eum
1096 5328 1320 5421 regnum
1368 5328 1715 5420 Assyriorum
1756 5328 2151 5421 atque—Persa-
2255 5356 2403 5403 ctum
2442 5356 2501 5403 ut
2527 5348 2631 5404 duo
2659 5328 3034 5419 potentissima
3080 5328 3246 5421 regna
3286 5350 3489 5404 interse
3513 5328 3704 5396 000mg”

564 5450 685 5489 rum
711 5450 776 5491 eo
809 5444 1048 5509 tempore
1072 5440 1278 5496 unitum
1305 5449 1445 5505 erat,
1477 5440 1713 5511 aliquem
1749 5456 1960 5513 regem,
1980 5444 2147 5499 nomi-
2254 5450 2338 5497 tes
2379 5440 2736 5511 plurimarum
2764 5442 3007 5512 gentium
3060 5442 3115 5496 in
3144 5440 3431 5497 conﬁnibus
3454 5429 3544 5488 suis
3563 5426 3699 5513 00'}???

563 5540 632 5582 ne
667 5527 979 5599 Arphaxad,
1012 5531 1066 5585 in
1100 5532 1273 5586 Media
1299 5539 1689 5603 repugnantem
1713 5499 1928 5601 vicerit,
1960 5549 2025 5590 ac
2047 5550 2146 5591 suo
2253 5531 2494 5586 raverint
2539 5499 2849 5599 exercitus;
2883 5531 2976 5588 ubi
3024 5531 3239 5588 demum
3294 5524 3492 5586 victoria
3531 5516 3581 5572 ad
3604 5499 3700 5563 Cha"

562 5617 793 5690 imperio
819 5621 1203 5695 subjugaverit.
1249 5621 1358 5677 Sed
1411 5622 1481 5678 ad
1531 5624 1672 5680 hanc
1714 5625 2027 5696 opinionem
2057 5641 2145 5683 se-
2251 5623 2416 5689 (imos,
2447 5623 2559 5678 sive
2614 5623 2870 5696 Assyrios
2915 5624 3207 5681 concessit.
3261 5622 3459 5696 Mystice
3498 5604 3696 5667 amem?”

560 5713 828 5781 quendam
882 5713 1153 5769 neminem
1186 5713 1416 5769 invitum
1446 5716 1733 5783 trahimus,
1775 5718 1940 5790 eligat
1993 5719 2143 5790 quis-
2248 5713 2539 5783 Arphaxad
2565 5717 2938 5787 arrogantium
2966 5727 3125 5789 typus
3153 5726 3312 5789 atque
3346 5699 3694 5790 superborum":

560 5817 667 5871 que
691 5804 834 5874 quod
862 5804 965 5859 sibi
992 5803 1124 5858 utile
1161 5804 1412 5861 videatur
1459 5815 1669 5865 tantum
1704 5818 1768 5865 ut
1808 5785 2141 5881 sensus—ejus
2250 5814 2352 5862 ιθει
2381 5806 2629 5877 exprimi.
2670 5785 2901 5878 (1110mm
2944 5785 3090 5868 totus
3113 5785 3265 5870 nisu-8
3302 5821 3351 5869 εί
3392 5805 3529 5861 lam"

545 5897 773 5970 ‘vcritati
805 5912 913 5953 non
946 5894 1240 5952 discordet.

2247 5900 2445 5957 fastum
2474 5902 2699 5957 tumoris
2728 5912 2889 5973 atque
2938 5920 3037 5975 per
3064 5906 3342 5961 elationem
3375 5890 3531 5955 mentis
3562 5881 3686 5948 θὲίωί·
