3920 6468
106 503 216 559 543

111 619 269 676 facile
295 616 349 670 in
370 616 581 682 partem

109 708 331 771 diaboli,
363 703 524 759 cadit.
554 699 672 769 Ipse
701 697 847 752 enim
902 702 1006 758 est,
1035 697 1096 745 ut
1125 687 1406 756 Scriptura
1435 689 1686 744 testatur,

114 820 212 859 rex
241 813 399 869 super
424 796 705 850 universos
731 787 869 842 ﬁlios
913 781 1200 854 superbiae.
1234 777 1389 834 Unde
1413 775 1578 832 etiam
1609 787 1693 827 se-

113 864 342 964 quitur“:
380 905 399 937 ι
437 885 590 940 Tunc
621 880 915 938 exaltatum
958 881 1041 930 est
1066 883 1291 943 regnum
1339 864 1694 922 Nabuchodo-

116 998 304 1048 nosor,
336 988 391 1036 et
418 993 510 1034 cor
541 973 656 1043 ejus
688 973 886 1027 elatum
913 975 1016 1033 est,
1057 985 1074 1018 ι
1122 963 1247 1035 quia
1277 960 1493 1032 quando
1518 955 1696 1028 prodi-

117 1086 300 1130 torum
328 1067 729 1124 multitudinem
774 1057 1091 1130 decipiendo
1120 1071 1184 1110 ac
1229 1051 1572 1125 praevalendo
1597 1063 1698 1102 an-

119 1168 304 1235 tiquus
329 1159 500 1216 hostis
530 1171 639 1213 sua:
669 1152 884 1223 subjicit
903 1147 1186 1214 voluntati,
1219 1154 1348 1200 tunc
1393 1143 1592 1198 clatum
1617 1146 1702 1194 est

121 1234 216 1312 cor
249 1253 387 1323 ejus,
440 1249 671 1320 propriae
708 1245 837 1300 illud
890 1240 1164 1297 ascribens
1214 1234 1540 1298 fortitudini,
1591 1245 1698 1286 non

121 1346 392 1419 promisso
448 1340 617 1398 divini
665 1335 875 1408 judicii,
927 1345 982 1390 et
1013 1347 1077 1387 eo
1111 1332 1285 1402 magis
1311 1325 1613 1385 exardescit
1635 1322 1704 1378 ad

106 1417 479 1509 .plurimorum
528 1429 977 1490 interfectionem,
1008 1423 1149 1495 quod
1188 1437 1246 1478 se
1297 1420 1443 1474 videt
1475 1417 1702 1488 quibus-

126 1534 248 1588 dam
273 1525 567 1600 prazvalere
605 1536 703 1593 per
730 1532 953 1590 pravam
1001 1512 1422 1586 suggestionem,
1469 1515 1525 1563 et
1570 1505 1708 1560 mul-

129 1633 217 1678 tos
273 1596 546 1676 interitus
583 1615 668 1673 sui
720 1611 919 1668 habeat
973 1607 1265 1680 principes,
1300 1604 1366 1660 de
1423 1615 1528 1671 quo
1579 1596 1706 1654 sub-

129 1715 275 1770 ditur
300 1731 315 1768 :
1376 1704 1377 1707 ‘

205 1823 224 1854 ι
269 1803 342 1858 Et
368 1803 516 1859 misit
542 1801 608 1856 ad
633 1811 820 1855 omnes
863 1794 957 1865 qui
1007 1789 1322 1847 habitabant
1364 1785 1420 1840 in
1448 1780 1634 1839 Cilicia
1658 1785 1716 1835 et

132 1913 150 1946 ι
195 1895 487 1958 Damasco,
539 1903 593 1946 et
623 1891 690 1944 ad
744 1895 949 1960 gentes,
993 1900 1111 1954 quae
1155 1889 1280 1938 sunt
1301 1880 1356 1934 in
1381 1873 1629 1931 Carmelo
1657 1878 1713 1926 et

140 2009 157 2040 ι
200 1988 405 2054 Cedar,
429 1994 484 2041 et
511 1984 874 2040 inhabitantes
899 1977 1174 2035 Galilaeam
1204 1976 1261 2028 in
1292 1986 1484 2041 campo
1518 1981 1712 2038 magno

135 2101 154 2134 ι
199 2080 504 2144 Esdredon,
536 2086 590 2132 et
611 2076 679 2131 ad
702 2088 910 2137 omnes,
940 2070 1033 2140 qui
1059 2073 1216 2124 erant
1255 2065 1311 2119 in
1359 2059 1628 2125 Samaria,
1658 2065 1715 2114 et

137 2193 155 2225 ε
195 2181 352 2228 trans
380 2169 580 2224 ﬂumen
611 2166 900 2221 Jordancm
943 2173 1114 2229 usque
1140 2154 1462 2220 Jerusalem,
1509 2160 1566 2206 et
1594 2164 1713 2206 om-

139 2288 157 2319 ‹
193 2282 322 2321 nem
354 2273 551 2319 terram
582 2259 750 2323 Jesse,
782 2269 1063 2327 quousque
1089 2249 1440 2323 perveniatur
1463 2245 1531 2300 ad
1560 2259 1715 2299 mon-

140 2380 156 2411 ‹
195 2369 278 2414 tes
309 2354 616 2424 Ethiopite.
666 2373 684 2405 ι
716 2351 820 2406 Per
847 2351 1104 2406 diversas
1125 2341 1438 2414 provincias
1468 2337 1720 2409 spiritua-

136 2452 200 2505 lis
231 2446 728 2504 Nabuchodonosor
757 2442 965 2512 legatos
1001 2452 1125 2494 suos
1163 2433 1352 2496 mittit,
1381 2443 1504 2485 cum
1532 2425 1722 2482 turbas

140 2542 501 2612 malignorum
527 2535 813 2608 spirituum
848 2533 917 2586 ad
944 2526 1277 2585 seducendas
1303 2529 1490 2592 gentes
1515 2518 1723 2587 disper-

141 2632 237 2703 git,
291 2643 394 2683 nec
419 2604 595 2697 parcit
620 2631 877 2695 quantum
917 2615 1250 2690 permittitur
1292 2609 1520 2679 alicujus
1546 2604 1723 2674 digni-

143 2722 243 2777 tati
270 2735 370 2776 seu
418 2717 634 2782 honori,
693 2714 788 2770 sed
838 2724 1026 2767 omnes
1060 2720 1244 2763 secum
1271 2701 1388 2758 vult
1413 2700 1481 2755 ad
1523 2698 1724 2770 gehen-

143 2831 271 2868 nam
317 2812 569 2875 trahere,
613 2815 667 2863 et
695 2805 869 2863 socios
897 2803 1077 2858 facere
1123 2796 1355 2869 proprim
1389 2789 1724 2863 perditionis.

143 2904 225 2957 Ad
248 2905 398 2975 ipsos
430 2914 645 2972 quoque
668 2897 854 2953 ﬁdeles
901 2905 1056 2950 actus
1087 2891 1170 2947 sui
1205 2887 1502 2957 nequitiam
1556 2880 1731 2954 porri-

149 2997 248 3066 git,
277 3011 381 3051 nec
403 3010 497 3050 eos
525 3006 745 3050 securos
773 2997 829 3046 et
871 2988 1083 3058 quietos
1124 2998 1243 3039 esse
1271 2978 1560 3052 permittit,
1591 2972 1736 3044 quod

149 3101 350 3142 nomen
373 3083 624 3141 Jordanis
647 3091 806 3150 atque
827 3077 1124 3132 Jerusalem
1153 3071 1451 3144 ﬁguraliter
1474 3063 1730 3122 ostendit.

147 3180 338 3250 Neque
358 3178 462 3233 sibi
491 3176 622 3232 satis
649 3181 732 3228 est
755 3171 1001 3227 ethnicos
1025 3181 1125 3238 per
1155 3179 1400 3221 errorem
1437 3159 1733 3229 captivare,

150 3275 265 3329 imo
310 3281 367 3328 et
394 3271 594 3336 studet,
621 3269 667 3324 si
699 3264 957 3337 possibile
981 3272 1084 3329 est,
1115 3262 1316 3318 electos
1349 3259 1494 3328 ipsos
1518 3254 1739 3310 subver-

153 3377 297 3434 tere,
330 3367 397 3422 de
451 3379 558 3436 quo
609 3365 663 3418 in
693 3360 794 3417 Job
839 3360 1100 3429 scriptum
1129 3365 1211 3411 est
1241 3373 1252 3408 :
1288 3371 1307 3405 ι
1342 3351 1609 3407 Absorbet
1632 3346 1733 3401 ilu-

153 3461 328 3525 vinm,
378 3466 434 3512 et
479 3472 585 3512 non
634 3452 937 3517 mirabitur,
991 3450 1157 3504 habet
1191 3455 1246 3500 et
1303 3443 1556 3498 ﬁduciam
1594 3437 1737 3509 quod

154 3553 353 3609 inﬂuat
393 3549 643 3606 Jordanis
675 3547 731 3602 in
775 3560 838 3601 os
865 3543 1002 3614 ejus.
1039 3560 1058 3592 ι
1093 3540 1162 3595 Ει
1191 3539 1322 3593 item
1355 3552 1368 3588 :
1405 3553 1424 3586 ί
1455 3532 1622 3596 Escae,
1658 3529 1737 3583 in-

157 3646 299 3717 quit,
332 3642 450 3713 ejus
477 3640 660 3696 electae
682 3645 848 3701 sunt;
889 3655 908 3687 ›
970 3631 1065 3688 sed
1097 3629 1222 3699 quia
1250 3627 1376 3681 licet
1406 3622 1603 3678 multos
1654 3633 1742 3674 su-

159 3745 337 3807 peret,
391 3744 569 3788 tamen
600 3728 840 3785 amultis
894 3721 1275 3784 contemnitur,
1329 3724 1514 3786 atque,
1571 3722 1632 3766 ut
1652 3709 1742 3778 ju-

163 3836 308 3884 stum
343 3833 444 3891 est,
502 3836 625 3879 cum
653 3818 838 3892 pravis
881 3811 1312 3888 suggestiouibus
1363 3807 1474 3864 suis
1526 3803 1746 3873 indigne

165 3918 444 3990 repellitur
497 3922 656 3984 atque
703 3911 974 3983 abjicitur,
1025 3907 1166 3963 sicut
1197 3899 1480 3974 sequentia
1526 3896 1749 3952 demon-

169 4020 367 4077 strant,
390 4009 482 4065 ubi
505 4007 702 4064 dicitur
740 4020 755 4058 :

246 4126 264 4158 ι
302 4105 505 4163 Omnes
525 4116 634 4157 uno
672 4099 852 4155 animo
873 4092 1316 4152 contradixerunt
1347 4093 1402 4141 et
1426 4082 1754 4139 remiserunt

178 4219 195 4251 ι
232 4214 328 4254 eos
351 4209 551 4251 vacuos
571 4206 636 4246 ac
665 4191 781 4247 sine
804 4189 1011 4243 honore
1062 4181 1394 4251 abiecerunt.
1434 4194 1453 4227 ι
1493 4171 1601 4228 Sed
1625 4167 1752 4239 quia

174 4291 443 4361 malignus
490 4287 682 4351 hostis,
732 4283 862 4337 licet
912 4275 1196 4346 aliquando
1225 4287 1256 4325 a
1287 4269 1394 4339 piis
1448 4268 1753 4334 superetur,

177 4357 359 4440 tamen
399 4400 429 4436 a
459 4387 638 4451 coepta
664 4373 866 4431 malitia
899 4386 1007 4426 non
1036 4365 1274 4429 desistit,
1327 4360 1422 4416 sed
1451 4357 1508 4412 in
1536 4361 1756 4425 proter-

177 4477 262 4530 via
289 4489 388 4530 sua
418 4481 768 4543 perseverans
791 4461 1033 4519 rediviva
1084 4467 1302 4512 rursum
1347 4447 1570 4505 suscitat
1597 4441 1757 4506 bella,

181 4585 243 4625 ac
279 4533 456 4622 totum
492 4560 693 4618 furoris
715 4557 798 4614 sui
821 4551 1047 4626 effundit
1093 4543 1418 4605 tumultum;
1463 4535 1608 4591 unde
1637 4533 1762 4588 sub-

177 4658 442 4730 jungitur.
477 4671 495 4704 ‹
554 4651 706 4706 Tunc
768 4645 1076 4715 indignatus
1121 4629 1618 4692 Nabuchodonosor
1666 4636 1763 4677 rex

191 4772 208 4803 ι
245 4753 315 4808 ad
338 4763 555 4806 omnem
577 4753 783 4799 terram
829 4739 895 4793 ad
933 4735 1080 4790 illam
1112 4727 1316 4801 juravit
1362 4738 1460 4795 per
1510 4720 1765 4774 thronum

194 4866 211 4897 ‹
249 4856 306 4902 et
362 4855 606 4914 regnum,
645 4835 788 4910 quod
837 4829 1152 4890 defenderet
1191 4837 1252 4881 se
1288 4821 1356 4878 de
1403 4813 1655 4875 omnibus
1681 4823 1770 4866 re-

198 4956 215 4989 t
251 4937 503 5010 giouibus
525 4933 631 4991 his.
666 4949 686 4983 ι

804 5035 1054 5097 CAPUT
1079 5033 1144 5089 Il.

199 5166 274 5220 De
329 5159 810 5219 Nabuchodonosor
869 5165 984 5220 rege
1034 5143 1388 5220 Assyriorum,
1422 5136 1770 5220 _quipro£te:

270 5244 465 5309 spretos
491 5230 845 5309 nuntios-suos
877 5202 1219 5298 Ηᾍιοίεγηὲιη
1265 5202 1770 5309 ρξιὰερξεηρηὶλὶιὶξξ

850 5301 863 5309 ‘
919 5298 970 5309 η’
1001 5305 1034 5309 --
1073 5297 1268 5309 “unum
1353 5295 1422 5309 nm
1465 5291 1524 5309 ,ηε
1551 5290 1627 5309 οη.
1656 5288 1710 5309 ευ
1749 5299 1770 5309 _

271 5269 292 5291 ὗ
335 5269 465 5289 Ιῦῑυσ
493 5269 700 5288 Iouini-vv
725 5269 843 5280 νν-ν..
877 5269 975 5273 —_-.
994 5269 1005 5272 _
1048 5269 1060 5271 θ

271 5269 390 5360 εἰίηι
410 5302 641 5359 exercitu
673 5293 887 5358 direxit,
912 5298 970 5343 ut
991 5269 1038 5342 ei
1067 5269 1277 5341 omnem.
1299 5269 1630 5335 Occidentem
1652 5269 1774 5325 sub-

267 5378 501 5448 jugaret.

283 5513 302 5546 ι
344 5492 501 5546 Anno
532 5483 694 5542 tertio
716 5479 927 5536 decimo
979 5467 1472 5526 Nabuchodonosor
1504 5457 1672 5528 regis,
1699 5453 1778 5509 vi-

220 5601 239 5637 t
277 5585 477 5658 gesima
511 5589 568 5635 et
605 5570 840 5634 secunda
883 5567 970 5625 die
992 5559 1196 5620 mensis
1237 5556 1419 5629 primi,
1457 5551 1660 5607 factum
1700 5551 1784 5599 est

224 5694 241 5728 α
281 5676 504 5732 verbum
527 5672 584 5726 in
609 5671 769 5724 domo
800 5655 1296 5719 Nabuchodonosor
1342 5645 1484 5716 regis
1538 5637 1786 5710 Assyrio-

226 5786 244 5819 ι
290 5786 408 5823 rum
429 5774 489 5821 ut
524 5760 834 5821 defenderet
860 5769 938 5809 se.
972 5745 1306 5812 Vocavitque
1331 5751 1520 5794 omnes
1551 5731 1788 5801 majores

231 5877 246 5912 ι
286 5870 434 5926 natu,
475 5866 767 5924 onmesqnc
799 5847 965 5904 duces
1014 5849 1069 5898 et
1104 5835 1391 5894 bellatores
1436 5841 1581 5888 suos,
1613 5830 1669 5878 et
1693 5822 1790 5875 ha-

234 5959 252 6000 ι
292 5951 404 6011 buit
425 5965 549 6012 cuin
574 5947 654 6008 eis
681 5918 1004 6014 mysterium
1030 5927 1258 6013 consilii.
1280 5923 1398 5989 sui;
1431 5918 1676 5988 dixitque
1703 5927 1792 5968 co-

1201 472 1562 533 EXPOSITIO
1598 471 1666 527 IN
1701 469 1962 527 LIBRUM
2001 465 2268 524 JUDITH-

3255 447 3362 508 5&6

627 601 921 677 spiritualis
971 595 1492 658 Nabuchodonosor,
1521 590 1575 644 id
1604 596 1689 644 est
1713 590 1767 650 Α
1797 603 1816 637 ‹
1858 584 2170 656 gitationem
2204 593 2355 634 suam
2383 576 2439 632 in
2460 589 2526 630 eo
2549 587 2690 639 esse,
2712 579 2775 625 ut
2797 581 3015 625 omnem
3037 573 3241 621 terram
3263 577 3364 618 suo

1935 674 1984 677 --
2216 670 2228 677 -
2391 667 2404 677 .
2565 664 2600 677 η
2647 663 2696 677 ..
2787 668 2798 677 .
2855 676 2858 677 ν
2897 673 2937 677 ,,
2967 659 2980 677 .
3010 654 3337 677 ,μμηιηιᾼ

1799 695 1817 729 ‹
1867 654 2186 744 subjugaret
2214 667 2460 740 imperio.
2495 684 2514 717 ›
2560 663 2699 732 Quid
2720 668 2806 717 est
2841 659 2984 729 quod
3009 654 3366 712 Nabuchodo-

1791 780 1956 822 nosor
1999 764 2184 818 furore
2229 759 2491 830 repletus,
2541 763 2597 810 et
2624 753 2765 808 fastu
2807 748 3130 820 arrogantiae
3171 745 3364 808 elatus,

1793 855 2061 928 promittit
2097 867 2157 918 se
2184 849 2373 905 ulcisci
2424 847 2478 902 in
2507 845 2594 900 his
2618 844 2713 914 qui
2759 840 3085 896 resistebant
3118 835 3240 901 si-bi,
3285 833 3368 903 ja-

1798 958 2015 1019 ctatque
2043 961 2100 1002 se
2148 958 2363 999 omnem
2406 951 2610 994 terram
2655 948 2753 990 suo
2804 931 3030 1002 imperio
3083 926 3372 997 subjugare

1798 1014 1956 1106 velle,
1988 1037 2098 1093 nisi
2128 1034 2273 1106 quod
2331 1028 2576 1086 diabolus
2618 1022 2837 1095 prepria
2889 1017 3140 1089 superbia
3170 1014 3374 1071 excita-

1800 1143 1906 1199 tus,
1963 1131 2127 1186 totius
2170 1125 2319 1183 orbis
2345 1123 2446 1178 sibi
2489 1117 2718 1190 spondet
2747 1111 3055 1184 imperium,
3083 1114 3370 1178 certatque

1801 1241 1900 1296 pro
1920 1222 2145 1284 viribus,
2172 1225 2286 1274 uta
2311 1213 2456 1269 cultu
2499 1207 2718 1281 pietatis
2761 1206 3051 1267 abstracto,
3082 1198 3378 1268 impietatis

1805 1331 1917 1372 suae
1951 1311 2115 1366 faciat
2170 1313 2470 1362 consortes.
2516 1300 2620 1369 Qui
2675 1313 2733 1354 se
2765 1295 3032 1366 quondam
3071 1290 3284 1360 jactans
3315 1289 3381 1344 dc

1805 1404 2042 1479 potentia
2071 1399 2225 1471 regni
2255 1397 2356 1462 sui,
2395 1394 2548 1464 juxta
2595 1390 2871 1462 prophetae
2903 1382 3250 1446 sententiam,
3279 1379 3380 1434 sub

1809 1471 1980 1570 ﬁgura
2009 1493 2151 1561 regis
2175 1485 2460 1560 Babylonis
2496 1482 2676 1538 taliter
2723 1480 2780 1534 in
2826 1476 2986 1533 corde
3034 1487 3130 1528 suo
3172 1471 3384 1527 locutus

1809 1599 1894 1648 est
1919 1591 2102 1646 dicens
2129 1601 2144 1639 :
2180 1603 2198 1635 ‹
2230 1583 2290 1637 In
2318 1579 2512 1636 coelum
2550 1573 2857 1639 ascendam,
2885 1583 3046 1640 super
3071 1567 3249 1622 sidera
3275 1563 3382 1618 Do-

1819 1700 1838 1734 c
1879 1679 2014 1736 mini
2054 1674 2304 1733 exaltabo
2348 1669 2542 1726 solium
2593 1679 2813 1728 meum;
2850 1658 3046 1717 sedebo
3093 1657 3148 1711 in
3200 1661 3387 1709 monte

1820 1792 1842 1828 ι
1877 1770 2186 1830 testamenti
2212 1769 2269 1823 in
2313 1763 2576 1820 lateribus
2622 1756 2943 1828 Aquilonis;
2979 1750 3269 1807 ascendam
3295 1761 3386 1802 su—

1824 1885 1844 1918 (
1877 1879 1977 1937 per
2000 1861 2337 1918 altitudinem
2361 1854 2601 1918 nubium,
2630 1858 2686 1906 et
2709 1863 2805 1904 ero
2819 1844 3009 1902 similis
3031 1840 3330 1906 Altissimo.
3361 1856 3380 1888 ι

1739 1958 1788 2020 Β
1815 1929 1917 2026 Qui
1960 1963 2015 2012 et
2051 1955 2108 2011 in
2137 1948 2431 2021 Evangelia
2477 1944 2893 2014 Redemptorem
2935 1942 3180 1991 nostrum
3224 1929 3390 1985 dedu-

1815 2063 1943 2108 cens
1990 2048 2046 2102 in
2097 2051 2336 2100 montem
2386 2038 2659 2095 excelsum
2714 2031 2892 2096 valde,
2937 2023 3173 2082 ostendit
3208 2017 3390 2075 omnia

1816 2140 2002 2198 mundi
2026 2152 2189 2209 regna
2215 2142 2271 2190 et
2293 2131 2521 2204 gloriam
2547 2139 2753 2190 eorum,
2779 2129 2835 2177 et
2855 2119 2931 2174 ait
2955 2136 2967 2172 :
3001 2135 3020 2168 ‹
3056 2114 3184 2169 Haec
3208 2109 3392 2168 omnia

1824 2251 1845 2287 ι
1876 2231 1975 2288 tibi
2005 2228 2167 2293 dabo,
2192 2225 2238 2282 si
2260 2221 2546 2295 procidens
2588 2211 2902 2272 adoraveris
2931 2223 3054 2272 me;
3093 2223 3113 2256 ι
3141 2215 3396 2270 arrogan-

1820 2325 1897 2379 tia
1920 2321 2063 2378 enim
2091 2318 2142 2373 ei
2167 2331 2274 2371 non
2297 2328 2396 2383 per
2425 2307 2669 2372 modum,
2700 2301 2795 2359 sed
2827 2298 3040 2355 inﬁrma
3069 2300 3280 2350 certum
3300 2288 3398 2342 ha-

1819 2416 1914 2472 bet
1943 2426 2149 2476 casum,
2173 2405 2316 2478 quod
2346 2405 2401 2457 in
2425 2401 2534 2456 ﬁne
2559 2395 2803 2453 clarebit.

1901 2525 1920 2558 ε
1963 2471 2704 2560 Vocant-Nabuchodonosor
2734 2499 2829 2540 rex
2877 2478 3223 2536 Holofernem
3248 2471 3396 2542 priu-

1830 2619 1852 2655 ι
1897 2599 2072 2669 cipem
2118 2591 2328 2649 militiae
2373 2599 2504 2650 suae,
2537 2591 2594 2637 et
2620 2579 2756 2646 dixit
2781 2577 2868 2632 ei:
2904 2571 3174 2643 Egredere
3215 2565 3404 2620 adver-

1833 2713 1852 2747 ι
1891 2706 1985 2748 sus
2017 2701 2178 2744 omne
2205 2694 2434 2754 regnum
2466 2671 2780 2734 occidentis,
2832 2675 2890 2724 et
2922 2671 3114 2721 contra
3145 2673 3238 2715 eos
3269 2670 3407 2727 prte-

1832 2804 1853 2838 ‹
1889 2783 2045 2853 cipue
2092 2777 2186 2849 qui
2215 2771 2660 2840 contempserunt
2689 2757 2994 2830 imperium
3042 2765 3244 2808 meum.
3285 2746 3406 2800 Non

1835 2894 1855 2928 ‹
1891 2877 2081 2944 parcat
2109 2865 2299 2923 oculus
2325 2870 2452 2916 tuus
2501 2856 2600 2912 ulli
2623 2866 2810 2923 regno,
2843 2855 3167 2913 omnemque
3216 2836 3407 2892 urbem

1839 2986 1858 3020 ι
1892 2930 2158 3021 munitam
2183 2951 2495 3024 snbjugabis
2529 2944 2680 3002 mihi.
2719 2962 2737 2996 ι
2772 2936 3116 2995 Holofernem
3142 2931 3288 2984 hunc
3314 2930 3410 2979 aut

1835 3057 2072 3130 gentium
2109 3018 2491 3122 principatum,
2529 3039 2622 3110 qui
2658 3038 2972 3107 persecutus
2999 3032 3081 3081 est
3110 3018 3409 3077 Ecclesiam

1835 3146 2056 3210 Christi,
2087 3150 2180 3198 aut
2228 3141 2405 3211 ipsum
2431 3135 2594 3190 etiam
2617 3126 2923 3195 iniquorum
2951 3115 3190 3174 omnium
3219 3117 3402 3178 caput,

1838 3250 1893 3296 et
1915 3236 2270 3294 novissimum
2318 3221 2638 3300 perditionis
2688 3216 2858 3271 ﬁlium
2901 3220 3182 3282 possumus
3219 3197 3416 3256 intelli-

1765 3327 1809 3391 C
1841 3346 1987 3404 gere,
2015 3328 2108 3398 qui
2134 3293 2410 3380 extollitur
2438 3328 2599 3385 super
2623 3323 2782 3365 omne
2816 3302 2958 3374 quod
3013 3298 3211 3353 dicitur
3247 3293 3412 3354 Deus,

1843 3439 1934 3486 aut
1963 3425 2109 3498 quod
2133 3421 2365 3484 colitur;
2401 3417 2476 3469 ita
2506 3419 2568 3466 ut
2613 3409 2670 3462 in
2695 3401 2894 3471 templo
2938 3391 3150 3452 Domini
3204 3388 3416 3448 sedens,

1843 3486 2094 3579 ostendat
2140 3529 2199 3570 se
2223 3520 2483 3579 tanquam
2513 3504 2628 3572 ipse
2657 3497 2727 3579 sit
2764 3491 3043 3553 Dominus,
3073 3486 3128 3538 in
3159 3495 3319 3552 quem
3342 3486 3424 3531 to-

1845 3621 1933 3667 tus
1956 3607 2183 3666 intrabit
2230 3572 2483 3661 Satanas,
2511 3602 2571 3649 ut
2607 3576 2774 3645 faciat
2802 3599 2866 3640 ea
2889 3594 3009 3652 quae
3042 3591 3150 3631 non
3175 3572 3421 3628 fecerunt

1846 3713 2028 3776 patres
2061 3698 2164 3763 sui,
2189 3705 2365 3762 neque
2383 3695 2569 3759 patres
2593 3688 2808 3752 patrum
2833 3671 2970 3741 ejus,
3003 3676 3058 3722 et
3086 3660 3298 3718 Domini
3323 3671 3422 3728 pa-

2601 3775 2605 3776 ⁷
2635 3773 2646 3776 ⁸
3025 3775 3046 3776 η
3071 3771 3171 3776 κΑ-ι
3207 3754 3420 3776 ιιιιιι-..ιηι

1851 3806 1996 3853 trum
2017 3804 2239 3848 suorum
2259 3799 2368 3840 non
2402 3773 2695 3849 reputabit,
2721 3783 2824 3823 nec
2851 3771 3177 3834 quemquam
3201 3754 3424 3809 deorum

1852 3885 2084 3945 curabit.
2113 3880 2216 3950 Qui
2236 3877 2388 3948 juxta
2415 3841 2654 3926 Danielis
2673 3856 3008 3934 prophetiam
3031 3850 3288 3906 adversus
3311 3841 3431 3897 uni-

1851 3993 2010 4036 versa
2037 3977 2345 4042 consurget,
2375 3973 2431 4021 et
2468 3959 2649 4017 veniet
2678 3955 2730 4009 in
2761 3943 3105 4007 multitudine
3130 3950 3344 4008 magna,
3371 3938 3432 3985 ut

1856 4076 2103 4128 conterat
2141 4072 2196 4118 et
2228 4030 2521 4116 interﬁciat
2564 4046 2847 4120 plurimos,
2875 4037 3084 4108 et-ﬁgat
3111 4030 3430 4086 tabernacu-

1856 4165 1970 4220 lum
2003 4173 2162 4218 suum
2195 4153 2368 4224 ample
2394 4151 2538 4204 inter
2577 4139 2751 4197 maria
2784 4146 2947 4204 super
2997 4133 3239 4183 montem
3265 4117 3434 4188 incly-

1860 4264 2009 4319 tum,
2064 4259 2119 4304 et
2173 4214 2440 4304 sanctum,
2495 4235 2587 4292 ubi
2621 4241 2676 4286 et
2710 4245 2739 4284 a
2781 4224 2960 4282 divina
3004 4214 3246 4291 potentia
3295 4227 3426 4268 con—

1863 4302 2026 4406 tritus
2055 4341 2290 4395 corruet.
2319 4302 2456 4385 Huic
2477 4324 2665 4385 etiam,
2691 4316 2847 4385 juxta
2867 4305 3248 4380 Apocalypsin,
3276 4302 3438 4356 draco

1864 4397 2010 4496 dedit
2037 4432 2293 4486 virtutem
2317 4431 2374 4477 et
2395 4420 2720 4490 potestatem
2754 4404 2962 4466 bestiae,
2993 4408 3048 4454 et
3080 4397 3440 4453 adoraverunt

1865 4529 2095 4588 bestiam
2123 4521 2364 4578 dicentes
2439 4530 2457 4562 ‹
2487 4507 2622 4577 Quis
2652 4499 2842 4560 similis
2870 4494 3079 4559 bestiae,
3109 4497 3164 4544 et
3200 4485 3320 4556 quis
3348 4499 3439 4552 po-

1867 4620 1995 4677 terit
2029 4623 2271 4688 pugnare
2299 4619 2425 4663 cum
2449 4600 2554 4656 ea?
2577 4617 2610 4650 ι»
2640 4597 2710 4652 Et
2736 4594 2920 4650 datum
2944 4594 3028 4644 est
3050 4584 3101 4639 ei
3127 4597 3190 4637 os
3216 4579 3440 4648 loquens

1868 4669 2066 4782 magna
2092 4669 2150 4763 et
2187 4695 2620 4771 blasphemiam;
2654 4696 2711 4744 et
2745 4686 2869 4742 data
2891 4688 2974 4738 est
3004 4678 3078 4735 illi
3110 4682 3346 4746 potestas
3368 4669 3447 4722 fa-

1873 4770 1998 4863 cere
2023 4811 2240 4857 menses
2288 4770 2645 4864 quadraginta
2681 4782 2832 4838 duos.
2867 4776 2936 4832 Et
2961 4770 3172 4843 aperuit
3199 4782 3261 4822 os
3289 4776 3445 4819 suum

1875 4903 1932 4958 in
1954 4891 2322 4967 blasphemias
2377 4885 2446 4939 ad
2491 4877 2800 4939 Dominum,
2835 4866 3208 4937 blasphemare
3254 4867 3449 4911 nomen

3036 4956 3047 4967 .
3083 4954 3094 4965 .
3191 4948 3311 4967 ,μμ
3352 4945 3416 4967 ,m

1878 4945 1932 4958 ...
1959 4945 2174 4967 ..-__,__

1878 4996 1998 5067 ejus
2031 4999 2087 5046 et
2114 4976 2522 5042 tabernaculum
2551 4969 2692 5039 ejus,
2745 4973 2800 5020 ct
2841 4975 2934 5018 eos
2959 4956 3051 5027 qui
3081 4954 3138 5008 in
3179 4948 3316 5005 coelo
3352 4945 3449 4998 ha-

2640 5061 2653 5067 ·
2708 5057 2742 5067 ·“
2873 5050 2896 5067 ο
2938 5061 3046 5067 --—-
3082 5057 3197 5067 Δ----ρ-
3227 5035 3427 5067 ηηηηιςρ

1879 5035 2076 5141 bitant.
2103 5076 2174 5132 Et
2201 5075 2388 5130 datum
2423 5071 2508 5122 est
2640 5057 2840 5114 bellum
2869 5050 3051 5106 facere
3077 5057 3199 5098 cum
3227 5035 3450 5102 sanctis,

1878 5187 1934 5234 et
1959 5133 2180 5231 vincere
2222 5165 2360 5220 illos.
2403 5158 2472 5213 Et
2500 5155 2625 5209 data
2653 5156 2740 5204 est
2769 5145 2849 5200 illi
2881 5145 3121 5212 potestas
3161 5133 3218 5188 in
3240 5140 3457 5185 omnem

1879 5267 2084 5324 tribum
2126 5267 2182 5315 et
2213 5253 2491 5326 populum,
2521 5253 2575 5301 et
2600 5243 2837 5311 linguam
2863 5274 2879 5300 ,
2912 5239 2968 5287 et
2994 5233 3206 5298 gentem
3231 5263 3246 5288 ,
3276 5228 3332 5276 et
3358 5216 3456 5271 ad-

1883 5358 2119 5417 orabunt
2145 5363 2269 5406 eum
2284 5321 2484 5401 omnes
2504 5336 2598 5408 qui
2628 5329 2932 5388 inhabitant
2959 5331 3179 5383 terram,
3227 5321 3457 5384 quorum

1885 5467 1994 5508 non
2023 5455 2149 5504 sunt
2184 5440 2385 5508 scripta
2409 5428 2630 5487 nomina
2662 5423 2717 5477 in
2745 5419 2884 5474 libro
2906 5415 3031 5469 vitae
3052 5408 3206 5480 agni,
3236 5402 3330 5474 qui
3369 5413 3462 5454 oc-

2763 5506 2770 5508 λ
2909 5503 2926 5508 ⁸
3041 5502 3057 5508 -
3257 5495 3268 5506 -
3311 5507 3317 5508 κ
3366 5488 3431 5508 ι..

1889 5488 1994 5508 Ιιυιι
2023 5488 2149 5504 Dunl-
2185 5488 2290 5497 υτ--
2338 5488 2350 5490 -
2379 5488 2383 5489 ,

1889 5543 2038 5600 cisus
2067 5544 2151 5592 est
2175 5533 2242 5586 ab
2267 5488 2475 5596 origine
2505 5513 2712 5572 mundi.
2762 5506 2869 5564 Per
2903 5502 3149 5559 fraudem
3186 5495 3330 5550 enim
3354 5488 3465 5543 An-

3108 5589 3142 5600 ..
3183 5586 3196 5600 ι
3252 5582 3266 5600 ι
3316 5598 3330 5600 _
3367 5575 3462 5600 -:I.:

1890 5575 2038 5600 usus
2067 5575 2151 5592 νο.
2175 5575 2240 5586 ...,
2269 5575 2420 5596 που
2459 5575 2462 5576 ν

1890 5627 2148 5692 tichristi,
2176 5630 2232 5678 et
2272 5617 2462 5673 falsam
2518 5607 2684 5680 ipsius
2735 5603 3057 5674 potestatem
3093 5582 3337 5646 diabolus
3364 5575 3465 5692 sibi

1895 5668 2148 5692 ..c........,
2178 5668 2232 5678 ν-
2272 5668 2366 5673 ,η
2537 5668 2555 5680 _
2737 5668 2754 5674 _

1895 5722 2062 5780 totius
2104 5713 2252 5772 orbis
2295 5704 2581 5780 pollicetur
2639 5689 3080 5752 dominationem,
3138 5692 3241 5734 nec
3279 5668 3468 5767 parcet

1899 5755 2062 5780 ιυιιυο
2104 5755 2252 5772 νιυιυ
2299 5755 2533 5780 ...νη---η

1893 5812 2083 5872 oculus
2117 5805 2232 5874 ejus
2259 5799 2356 5855 ulli
2405 5808 2592 5866 regno,
2643 5785 2770 5857 quia
2818 5773 3245 5853 persecutionem
3295 5755 3468 5816 maxi-

2888 5871 2899 5874 ‘
3011 5865 3050 5874 "
3164 5868 3174 5874 -
3233 5853 3360 5874 νηειη
3411 5853 3466 5874 ..ι

1895 5853 2082 5872 cem..-
2119 5853 2230 5874 ..η
2269 5853 2292 5855 _,
2470 5853 2497 5866 ν
2580 5853 2587 5856 γ
2661 5853 2677 5857 _

1895 5919 2042 5964 mam
2096 5895 2295 5956 excitat
2341 5892 2396 5947 in
2452 5884 2704 5941 universo
2739 5871 2958 5931 mundo.
3011 5865 3182 5921 Erunt
3221 5853 3385 5918 enim,
3411 5853 3472 5934 ut
