3920 6470
130 456 253 520 ω
1242 445 1607 508 mosmo
1641 444 1711 503 IN
1743 442 2007 503 timuit
2038 441 2310 505 murra.
3315 440 3421 505 550

133 578 315 635 hei-en
334 573 561 630 nimium
585 572 779 629 transit
811 573 887 629 ab
902 571 1061 643 aquis
1079 570 1284 627 nivium
1309 589 1323 639 ;
1360 590 1380 623 ι
1407 571 1500 626 ubi
1522 582 1718 625 secun-
1747 568 1804 628 Δ
1824 563 2062 621 surrexit
2106 563 2163 619 in
2199 560 2395 634 gloria,
2442 568 2507 617 ut
2545 560 2605 617 in
2631 560 2851 619 nomine
2882 559 3055 631 ipsius
3081 576 3245 622 omne
3275 578 3419 634 genu

138 671 272 726 dum
319 665 592 738 Evangelii
620 665 979 721 sententiam:
1015 684 1033 717 ι
1058 664 1125 719 Ει
1151 664 1352 720 vermis
1394 676 1584 719 eorum
1617 676 1727 719 non
1826 661 2081 718 ﬂectatur
2115 657 2419 715 caelestium
2440 696 2457 723 ,
2485 656 2829 715 terrestrium
2863 664 2918 715 et
2961 655 3331 723 infernarum;
3367 664 3426 713 et

138 759 408 817 morietur
431 764 487 811 et
513 757 653 827 ignis
682 770 789 811 non
813 755 1208 826 exstinguetur.
1239 771 1261 806 i

227 872 249 906 α
276 852 426 907 Tunc
472 850 750 907 descendit
788 850 859 905 de
891 849 1167 906 montibus
1202 863 1327 905 cum
1364 846 1641 918 equitibus
1674 846 1731 902 in

146 965 169 998 α
208 944 412 1000 virtute
452 957 647 1013 magna
689 949 746 997 et
785 940 1019 997 obtinuit
1068 955 1287 996 omnem
1332 939 1627 1005 civitatem,
1677 946 1732 994 et

149 1056 177 1090 τ
209 1051 426 1093 omnem
463 1034 854 1091 lnhabitantem
884 1041 1107 1089 terram.
1142 1033 1513 1089 Deuniversis
1550 1036 1730 1086 autem

150 1150 177 1183 ο
206 1130 435 1186 urbibus
481 1127 772 1198 assumpsit
808 1126 915 1182 sibi
947 1120 1261 1181 auxiliarios
1282 1124 1431 1182 viros
1465 1123 1633 1179 fortes
1681 1132 1736 1178 et

151 1239 177 1275 ο
200 1222 406 1279 electos
429 1219 497 1275 ad
528 1218 747 1276 bellum.
776 1216 1091 1288 Tanaisque
1108 1225 1284 1272 metus
1312 1214 1605 1287 provinciis
1632 1212 1736 1268 illis

79 1354 84 1357 -
152 1335 177 1367 ο
213 1314 478 1380 incubuit,
503 1320 565 1368 ut
590 1313 967 1368 universarum
992 1310 1207 1367 urbium
1232 1308 1562 1363 habitatores
1585 1305 1735 1376 prin-

155 1427 177 1461 c
218 1409 387 1479 cipes,
434 1415 490 1463 et
508 1407 759 1463 honorati
800 1404 963 1460 simul
1002 1418 1127 1461 eum
1166 1402 1381 1475 populis
1405 1399 1616 1455 exirent
1647 1397 1740 1453 ob-

155 1522 183 1555 ρ
216 1504 364 1557 viam
406 1499 647 1555 venienti
666 1540 682 1566 ,
736 1498 1069 1568 excipientes
1096 1510 1219 1550 eum
1258 1508 1383 1549 cum
1428 1491 1645 1548 coronis
1686 1496 1742 1544 et

155 1615 175 1647 ι
218 1592 580 1664 lampadibus,
610 1592 873 1647 ducemes
895 1589 1092 1645 choros
1116 1588 1172 1641 in
1190 1584 1467 1657 tympanis
1488 1591 1545 1639 et
1573 1580 1739 1647 tibiis,

154 1705 175 1735 c
213 1693 321 1739 nec
342 1683 448 1739 ista
474 1690 656 1738 tamen
697 1682 961 1738 facientes
985 1678 1328 1736 ferocitatem
1363 1676 1479 1745 ejus
1506 1673 1743 1747 pectoris

154 1794 173 1827 ε
208 1775 464 1847 mitigare
509 1782 799 1846 potuerunt
824 1791 841 1827 :
869 1788 994 1828 nam
1040 1780 1097 1828 et
1121 1772 1373 1827 civitates
1413 1784 1603 1824 eorum
1644 1767 1743 1822 de—

155 1889 179 1922 r
208 1870 435 1939 struxit,
462 1878 519 1928 et
539 1871 691 1926 lucos
716 1883 905 1925 eorum
931 1867 1148 1924 excidit.
1169 1885 1189 1920 ι
1217 1865 1295 1922 De
1322 1864 1595 1919 montibus
1621 1876 1747 1917 cum

1827 755 2009 812 annis
2050 753 2235 825 lingua
2285 750 2631 816 conﬁteatur,
2666 751 2797 820 quia
2844 751 2988 813 Deus
3039 760 3229 811 noster
3267 750 3426 815 Janus

1830 844 2082 903 Christus
2107 845 2164 900 in
2190 842 2362 916 gloria
2390 849 2475 899 est
2502 841 2596 897 Dei
2624 839 2823 898 Patris.
2847 860 2871 896 ι

2449 953 2628 1011 CAPU
2636 954 2680 1009 ἰ’
2708 952 2802 1009 Ν.

1837 1050 1938 1109 ωε
1963 1051 2063 1123 ﬁlii
2090 1048 2281 1115 Israel,
2311 1048 2521 1120 cognite
2545 1043 3142 1123 adventujhlofcmis,
3167 1045 3425 1123 exterriti,

1907 1116 1973 1180 at.
1995 1132 2259 1194 ceparum
2304 1116 2603 1194 privaque
2642 1117 2958 1194 munitiones
3007 1126 3056 1171 et
3096 1116 3337 1194 elegere

1906 1187 2192 1253 Dominum
2221 1187 2603 1247 instantissime
2631 1205 2767 1243 voce.
2796 1187 2874 1242 De
2899 1204 2958 1241 eo
3000 1187 3139 1256 quod
3162 1187 3427 1245 Eliachim

1912 1264 2155 1321 sacerdos
2186 1278 2411 1334 magnus
2456 1260 2594 1331 ﬁlios
2635 1257 2807 1334 Israel
2838 1256 3099 1334 conﬁdere
3125 1257 3188 1311 de
3220 1257 3430 1334 Domini

1907 1335 2184 1409 prazsentia
2241 1327 2589 1398 cohortatur,
2646 1346 2712 1385 ne
2773 1327 3001 1385 hostium
3054 1337 3301 1401 paverent
3350 1327 3433 1382 in-

1911 1423 2146 1462 cursant.

1918 1519 1939 1554 ο
1965 1499 2117 1556 Tune
2137 1497 2425 1554 audientes
2450 1496 2567 1552 hinc
2588 1494 2687 1552 ﬁlii
2710 1493 2900 1560 Israel,
2922 1491 3019 1563 qui
3037 1490 3361 1548 habitabant
3376 1489 3434 1546 in

1849 1615 1871 1650 ι
1898 1603 2044 1652 terra
2076 1593 2232 1659 Juda,
2265 1593 2565 1647 timuerunt
2607 1590 2771 1646 valde
2795 1603 2828 1644 a
2861 1586 3005 1643 facie
3031 1585 3173 1656 eius.
3206 1583 3436 1641 Tremor

1850 1709 1872 1744 α
1905 1698 1961 1744 et
1985 1690 2180 1744 horror
2204 1686 2403 1742 invasit
2436 1699 2626 1741 sensus
2650 1697 2864 1749 eorum,
2886 1696 2955 1737 ne
2980 1681 3089 1737 hoe
3113 1679 3320 1736 faceret
3340 1678 3434 1735 Jo-

1854 1802 1871 1835 ι
1905 1780 2138 1836 rusalem
2179 1787 2235 1834 et
2265 1777 2469 1849 templo
2498 1775 2742 1843 Domini,
2787 1774 2933 1846 quod
2976 1770 3183 1829 fecerat
3226 1770 3440 1827 caeteris

1855 1893 1874 1927 α
1894 1873 2203 1930 civitatibus
2224 1878 2281 1927 et
2303 1871 2515 1941 templis
2533 1882 2740 1926 earum.
2764 1866 2833 1922 Et
2848 1867 3114 1922 miserunt
3134 1866 3191 1920 in
3214 1877 3433 1920 omnem

149 1936 435 2034 equitibus
486 1963 739 2018 immanis
775 1960 931 2017 turba
982 1966 1395 2031 persecuturum
1444 1953 1743 2018 descendit,
1771 1936 1821 1998 Β
1857 1986 1876 2022 ε
1904 1965 2209 2023 Samariam
2242 1978 2345 2034 per
2374 1936 2663 2017 circuitum
2693 1974 2867 2030 usque
2890 1957 3132 2025 ιθτκιιο,
3156 1965 3213 2013 ει
3236 1968 3440 2027 pmoc.

149 2072 287 2112 cum
317 2056 382 2111 de
413 2055 600 2125 iniquo
637 2052 867 2110 consilio
899 2051 1143 2123 superba:
1194 2049 1395 2106 mentis
1437 2049 1509 2102 ad
1545 2060 1739 2117 perpe-

150 2149 385 2205 trandas
404 2162 602 2218 pravas
628 2149 869 2203 actiones
899 2146 1033 2202 foris
1064 2143 1329 2215 procedit.
1359 2142 1581 2199 Obtinet
1606 2140 1742 2197 civi-

148 2250 330 2297 tatem
356 2247 410 2296 et
429 2254 645 2296 omnem
672 2238 1067 2293 inhabitantem
1094 2246 1316 2302 terram,
1353 2249 1481 2289 cum
1500 2229 1746 2288 carnales

147 2342 371 2391 mentes
398 2342 455 2390 et
475 2334 818 2405 operatioues
845 2331 1057 2387 illorum
1086 2331 1140 2386 in
1180 2328 1436 2400 nequitiae
1458 2342 1569 2383 sum
1588 2341 1747 2382 usum

147 2425 465 2492 convertit;
496 2426 585 2481 cui
623 2424 975 2481 auxiliatores
1006 2431 1134 2478 sunt
1160 2422 1266 2478 viri
1292 2420 1462 2476 fortes
1492 2435 1561 2475 ex
1596 2419 1745 2474 urbi-

146 2518 265 2574 bus
298 2523 354 2571 et
380 2515 585 2573 strenui
616 2517 684 2571 ad
712 2515 933 2582 bellum,
956 2530 1081 2570 cum
1107 2528 1220 2579 eos,
1254 2527 1393 2583 quos
1419 2511 1621 2583 ingenii
1644 2508 1751 2566 εδι-

145 2608 373 2665 liditate
392 2616 448 2664 et
480 2607 724 2679 corporis
750 2607 1059 2663 valetudine
1098 2605 1293 2660 florere
1321 2603 1605 2673 conspicit,
1648 2617 1749 2655 un-

1854 2080 1874 2114 ε
1898 2063 2232 2129 cupaverunt
2285 2069 2476 2110 omnes
2528 2053 2762 2108 vertices
2802 2050 3072 2106 montium
3093 2089 3108 2115 ,
3167 2054 3226 2103 et
3269 2046 3444 2102 muris

1844 2160 1873 2205 'c
1908 2147 2380 2206 circumdederunt
2405 2146 2555 2201 vicos
2586 2158 2713 2199 suos
2740 2149 2797 2199 et
2823 2144 3292 2212 congregaverant
3333 2135 3441 2189 frn-

1856 2263 1876 2296 ‹
1897 2250 2081 2299 menta
2109 2241 2164 2296 in
2196 2236 2647 2311 praeparationem
2687 2249 2899 2306 pugnae.
2936 2252 2961 2286 ›
2992 2230 3287 2287 Ᾱιέειιιθηιθ
3319 2241 3441 2299 per-
3524 2234 3527 2235 ⁷

1850 2340 2101 2390 sccutore
2132 2330 2298 2385 timor
2331 2334 2386 2383 et
2425 2334 2628 2381 tremor
2660 2322 2862 2378 invasit
2898 2320 3198 2385 Israelita,
3238 2331 3310 2373 ne
3338 2318 3444 2372 hoc

1851 2424 2057 2481 faceret
2095 2421 2395 2477 Jerusalem
2438 2426 2494 2473 et
2536 2416 2741 2486 templo
2780 2413 3018 2479 Domini,
3050 2410 3194 2482 quod
3238 2409 3449 2465 fecerat

1851 2516 2062 2575 caeteris
2096 2512 2409 2569 civitatibus
2437 2516 2495 2564 et
2532 2507 2750 2577 templis
2774 2519 2992 2569 eorum;
3025 2517 3157 2560 cum
3197 2498 3445 2556 Ecclesia

1849 2608 2057 2666 Christi
2087 2603 2364 2677 fragilitati
2390 2600 2730 2671 compatiens
2751 2596 3091 2652 infirmarum
3120 2592 3446 2659 animarum,

151 2701 327 2772 dique
369 2702 439 2756 ad
486 2715 640 2757 suam
687 2699 948 2755 malitiam
1004 2698 1368 2754 exercendam
1416 2695 1638 2768 colligit,
1689 2702 1752 2749 ut
1853 2717 1988 2774 quas
2026 2700 2127 2756 sub
2158 2713 2289 2753 cum
2324 2709 2421 2751 sua
2451 2700 2750 2763 susceptas,
2779 2704 2901 2760 qua
2927 2695 2983 2743 et
3007 2686 3229 2742 rudium
3259 2685 3315 2739 in
3340 2683 3449 2739 ﬁde

153 2799 320 2848 lanio
370 2791 736 2849 innocentium
786 2791 1002 2846 turbam
1029 2790 1223 2845 fortius
1271 2796 1501 2860 premat,
1548 2793 1751 2856 quanto
1853 2806 2040 2849 casum
2074 2788 2492 2861 pertimescens,
2531 2783 2735 2839 saevitia
2763 2788 2930 2852 atque
2953 2779 3253 2835 calliditate
3275 2775 3453 2833 hostis

150 2885 523 2957 plurimorum
561 2887 879 2943 societatem
931 2886 987 2939 in
1026 2899 1141 2939 suae
1180 2883 1389 2938 fraudis
1427 2895 1753 2938 consensum
1856 2885 2067 2957 antiqui
2093 2896 2402 2955 praecavere
2438 2879 2639 2944 studet,
2673 2892 2745 2931 ne
2772 2891 2870 2946 per
2909 2874 3137 2931 lictores
3169 2885 3319 2937 suos,
3346 2870 3452 2926 hoc

158 2983 367 3039 trahat.
416 2983 485 3039 Et
529 2998 761 3055 quorum
804 2998 864 3039 se
907 2982 1179 3038 mentibus
1220 2997 1320 3052 per
1369 2978 1755 3036 delectationes
1857 2988 1959 3045 est,
1997 2992 2259 3048 paganos,
2291 2971 2507 3028 Judzeos
2541 2979 2596 3025 et
2636 2967 2945 3033 haereticos,
2991 2965 3159 3021 corda
3192 2963 3455 3018 innocen-

158 3085 414 3132 terrenas
468 3048 687 3146 pla-cere
730 3074 1057 3139 considerat,
1106 3088 1203 3143 per
1220 3048 1428 3128 eorum
1477 3068 1755 3126 molimina
1856 3071 1995 3125 tium
2020 3066 2290 3135 decipiat,
2328 3071 2492 3133 atque
2525 3073 2747 3133 gravem
2775 3058 2829 3111 in
2867 3055 3070 3128 populo
3094 3051 3311 3109 Domini
3342 3048 3457 3106 etii-

159 3145 499 3236 simplicium
526 3165 691 3219 vitam
714 3166 769 3219 in
795 3164 963 3219 fundo
985 3164 1283 3219 subverlat.
1310 3161 1420 3217 Nec
1452 3170 1629 3216 tamen
1653 3159 1755 3230 ipsi
1856 3145 1971 3218 ciat
1998 3161 2233 3215 ruinam.
2269 3157 2337 3211 Et
2365 3161 2591 3225 propter
2629 3152 2734 3206 hoc
2755 3151 2974 3215 dicitur,
3006 3148 3151 3218 quod
3172 3145 3453 3200 mittentes

160 3266 523 3315 exsecutores
550 3273 663 3313 suae
681 3257 978 3312 voluntatis
1006 3257 1109 3312 ista
1137 3254 1399 3311 facientes
1419 3252 1755 3309 ferocitatem
1792 3302 1828 3316 _
1858 3252 2119 3310 Israelita:
2145 3250 2571 3316 circumquaque
2592 3238 3098 3313 praeoccupaverint
3117 3250 3309 3293 omnes
3337 3247 3454 3288 ver-

162 3349 288 3420 cjus
314 3349 608 3405 Christiani
635 3351 885 3414 evadunt,
932 3349 1024 3403 sed
1056 3363 1179 3403 cum
1202 3363 1300 3418 per
1329 3362 1426 3403 eos
1453 3346 1536 3402 sui
1566 3346 1673 3401 doli
1701 3346 1756 3400 in
1784 3302 1830 3369 ε
1863 3348 1998 3404 tices
2050 3344 2317 3400 montium
2346 3382 2361 3409 ,
2412 3340 2541 3411 quia
2590 3344 2801 3393 sancta:
2848 3331 3107 3390 Ecclesia
3157 3326 3458 3384 auctoritas

166 3438 297 3496 aliis
340 3441 835 3496 machinamentum
886 3440 1203 3510 expleverit,
1251 3440 1492 3509 ipsorum
1546 3454 1761 3510 quoque
1862 3437 2277 3511 prmpositorum
2306 3446 2528 3489 suorum
2557 3432 2865 3485 commovet
2893 3422 3462 3489 strenuitatem,qua-

166 3541 571 3606 consequenter
594 3534 872 3590 interitum
912 3533 1325 3590 consummabit.
1359 3532 1510 3589 Unde
1542 3532 1764 3603 subjun-

165 3627 365 3701 gitur:
402 3646 420 3681 t
457 3627 723 3685 Civitates
761 3644 948 3684 eorum
976 3629 1260 3694 destruxit,
1294 3635 1349 3685 et
1387 3628 1540 3684 lucos
1573 3642 1761 3684 eorum

167 3724 399 3793 excidit,
423 3744 442 3778 ι
476 3740 601 3781 cum
622 3740 731 3781 non
762 3725 939 3780 solum
967 3740 1154 3780 eorum
1181 3722 1428 3780 infandos
1453 3731 1608 3778 actus
1639 3721 1765 3777 finis

167 3816 351 3875 malus
388 3816 634 3886 dissipat,
679 3818 771 3873 sed
798 3825 853 3871 et
881 3815 1282 3872 simulationem
1323 3829 1535 3880 eorum,
1565 3829 1672 3884 qua
1709 3827 1766 3868 se

167 3912 394 3989 impune
421 3926 582 3983 posse
624 3926 848 3982 peccare
884 3910 1175 3981 fingebant,
1208 3916 1332 3980 post
1366 3915 1599 3964 mortem
1646 3922 1767 3963 cor-

168 4002 324 4074 poris
356 4000 409 4057 in
435 4001 719 4057 animabus
757 4016 944 4058 eorum
979 4001 1153 4072 pomis
1192 4000 1331 4071 ignis
1359 4000 1545 4056 aeterni
1576 4014 1768 4055 excru-

170 4096 304 4152 ciat.
355 4092 521 4164 Cujus
564 4091 819 4165 nequitia:
857 4101 1051 4150 auctor
1094 4092 1244 4147 nullo
1269 4091 1431 4147 modo
1474 4090 1626 4157 latet,
1672 4090 1766 4146 sed

170 4188 527 4259 subscqucnti
554 4187 821 4243 sententia
857 4186 1239 4241 manifestatur
1258 4201 1381 4241 cum
1411 4184 1613 4239 dicitur
1641 4200 1657 4238 :

256 4298 274 4331 ‹
311 4278 652 4351 Prmccperat
695 4278 841 4333 cnim
884 4279 959 4333 illi
1007 4277 1505 4334 Nabuchodonosor
1540 4291 1658 4341 rex,
1709 4283 1769 4329 ut

170 4387 367 4429 omnes
397 4371 525 4427 deos
553 4378 712 4426 terra:
749 4370 1159 4434 cxterminaret,
1204 4375 1263 4423 ut
1292 4369 1405 4438 ipse
1436 4367 1584 4423 solus
1623 4367 1768 4422 dicc-

172 4472 333 4522 retur
359 4465 500 4520 Deus
523 4464 591 4519 ab
614 4463 699 4519 his
724 4465 1054 4531 nationibus,
1106 4479 1225 4534 qum
1258 4447 1565 4533 potuissent
1608 4460 1770 4515 Holo-

172 4557 351 4614 femis
387 4558 627 4628 potentia
672 4554 967 4628 subjugari.
1000 4575 1017 4608 ι
1049 4555 1184 4623 Quia
1213 4555 1328 4626 ipse
1360 4552 1625 4620 diabolus,
1677 4551 1768 4622 qui

1866 3542 2024 3589 tenus
2058 3532 2258 3603 probos
2306 3529 2473 3593 viros,
2521 3532 2683 3594 atque
2735 3521 2999 3577 virtutum
3046 3517 3237 3574 studiis
3286 3512 3463 3570 celsos

1865 3624 2014 3683 omni
2058 3621 2362 3677 intentione
2404 3627 2458 3673 et
2501 3616 2720 3671 insitam
2760 3612 3035 3683 precibus,
3097 3622 3261 3679 quam
3296 3605 3463 3662 etiam

1866 3713 2249 3773 exhortatione
2278 3710 2590 3767 coniortare
2622 3714 2677 3762 ct
2714 3696 2939 3760 scrvai'e
2979 3699 3194 3757 studeat
3232 3697 3461 3762 illaesos;

1868 3818 1928 3865 ut
1949 3809 1994 3864 si
2027 3807 2225 3863 alicubi
2255 3804 2428 3860 hostis
2451 3817 2549 3873 per
2567 3797 2895 3871 simplicium
2924 3793 3179 3865 iniuriam
3202 3791 3257 3846 in
3283 3795 3462 3846 castra

1866 3902 2124 3961 Ecclesim
2165 3901 2467 3970 irrumpere
2501 3893 2811 3958 tentavcrit,
2854 3905 2955 3961 per
2984 3889 3214 3944 istorum
3250 3883 3464 3940 fortitu-

1869 3998 2073 4066 dinem,
2100 4008 2165 4049 ac
2187 3993 2353 4049 robur
2385 3990 2508 4046 fidei
2533 3990 2685 4044 ocius
2709 3984 3022 4057 repellatur.
3047 3980 3117 4036 Et
3147 3979 3319 4034 muris
3359 3977 3463 4031 cir-

1869 4090 2124 4149 cumdant
2148 4088 2299 4143 vicos
2339 4099 2498 4149 suos,
2531 4096 2656 4138 cum
2694 4079 2817 4135 fidei
2862 4084 3035 4141 scuto,
3069 4080 3123 4129 et
3155 4083 3464 4142 propugna—

1869 4184 1992 4241 culo
2018 4184 2279 4237 virtutum
2310 4178 2549 4248 undique
2574 4173 2789 4230 munire
2823 4171 3042 4226 student
3075 4165 3177 4222 sibi
3216 4161 3466 4219 commis-

1870 4292 1979 4333 sos.
2026 4275 2093 4329 Et
2141 4278 2477 4343 congregant
2532 4268 2865 4322 frumentum
2908 4263 2963 4317 in
3013 4257 3464 4330 prmparationem

1870 4382 2096 4441 pugure,
2136 4380 2259 4419 cum
2302 4359 2602 4417 sententias
2637 4366 2916 4411 sacrarum
2948 4349 3378 4418 Scripturarum,
3415 4350 3473 4398 et

1870 4438 2131 4534 pabulum
2161 4456 2397 4514 coelcstis
2435 4441 2698 4507 doctrina:
2740 4448 2792 4503 in
2822 4454 3038 4518 pastum
3082 4442 3322 4497 ﬁdelium
3352 4438 3470 4493 ani-

1874 4533 2088 4609 marum
2114 4546 2438 4611 recondunt,
2476 4561 2544 4600 ne
2564 4542 2706 4598 forte
2737 4539 2881 4595 fame
2913 4534 3080 4593 divini
3108 4534 3256 4591 verbi
3279 4533 3469 4603 despc-

171 4656 364 4703 rector
388 4626 446 4701 ct
466 4654 629 4717 caput
656 4626 894 4703 omnium
928 4655 1013 4702 est
1048 4646 1378 4717 iniquorum,
1411 4644 1512 4699 hoc
1553 4656 1651 4715 per
1676 4658 1769 4698 οε-
1797 4666 1849 4729 D
1876 4654 2016 4711 rent,
2048 4653 2212 4714 atque
2249 4639 2486 4695 hostium
2518 4633 2843 4706 spiritalium
2876 4627 3073 4701 prmdm
3100 4626 3253 4681 fiant.

173 4739 357 4796 cultas
378 4740 602 4796 insidias
630 4740 868 4808 molitur,
899 4742 1110 4811 hocque
1151 4757 1250 4814 per
1273 4746 1491 4811 apertas
1519 4754 1773 4811 persecu-

177 4835 360 4890 tiones
384 4834 748 4900 machinatur,
799 4841 859 4889 ut
906 4849 1098 4889 sensus
1134 4841 1190 4888 et
1229 4818 1388 4887 labor
1429 4831 1771 4887 terrestrium

178 4926 469 4983 universus
516 4926 570 4981 in
621 4940 777 4983 suum
828 4925 1031 4981 cultum
1089 4931 1494 4987 commutetur,
1546 4929 1600 4977 ct
1657 4921 1773 4992 ipse

178 5021 423 5079 omnium
456 5020 780 5076 dominetur.
814 5019 924 5075 Nec
947 5019 1168 5085 mirum,
1212 5018 1339 5087 quia
1378 5018 1434 5071 in
1466 5016 1773 5071 hominibus

180 5116 287 5169 hoc
317 5127 477 5185 agere
520 5120 719 5179 certat,
760 5128 883 5167 cum
934 5119 988 5166 et
1034 5109 1308 5167 hominem
1355 5107 1525 5163 Deum
1568 5106 1773 5162 fraudis

183 5220 297 5259 suae
341 5202 465 5259 dolo
503 5204 723 5278 aggredi
763 5202 1128 5275 prmsumpsit,
1161 5209 1216 5257 et
1254 5201 1403 5256 illum
1442 5201 1496 5255 in
1537 5207 1774 5254 montem

184 5295 461 5352 excelsum
484 5296 706 5361 ducens,
737 5305 792 5351 et
820 5309 1033 5350 omnem
1058 5294 1285 5366 gloriam
1316 5295 1499 5349 mundi
1526 5294 1573 5349 ei
1602 5300 1777 5350 osten-

188 5390 322 5445 dens
350 5403 599 5445 sermone
619 5388 851 5443 nefando
876 5388 1103 5442 tentavit
1129 5387 1315 5443 dicens
1340 5404 1353 5441 :
1390 5405 1407 5438 ι
1449 5384 1572 5441 [huc
1595 5383 1776 5439 omnia

188 5482 287 5537 tibi
315 5483 454 5539 dabo
499 5483 544 5538 si
592 5481 877 5553 procidens
914 5479 1224 5536 adoraveris
1252 5494 1358 5534 me.
1393 5500 1410 5529 ι
1445 5476 1551 5534 Sed
1590 5476 1778 5531 confu-

191 5589 286 5631 sus
330 5575 397 5630 ab
436 5589 503 5630 eo
558 5569 798 5638 recessit,
843 5572 895 5627 in
943 5587 1050 5642 quo
1099 5570 1317 5626 malitiae
1368 5586 1479 5626 sua:
1521 5568 1772 5625 effectum

193 5667 399 5724 nullum
427 5667 632 5734 habuit,
665 5668 776 5722 imo
808 5666 1090 5738 potestatis
1119 5679 1233 5720 suae
1261 5663 1684 5720 dominationem
1720 5660 1776 5715 in

196 5759 355 5814 nobis
373 5758 573 5823 amisit,
601 5758 727 5829 quia
757 5757 984 5813 victoria
1011 5766 1194 5812 nostra
1216 5762 1378 5827 caput
1402 5762 1485 5809 cst
1508 5762 1774 5818 nostrum,

1955 4760 1973 4793 α
2004 4734 2271 4794 Sacerdos
2300 4732 2465 4787 etiam
2509 4727 2772 4784 Eliachim
2803 4722 3022 4795 scripsit
3055 4721 3123 4776 ad
3161 4717 3468 4782 universos,

1885 4851 1903 4883 ι
1935 4828 2029 4900 qui
2056 4833 2213 4882 erant
2236 4830 2423 4879 contra
2446 4818 2733 4883 Esdrclon,
2766 4832 2887 4887 qum
2920 4822 3004 4869 est
3035 4818 3224 4868 contra
3271 4806 3469 4862 faciem

1885 4939 1903 4971 α
1936 4918 2113 4988 campi
2146 4915 2325 4986 magni
2344 4912 2499 4981 juxta
2533 4908 2763 4964 Dothain
2788 4915 2842 4961 ct
2866 4904 3170 4967 universos,
3208 4913 3306 4970 per
3330 4910 3467 4967 quos

1885 5032 1903 5065 ‹
1937 5012 2037 5066 vim
2065 5010 2325 5064 transitus
2366 5020 2485 5061 esse
2507 5008 2739 5075 poterat,
2776 5008 2834 5053 ut
2875 4996 3185 5053 obtinerent
3210 5006 3471 5046 ascensus

1884 5125 1904 5158 ι
1933 5104 2223 5167 montium,
2246 5115 2344 5173 per
2367 5114 2503 5170 quos
2532 5097 2620 5151 via
2645 5110 2764 5151 es<e
2791 5098 3001 5164 poterat
3043 5088 3109 5143 ad
3144 5084 3468 5151 Jerusalem,

1886 5216 1903 5248 ι
1933 5205 1987 5252 et
2020 5193 2129 5249 illic
2157 5191 2498 5248 custodirent
2522 5188 2612 5243 ubi
2645 5195 2930 5257 angustum
2972 5195 3094 5237 esse
3131 5180 3237 5235 iter
3259 5184 3481 5249 poterat

1886 5310 1903 5342 ι
1936 5289 2079 5344 inter
2114 5296 2346 5341 montes.
2378 5304 2396 5337 ›
2436 5280 2703 5337 Sacerdos
2744 5274 3031 5341 Eliachim,
3070 5273 3163 5345 qui
3203 5271 3472 5341 interpre-

1887 5401 1905 5435 ι
1938 5389 2085 5436 tatur
2116 5378 2329 5433 Domini
2359 5371 2699 5434 resurrectio,
2722 5366 2928 5424 nullum
2954 5362 3149 5421 melius
3190 5362 3468 5435 designat,

1887 5494 1905 5525 ‹
1929 5487 2093 5543 quam
2106 5468 2529 5540 Redemptorcm
2552 5468 2822 5525 nostrum,
2844 5456 2935 5531 qui
2968 5457 3021 5512 in
3039 5455 3331 5527 Evangelio
3360 5453 3467 5508 ait:

1885 5585 1904 5617 ‹
1932 5563 2044 5637 Ego
2076 5576 2195 5618 sum
2226 5554 2556 5615 resurrectio
2584 5562 2639 5610 et
2669 5553 2800 5608 vita.
2832 5571 2850 5604 ›
2876 5548 2985 5606 Iste
3015 5563 3146 5621 ergo
3178 5547 3367 5604 scribit
3402 5545 3473 5601 ad

1878 5636 2194 5720 universos,
2238 5652 2328 5724 qui
2373 5654 2531 5705 erant
2568 5652 2758 5704 contra
2804 5642 2998 5699 faciem
3052 5640 3229 5712 campi
3285 5636 3471 5709 magni

1874 5749 2033 5824 juxta
2080 5744 2337 5809 Dothain,
2381 5757 2503 5797 cum
2558 5755 2656 5811 per
2701 5736 3043 5807 Scripturam
3101 5730 3472 5803 evangelicum

206 5866 225 5901 ι
257 5849 348 5919 qui
375 5817 635 5921 alligavit.
662 5849 854 5905 fortem
898 5854 952 5903 et
980 5846 1096 5916 ejus
1125 5861 1252 5901 vasa
1281 5817 1542 5915 diripuit,
1582 5843 1781 5914 ipsam—
1876 5817 2192 5898 commonet
2223 5850 2413 5891 omnes
2456 5831 2643 5888 fideles
2682 5846 2811 5886 suos
2857 5844 2924 5884 ac
2953 5826 3176 5883 devotos
3216 5817 3469 5884 famulos,

203 5955 309 6014 que
336 5952 566 6000 mortem
597 5959 694 6000 sua
734 5951 909 6027 morte
948 5940 1298 6011 interﬁciens,
1332 5938 1668 6011 triumphans
1700 5952 1783 5993 1e-

1885 5934 1980 6010 qui
2007 5943 2196 5993 contra
2227 5928 2613 5988 delccmtiones
2644 5923 2853 5994 mundi,
2892 5928 2947 6006 et
2990 5915 3231 6007 carnalia
3263 5910 3473 6000 deside

3638 2236 3677 2269 δ
