3920 6488
106 404 212 464 555

728 513 957 574 CAPUT
990 517 1056 575 ν.
1099 537 1110 544 -

108 609 258 676 Quod
297 607 611 682 Holofernes
650 610 872 666 audiens
916 612 1056 682 ﬁlios
1085 611 1258 669 Israel
1298 615 1493 670 itinera
1533 633 1686 670 mon-

175 683 305 756 tium
338 679 675 756 conclusisse,
704 682 875 756 iratus
906 679 986 756 est
1015 683 1186 756 valde,
1214 694 1262 740 et
1297 702 1330 739 a
1367 687 1688 756 principibus

175 753 282 823 suis
329 752 574 822 exquirit,
613 753 752 806 unde
771 752 872 821 ﬁlii
902 752 1068 810 Israel
1110 752 1376 823 originem'
1406 752 1686 823 ducerent,

174 821 250 897 uel
276 821 802 897 quaeeorum‘virtu‘s
843 836 990 897 esset,
1043 827 1128 881 cui
1161 821 1356 882 A'cltior
1391 827 1594 897 plenius
1626 821 1690 881 de

174 893 351 970 liuere
378 893 662 970 respondit.
691 894 773 949 Ad
810 896 926 967 ejus
957 897 1263 953 relationem
1283 893 1409 954 irati
1429 899 1688 970 principes

176 963 228 1017 Η
231 963 501 1034 Olofernis.

181 1093 201 1128 ι
237 1076 662 1150 Nuntiatumque
686 1088 769 1136 est
795 1080 1071 1138 Holoferni
1097 1083 1329 1155 principi
1359 1084 1566 1140 militia:
1589 1085 1692 1141 As-

112 1193 129 1226 c
169 1171 458 1244 syriorum,
510 1173 653 1244 quod
684 1174 780 1230 ﬁlii
807 1175 976 1231 lsrael
1019 1187 1389 1248 praepararent
1425 1192 1484 1234 se
1509 1179 1577 1234 ad
1606 1192 1693 1234 re-

110 1286 128 1318 ι
158 1266 482 1332 sistendum,
524 1282 589 1323 ac
626 1269 891 1324 montium
931 1270 1124 1325 itinera
1174 1272 1589 1340 conclusissent,
1638 1280 1693 1328 et

110 1379 128 1412 (
158 1359 344 1416 furore
387 1360 555 1416 nimio
597 1363 801 1418 exarsit
837 1364 893 1418 in
931 1364 1212 1421 iracundia
1252 1382 1469 1439 magna,
1524 1383 1688 1424 voca-

110 1470 128 1502 ι
159 1451 348 1522 vitque
383 1466 573 1508 omnes
597 1455 866 1526 principes
889 1455 1045 1514 Moab
1071 1465 1126 1512 et
1157 1457 1321 1514 duces
1349 1459 1605 1526 Ammon,
1635 1469 1690 1516 et

110 1562 127 1592 ι
155 1540 294 1595 dixit
341 1541 421 1596 eis
451 1559 465 1596 :
495 1543 668 1600 Dicite
711 1546 845 1602 mihi
889 1547 1012 1617 quis
1049 1549 1121 1604 sit
1162 1550 1390 1620 populus
1430 1554 1552 1621 iste,
1599 1554 1692 1623 qui

111 1651 129 1682 ι
161 1640 422 1688 montana
452 1634 682 1703 obsidet,
726 1647 819 1692 aut
852 1655 994 1710 quae,
1036 1649 1092 1695 et
1135 1641 1344 1712 quales,
1387 1653 1444 1699 et
1478 1654 1694 1714 quanta:

108 1746 126 1777 ‹
159 1729 274 1783 sint
303 1728 549 1784 civitates
579 1745 792 1800 eorum,
829 1748 950 1803 qua:
979 1734 1142 1790 etiam
1169 1735 1240 1792 sit
1271 1737 1441 1793 virtus
1478 1753 1690 1805 eorum,

105 1842 122 1873 α
150 1831 249 1878 aut
273 1839 394 1893 qua:
435 1823 507 1880 sit
534 1825 816 1882 multitudo
841 1843 1048 1896 eorum,
1096 1829 1182 1885 vel
1211 1830 1335 1902 quis
1357 1847 1455 1887 rex
1486 1831 1694 1888 militiae

1187 379 1562 461 ‘Exrosmo
1597 401 1666 460 1N
1701 401 1964 461 LIBRUM
1999 399 2265 459 warm.

1715 523 1764 584 Α
1793 533 1954 589 super
1973 517 2131 590 plaga
2159 531 2280 587 qua:
2300 516 2351 573 ei
2384 518 2681 585 acciderat,
2723 533 2824 591 pro
2849 521 3215 579 consolatione
3241 523 3382 595 injuo

3273 410 3377 467 554

1791 612 1930 667 riam
1949 610 2244 667 inferentes
2268 609 2447 681 aliqua
2477 611 2533 666 in
2566 612 2679 667 suis
2714 612 2871 669 dictis
2895 628 3024 671 vere
3055 614 3382 685 inferebant,

1791 707 1883 762 sed
1912 713 2092 760 tamen
2119 719 2217 776 per
2241 704 2420 760 omnia
2449 703 2553 774 ipsi
2576 704 2791 761 veritati
2818 721 2924 764 non
2958 710 3379 766 concordabant.

1791 798 2000 854 Habent
2045 797 2244 869 quippe
2290 796 2536 853 haeretici
2581 799 2860 870 proprium
2886 842 2901 866 ,
2949 809 3009 856 ut
3037 801 3196 859 malis
3241 803 3383 860 bona

1789 890 2184 962 permisceant,
2231 897 2498 960 quatenus
2545 889 2703 946 facile
2747 892 2927 947 sensui
2971 894 3240 951 audientis
3265 895 3386 952 illu-

1790 985 1937 1041 dant.
1969 983 2028 1040 Si
2049 985 2196 1040 enim
2232 1000 2400 1056 prava
2420 984 2700 1053 dicerent,
2724 987 2883 1042 citius
2910 987 2966 1042 in
3002 1003 3098 1044 sua
3119 991 3388 1059 pravitate

1790 1079 2016 1152 cogniti,
2047 1095 2167 1151 qua:
2212 1079 2408 1135 vellent
2449 1081 2652 1136 nemini
2694 1083 3102 1153 persuaderent.
3147 1085 3384 1142 Rursum

1792 1173 1839 1230 si
1888 1187 2104 1244 semper
2147 1179 2296 1228 recte
2337 1173 2642 1240 sentirent,
2690 1173 2956 1256 profecto_
2984 1176 3226 1232 haeretici
3275 1193 3386 1234 non

1790 1265 2054 1334 fuissent;
2079 1269 2174 1324 sed
2188 1267 2316 1323 dum
2342 1267 2558 1324 fallendi
2579 1277 2698 1324 arte
2720 1270 2788 1324 ad
2801 1278 3030 1341 utraque
3053 1271 3386 1339 deserviunt,

1791 1368 1847 1417 et
1871 1376 1939 1416 ex
1969 1360 2126 1416 malis
2146 1361 2291 1417 bona
2311 1361 2575 1427 inﬁciunt,
2603 1369 2657 1416 et
2683 1377 2751 1417 ex
2788 1363 2947 1418 bonis
2978 1363 3140 1429 mala,
3171 1371 3230 1418 ut
3251 1365 3389 1420 reci-

1790 1454 2032 1525 piantur,
2055 1455 2412 1512 abscondunt.
2436 1454 2591 1512 Sicut
2603 1455 2708 1526 qui
2725 1457 2916 1512 veneni
2933 1457 3185 1528 poculum
3205 1458 3388 1528 porri-

1791 1546 2224 1621 gitaora-poculi
2265 1547 2548 1604 dulcedine
2579 1547 2756 1604 mellis
2779 1549 2974 1620 tangit,
3015 1564 3246 1620 cumque
3285 1550 3392 1605 hoc

1792 1638 1937 1710 quod
1960 1638 2116 1694 dulce
2153 1646 2237 1695 est
2263 1639 2440 1710 primo
2477 1647 2627 1695 tactu
2658 1638 2948 1707 delibatur,
2977 1648 3034 1695 et
3077 1639 3210 1694 illud
3247 1640 3394 1712 quod

1792 1738 1875 1786 est
1901 1729 2241 1787 mortiferum
2265 1731 2638 1788 indubitanter
2665 1731 2986 1788 absorbetur
3010 1749 3024 1785 :
3056 1727 3242 1803 itaque
3270 1733 3386 1788 hae-

1793 1823 1970 1888 retici,
1998 1823 2126 1880 licet
2158 1825 2491 1894 permiscant
2521 1833 2669 1881 recta
2696 1825 2990 1895 perversis,
3020 1833 3081 1881 ut
3122 1826 3392 1882 audiendo

104 1934 121 1966 ι
153 1915 394 1984 illorum,
440 1926 497 1972 et
537 1933 708 1988 quare
747 1933 860 1989 pra:
902 1920 1153 1977 omnibus
1199 1901 1292 1992 qui
1341 1923 1589 1979 habitant
1634 1923 1690 1978 in
1721 1901 1769 1961 Β
1795 1917 1938 1974 bona
1962 1917 2237 1974 auditores
2258 1917 2361 1974 sibi
2389 1917 2686 1984 attrahant,
2714 1927 2771 1973 et
2793 1918 3099 1974 exhibendo
3133 1918 3276 1973 mala
3297 1933 3392 1974 eos

105 2025 122 2057 ι
153 2007 400 2076 Oriente,
434 2008 525 2065 isti
559 2019 1002 2083 contempserunt
1045 2029 1167 2080 nos,
1213 2021 1269 2070 et
1304 2029 1414 2070 non
1439 2015 1693 2072 exierunt

103 2118 122 2151 ι
153 2100 375 2156 obviam
432 2103 608 2170 nobis,
666 2111 726 2158 ut
776 2105 1114 2176 susciperent
1168 2122 1269 2163 nos
1311 2123 1435 2162 cum
1478 2122 1632 2179 pace.
1666 2127 1685 2162 ι

95 2191 392 2248 Nuntiatur
416 2193 692 2250 Holoferni
725 2195 920 2267 typiee,
957 2197 1104 2268 quod
1150 2197 1246 2254 ﬁlii
1281 2197 1450 2255 Israel
1478 2213 1691 2271 praepa-

96 2291 221 2338 rent
253 2299 311 2339 se
347 2286 415 2340 ad
438 2286 822 2352 resistendum,
863 2303 927 2344 ac
951 2288 1217 2343 montium
1249 2289 1443 2344 itinera
1475 2289 1693 2346 conclu-

95 2375 255 2441 dant,
281 2376 407 2445 quia
435 2377 538 2432 hoc
575 2377 868 2435 innotescit
903 2389 1105 2436 sancta:
1135 2381 1395 2438 Ecclesia:
1430 2397 1691 2452 persecu-

95 2467 310 2522 toribus
341 2468 629 2536 universis,
668 2471 759 2542 qui
795 2480 991 2543 parent
1029 2472 1294 2528 voluntati
1326 2474 1548 2552 diaboli,
1591 2489 1691 2530 ceu

92 2560 345 2616 membra
384 2562 568 2632 capiti,
599 2564 743 2635 quod
785 2565 1070 2620 credentes
1096 2565 1315 2622 Christo
1342 2565 1573 2622 Domino
1602 2567 1693 2623 de—

94 2648 335 2706 liberant
366 2668 670 2726 repugnare
701 2655 858 2711 malis
882 2657 1064 2712 animo
1092 2657 1221 2725 ﬁdo,
1261 2667 1318 2713 et
1353 2673 1573 2716 omnem
1604 2675 1690 2715 su-

91 2745 344 2813 perbiam
382 2747 738 2817 detestentur,
772 2765 871 2822 per
899 2767 1066 2821 quam
1107 2752 1347 2810 maxime
1388 2755 1692 2811 adversarii

93 2835 402 2907 irrumpere
437 2847 492 2894 et
519 2841 739 2898 vincere
776 2842 1014 2898 student.
1060 2842 1200 2900 Hinc
1236 2845 1482 2902 irritatus
1517 2847 1693 2903 hostis

93 2926 416 2984 admirande
463 2931 793 2998 sciscitatur,
851 2933 992 2990 unde
1040 2935 1121 2989 eis
1171 2943 1322 2990 tanta
1367 2936 1441 2991 sit
1493 2937 1693 2992 mentis

93 3022 426 3087 constantia,
458 3023 601 3093 quod
649 3024 1047 3080 munimentum
1085 3025 1234 3092 ﬁdei,
1266 3027 1388 3098 quis
1417 3042 1533 3092 rex,
1573 3042 1694 3097 quae

91 3113 292 3169 militia
326 3123 487 3170 tantae
509 3117 748 3183 virtutis,
781 3115 936 3185 cujus
963 3119 1218 3187 potentiae
1247 3133 1408 3174 nemo
1437 3117 1695 3174 resistere

90 3207 304 3278 possit?
351 3208 420 3263 Et
464 3210 605 3264 bene
633 3210 691 3265 in
729 3208 952 3266 Oriente
988 3211 1079 3266 isti
1125 3212 1375 3271 habitare
1417 3213 1693 3280 dicuntur,

91 3300 225 3370 quia
258 3297 464 3354 lumine
489 3299 617 3356 ﬁdei
663 3316 728 3357 ac
771 3301 892 3357 luce
923 3301 1164 3358 scientia:
1213 3303 1349 3361 tales
1385 3319 1603 3376 semper
1635 3303 1698 3360 il-

90 3386 326 3444 lustrari
375 3391 709 3458 desiderant,
751 3401 1022 3464 quatenus
1061 3395 1410 3451 tenebrarum
1445 3395 1698 3452 cohortes

87 3491 415 3551 expugnare
439 3497 503 3538 ac
531 3482 792 3553 repellere
817 3483 1032 3544 facilius
1059 3485 1292 3557 possint.

77 3608 82 3617 ι
173 3591 195 3626 ‹
232 3573 390 3631 Tunc
417 3577 622 3634 Achior
649 3579 757 3634 dux
785 3580 1028 3636 omnium
1070 3579 1306 3636 ﬁliorum
1338 3581 1575 3638 Ammon
1613 3595 1699 3636 re-

99 3688 118 3719 (
147 3667 427 3738 spondens
469 3668 548 3724 ait
576 3689 590 3725 :
617 3669 677 3726 Si
705 3671 945 3742 digneris
987 3673 1193 3740 audire,
1220 3672 1448 3730 Domine
1481 3674 1579 3740 mi,
1611 3675 1696 3730 di-

98 3779 119 3811 ‹
145 3773 276 3814 eam
303 3760 588 3818 veritatem
618 3763 673 3818 in
704 3772 996 3835 conspectu
1023 3773 1117 3823 tuo
1144 3766 1210 3822 de
1236 3767 1438 3839 populo
1475 3776 1571 3824 tuo
1603 3769 1697 3840 qui

99 3869 118 3902 ι
153 3850 211 3904 in
254 3853 527 3909 montanis
577 3853 806 3922 habitat,
844 3864 899 3912 et
940 3873 1048 3914 non
1105 3859 1413 3931 egredietur
1470 3862 1698 3917 verbum

100 3957 121 3992 ι
154 3939 356 3996 falsum
385 3959 451 3998 ex
471 3958 567 4000 ore
587 3960 729 4001 meo.
757 3946 994 4018 Populus
1019 3950 1123 4005 iste
1157 3966 1225 4006 ex
1247 3952 1506 4023 progenie
1535 3951 1697 4009 Chal-

100 4053 119 4084 ‹
162 4033 410 4090 daaorum
436 4044 539 4092 est.
585 4034 686 4094 Hic
712 4039 950 4108 primum
989 4041 1044 4094 in
1075 4040 1463 4112 Mesopotamia
1491 4045 1698 4100 habita-

101 4144 119 4176 ι
153 4126 258 4193 vit,
287 4126 544 4197 quoniam
572 4129 864 4186 noluerunt
891 4131 1046 4202 sequi
1073 4132 1203 4188 deos
1231 4143 1447 4204 patrum
1471 4150 1696 4192 suorum

100 4237 118 4269 ι
152 4219 251 4289 qui
281 4220 518 4275 erantin
547 4230 692 4277 terra
717 4220 1116 4280 Chaldaeorum.
1159 4225 1486 4283 Deserentes
1511 4227 1697 4297 itaque

100 4333 117 4363 ι
149 4315 512 4371 caeremonias
549 4325 768 4388 patrum
804 4334 1050 4386 suorum,
1081 4335 1203 4390 quae
1254 4321 1308 4376 in
1350 4320 1697 4377 multitudine

101 4425 119 4456 ι
149 4407 380 4462 deorum
417 4415 597 4474 erant,
625 4425 792 4464 unum
817 4409 989 4465 Deum
1016 4410 1142 4466 caeli
1181 4411 1487 4478 coluerunt,
1518 4412 1611 4484 qui
1641 4420 1697 4466 et

103 4520 117 4550 ι
150 4500 417 4571 praecepit
455 4501 535 4556 eis
575 4510 636 4556 ut
670 4502 884 4558 exirent
903 4503 1028 4559 inde
1047 4511 1104 4560 et
1125 4504 1435 4561 habitarent
1473 4506 1530 4560 in
1561 4505 1698 4562 Cho-

99 4611 115 4641 ‹
149 4607 273 4646 ran.
307 4611 326 4644 ι
353 4590 460 4648 Per
480 4591 682 4649 Achior
721 4593 916 4651 ducem
944 4595 1180 4652 ﬁliorum
1215 4596 1470 4666 Ammon,
1515 4598 1609 4668 qui
1637 4597 1700 4652 li-

94 4693 181 4740 cet
209 4684 532 4743 idololatriae
570 4688 785 4746 deditus
807 4689 992 4756 fuerit,
1040 4699 1224 4747 tamen
1267 4692 1448 4763 aliqua
1472 4706 1604 4748 vera
1629 4693 1697 4748 de

96 4776 297 4832 divinis
319 4779 577 4849 operibus
600 4788 765 4851 atque
796 4783 1076 4840 miraculis
1096 4784 1430 4856 praedicavit,
1469 4801 1581 4842 non
1615 4786 1698 4842 in-

95 4871 488 4927 convenienter
519 4873 593 4929 illi
627 4875 1024 4947 intelliguntur,
1069 4879 1163 4934 oui
1199 4881 1438 4937 nondum
1475 4896 1698 4954 regene-

98 4965 203 5020 rati
241 4973 371 5021 sunt
407 4966 610 5023 Christi
658 4969 1003 5040 baptismate,
1037 4987 1142 5028 nec
1167 4971 1328 5029 ﬁdem
1369 4974 1694 5030 catholicam

97 5057 342 5128 perfecte
375 5059 701 5127 didicerunt,
731 5062 827 5119 sed
854 5070 1038 5118 tamen
1077 5063 1258 5134 aliqua
1291 5064 1408 5135 jam
1432 5066 1696 5122 doctrinre

99 5149 427 5221 evangelicae
492 5151 724 5222 insignia
781 5152 1050 5210 audiendo
1101 5164 1502 5226 perceperunt,
1571 5174 1693 5228 quae

101 5244 268 5299 etiam
301 5245 548 5315 proferre
593 5246 664 5301 ad
711 5246 940 5303 aliorum
987 5248 1240 5304 notitiam
1289 5265 1398 5306 non
1443 5251 1696 5321 pertime-

101 5344 284 5403 scunt,
313 5352 433 5408 qua:
472 5338 598 5396 ﬁdei
629 5348 830 5396 nostra:
857 5341 1214 5397 concordant.
1257 5342 1324 5396 Hi
1371 5352 1560 5399 contra
1589 5343 1694 5400 Ec-

102 5429 285 5486 clesiae
329 5430 594 5488 unitatem
635 5447 759 5488 cum
804 5431 1020 5488 caeteris
1061 5433 1503 5504 persecutoribus
1545 5433 1700 5491 Chri-

101 5521 294 5577 stianae
343 5520 468 5578 ﬁdei
524 5521 650 5579 licet
698 5539 942 5597 pugnare
987 5539 1096 5582 non
1132 5525 1462 5595 detrectent,
1517 5534 1699 5584 tamen

103 5611 318 5670 ratione
359 5615 604 5672 veritatis
653 5617 897 5688 superati
946 5617 1120 5688 ipsam
1166 5615 1454 5674 veritatem
1497 5635 1698 5692 usque-

106 5720 321 5778 quaque
370 5709 704 5765 abscondere
753 5725 861 5766 non
907 5718 1138 5781 possunt
1163 5751 1180 5778 ,
1228 5710 1336 5766 imo
1384 5709 1703 5782 plerumque

100 5809 231 5884 eam
273 5797 468 5856 lucidis
510 5801 793 5856 sententiis
836 5813 1111 5872 promunt.
1141 5801 1295 5859 Unde
1339 5802 1394 5856 in
1436 5801 1576 5859 libro
1601 5801 1702 5859 Job

102 5891 275 5952 amici
298 5895 467 5966 ipsius
498 5893 622 5961 Job,
648 5895 742 5966 qui
763 5895 831 5951 ad
863 5896 1249 5956 consolandum
1284 5911 1408 5954 eum
1438 5906 1702 5954 venerant

479 5991 757 6055 PATROL.
801 5993 970 6058 CIX.

1792 2010 2025 2068 latenter
2043 2021 2196 2083 peste
2214 2019 2585 2083 corrumpant,
2622 2011 2909 2082 aliquando
2931 2020 3110 2068 tamen
3131 2011 3395 2082 praedica-

1792 2103 1943 2159 tione
1987 2103 2247 2161 Ecelesiae
2290 2112 2490 2160 sanctae
2533 2112 2589 2159 et
2635 2103 3014 2160 exhortatione
3062 2104 3295 2159 correcti
3325 2102 3394 2156 ab

1793 2195 1898 2250 hac
1937 2210 2130 2251 sensus
2170 2195 2254 2252 sui
2293 2194 2608 2250 diversitate
2652 2194 2950 2250 salvantur.
3001 2193 3155 2249 Sicut
3190 2193 3395 2249 Achior

1793 2285 1982 2340 videns
2009 2285 2294 2340 victoriam
2315 2283 2530 2350 Judith,
2561 2283 2782 2354 reliquit
2805 2299 3046 2340 errorem
3076 2283 3390 2355 pristinum,

1794 2386 1851 2434 et
1869 2379 2172 2434 associatus
2197 2387 2285 2435 est
2311 2377 2570 2436 Israelitis
2603 2393 2701 2448 per
2745 2378 3116 2434 credulitatem
3159 2378 3395 2434 circum-

1793 2471 1980 2528 cidens
2013 2485 2237 2527 carnem
2255 2471 2503 2542 prmputii
2531 2471 2634 2538 sui,
2677 2477 2732 2526 et
2764 2471 3040 2542 appositus
3081 2479 3166 2527 est
3204 2471 3274 2525 ad
3300 2485 3397 2540 po-

1791 2562 1980 2634 pulum
2018 2562 2137 2619 Dei.
2170 2561 2312 2617 Hinc
2353 2571 2409 2617 et
2444 2561 2607 2617 amici
2646 2560 2747 2616 Job
2793 2561 3253 2617 reconciliationis
3281 2575 3396 2616 sua:

1793 2655 2121 2712 sacriﬁcium
2148 2656 2267 2727 ejus
2304 2655 2372 2711 de
2405 2655 2580 2711 sancti
2605 2654 2710 2710 viri
2729 2672 2731 2674 ·
2750 2655 2999 2711 manibus
3022 2654 3290 2722 offerunt,
3317 2663 3400 2710 at-

1793 2762 1899 2819 que
1921 2747 1989 2802 ad
2007 2748 2227 2818 superni
2245 2746 2443 2817 judicis
2465 2748 2697 2820 gratiam
2711 2747 2797 2802 vel
2817 2747 3016 2804 addicti
3033 2755 3395 2813 revocantur;

1795 2854 1931 2910 quos
1979 2847 2162 2895 tamen
2215 2839 2272 2894 in
2319 2838 2612 2911 Evangelio
2677 2838 2767 2894 illa
2819 2839 3008 2894 decem
3059 2838 3399 2909 leprosorum

1795 2933 2077 2989 mundatio
2122 2933 2386 3006 designat.
2430 2933 2489 2989 In
2519 2934 2671 3005 lepra
2696 2933 2894 3005 quippe
2920 2941 2976 2988 et
3020 2947 3148 3002 pars
3175 2932 3316 2988 cutis
3344 2932 3400 2985 in

1798 3023 2062 3094 fulgorem
2096 3023 2328 3089 ducitur,
2361 3032 2418 3080 et
2455 3039 2584 3096 pars
2617 3025 2676 3079 in
2714 3024 2895 3080 colore
2933 3039 3068 3079 sano
3111 3024 3398 3079 retinetur.

1797 3115 2023 3187 Leprosi
2047 3119 2232 3188 itaque
2274 3117 2564 3172 haereticos
2598 3115 2929 3187 exprimunt,
2961 3115 3053 3184 qui
3082 3114 3210 3169 d‘um
3233 3111 3403 3168 rectis

1799 3222 1966 3278 prava
1991 3207 2600 3278 permiscent,colorem
2624 3220 2818 3260 sanum
2842 3203 3071 3259 maculis
3084 3208 3397 3273 aspergunt.

1722 3273 1771 3340 (ἶ
1799 3273 1959 3354 lJnde
1991 3273 2062 3354 —et
2104 3300 2245 3355 bene
2287 3309 2348 3354 ut
2392 3298 2687 3364 salventur,
2735 3295 3005 3353 clamant:
3037 3313 3057 3346 ‹
3085 3293 3234 3360 Jesu,
3265 3307 3404 3363 prae-

1806 3411 1825 3443 ι
1861 3401 2072 3462 ceptor,
2100 3411 2120 3444 ι
2146 3392 2239 3463 qui
2262 3391 2408 3448 enim
2434 3392 2490 3446 in
2515 3390 2632 3462 ejus
2657 3391 2841 3448 verbis
2867 3406 2926 3446 se
2947 3402 3162 3445 errasse
3195 3385 3404 3458 signiﬁ-

1799 3471 1930 3543 cant
1952 3488 2100 3543 hunc
2128 3487 2373 3543 salvandi
2399 3485 2680 3541 humiliter
2698 3492 3091 3557 prmeeptqrem
3110 3489 3328 3538 vocant.

1875 3598 1894 3630 ι
1930 3578 1999 3633 Et
2025 3577 2229 3635 factum
2263 3587 2365 3644 est,
2398 3593 2523 3633 cum
2543 3585 2813 3633 cessasset
2838 3576 2982 3647 loqui
3007 3573 3212 3631 Achior
3234 3573 3403 3628 verba

1805 3688 1824 3721 ‹
1858 3669 1996 3736 haec,
2019 3669 2145 3725 irati
2171 3677 2300 3726 sunt
2321 3683 2512 3726 omnes
2533 3675 2812 3739 magnates
2831 3665 3160 3732 Holofernis,
3183 3672 3239 3720 et
3263 3662 3406 3734 cogi-

1806 3781 1824 3814 ι
1869 3761 2060 3817 tabant
2105 3761 2413 3818 interﬁcere
2460 3776 2607 3829 eum,
2656 3761 2899 3816 dicentes
2943 3757 3012 3814 ad
3048 3758 3405 3813 alterutrum:

1804 3876 1824 3909 ι
1859 3857 1993 3925 Quis
2029 3865 2116 3913 est
2149 3857 2254 3913 iste
2282 3858 2376 3927 qui
2415 3856 2562 3912 dicat
2602 3854 2743 3911 ﬁlios
2770 3853 2940 3911 Israel
2964 3868 3125 3925 posse
3151 3851 3407 3906 resistere

1806 3967 1825 4001 ‹
1868 3949 1984 4020 regi
2007 3948 2513 4006 Nabuchodonosor
2541 3957 2597 4004 et
2621 3947 2952 4004 exercitibus
2987 3945 3134 4016 ejus,
3158 3944 3408 4000 homines

1806 4061 1826 4095 ι
1868 4043 2107 4100 inermes
2141 4083 2156 4110 ,
2181 4032 2242 4098 et'
2268 4042 2387 4101 sine
2412 4043 2636 4109 virtute,
2663 4049 2718 4097 et
2755 4041 2873 4097 sine
2899 4040 3098 4112 peritia
3129 4038 3264 4094 artis
3303 4054 3407 4110 pu-

1803 4153 1825 4187 ‹
1861 4135 2016 4206 gnae?
2045 4134 2118 4190 Ut
2139 4150 2268 4206 ergo
2291 4142 2551 4207 agnoscat
2575 4134 2779 4190 Achior
2801 4133 3060 4204 quoniam
3088 4133 3229 4188 fallit
3275 4147 3404 4201 nos,

1805 4247 1824 4280 ι
1864 4228 2224 4284 ascendamus
2249 4228 2305 4282 in
2331 4236 2611 4293 montana,
2635 4233 2692 4282 et
2732 4241 2857 4282 cum
2897 4226 3043 4298 capti
3082 4225 3287 4282 fuerint
3313 4241 3408 4297 p0-

1805 4337 1825 4371 (
1865 4327 2045 4375 tentes
2070 4333 2283 4384 eorum,
2314 4326 2444 4373 tunc
2468 4334 2592 4373 cum
2613 4318 2820 4374 eisdem
2847 4319 3027 4390 gladio
3057 4319 3406 4373 transverbe—

1805 4429 1824 4463 ί
1867 4411 2096 4467 rabitur.
2135 4432 2154 4464 ι
2182 4410 2457 4486 Magnates
2485 4409 2792 4466 Holofernis
2822 4410 3006 4465 audito
3051 4409 3296 4464 veritatis
3335 4416 3409 4463 te-

1801 4505 2062 4561 stimonio
2094 4504 2404 4560 irascuntur
2427 4544 2443 4571 ,
2481 4519 2604 4559 cum
2644 4503 2700 4559 bi
2723 4503 2812 4574 qui
2848 4503 2902 4557 in
2947 4502 3090 4558 fastu
3134 4500 3408 4557 mundano

1802 4596 2125 4667 superbiunt
2189 4597 2517 4654 testiﬁcante
2557 4596 2851 4668 Evangelio
2890 4595 3150 4651 virtutem
3199 4593 3406 4650 Christi
3455 4617 3464 4623 -

1721 4665 1776 4725 D
1803 4665 2044 4756 irritant,
2072 4697 2237 4761 atque
2251 4689 2639 4760 praedicatores
2666 4665 2852 4761 ipsius
2876 4703 3001 4744 cum
3025 4695 3223 4744 caetera
3246 4689 3406 4743 turba

1800 4781 2043 4838 ﬁdelium
2062 4784 2379 4841 interimere
2402 4783 2699 4851 minantur,
2723 4783 2879 4855 quasi
2898 4782 3148 4838 homines
3169 4782 3409 4838 inermes

1798 4888 1854 4933 et
1880 4877 2145 4933 inhabiles
2165 4892 2358 4950 pugna:
2381 4877 2685 4934 forinsecus
2706 4876 3027 4948 despiciunt,
3052 4874 3144 4946 qui
3167 4874 3408 4946 vigorem

1799 4971 1967 5026 animi
2015 4985 2202 5026 eorum
2244 4978 2302 5026 et
2346 4970 2469 5027 ﬁdei
2506 4971 2784 5037 virtutem,
2831 4971 3027 5041 quibus
3066 4968 3410 5024 invisibiliter

1799 5071 1991 5119 contra
2021 5063 2209 5118 hostes
2253 5061 2559 5134 spirituales
2594 5067 2856 5133 pugnant,
2885 5059 3235 5115 considerare
3261 5058 3404 5114 inte-

1794 5156 1908 5211 rius
1933 5162 2228 5226 nequeunt,
2254 5155 2409 5226 quasi
2431 5156 2602 5210 turbae
2624 5154 2880 5224 periturae
2904 5165 3183 5220 praacones
3207 5151 3407 5206 verita-

1796 5250 1867 5305 tis
1896 5251 2109 5306 tradere
2129 5249 2345 5318 jubent,
2388 5249 2482 5320 qui
2511 5263 2606 5318 spe
2634 5246 2771 5302 falsa
2802 5245 3060 5317 potentiae
3088 5260 3200 5301 sua:
3226 5261 3287 5300 se
3308 5245 3404 5301 de-

1797 5341 1946 5400 lusos
1974 5358 2096 5400 esse
2120 5358 2229 5399 non
2252 5341 2466 5411 vident.
2513 5339 2652 5394 Hinc
2695 5338 2752 5394 in
2774 5337 3068 5409 Evangelio
3091 5335 3284 5405 Judaei,
3313 5338 3406 5408 qui

1799 5446 2023 5510 propter
2075 5436 2363 5509 perﬁdiam
2412 5449 2568 5491 suam
2617 5433 2687 5489 ad
2744 5431 3043 5505 phalangas
3093 5431 3402 5488 Holofernis

1808 5529 1982 5600 typice
2009 5528 2420 5600 perveniebant,
2451 5541 2596 5582 caeco
2623 5531 2754 5579 nato
2799 5538 2832 5579 a
2880 5523 3162 5580 Salvatore
3200 5522 3405 5578 illumi-

1804 5630 1953 5688 nato,
1985 5637 2148 5692 quem
2191 5636 2222 5675 a
2269 5634 2538 5692 synagoga
2580 5617 2873 5689 eiecerunt,
2905 5617 3061 5690 quasi
3082 5617 3407 5674 insultantes

1803 5722 1970 5785 atque
2012 5712 2396 5768 maledicentes
2441 5710 2728 5767 dicebant:
2774 5727 2794 5762 ‹
2829 5709 2910 5764 Tu
2952 5708 3248 5780 discipulus
3289 5704 3406 5775 ejus

1811 5827 1828 5858 ι
1867 5805 1964 5871 sis,
1991 5819 2092 5861 nos
2120 5812 2301 5860 autem
2329 5802 2500 5875 Moysi
2537 5801 2784 5874 discipuli
2823 5817 3033 5868 sumus,
3059 5820 3079 5853 ι
3132 5799 3259 5870 quia
3278 5811 3406 5852 eum

1804 5898 2074 5972 perditum
2104 5894 2543 5965 aestimaverunt,
2588 5893 2683 5966 qui
2712 5895 2780 5952 de
2814 5909 2914 5952 suo
2946 5889 3220 5953 consortio
3241 5902 3404 5962 sepa-

2851 5989 2926 6055 18
