3920 6484
140 392 256 469 55'!

1236 386 1598 453 EXPOSITIO
1636 391 1704 453 IN
1741 390 2002 453 LIBRUM
2039 388 2305 455 JUDITH.

3311 388 3422 451 858

64 522 71 563 τ
150 530 174 573 ς
222 514 385 565 tatem
430 520 604 567 suam.
633 525 654 559 ι
690 504 831 575 Quid
876 511 960 563 est
1008 505 1151 577 quod
1197 505 1513 569 Holofernes
1544 521 1727 577 aqum-
1758 508 1810 581 Α
1834 505 2121 577 magistros
2161 519 2290 563 suos
2335 502 2656 573 importunis
2704 502 3057 581 querimoniis
3094 514 3345 577 gravant,
3374 514 3433 563 et

144 604 390 667 ductum,
419 599 513 671 qui
539 600 593 655 in
641 607 795 672 parte
836 599 1059 659 australi
1097 615 1129 657 a
1174 596 1322 655 fonte
1352 598 1409 657 in
1453 594 1733 665 sivitatetn

144 693 418 755 inferebat
446 706 664 762 aquam,
690 691 935 764 praecipit
958 691 1143 758 incidi,
1172 689 1279 747 nisi
1304 690 1449 763 quod
1480 704 1730 763 persecu-

81 802 94 855 l
144 798 296 847 tores
324 784 563 845 ﬁdelium
610 785 910 843 doctrinam
952 784 1267 857 Evangelii,
1296 799 1457 856 quam
1490 798 1555 841 ex
1589 782 1739 847 fonte

140 883 272 943 vivo
324 881 706 954 procedentem
760 879 941 945 sancti
992 880 1241 937 doctores
1283 879 1457 953 gratia
1508 876 1741 949 Spiritus

142 975 321 1035 sancti
365 973 653 1029 illuminati
697 988 796 1044 per
836 972 949 1033 oris
975 972 1060 1029 sui
1088 971 1324 1033 fistulam
1363 971 1420 1031 in
1460 971 1740 1029 civitatem

142 1067 499 1131 introducunt
519 1065 791 1137 Ecclesiae,
805 1065 1140 1138 prohibendo
1158 1080 1223 1121 ac
1238 1072 1471 1125 mortem
1483 1061 1741 1123 .ninando

134 1158 336 1230 jubent
352 1158 589 1227 auferre,
602 1167 870 1233 quatenus
890 1158 1184 1229 indigentia
1202 1165 1363 1233 potus
1387 1154 1568 1219 vitalis
1589 1155 1742 1231 prius

140 1248 203 1307 in
231 1250 517 1315 animabus
561 1250 673 1311 suis
715 1252 861 1313 sitim
909 1251 1250 1318 sustineant,
1282 1257 1340 1306 et
1377 1250 1458 1306 sic
1503 1248 1742 1310 funditus

139 1361 241 1403 eos
266 1347 443 1417 prunis
469 1343 686 1411 inflictis
710 1352 975 1407 evertant.
1027 1342 1135 1403 Sed
1160 1351 1319 1401 erant
1342 1341 1519 1403 fonte:
1545 1341 1745 1403 ibidem

139 1452 210 1493 ex
242 1438 440 1510 quibus
467 1437 792 1499 videbantur
815 1435 999 1499 furtim
1031 1435 1249 1497 haurire
1283 1450 1507 1506 aquam.
1532 1442 1645 1495 tam
1676 1434 1745 1492 ad

141 1529 555 1589 refocillandum
580 1544 741 1605 quam
768 1528 835 1595 ad
857 1528 1172 1598 potandum,
1198 1528 1297 1584 hos
1320 1542 1534 1599 quoque
1553 1542 1746 1605 sugge-

138 1622 393 1685 rentibus
407 1622 530 1681 filiis
548 1622 779 1691 Ammon
806 1630 863 1681 et
882 1621 1039 1679 Moab
1063 1620 1313 1681 similiter
1330 1623 1511 1692 praedo
1532 1621 1748 1694 iniquus

130 1713 303 1784 jussit
334 1716 614 1785 custodiri,
637 1732 708 1773 ne
724 1715 942 1788 aliquod
963 1714 1309 1788 refrigerium
1338 1714 1594 1774 Israelita:
1621 1714 1748 1773 inde

136 1809 431 1865 haberent.
459 1808 527 1867 Et
555 1809 686 1885 quid
713 1825 811 1880 per
838 1824 932 1866 eos
973 1809 1213 1869 minutos
1237 1809 1417 1867 fontes
1447 1824 1517 1866 ex
1551 1808 1746 1881 quibus

1835 596 1938 655 sibi
1965 596 2034 653 ad
2058 595 2244 657 luxum
2282 596 2460 653 saeculi
2489 595 2826 671 sequendum
2853 604 3072 673 cogunt.
3115 595 3269 654 Unde
3296 598 3429 656 sub-

1830 687 2027 760 jungit.

1914 796 1933 830 (
1977 778 2196 834 Etcum
2233 777 2443 852 fatigati
2488 779 2574 837 his
2615 780 2964 850 clamoribus,
2996 789 3052 839 et
3092 783 3179 847 his
3216 782 3436 843 ﬂetibus

1845 889 1864 925 ι
1901 870 2087 928 lassati
2113 871 2410 942 siluissent,
2436 888 2735 947 exsurgens
2754 872 2914 933 Ozias
2940 875 3151 936 infusus
3178 878 3436 952 lacrymis

1847 981 1867 1015 ι
1905 963 2081 1020 dixit:
2105 962 2287 1035 Equo
2316 965 2498 1027 animo
2530 974 2724 1035 estote,
2747 966 2965 1037 fratres,
2996 978 3050 1026 et
3076 971 3174 1029 hos
3198 971 3437 1044 quinque

1847 1074 1867 1111 ς
1907 1056 2022 1114 dies
2050 1067 2428 1141 exspectemus
2455 1076 2487 1116 a
2519 1060 2745 1119 Domino
2772 1061 3227 1127 misericordiam.
3247 1066 3438 1135 Forsi-

1847 1168 1869 1205 ‹
1916 1160 2005 1211 tan
2034 1153 2182 1213 enim
2222 1154 2647 1229 indignationem
2676 1171 2833 1217 suam
2879 1158 3182 1228 abscindet,
3215 1167 3270 1219 et
3290 1160 3443 1231 dabit

1847 1260 1869 1303 ι
1909 1242 2139 1315 gloriam
2164 1246 2370 1309 nomini
2398 1262 2516 1303 suo.
2552 1247 2609 1303 Si
2650 1258 2833 1307 autem
2865 1234 3156 1311 transactis
3202 1253 3443 1331 quinque

1849 1353 1869 1389 ι
1911 1336 2102 1394 diebus
2116 1353 2225 1397 non
2245 1339 2458 1419 venerit
2478 1340 2827 1411 adiutorium,
2854 1343 3120 1404 faciemus
3140 1344 3259 1403 haec
3277 1345 3444 1419 verba

1850 1445 1870 1502 ᾳ
1911 1443 2032 1500 quae
2057 1427 2223 1487 locuti
2253 1430 2405 1489 estis.
2436 1416 2455 1483 ἰ
2492 1429 2742 1502 Quinque
2763 1433 2880 1488 dies
2907 1433 3020 1500 isti,
3048 1434 3288 1509 quinque
3317 1416 3443 1494 sen—

1845 1536 1939 1579 sus
1969 1522 2235 1594 corporis,
2284 1538 2411 1587 cum
2450 1523 2647 1596 quibus
2687 1540 2927 1597 praesens
2978 1536 3087 1589 vita
3136 1528 3445 1597 deducitur,

1844 1623 2075 1693 possunt
2099 1616 2292 1690 accipi.
2326 1615 2491 1685 Quasi
2520 1618 2667 1675 enim
2696 1619 2934 1690 quinque
2976 1621 3186 1678 dierum
3210 1624 3446 1697 spatium

1847 1711 1917 1766 ad
1944 1710 2190 1769 inducias
2209 1710 2401 1769 doctor
2426 1711 2573 1769 iners
2599 1712 2753 1785 petit,
2773 1713 2867 1785 qui
2889 1713 3171 1784 corporale
3192 1714 3449 1773 solatium

1851 1802 2190 1861 auditoribus
2230 1803 2347 1861 suis
2397 1819 2431 1859 a
2482 1803 2712 1861 Domino
2744 1805 3164 1876 praesentialiter
3212 1806 3451 1867 dandum

135 1900 292 1957 cives
318 1900 579 1961 Bcthulia:
608 1898 796 1961 furtim
822 1901 1101 1967 bibebant,
1139 1900 1246 1957 nisi
1277 1901 1529 1973 dogmata
1571 1900 1748 1974 philo-
1775 1885 1826 1947 Β
1854 1897 2143 1955 indiscrete
2184 1898 2475 1971 promittit,
2517 1899 2674 1973 quasi
2717 1898 2774 1959 in
2818 1915 2917 1957 sua
2944 1916 3110 1963 manu
3152 1900 3226 1961 sit
3251 1898 3447 1961 summi

132 1994 462 2062 sophorum,
492 2008 614 2063 quae
645 1993 828 2053 tamin
856 1991 1227 2063 philosophica
1258 2008 1422 2063 quam
1448 1992 1612 2055 etiam
1636 2007 1749 2053 mo-

134 2085 268 2153 rali,
298 2095 461 2157 atque
482 2087 645 2149 etiam
674 2086 971 2157 inspectiva
993 2085 1237 2149 doctrina
1257 2085 1476 2157 aliquod
1495 2084 1750 2143 solatium

132 2176 387 2237 Scientite
444 2184 499 2233 et
550 2177 851 2253 honestatis
888 2174 1133 2251 proferre
1183 2177 1436 2235 videntur
1493 2176 1752 2235 Ecclesiae

134 2266 293 2329 ﬁliis.
322 2265 427 2325 Sed
450 2268 567 2323 hmo
588 2266 835 2327 similiter
855 2268 1050 2329 noxius
1066 2278 1382 2339 persecutor
1399 2269 1751 2329 suadentibus

132 2354 347 2431 iniquis
373 2360 592 2423 auferre
619 2361 863 2426 molitur,
911 2368 971 2416 ut
994 2360 1232 2433 undique
1261 2362 1499 2421 maxima
1521 2363 1750 2434 penuria

132 2453 407 2515 coarctati
437 2454 618 2515 subito
646 2454 1031 2513 destituantur.
1064 2454 1158 2513 Sic
1183 2464 1238 2517 et
1283 2457 1341 2521 in
1368 2457 1577 2529 Regum
1610 2456 1751 2513 libro

130 2546 345 2620 legitur
374 2548 515 2621 quod
548 2547 878 2606 Pbilisthiim
903 2549 1216 2606 auferentes
1267 2550 1457 2623 fabros
1489 2550 1751 2613 ferrarios

132 2647 423 2724 caverant,
454 2655 522 2699 ne
551 2639 690 2697 forte
719 2638 963 2699 facerent
988 2640 1230 2700 Hebraeis
1255 2642 1492 2715 gladium
1513 2651 1609 2701 aut
1631 2643 1750 2699 lan-

133 2746 323 2793 ceam.
352 2732 726 2789 Descendebat
752 2748 887 2806 ergo
916 2734 1093 2792 omnis
1120 2733 1285 2795 lsrael
1306 2734 1375 2789 ad
1396 2733 1749 2805 Philisthiim,

135 2832 201 2887 ut
227 2832 521 2880 exacuerct
542 2825 912 2896 unusquisque
928 2840 1207 2889 vomerem
1224 2842 1405 2893 suum,
1420 2834 1475 2882 et
1492 2825 1752 2903 ligonem,

136 2928 196 2975 et
226 2919 490 2987 securim,
517 2927 576 2977 et
596 2920 891 2979 sarculum.
924 2919 1039 2983 Hoc
1059 2928 1163 2987 est,
1192 2922 1337 2993 quod
1360 2921 1611 2981 diabolus
1632 2935 1751 2979 ma—

140 3010 299 3067 ximo
319 3012 605 3075 conamine
630 3013 827 3080 studet,
843 3023 905 3071 ut
924 3029 1024 3085 per
1043 3013 1324 3075 ministros
1344 3029 1474 3075 suos
1493 3013 1755 3077 doctrinae

140 3104 436 3173 elementa,
463 3115 523 3164 et
568 3107 834 3171 virtutum
866 3123 1019 3171 arma
1049 3109 1118 3171 ab
1150 3108 1396 3165 Ecclesia
1432 3107 1668 3175 auferat,
1696 3115 1758 3164 ut

140 3198 230 3257 sic
262 3198 558 3269 nequitiam
579 3215 735 3261 suam
760 3198 816 3265 in
845 3198 1067 3257 interitu
1095 3215 1378 3261 servorum
1398 3200 1495 3261 Dei
1516 3200 1750 3270 expleat.

141 3289 375 3361 Legitur
401 3292 568 3353 etiam
598 3292 652 3351 in
693 3291 957 3359 historiis,
997 3292 1143 3363 quod
1169 3294 1414 3363 gentium
1456 3293 1752 3364 principes,

144 3391 206 3443 et
238 3383 478 3445 maxime
520 3381 769 3443 Julianus
796 3383 1071 3454 ,Apostata
1113 3400 1222 3441 non
1270 3384 1447 3447 solum
1494 3386 1756 3455 divinam,

146 3488 351 3539 verum
380 3473 546 3537 etiam
572 3474 883 3542 humanam.
913 3473 1240 3540 Christianis
1260 3476 1635 3539 interdicendo
1661 3476 1757 3537 cie-

147 3567 371 3638 negarit
395 3567 812 3638 philosophiam.
838 3568 946 3626 Sed
972 3576 1156 3633 tamen
1187 3570 1362 3629 virtus
1382 3570 1499 3636 Dei,
1531 3585 1651 3640 qua:
1664 3586 1762 3642 per

149 3658 396 3729 Spiritus
423 3660 597 3719 sancti
624 3660 853 3732 gratiam
889 3677 999 3721 non
1036 3662 1210 3723 solum
1259 3678 1359 3734 per
1403 3661 1602 3729 verba,
1631 3663 1762 3732 quin

148 3757 321 3814 etiam
349 3773 449 3827 per
477 3757 751 3815 inteream
775 3758 1162 3829 aspirationem
1196 3759 1400 3819 electos
1422 3775 1552 3819 suos
1579 3759 1761 3827 docet,

150 3866 266 3906 non
294 3849 620 3920 derelinquit
643 3850 897 3909 ﬁduciam
936 3852 1204 3909 habentes
1254 3852 1311 3911 in
1355 3866 1436 3920 se,
1475 3850 1572 3908 sed
1604 3852 1762 3923 juxta

151 3942 294 3999 illud
318 3941 620 3999 Psalmista:
646 3960 661 3997 :
692 3961 710 3995 ι
742 3942 994 4000 Redimet
1042 3944 1253 4001 animas
1298 3958 1586 4001 servorum
1629 3958 1759 4001 suo-

157 4053 179 4089 t
224 4050 369 4101 rum,
401 4044 459 4091 et
484 4051 593 4091 non
629 4036 906 4107 delinquet
943 4052 1135 4093 omnes
1162 4036 1257 4108 qui
1294 4044 1516 4109 sperant
1541 4038 1598 4094 in
1624 4050 1707 4094 se.
1734 4056 1756 4090 »

234 4146 261 4182 ι
297 4126 450 4185 Tunc
467 4128 536 4183 ad
547 4127 736 4198 Ogiam
757 4110 1068 4202 congregati
1096 4144 1287 4188 omnes
1302 4129 1401 4185 viri
1420 4129 1760 4199 feminisque,

160 4238 182 4273 ι
217 4217 452 4287 juvenes
474 4227 530 4275 et
556 4220 763 4291 parvuli
792 4234 987 4277 omnes
1010 4220 1173 4278 simul
1192 4236 1300 4277 una
1323 4236 1456 4277 voce
1477 4221 1759 4279 dixerunt:

160 4332 183 4365 ε
219 4311 438 4368 Judicet
458 4314 602 4368 Deus
625 4314 769 4369 inter
788 4330 889 4370 nos
911 4322 969 4369 et
992 4323 1071 4381 te,
1096 4316 1355 4385 quoniam
1383 4315 1562 4372 fecisti
1589 4317 1644 4372 in
1664 4333 1765 4374 nos

165 4424 185 4457 ι
227 4406 396 4472 mala,
420 4405 612 4463 nolens
633 4405 781 4476 loqui
807 4406 1032 4476 paciﬁce
1054 4422 1179 4463 cum
1197 4408 1457 4480 Assyriis,
1471 4416 1526 4465 et
1542 4419 1766 4480 propter

164 4518 183 4552 ‹
231 4501 341 4554 hoc
370 4497 610 4555 vendidit
636 4513 737 4554 nos
764 4498 911 4555 Deus
939 4499 994 4554 in
1037 4499 1290 4557 manibus
1315 4516 1521 4558 eorum.
1549 4501 1616 4556 Et
1644 4502 1763 4559 ideo

166 4614 186 4647 ‹
224 4610 339 4649 non
371 4600 458 4649 est
484 4592 577 4663 qui
603 4591 820 4662 adjuvet
840 4607 965 4648 cum
991 4601 1403 4663 prosternamur
1429 4603 1557 4650 ante
1577 4595 1764 4651 oculos

167 4705 186 4738 ι
229 4701 423 4742 eorum
453 4685 509 4740 in
554 4684 647 4740 siti
676 4693 731 4741 et
758 4685 1061 4756 perditione
1104 4702 1320 4759 magna.
1369 4686 1438 4743 Et
1460 4700 1605 4745 nunc
1636 4705 1766 4746 con-

169 4798 187 4832 ι
232 4785 458 4850 gregate
498 4776 783 4835 universos
810 4777 904 4848 qui
947 4777 1002 4833 in
1032 4779 1251 4835 civitate
1278 4788 1421 4841 sunt,
1468 4786 1529 4839 ut
1573 4790 1766 4851 sponte

170 4891 189 4925 ι
227 4887 334 4927 nos
372 4871 651 4931 tradamus
692 4884 883 4927 omnes
924 4870 1222 4931 lleloferui.
1289 4871 1479 4928 Melius
1529 4873 1676 4933 enim
1704 4882 1764 4930 ut

170 4983 193 5016 ι
235 4962 441 5033 captivi
462 4962 846 5023 benedicamus
874 4964 1160 5027 Dominum
1181 4966 1626 5036 viventes,quam
1650 4981 1765 5025 mo-

174 5074 192 5107 ι
239 5054 447 5117 riamur
488 5061 547 5113 et
588 5055 759 5112 simus
803 5054 1151 5125 opprobrium
1199 5056 1346 5115 omni
1379 5057 1550 5113 carni.
1584 5078 1602 5111 ι
1638 5056 1765 5114 llaec

169 5161 279 5205 vos
303 5144 603 5207 carnalium
624 5150 727 5211 est,
758 5144 852 5214 qui
873 5144 980 5203 ﬁde
1008 5152 1219 5209 tantum
1249 5154 1473 5201 manent
1499 5146 1553 5202 in
1580 5146 1768 5211 Eccle-

172 5237 273 5302 sia,
299 5246 553 5297 czeterum
579 5237 824 5295 moribus
851 5236 1007 5300 valde
1057 5237 1383 5307 discrepant,
1425 5235 1583 5306 juxta
1619 5238 1767 5295 illam

175 5326 453 5399 Evangelii
480 5327 813 5398 parabotam,
844 5327 937 5391 ubi
978 5328 1106 5391 mali
1148 5329 1326 5398 pisces
1371 5345 1496 5393 cum
1522 5330 1680 5391 bonis
1711 5331 1768 5391 in

177 5431 375 5489 aagena
400 5418 617 5481 Domini
648 5419 909 5474 hactenus
936 5418 1127 5475 inclusi
1155 5429 1527 5487 memorantur
1547 5461 1562 5487 ,
1595 5422 1770 5485 deinec

178 5510 248 5567 ad
274 5508 424 5573 littus
443 5508 609 5579 futuri
620 5508 811 5580 iudicii
830 5510 1048 5581 penitus
1060 5510 1437 5583 excludantur.
1462 5511 1530 5571 Hi
1552 5526 1770 5583 quoque

180 5602 464 5670 prasentis
490 5603 618 5661 vitae
642 5605 985 5665 incommoda
1011 5606 1249 5677 graviter
1294 5606 1533 5663 ferentes
1577 5598 1771 5673 melius

182 5708 302 5753 esse
319 5697 548 5759 credunt
560 5700 915 5769 praiseutibus
931 5700 1010 5756 uti
1028 5699 1257 5766 deliciis,
1271 5716 1435 5770 quam
1455 5717 1554 5771 pro
1569 5700 1772 5761 Christi

185 5789 400 5851 nomine
421 5792 793 5863 corporalibus
823 5791 962 5849 adici
1011 5792 1210 5864 poenis,
1241 5802 1298 5849 et
1336 5792 1648 5851 cmlestibus
1672 5810 1773 5865 pro

187 5878 291 5945 huc
313 5883 370 5950 il
404 5883 603 5949 futuro
644 5888 980 5965 remunerari
1028 5887 1208 5949 bonis.
1264 5886 1422 5947 Tales
1464 5888 1776 5961 frequenter

1524 6050 1595 6061 ο·-
1660 6038 1725 6061 Ἀ

1852 1990 2060 2051 datoris
2107 1990 2502 2061 munificentia,
2536 2004 2663 2047 cum
2691 1993 2866 2066 magis
2908 2001 3122 2069 tempus
3166 2008 3232 2050 ac
3259 1993 3453 2050 modus

1850 2080 2121 2138 tribuendi
2144 2082 2201 2137 in
2235 2081 2414 2141 dantis
2460 2098 2625 2155 quam
2664 2085 2980 2156 accipientis
3008 2086 3270 2163 consistat
3293 2093 3451 2156 pote-

1851 2183 2011 2236 State.
2040 2175 2137 2232 Sin
2159 2186 2342 2233 autem
2360 2178 2645 2249 pmsentis
2664 2179 2790 2236 vitae
2813 2179 2919 2251 illis
2941 2178 3101 2250 juxta
3122 2178 3453 2259 promissum

1851 2284 2008 2329 Suum
2031 2271 2328 2342 denegatur
2348 2285 2381 2327 a
2402 2268 2817 2343 summoJudice
2834 2270 3072 2329 conferri
3082 2272 3450 2338 commodum,

1851 2374 1947 2417 eos
1967 2361 2216 2432 protinus
2241 2362 2427 2421 sinunt
2453 2362 2522 2419 ad
2546 2362 2798 2420 illicitum
2825 2363 3100 2421 declinare
3130 2365 3453 2436 appetitum,

1850 2459 1907 2511 et
1934 2453 2175 2509 cedendo
2216 2456 2657 2526 persecutoribus
2697 2456 2813 2515 suis
2853 2455 3137 2526 corporale
3181 2455 3458 2517 declinare

1853 2546 2209 2618 supplicium;
2233 2547 2389 2620 cujus
2411 2547 2788 2609 conventionis
2811 2547 3078 2619 placitum
3115 2544 3305 2617 Judith
3351 2562 3453 2603 no-

1852 2647 1987 2704 stra,
2004 2637 2110 2694 hoc
2126 2645 2230 2706 est,
2245 2647 2431 2695 sancta
2446 2638 2685 2711 Ecclesia
2709 2639 2941 2711 respuit;
2950 2648 3004 2695 et
3023 2639 3182 2710 quasi
3202 2637 3456 2705 nocivum

1854 2730 2172 2799 contemnit,
2199 2730 2344 2805 quod
2374 2731 2430 2787 in
2471 2732 2823 2803 sequentibus
2875 2731 3163 2791 manifeste
3213 2730 3455 2791 declara-

1854 2821 2022 2887 bitur.
2046 2814 2054 2820 ’

2448 2914 2677 2975 CAPUT
2716 2915 2847 2974 VIII.

1857 3027 1960 3085 Ubi
1985 3030 2175 3087 Iudith
2218 3030 2413 3102 Chabri
2444 3040 2494 3086 et
2535 3029 2752 3086 Charmi
2790 3030 3116 3102 presbyteros
3148 3030 3326 3102 arggtt't
3362 3045 3459 3102 pro

1926 3120 1988 3159 eo
2025 3103 2165 3176 quod
2210 3100 2373 3159 Ozias
2407 3104 2646 3176 princeps
2688 3099 2825 3176 diem
2867 3099 3191 3176 liberatiouis
3219 3099 3458 3176 Domino

1928 3171 2433 3257 statum-ipsaque?
2451 3174 2520 3257 ad
2545 3171 2873 3257 liberandum
2893 3171 3145 3244 populum
3159 3173 3456 3241 accingeris,

1781 3262 1829 3327 ρ
1928 3261 2036 3301 non
2057 3242 2320 3317 vult'qur'd
2341 3245 2409 3299 sit
2430 3254 2615 3299 actura
2639 3244 2855 3313 inquiri.

1937 3406 1959 3441 ι
1999 3386 2068 3443 Et
2109 3386 2316 3445 factum
2358 3395 2463 3453 est,
2494 3400 2620 3443 cum
2661 3385 2904 3442 audisset
2928 3384 3048 3441 hac
3071 3382 3239 3441 verba
3272 3381 3461 3442 Iudith

1868 3500 1888 3536 ι
1928 3481 2114 3548 vidua,
2139 3496 2260 3551 quas
2283 3489 2406 3537 erat
2432 3478 2541 3535 filia
2565 3478 2787 3545 Merari,
2811 3477 2908 3535 filii
2932 3477 3061 3533 ldox
3081 3518 3095 3544 ,
3124 3476 3219 3535 filii
3239 3474 3457 3549 Ioseph,

1870 3591 1889 3625 ι
1931 3572 2024 3626 filii
2057 3568 2223 3638 Ozias,
2248 3570 2346 3629 ﬁlii
2371 3570 2510 3638 Elui,
2555 3569 2652 3626 ﬁlii
2679 3567 2923 3635 Jamnor,
2966 3567 3062 3625 ﬁlii
3092 3567 3338 3635 Gedeon,
3366 3567 3464 3625 ﬁlii

1870 3686 1889 3720 ι
1931 3667 2217 3738 Raphaim,
2268 3666 2364 3723 ﬁlii
2397 3665 2649 3730 Achitob,
2698 3663 2798 3720 ﬁlii
2841 3662 3105 3729 Melchite,
3160 3661 3257 3718 ﬁlii
3286 3661 3461 3728 Euan,

1869 3778 1889 3813 ι
1935 3759 2029 3816 filii
2059 3758 2360 3825 Nathaniae,
2393 3758 2491 3815 ﬁlii
2523 3755 2803 3821 Salathiel,
2838 3755 2932 3813 filii
2957 3753 3200 3821 Simeon,
3224 3752 3320 3811 ﬁlii
3349 3752 3462 3808 Ru-

1870 3869 1890 3903 ι
1929 3853 2075 3909 ben:
2107 3858 2163 3908 et
2184 3851 2268 3908 vir
2291 3850 2410 3922 ejus
2432 3849 2535 3905 fuit
2568 3849 2868 3914 Mauasses,
2910 3847 3005 3917 qui
3026 3854 3274 3905 mortuus
3296 3854 3379 3903 est
3408 3846 3466 3902 in

1869 3962 1890 3999 c
1928 3942 2119 4001 diebus
2142 3942 2337 4001 messis
2361 3942 2709 4009 hordeaceae;
2733 3940 2969 3999 instabat
2988 3939 3135 3995 enim
3159 3954 3321 4009 super
3341 3938 3467 3993 alli-

1868 4052 1889 4089 c
1929 4044 2122 4108 gantes
2149 4035 2456 4106 manipulos
2485 4035 2542 4093 in
2584 4048 2800 4105 campo,
2839 4037 2895 4088 et
2927 4031 3077 4087 venit
3114 4038 3280 4086 aestus
3305 4044 3468 4102 super

1870 4146 1892 4183 ι
1931 4139 2095 4201 caput
2117 4129 2257 4201 ejus,
2284 4137 2343 4186 et-
2367 4137 2616 4186 mortuus
2643 4138 2729 4187 est
2756 4130 2810 4186 in
2840 4130 3093 4186 Bcthulia
3154 4130 3211 4188 in
3242 4125 3468 4181 civitate
3498 4171 3503 4175 .

1869 4236 1891 4274 ι
1928 4236 2050 4287 sua,
2074 4228 2133 4276 et
2160 4220 2401 4291 sepultus
2427 4230 2515 4277 est
2555 4221 2669 4278 illic
2718 4237 2843 4278 cum
2880 4225 3133 4294 patribus
3160 4223 3295 4279 suis.
3336 4221 3471 4277 Erat

1869 4331 1891 4367 ι
1928 4322 2113 4370 autem
2138 4313 2323 4370 Judith
2346 4315 2537 4371 relicta
2569 4314 2686 4383 ejus
2708 4316 2866 4379 vidua
2886 4316 3002 4384 jam
3031 4317 3191 4373 annis
3215 4316 3392 4372 tribus
3414 4321 3470 4369 et

1872 4422 1893 4459 ‹
1929 4405 2209 4463 mensibus
2227 4421 2345 4464 sex.
2399 4407 2469 4463 Et
2498 4406 2554 4462 in
2582 4408 2952 4479 superioribus
2979 4409 3171 4465 domus
3200 4423 3314 4464 suae
3337 4405 3469 4463 fecit

1871 4514 1892 4553 ι
1927 4499 2032 4556 sibi
2056 4507 2329 4555 secretum
2374 4499 2704 4565 cubiculum,
2751 4500 2806 4555 in
2837 4515 2946 4571 quo
2984 4516 3112 4556 cum
3140 4498 3333 4571 puellis
3354 4498 3468 4555 suis

1875 4611 1909 4645 ι-
1932 4592 2116 4649 clausa
2171 4593 2507 4658 morabatur,
2550 4599 2605 4647 et
2639 4593 2848 4648 habens
2890 4606 3053 4662 super
3098 4590 3311 4649 lumbos
3340 4604 3469 4647 suos

1880 4706 1899 4741 ι
1939 4684 2497 4756 cilicium,jejunabat
2523 4686 2777 4743 omnibus
2806 4685 3000 4743 diebus
3020 4687 3145 4741 vitae
3172 4700 3305 4752 suae,
3328 4699 3469 4755 prte-

1880 4800 1898 4834 ι
1943 4789 2025 4836 ter
2050 4780 2295 4845 sabbata,
2327 4787 2382 4836 et
2426 4778 2759 4846 neomenias,
2789 4788 2845 4836 et
2894 4778 3033 4835 festa
3062 4778 3253 4834 domus
3274 4776 3466 4837 Israel.

1878 4893 1898 4926 ί
1939 4874 2072 4928 Erat
2115 4885 2297 4928 autem
2342 4872 2575 4943 eleganti
2613 4884 2839 4943 aspectu
2878 4871 3065 4936 nimis,
3108 4870 3196 4926 cui
3225 4868 3309 4924 vir
3337 4883 3468 4923 suus

1878 4986 1898 5023 ς
1934 4962 2233 5037 reliquerat
2250 4968 2466 5023 divitias
2492 4968 2712 5036 multas,
2737 4976 2791 5024 et
2812 4967 3073 5023 familiam
3097 4977 3465 5029 numerosam,

1879 5079 1897 5115 ι
1936 5076 2001 5116 ac
2023 5062 2394 5131 possessiones
2423 5062 2686 5119 armentis
2728 5063 2891 5117 boum
2915 5068 2972 5116 et
3000 5058 3258 5131 gregibus
3285 5058 3471 5113 ovium

1875 5171 1897 5208 ι
1936 5154 2145 5224 plenas.
2173 5154 2242 5208 Et
2265 5163 2386 5209 erat
2413 5156 2531 5211 haec
2558 5156 2612 5211 in
2638 5155 2893 5211 omnibus
2918 5152 3304 5217 famosissima,
3329 5166 3469 5222 quo-

1877 5265 1898 5300 t
1938 5249 2088 5303 niam
2114 5248 2336 5304 timebat
2370 5249 2660 5305 Dominum
2684 5247 2858 5314 valde,
2886 5262 2989 5302 nec
3016 5254 3138 5303 erat
3162 5245 3259 5315 qui
3280 5245 3469 5315 loque-

1877 5357 1901 5392 ι
1939 5348 2092 5396 retur
2155 5341 2223 5396 de
2261 5341 2353 5397 illa
2402 5342 2627 5396 verbum
2672 5338 2896 5394 malum.
2944 5339 3074 5396 Haec
3116 5339 3302 5409 itaque
3346 5352 3470 5393 cum

1877 5449 1901 5486 ε
1934 5434 2178 5490 audisset
2196 5434 2453 5504 quoniam
2479 5431 2642 5489 Ozias
2659 5432 3016 5502 promisisset,
3029 5433 3175 5503 quod
3196 5438 3473 5486 transacto

1879 5541 1903 5577 ι
1944 5525 2136 5594 quinto
2155 5525 2243 5579 die
2264 5525 2503 5580 traderet
2525 5524 2825 5591 civitatem,
2848 5524 2999 5581 misit
3023 5525 3093 5580 ad
3119 5524 3469 5596 presbyteros
3537 5538 3542 5545 '

1814 5604 1828 5618 ’
1878 5635 1899 5671 ε
1936 5616 2140 5673 Chabri
2167 5624 2225 5672 et
2249 5615 2487 5672 Charmi.
2539 5616 2608 5672 Et
2648 5627 2912 5674 venerunt
2937 5618 3004 5674 ad
3038 5617 3188 5673 illam
3216 5657 3233 5683 ,
3257 5623 3315 5671 et
3335 5613 3474 5669 dixit

1880 5725 1900 5761 ι
1943 5707 2049 5764 illis
2068 5725 2088 5765 ς
2114 5707 2269 5775 Quod
2293 5715 2378 5764 est
2399 5708 2503 5763 hoc
2530 5709 2777 5776 verbum,
2798 5711 2854 5767 in
2872 5725 2982 5781 quo
3001 5705 3469 5770 consensitOzias,

1882 5819 1901 5853 ι
1943 5808 2005 5854 ut
2028 5800 2205 5856 tradat
2233 5799 2506 5859 civitatem
2534 5802 2795 5875 Assyriis,
2828 5804 2873 5860 si
2909 5804 3052 5860 intra
3094 5801 3335 5873 quinque
3359 5799 3475 5853 dies

1884 5910 1907 5949 Ι
1941 5908 2049 5951 non
2068 5893 2281 5951 venerit
2305 5894 2459 5956 vobis
2484 5893 2845 5977 adjutorium'?
2870 5898 2939 5959 Et
2965 5896 3059 5968 qui
3082 5891 3216 5953 estis
3236 5906 3352 5961 νθβι
3381 5890 3477 5965 φὶ
