3920 6488
569 424 676 486 559

1277 419 1338 473 Β.
1381 415 1632 473 uanam
1669 415 1890 473 unum
1925 412 2248 472 ARCHIEP.
2288 413 2601 472 uocum.
2641 368 2929 471 eranum
2966 409 3146 468 mas
3184 411 3228 467 ι.
3667 423 3729 481 εεο

575 560 597 596 ‹
638 537 862 601 tentatis
880 533 1201 593 Dominum?
1226 530 1343 586 Non
1367 539 1452 586 est
1480 530 1582 586 iste
1611 544 1790 584 sermo
1817 530 1910 600 qui
1959 528 2170 584 miseri-
2194 531 2250 593 Α
2273 527 2483 584 delictis
2507 535 2563 584 et
2587 526 2826 599 peccatis
2849 525 3050 582 vestris
3071 566 3088 593 ,
3118 525 3171 580 in
3196 523 3387 596 quibus
3411 523 3642 596 aliquando
3659 548 3728 588 am-

573 652 596 689 (
637 632 881 690 cordiam
909 634 1187 700 provocet,
1221 623 1316 680 sed
1350 623 1532 693 potius
1559 623 1651 692 qui
1692 623 1831 676 iram
1858 622 2080 686 excitet,
2109 628 2164 676 et

573 743 595 778 ι
631 725 874 779 furorem
906 719 1187 776 accendat.
1233 715 1501 771 Posuistis
1534 729 1631 769 vos
1675 723 1886 784 tempus
1932 714 2165 768 misera-

569 837 593 872 ι
634 816 800 873 tionis
827 813 1061 878 Domini,
1095 822 1152 868 et
1176 812 1230 866 in
1277 809 1566 865 arbitrium
1596 816 1838 863 vestrum
1867 807 2008 862 diem
2036 823 2166 862 con-

570 928 590 961 ι
629 907 884 964 stituistis
909 905 980 961 ei.
1033 902 1141 959 Sed
1165 901 1295 972 quia
1321 901 1534 971 patiens
1561 899 1824 954 Dominus
1853 906 1954 965 est,
1985 899 2039 952 in
2065 899 2168 954 hoc

570 1019 589 1053 ι
628 1001 806 1072 ipsum
843 996 1231 1069 pteniteamus,
1275 986 1331 1048 et
1361 992 1750 1062 indulgentiam
1785 989 1900 1059 eius
1923 989 2058 1046 fusis
2083 990 2165 1044 la-

571 1112 591 1146 c
632 1091 835 1164 crymis
854 1089 1190 1162 postulemus
1217 1105 1230 1141 :
1256 1101 1366 1142 non
1395 1087 1538 1142 enim
1564 1086 1718 1156 quasi
1741 1085 1900 1140 homo
1922 1085 2001 1140 sic
2021 1083 2166 1141 Deus

568 1203 590 1236 ι
630 1181 1080 1246 comminabitur,
1112 1194 1290 1250 neque
1321 1179 1464 1234 sicut
1507 1177 1651 1233 ﬁlius
1677 1176 1910 1232 hominis
1955 1176 2024 1230 ad
2053 1176 2164 1230 ira-

569 1294 591 1328 ¢
627 1275 884 1332 cundiam
931 1271 1376 1328 inﬂammabitur.
1429 1269 1496 1324 Et
1543 1270 1667 1324 ideo
1715 1268 2060 1323 humiliemus
2085 1267 2164 1322 illi

568 1395 588 1427 ι
631 1373 843 1428 animas
869 1380 1105 1436 nostras,
1139 1377 1196 1424 et
1233 1369 1289 1423 in
1320 1367 1514 1438 spiritu
1543 1365 1826 1422 constituti
1856 1363 2158 1430 humiliato,

566 1487 585 1520 ι
627 1466 928 1524 servientes
951 1463 1050 1530 illi,
1084 1463 1327 1519 dicamus
1349 1457 1544 1516 ﬂentes
1565 1457 1815 1522 Domino,
1861 1465 1923 1511 ut
1965 1471 2161 1512 secun-

567 1577 585 1608 (
627 1557 756 1612 dum
783 1554 1117 1610 voluntatem
1163 1567 1316 1608 suam
1361 1551 1441 1606 sic
1479 1550 1645 1606 faciat
1671 1549 1955 1605 nobiscum
1994 1549 2160 1605 mise-

569 1669 588 1701 ‹
628 1646 922 1704 ricordiam
974 1660 1148 1700 suam.
1183 1663 1202 1695 ι
1245 1641 1431 1697 Judith
1485 1657 1652 1712 ergo,
1705 1633 1847 1710 quod
1907 1638 2162 1694 Ecclesiae

561 1751 750 1813 typum
798 1737 1039 1802 habeat,
1098 1733 1485 1804 magistrorum
1535 1731 1754 1786 traditio
1814 1727 2156 1794 manifestat;

559 1833 956 1902 interpretatur
974 1827 1226 1896 conﬁtens
1246 1824 1332 1880 vel
1353 1824 1602 1889 laudans,
1625 1831 1681 1878 et
1701 1829 1785 1877 est
1805 1821 1914 1876 ﬁlia
1939 1820 2156 1887 Merari,

2271 623 2501 680 bulastis
2528 623 2824 679 secundum
2848 619 3105 676 saeculum
3131 619 3316 674 mundi
3343 619 3506 691 huius,
3530 627 3729 684 secundum

2267 716 2567 786 principem
2595 715 2882 786 potestatis
2909 715 3052 769 aeris
3076 714 3264 785 hujus,
3295 713 3527 784 spiritus,
3558 717 3629 786 qui
3646 735 3729 776 num

2269 815 2525 880 operatur
2549 807 2606 862 in
2631 806 2769 862 ﬁlios
2791 805 3099 861 difﬁdentiae
3117 847 3131 871 ,
3157 805 3214 860 in
3238 803 3430 874 quibus
3454 814 3502 861 et
3523 820 3731 868 nosomnes

2269 897 2556 970 aliquando
2597 897 2899 954 eonversati
2933 912 3119 952 sumus
3148 897 3201 951 in
3232 895 3504 952 desideriis
3527 901 3732 957 carnisne-

2269 1000 2427 1057 strae,
2460 990 2724 1046 facientes
2751 989 3086 1045 voluntatem
3116 989 3298 1045 carnis
3336 998 3390 1045 et
3424 992 3732 1063 cogitationum,

2266 1091 2321 1139 et
2346 1098 2566 1139 eramus
2587 1092 2786 1137 natura
2813 1081 2908 1137 ﬁlii
2936 1083 3030 1138 irae
3047 1123 3062 1148 ,
3095 1083 3236 1137 sicut
3261 1091 3316 1138 et
3341 1085 3542 1139 caeteri:
3566 1087 3668 1142 Deus
3684 1106 3734 1144 au-

2266 1185 2376 1234 tem
2400 1178 2492 1248 qui
2520 1178 2668 1234 dives
2711 1186 2796 1234 est
2833 1179 2886 1233 in
2927 1179 3332 1246 misericordia,
3359 1191 3560 1252 propter
3595 1183 3734 1239 nimiam

2265 1270 2586 1327 charitatem
2615 1287 2770 1327 suam
2793 1312 2808 1337 ,
2839 1286 2946 1341 qua
2975 1271 3162 1327 dilexit
3188 1287 3320 1337 nos,
3351 1280 3404 1327 et
3441 1289 3550 1328 cum
3583 1291 3735 1330 essemus

2264 1362 2464 1418 mortui
2506 1363 2775 1433 peccatis,
2819 1362 3222 1418 conviviﬁcavit
3268 1377 3369 1419 nos
3407 1361 3619 1432 Christo,
3649 1366 3734 1435 cujus

2265 1454 2441 1526 gratia
2465 1454 2598 1510 estis
2625 1454 2840 1511 salvati.
2870 1474 2888 1506 ›
2917 1454 2985 1510 Ει
3015 1455 3217 1510 iterum
3243 1472 3258 1509 :
3288 1473 3307 1506 ι
3337 1454 3438 1511 Per
3463 1457 3584 1527 quod
3613 1474 3734 1511 meno

2265 1559 2357 1600 res
2381 1553 2556 1602 estote
2576 1587 2590 1610 ,
2620 1544 2766 1615 quod
2794 1545 3084 1616 aliquando
3107 1561 3236 1613 vos,
3267 1545 3360 1616 qni
3386 1546 3539 1601 eratis
3562 1557 3692 1617 gentes
3707 1549 3732 1600 in

2263 1650 2462 1700 carne,
2503 1635 2596 1705 qui
2633 1635 2876 1691 dicimini
2915 1637 3240 1708 praeputium
3284 1637 3354 1692 ab
3389 1651 3474 1700 ea,
3503 1653 3601 1707 qua:
3619 1638 3734 1692 (licini

2262 1729 2606 1785 circumcisio
2631 1730 2685 1784 in
2713 1745 2878 1786 carne
2901 1746 3064 1785 manu
3091 1729 3236 1786 facta
3254 1771 3269 1798 ,
3291 1729 3384 1801 qui
3407 1731 3557 1785 eratis
3577 1730 3644 1785 illo
3660 1740 3734 1784 tem-

2262 1838 2397 1892 pore
2433 1822 2552 1879 sine
2592 1822 2810 1879 Christo
2845 1824 3064 1880 alienati
3094 1840 3126 1879 a
3149 1825 3545 1881 conversatione
3574 1823 3685 1878 Israel
3707 1835 3734 1877 et

555 1925 662 1980 hoc
689 1900 795 1992 est,
825 1921 1228 1985 amaritudinis;
1252 1919 1379 1990 quia
1403 1933 1502 1988 per
1525 1916 1810 1988 praesentis
1835 1917 1960 1971 vita:
1983 1916 2154 1970 tribu-
2185 1900 2233 1960 B
2262 1917 2504 1988 hospites
2531 1925 2982 1975 testamentorum
3000 1961 3014 1985 ,
3042 1921 3422 1990 promissionis
3443 1936 3575 1991 spem
3595 1935 3669 1975 non
3685 1919 3734 1971 ha-

554 2013 812 2069 lationem
850 2017 906 2067 et
936 2008 1361 2065 amaritudinem
1394 2005 1462 2060 ad
1500 2005 1684 2060 futura
1728 2005 1924 2077 gaudia
1968 2019 2159 2075 perve-

551 2106 721 2172 nitur,
747 2104 843 2177 ubi
889 2111 1078 2159 sancta
1122 2101 1300 2156 anima
1350 2107 1405 2154 et
1431 2099 1487 2153 in
1537 2097 1753 2153 mortali
1784 2113 1946 2152 carne
1990 2097 2158 2151 Deum

551 2197 794 2254 laudabit
814 2197 870 2252 in
899 2205 1184 2252 aeternum.
1225 2192 1379 2261 Quod
1408 2191 1554 2246 enim
1598 2191 1788 2262 quinta
1829 2191 2037 2246 decima
2064 2207 2157 2262 ge-

548 2292 836 2348 neratione
870 2291 1059 2348 eadem
1088 2286 1273 2346 Iudith
1304 2287 1589 2358 progenita
1616 2285 1670 2340 in
1693 2284 1976 2355 Scriptura
2004 2299 2160 2354 repe-

549 2385 707 2450 ritur,
752 2384 858 2439 hoc
892 2382 1153 2437 nimirum
1188 2378 1480 2451 signiﬁcat,
1509 2378 1654 2448 quod
1697 2387 1884 2432 nostra
1916 2376 2157 2433 Ecclesia

548 2490 646 2544 per
695 2473 1022 2529 bextoadem
1068 2480 1125 2527 et
1167 2471 1452 2526 octoadem
1505 2469 1638 2540 legis
1679 2478 1735 2524 et
1779 2469 2052 2540 Evangelii
2091 2470 2156 2524 de

548 2565 878 2638 patriarchis
901 2573 958 2620 et
984 2563 1245 2635 apostolis
1271 2564 1414 2618 edita
1437 2571 1541 2630 est,
1573 2569 1629 2615 et
1649 2563 1717 2617 ad
1742 2562 2016 2618 caelestem
2037 2561 2153 2632 glo-

549 2661 690 2714 riam
744 2657 1164 2729 promerendam
1225 2655 1530 2720 destinata;
1575 2669 1704 2708 nam
1760 2653 1849 2708 hic
1895 2667 2155 2708 numerus

547 2749 817 2821 graduum
843 2748 898 2804 in
927 2747 1185 2820 psalterio
1211 2748 1440 2819 mystice
1485 2747 1695 2817 positus
1740 2756 1843 2812 est,
1874 2754 1931 2800 et
1968 2754 2152 2817 typum

551 2839 776 2912 praefert
816 2838 1012 2895 futura:
1052 2839 1122 2894 ad
1171 2837 1370 2894 coelum
1413 2836 1784 2903 ascensionis,
1824 2850 1930 2905 quo
1978 2833 2153 2890 sancti

547 2933 929 3004 pervenientes
951 2933 1148 2988 merito
1174 2933 1354 2988 dicere
1374 2940 1634 3002 possunt:
1666 2951 1685 2984 ί
1723 2932 1864 2988 Ecce
1891 2948 2034 2986 nunc
2060 2931 2152 2986 be-

551 3026 788 3082 nedicite
809 3026 1120 3093 Dominum,
1149 3041 1339 3083 omnes
1360 3027 1503 3081 servi
1518 3025 1732 3080 Domini
1753 3043 1768 3092 ;
1795 3025 1885 3095 qui
1915 3027 2071 3080 statis
2096 3025 2151 3080 in

549 3120 713 3176 domo
742 3120 978 3185 Domini,
1003 3121 1058 3175 in
1084 3120 1238 3175 atriis
1272 3120 1466 3176 domus
1487 3119 1585 3175 Dei
1621 3119 1815 3174 nostri.
1843 3138 1862 3170 »
1889 3118 2015 3174 llzec
2034 3119 2150 3173 Ma-

551 3229 773 3280 nassen,
803 3213 898 3284 qui
918 3213 1311 3288 interpretatur
1333 3212 1526 3268 oblitus
1568 3212 1654 3268 vel
1682 3212 1929 3267 incitatus
1961 3214 2152 3269 habuit

546 3303 839 3372 maritum;
893 3303 986 3374 qui
1035 3310 1090 3358 et
1126 3303 1182 3358 in
1228 3318 1408 3358 messe
1458 3303 1761 3359 hordeacea
1798 3311 1949 3358 stans
1991 3318 2153 3373 super

550 3398 837 3469 alligantes
869 3394 1174 3465 manipulos
1199 3395 1252 3449 in
1282 3409 1494 3464 campo,
1526 3395 1778 3469 veniente
1819 3402 1954 3449 aestu
1990 3408 2155 3464 super

547 3497 715 3558 caput
755 3487 895 3557 ejus,
937 3493 1186 3541 mortuus
1215 3493 1322 3540 est.
1364 3485 1502 3551 Quia
1550 3485 1665 3539 sive
1706 3483 1842 3555 l‘egis
1873 3483 2151 3554 decalogo,

547 3579 667 3633 sive
691 3579 801 3631 ritu
827 3575 1147 3647 gentilitatis
1177 3573 1374 3644 priscis
1410 3575 1744 3643 temporibus
1791 3573 2039 3643 copulata
2072 3582 2152 3628 at-

547 3685 656 3740 que
689 3668 928 3724 obnoxia
958 3682 1078 3723 esse
1104 3666 1458 3736 dignoscitur,
1507 3667 1600 3722 sed
1631 3667 1883 3723 veniente
1908 3666 2148 3732 Christo,

547 3769 605 3815 et
639 3759 752 3815 sole
777 3758 1056 3830 Evangelii
1085 3758 1438 3823 clarescente,
1462 3758 1640 3812 omnis
1670 3757 1762 3812 illa
1792 3757 2026 3814 carnalis
2055 3759 2152 3813 ob-

549 3853 827 3909 servantia
856 3851 1042 3916 cessit,
1088 3859 1142 3906 et
1169 3851 1327 3921 quasi
1354 3849 1476 3905 vilis
1506 3850 1700 3906 messis
1730 3850 1977 3906 collectio
1999 3850 2148 3906 velo-

553 3963 673 4003 cem
704 3946 869 4002 ﬁnem
897 3942 1118 4010 habuit,
1143 3943 1211 3998 ad
1233 3941 1572 4014 spiritualem
1596 3957 1724 4013 ergo
1746 3957 1845 4013 per
1873 3940 2150 3997 Christum

555 4038 819 4094 translata
849 4046 938 4092 est
964 4036 1257 4092 culturam.
1297 4033 1452 4102 Quod
1481 4033 1680 4088 Paulus
1707 4032 1984 4103 apostolus
2011 4033 2151 4088 mul-

556 4129 728 4201 tiplici
757 4128 1070 4185 narratione
1098 4128 1173 4182 ita
1202 4127 1459 4182 ostendit.
1491 4124 1629 4180 Nam
1654 4126 1722 4180 ad
1760 4124 1981 4181 Galatas
2015 4125 2147 4182 scri-

549 4223 689 4279 bens
727 4222 809 4277 sic
848 4221 926 4275 ait
963 4239 976 4275 :
1023 4239 1042 4272 ‹
1086 4219 1410 4290 Priusquam
1445 4220 1592 4275 enim
1621 4220 1834 4274 veniret
1865 4219 1998 4274 ﬁdes
2047 4217 2148 4275 sub

550 4314 671 4386 lege
695 4311 1158 4377 custodiebamur,
1182 4309 1424 4366 conclusi
1455 4310 1509 4364 in
1542 4324 1666 4366 eam
1694 4309 1876 4373 ﬁdem,
1910 4324 2031 4380 qua:
2062 4323 2149 4364 re-

549 4408 779 4464 velanda
815 4415 952 4463 erat.
995 4406 1174 4476 Atque
1211 4405 1296 4460 lex
1335 4407 1659 4478 paedagogus
1699 4415 1885 4463 noster
1929 4413 2048 4461 erat
2091 4406 2146 4461 in

551 4500 770 4556 Christo
813 4499 975 4565 Jesu,
1017 4506 1077 4552 ut
1115 4513 1182 4553 ex
1220 4497 1325 4552 ﬁde
1342 4497 1722 4568 justiﬁcemur.
1763 4499 1834 4554 At
1877 4497 1968 4553 ubi
1998 4499 2148 4554 venit

551 4595 689 4651 ﬁdes
707 4635 722 4660 ,
762 4592 878 4662 jam
908 4610 1016 4650 non
1044 4609 1230 4650 sumus
1259 4595 1359 4650 sub
1388 4595 1702 4664 paedagogo.
1755 4594 1956 4650 Omnes
1999 4594 2144 4649 enim

553 4686 653 4742 ﬁlii
679 4685 778 4741 Dei
801 4687 934 4742 estis
957 4701 1056 4756 per
1082 4685 1262 4750 ﬁdem,
1293 4700 1413 4755 quae
1433 4694 1519 4740 est
1543 4686 1598 4740 in
1621 4685 1842 4742 Christo
1861 4685 2007 4741 Jesu.
2039 4703 2056 4735 ι
2077 4685 2145 4741 Ει

553 4779 733 4840 item:
784 4797 803 4830 ι
830 4777 976 4850 Ego,
1008 4796 1027 4829 ι
1086 4777 1290 4848 inquit,
1339 4797 1357 4828 ι
1391 4793 1489 4847 per
1530 4778 1703 4849 legem
1750 4777 1853 4849 legi
1901 4787 2146 4835 mortuus

553 4881 674 4927 sdm
697 4911 714 4938 ,
740 4877 802 4926 ut
823 4870 936 4926 Deo
958 4869 1138 4925 vivam
1158 4868 1374 4925 Christo
1399 4870 1643 4926 conﬁxus
1669 4887 1789 4926 sum
1814 4873 1984 4927 cruci.
2011 4872 2146 4928 Vivo

555 4971 739 5018 autem
768 4977 878 5018 non
901 4976 1034 5033 ego,
1065 4962 1196 5017 vivit
1216 4977 1348 5018 vero
1374 4963 1430 5016 in
1457 4978 1546 5019 me
1570 4962 1821 5020 Christus
1841 5006 1854 5031 ,
1883 4966 2028 5036 quod
2054 4981 2148 5020 au-

553 5060 665 5108 tem
705 5068 849 5109 nunc
886 5053 1012 5109 vivo
1047 5052 1105 5108 in
1141 5067 1338 5119 carne,
1369 5053 1423 5107 in
1448 5053 1553 5108 ﬁde
1577 5054 1701 5109 vivo
1729 5054 1851 5110 Filii
1878 5055 1995 5110 Dei.
2029 5075 2047 5108 ι
2080 5055 2148 5110 Et

555 5145 755 5201 iterum
782 5163 796 5200 :
827 5163 848 5197 ι
869 5143 1000 5200 Mihi
1029 5154 1211 5201 autem
1237 5145 1380 5201 absit
1403 5144 1624 5217 gloriari
1649 5146 1752 5202 nisi
1779 5146 1836 5200 in
1861 5162 2025 5202 cruce
2048 5147 2148 5203 Do-

554 5235 689 5290 mini
731 5234 905 5291 nostri
943 5233 1074 5291 Jesu
1113 5234 1353 5303 Christi,
1393 5251 1493 5307 per
1535 5251 1697 5306 quem
1738 5237 1868 5292 mihi
1911 5238 2146 5293 mundus

555 5326 854 5382 cruciﬁxus
873 5335 988 5393 est,
1010 5336 1064 5382 et
1085 5343 1185 5398 ego
1207 5329 1426 5384 mundo.
1450 5349 1471 5382 ›
1496 5328 1579 5384 Ad
1608 5330 1883 5387 Romanos
1909 5347 2042 5387 vero
2069 5331 2145 5387 ita

557 5419 672 5473 ait:
705 5437 723 5470 ‹
752 5419 974 5475 Fratres
997 5421 1136 5488 mei,
1160 5439 1256 5478 vos
1277 5423 1409 5477 estis
1436 5423 1749 5479 mortiﬁcati
1776 5425 1881 5495 legi
1905 5441 2001 5496 per
2026 5440 2148 5482 cor-

555 5526 658 5582 pus
683 5509 922 5577 Christi,
949 5521 1010 5568 ut
1033 5514 1153 5569 sitis
1179 5515 1402 5570 alterius
1421 5557 1434 5579 ,
1464 5515 1558 5586 qui
1586 5531 1655 5572 ex
1680 5517 1914 5573 mortuis
1955 5535 2145 5576 resur-

558 5601 718 5658 rexit.
745 5621 764 5655 ι
794 5602 862 5658 Ει
890 5619 1078 5661 rursus
1102 5623 1115 5661 :
1148 5623 1165 5656 ‹
1185 5605 1326 5670 Lex,
1351 5625 1368 5657 ι
1395 5606 1600 5676 inquit,
1631 5627 1648 5658 ι
1679 5608 1902 5678 spiritus
1930 5610 2053 5666 vita:
2081 5610 2146 5666 li-

552 5693 770 5750 beravi't
791 5709 880 5751 me
903 5711 935 5750 a
963 5695 1080 5769 lege
1100 5697 1310 5768 peccati
1341 5705 1394 5751 et
1425 5699 1616 5753 mortis
1643 5715 1658 5754 :
1691 5699 1812 5755 ﬁnis
1837 5702 1980 5757 enim
2009 5702 2145 5773 legis

555 5784 806 5843 Christus
846 5788 915 5843 ad
946 5785 1214 5856 justitiam
1243 5787 1390 5841 omni
1432 5790 1694 5844 credenti.
1728 5811 1746 5843 ι
1777 5791 1854 5846 Ad
1883 5793 2144 5862 Ephesios

553 5891 771 5952 quoque
795 5883 875 5939 sic
902 5882 977 5938 ait
1000 5881 1228 5953 (Ep/tes.
1255 5881 1318 5953 ιι)
1349 5900 1360 5935 ;
1392 5901 1410 5932 ‹
1443 5881 1550 5940 Vos
1576 5900 1699 5940 cum
1724 5887 1918 5943 essetis
1943 5887 2144 5946 mortui

2171 4641 2225 4701 D

2261 2011 2485 2076 bentes,
2524 2018 2579 2066 et
2619 2010 2739 2067 sine
2776 2011 2891 2068 Deo
2930 2012 2987 2066 in
3015 2011 3121 2068 hoc
3147 2013 3370 2069 mundo.
3404 2012 3541 2068 Nunc
3565 2020 3688 2067 autem
3706 2012 3732 2063 in

2261 2101 2482 2157 Christo
2522 2100 2654 2157 Jesu
2691 2117 2790 2158 vos
2817 2120 2828 2157 :
2861 2103 2957 2173 qui
2984 2101 3278 2173 aliquando
3308 2104 3472 2159 eratis
3495 2099 3732 2171 longe,f2cu'

2260 2197 2392 2251 estis
2429 2211 2599 2266 prope
2640 2195 2693 2250 in
2734 2195 2998 2267 sanguine
3039 2194 3272 2252 Christi.
3317 2195 3434 2267 Ipse
3459 2204 3534 2251 est
3557 2195 3731 2262 eninian

2259 2297 2470 2354 nostra,
2495 2288 2586 2358 qui
2613 2286 2742 2343 fecit
2765 2294 2996 2357 utraque
3018 2303 3188 2342 unum
3203 2329 3220 2355 ,
3248 2297 3307 2344 et
3330 2288 3550 2344 medium
3568 2287 3732 2357 parietem

2258 2379 2511 2435 maceria:
2556 2379 2772 2435 solvens
2819 2378 3134 2434 inimicitias
3182 2380 3445 2436 in‘carne
3489 2393 3603 2435 sua:
3633 2377 3730 2446 legem

2257 2472 2642 2528 mandatorum
2669 2471 2905 2527 decretis
2931 2486 3203 2527 evacuans
3224 2511 3238 2537 ,
3269 2480 3330 2526 ut
3357 2473 3484 2526 duos
3507 2465 3731 2525 condonetis

2258 2563 2646 2633 semetipsum,
2673 2563 2730 2617 in
2755 2579 2921 2618 unum
2950 2578 3149 2618 novum
3190 2562 3466 2618 hominem
3505 2558 3658 2615 faciens
3680 2570 3729 2625 pa-

2256 2673 2412 2724 cem,
2455 2663 2512 2712 et
2550 2654 2871 2711 reconciliet
2906 2655 3097 2710 ambos
3138 2653 3194 2708 in
3236 2669 3347 2709 uno
3369 2649 3732 2722 corporeDeOpef

2255 2767 2473 2808 crucem
2497 2792 2512 2818 ,
2538 2750 2878 2807 interﬁciens
2903 2748 3223 2804 inimicitias
3249 2749 3306 2804 in
3331 2745 3606 2816 semetipso.
3627 2740 3733 2796 litte-
3802 2793 3803 2796 η

2253 2845 2410 2900 niens
2435 2843 2820 2914 evangelizans
2844 2859 3035 2914 pacem
3065 2844 3246 2910 vobis,
3273 2842 3366 2913 qui
3391 2842 3535 2912 longe
3554 2837 3689 2894 fuistis.
3704 2841 3731 2884 et

2251 2950 2443 3008 pacem
2485 2935 2552 2991 iis
2600 2936 2692 3005 qui
2731 2950 2918 3006 prope.
2953 2954 2972 2986 ι
2999 2934 3153 3002 Quod
3194 2944 3380 2989 autem
3420 2931 3590 2987 dicitur
3627 2920 3730 2979 inditi

2251 3035 2373 3096 post
2392 3025 2497 3080 viri
2519 3025 2603 3081 sui
2623 3033 2853 3081 mortem
2867 3024 2978 3095 jam
3004 3024 3161 3080 annis
3184 3025 3364 3081 tribus
3385 3031 3439 3078 et
3457 3019 3728 3077 mensibussu

2253 3115 2499 3172 relictam
2528 3129 2648 3171 esse
2675 3115 2926 3180 viduam,
2960 3113 3234 3185 signiﬁcat
3257 3113 3537 3168 Ecclesiam
3571 3123 3595 3162 a
3625 3099 3729 3160 mundi

2257 3209 2528 3265 illecebris
2556 3209 2873 3264 destitutam
2905 3214 3108 3262 sanctae
3137 3206 3425 3261 Trinitatis
3450 3201 3587 3258 ﬁdem
3605 3240 3615 3265 ,
3633 3196 3729 3251 et!»

2181 3272 2225 3336 Ο
2257 3316 2453 3357 norum
2478 3315 2706 3371 operum
2730 3298 2934 3367 habere
2953 3297 3369 3370 perfectionem.
3395 3295 3451 3352 In
3476 3287 3728 3364 superioribus

2254 3408 2365 3448 suae
2404 3392 2598 3448 domus
2636 3389 2769 3447 fecit
2807 3399 3080 3447 secretum
3119 3390 3457 3456 cubiculum,
3482 3387 3530 3442 in
3563 3397 3641 3454 quo
3663 3390 3728 3431 cum

2252 3485 2447 3556 puellis
2471 3485 2587 3540 suis
2611 3484 2797 3540 clausa
2838 3483 3176 3551 morabatur,
3221 3499 3348 3540 cum
3387 3483 3439 3536 in
3480 3491 3585 3533 arce
3613 3466 3728 3528 luentii

2253 3592 2363 3632 suae
2397 3576 2613 3632 ﬁrmam
2653 3575 2837 3647 posuit
2875 3575 3177 3631 custodiam
3202 3616 3218 3642 ,
3260 3583 3321 3628 ut
3359 3588 3459 3629 non
3492 3583 3575 3640 per
3604 3564 3727 3619 diversa

2252 3669 2406 3724 vanis
2429 3665 2630 3724 defluat
2655 3667 2960 3736 desideriis,
2986 3669 3083 3724 sed
3105 3683 3234 3722 cum
3256 3662 3627 3739 cogitationibus
3643 3668 3728 3710 mult
3802 3671 3803 3680 ‘

2253 3761 2336 3816 dis
2383 3759 2870 3815 incontaminatam
2921 3774 2981 3816 se
3026 3759 3083 3814 in
3135 3767 3430 3830 conspectu
3473 3755 3544 3812 sui
3581 3748 3729 3808 senarii

2252 3849 2582 3906 Conditoris.
2605 3847 2734 3905 Haec
2754 3849 2992 3905 habebat
3015 3864 3180 3920 super
3201 3849 3416 3905 lumbos
3436 3860 3548 3904 suos
3567 3838 3727 3897 cilicium.

2249 3950 2306 3998 et
2322 3940 2605 4011 jejunabat
2631 3940 2887 3996 omnibus
2913 3941 3135 4008 diebus,
3165 3941 3296 4011 quia
3325 3956 3420 4013 per
3455 3926 3727 3994 continentiam

2249 4033 2376 4088 vitae
2409 4042 2464 4089 et
2485 4033 2962 4103 mortiﬁcationem
2979 4034 3320 4105 voluptatum
3339 4041 3535 4088 terrena
3555 4027 3597 4080 in
3613 4036 3654 4077 se
3665 4031 3728 4071 cui

2250 4126 2423 4182 ciﬁxit
2445 4127 2735 4193 desideria,
2764 4135 2820 4183 et
2845 4128 3322 4200 concupiscentias
3346 4125 3517 4184 carnis
3537 4116 3728 4182 restruit?

2248 4217 2364 4285 bat,
2385 4216 2580 4274 futurae
2602 4219 2728 4273 vitae
2755 4218 3188 4276 solemnitatibus
3208 4228 3267 4275 et
3290 4220 3505 4276 sabbato
3528 4211 3726 4268 animant

2249 4310 2306 4364 in
2328 4309 2537 4366 ctelesti
2563 4324 2732 4379 regno
2757 4310 2980 4367 omnino
3005 4325 3063 4366 se
3085 4325 3401 4382 praeparans
3417 4349 3432 4376 ,
3458 4305 3538 4362 ubi
3559 4314 3633 4372 pro
3651 4307 3727 4366 Pr"

2248 4412 2403 4460 sente
2428 4403 2778 4460 tribulatione
2803 4419 2928 4460 cum
2953 4405 3157 4460 sanctis
3179 4404 3390 4476 angelis
3413 4401 3599 4473 plenum
3616 4398 3727 4462 perctL

2248 4507 2410 4570 ptura
2447 4505 2534 4554 est
2563 4498 2840 4570 gaudium.
2883 4497 2982 4554 Cui
3025 4499 3111 4553 vir
3147 4514 3280 4554 suns
3306 4496 3577 4566 reliquerat
3594 4479 3726 4541 divitias

2251 4592 2479 4658 multas,
2519 4599 2577 4646 et
2611 4591 2874 4646 familiam
2905 4590 3181 4662 copiosam
3199 4633 3215 4660 ,
3245 4607 3313 4646 ac
3343 4583 3655 4661 possessiones
3677 4584 3725 4623 ar-

2251 4689 2450 4745 mentis
2475 4688 2640 4744 boum
2667 4695 2723 4742 et
2747 4687 3000 4760 gregibus
3025 4687 3209 4745 ovium
3232 4686 3418 4756 plenas
3441 4701 3454 4736 :
3481 4677 3584 4751 quia
3602 4672 3724 4769 sit-6.8!

2249 4781 2454 4838 veteris
2479 4781 2614 4854 legis
2639 4781 3018 4847 instrnctione,
3043 4782 3158 4835 sive
3181 4781 3346 4836 etiam
3370 4793 3434 4834 ex
3454 4763 3726 4854 philosophi?e

2251 4877 2514 4937 doctrinae
2533 4846 2883 4932 institutione
2912 4846 3036 4932 cum
3066 4874 3362 4931 moralibus
3385 4860 3634 4950 disciplinis
3651 4846 3726 4908 mill“

2253 4969 2468 5040 tiplices
2508 4983 2641 5039 opes
2679 4967 2782 5023 sibi
2821 4967 3068 5023 Ecclesia
3098 4969 3167 5022 ad
3195 4965 3466 5022 Christum
3487 4954 3724 5040 veniens]?

2254 5034 2512 5117 servabat
2538 5034 2799 5116 scientiae.
2831 5059 2970 5114 Hinc
2991 5066 3048 5115 et
3072 5058 3273 5114 Doctor
3299 5054 3524 5127 gentium
3546 5034 3724 5118 εισι-ἰλὺν

2250 5161 2343 5209 tur
2366 5167 2426 5208 se
2451 5152 2716 5207 nutritum
2738 5165 2861 5207 esse
2879 5164 3038 5206 secus
3059 5150 3226 5221 pedes
3247 5142 3558 5205 Gamalielis,
3575 5131 3641 5204 qui
3658 5127 3723 5221 cf"

2251 5245 2441 5300 doctor
2465 5243 2601 5315 legis
2627 5241 2980 5298 honorabilis.
3106 5241 3319 5312 Moyses
3348 5234 3565 5296 eruditus
3584 5214 3724 5320 ᾷξε

2250 5336 2395 5408 gitur
2434 5337 2490 5391 in
2526 5313 2794 5406 sapientia
2833 5343 2891 5389 et
2930 5332 3180 5389 doctrina
3217 5328 3587 5404 Egyptiorum.
3609 5313 3649 5368 Si
3673 5316 3722 5408 cui

2249 5406 2369 5484 viro
2393 5429 2483 5484 hic
2508 5441 2697 5484 sensus
2723 5425 3062 5498 displicuerit
3077 5466 3093 5492 ,
3119 5423 3261 5496 quod
3285 5420 3500 5479 dixerim
3518 5406 3722 5499 313035“?

2250 5519 2430 5575 virum
2456 5518 2640 5575 Iudith
2670 5518 2806 5592 legis
2830 5520 3148 5594 decalogum
3183 5521 3296 5578 sive
3324 5519 3477 5575 ritum
3503 5498 3722 5594 εθιιιίίξξθθδ

2251 5611 2559 5683 δίῧηίίίοθτο
2579 5653 2592 5677 ν
2626 5586 2805 5682 ροιὲει
2834 5628 2960 5668 eum
2987 5586 3256 5670 alacriore
3285 5604 3526 5683 mysterio
3548 5595 3600 5652 ad
3621 5586 3720 5644 Chl"

2250 5710 2427 5769 stum,
2467 5703 2559 5774 qui
2600 5713 2684 5759 est
2724 5721 2884 5760 verus
2923 5721 3156 5777 sponsus
3179 5682 3453 5765 EccleSiaz,
3486 5682 3718 5777 transfert“

2249 5795 2342 5864 qui
2368 5765 2505 5851 bene
2532 5795 2806 5851 Manasses
2829 5797 2934 5852 dici
2951 5765 3176 5866 potest,
3204 5796 3326 5866 quia
3350 5780 3564 5849 oblivisci
3583 5786 3654 5831 nos
3670 5765 3720 5818 fi"

2249 5886 2359 5944 ciet
2397 5888 2721 5946 calamitatis
2757 5890 2998 5962 pristinae
3038 5906 3138 5964 per
3176 5866 3716 5951 «ἕοιιεοιειιίοηεειιι,ΠιωΓπ
