3920 6466
173 422 282 500 ssi

1283 428 1647 490 EXPOSITIO
1685 428 1753 485 IN
1791 426 2054 485 LIBRUM
2091 426 2357 488 JUDITH.

3349 431 3459 491 ωε

171 543 325 611 vitae.
346 552 447 610 Hic
472 568 602 626 ergo
628 553 681 608 in
705 553 896 610 diebus
922 553 1116 610 messis
1141 550 1488 617 hordeaceae,
1512 551 1615 605 hoc
1642 556 1728 604 est
1745 589 1762 616 ,
1791 550 1848 611 Α
1871 548 1947 602 ait
1973 567 1984 602 :
2015 566 2032 599 α
2060 547 2237 604 Nolite
2279 563 2410 622 ergo
2450 549 2668 607 solliciti
2693 565 2814 608 esse
2837 549 3113 618 dicentes,
3140 539 3271 622 quid
3297 566 3458 607 man-

175 647 241 704 in
265 647 620 704 conversione
648 646 819 716 plebis
846 645 1108 710 Judaicae,
1139 658 1262 699 cum
1293 642 1530 697 mitteret
1568 640 1763 712 praedi-

173 757 310 800 care
331 739 602 812 apostolos
630 755 756 795 suos
783 739 1134 812 Evangelium
1153 779 1169 805 ,
1197 747 1254 792 et
1279 751 1614 809 congregare
1639 751 1761 789 ma-

171 833 396 904 nipulos
420 833 705 888 credentes
731 833 798 888 de
818 839 967 888 terra
995 830 1364 887 lsraelitarum
1383 872 1398 898 ,
1427 829 1576 886 venit
1601 836 1764 885 aestus

167 939 348 994 super
372 931 535 995 caput
558 921 706 993 ejus,
735 925 949 995 quando
982 923 1289 980 excitabant
1324 922 1402 978 illi
1433 922 1766 995 persecutio-

171 1029 341 1082 nem,
369 1031 533 1071 causa
562 1015 863 1072 divinitatis
892 1014 1030 1086 ejus.
1057 1014 1234 1088 Caput
1269 1030 1400 1071 vero
1440 1013 1642 1072 Christi
1683 1021 1768 1068 est

172 1105 368 1172 Deus;
398 1121 523 1162 nam
562 1106 800 1162 maxime
837 1107 1147 1163 scandalum
1184 1106 1469 1164 sumebant
1509 1105 1635 1161 inde
1667 1102 1764 1159 Ju-

171 1196 312 1260 daei,
341 1195 483 1266 quod
506 1196 710 1252 diceret
735 1204 947 1267 patrem
973 1213 1131 1252 suum
1152 1213 1274 1254 esse
1295 1197 1465 1254 Deum
1487 1237 1501 1263 ,
1526 1196 1768 1252 dicentes

171 1289 256 1343 ad
281 1286 430 1342 illum
455 1303 470 1341 :
500 1305 520 1339 ‹
549 1287 627 1343 De
652 1289 794 1344 bono
819 1304 983 1360 opere
1009 1305 1116 1344 non
1141 1289 1445 1362 lapidamus
1469 1297 1523 1345 te
1539 1330 1554 1356 ,
1584 1288 1676 1345 sed
1702 1289 1770 1344 de

170 1378 557 1450 blasphemia;
583 1388 638 1436 et
661 1381 789 1450 quia
813 1389 868 1438 tu
889 1381 1053 1437 homo
1079 1397 1202 1438 cum
1229 1382 1325 1448 sis,
1352 1380 1488 1437 facis
1509 1387 1566 1436 te
1590 1381 1770 1452 ipsum

169 1470 376 1527 Deum.
407 1492 426 1524 ι
452 1471 521 1526 Et
547 1471 616 1527 ad
644 1471 876 1526 Pilatum
905 1491 917 1526 :
948 1492 967 1523 ι
996 1471 1107 1528 Nos
1126 1513 1142 1541 ,
1172 1493 1191 1526 ι
1224 1472 1510 1542 inquiunt,
1546 1489 1565 1522 ι
1595 1471 1770 1543 legem

168 1565 478 1633 habemus,
507 1575 563 1621 et
592 1566 884 1622 secundum
913 1567 1089 1638 legem
1119 1566 1281 1623 debet
1319 1564 1482 1632 mori,
1509 1564 1638 1636 quia
1676 1563 1771 1618 Fi-

169 1657 317 1712 lium
346 1659 442 1713 Dei
472 1673 532 1713 se
558 1657 707 1714 fecit.
742 1679 760 1710 ι
787 1658 987 1714 Passus
1017 1674 1149 1731 ergo
1187 1666 1272 1715 est
1309 1657 1574 1713 Dominus
1615 1656 1774 1713 Jesus

166 1753 237 1808 in
272 1759 431 1825 gente
469 1767 598 1818 sua,
629 1758 686 1806 et
725 1751 966 1821 sepultus
1003 1751 1058 1806 in
1095 1751 1255 1806 horto
1282 1749 1770 1821 Jerosolymitano,

165 1841 454 1910 tertiaque
481 1841 567 1897 die
595 1839 896 1895 resurrexit
920 1855 951 1894 a
976 1839 1227 1905 mortuis,
1256 1838 1556 1894 ascendens
1583 1839 1638 1893 in
1664 1852 1775 1894 cte-

1866 641 2214 710 ducabimus,
2241 650 2335 696 aut
2364 642 2493 713 quid
2519 643 2796 712 bibemus,
2837 651 2934 699 aut
2968 658 3077 716 quo
3112 644 3462 716 operiemur?

1866 733 1981 787 inec
2020 733 2165 788 enim
2205 733 2386 788 omnia
2421 741 2610 805 gentes
2639 734 2954 806 inquirunt,
2987 734 3096 790 scit
3123 733 3270 790 enim
3293 733 3464 791 Pater

1867 832 2068 891 vester,
2097 825 2224 894 quia
2254 824 2340 880 his
2363 825 2617 880 omnibus
2643 825 2919 898 indigetis.
2947 825 3188 894 Quaerite
3215 841 3349 898 ergo
3376 841 3465 882 re-

1867 931 2031 988 gnum
2086 917 2184 972 Dei
2221 925 2279 972 et
2296 915 2564 985 justitiam
2593 915 2711 985 ejus
2729 957 2746 983 ,
2773 924 2830 972 et
2853 917 3037 973 omnia
3064 917 3181 972 haec
3206 914 3467 985 adjicien-

1868 1018 1956 1064 tur
1981 1010 2156 1066 vobis.
2188 1030 2206 1062 ›
2235 1009 2373 1066 Hine
2398 1017 2453 1064 et
2475 1008 2766 1080 Apostolus
2793 1009 2869 1064 ait
2893 1026 2906 1062 :
2938 1028 2955 1059 ‹
2988 1007 3045 1064 Si
3073 1015 3255 1064 autem
3281 1007 3334 1062 in
3361 1008 3468 1063 hac

1866 1103 1977 1157 vita
2021 1110 2234 1157 tantum
2264 1102 2320 1157 in
2350 1101 2573 1158 Christo
2600 1109 2883 1172 sperantes
2911 1116 3136 1168 sumus,
3172 1099 3466 1157 miserabi-

1868 1195 2034 1250 liores
2076 1209 2265 1249 sumus
2311 1193 2563 1249 omnibus
2609 1193 2940 1249 hominibus.
2979 1212 2998 1244 ι
3030 1191 3174 1264 Ergo
3221 1207 3466 1262 prasens

1869 1288 1982 1342 vita
2012 1286 2260 1343 ﬁdelibus
2291 1287 2362 1343 sit
2390 1287 2444 1342 in
2474 1303 2577 1343 usu
2597 1328 2613 1354 ,
2643 1286 2829 1342 futura
2858 1292 3041 1342 autem
3071 1286 3126 1341 in
3156 1284 3333 1340 fructu
3375 1303 3467 1343 sa-

1870 1379 1997 1435 lutis
2019 1387 2254 1434 merum.
2288 1378 2397 1434 Res
2427 1378 2742 1449 temporalis
2769 1379 2826 1434 in
2857 1379 3053 1434 itinere
3095 1377 3465 1444 desideretur,

1871 1477 2074 1524 aeterna
2119 1469 2174 1523 in
2218 1468 2594 1539 perventione,
2621 1468 2777 1538 quasi
2823 1482 2891 1523 ex
2930 1467 3103 1522 latere
3141 1466 3477 1538 respiciatur

1874 1563 2133 1636 quidquid
2161 1564 2216 1618 in
2243 1565 2347 1620 hoc
2373 1564 2574 1620 mundo
2603 1563 2804 1636 agitur,
2837 1570 2965 1618 ante
2990 1577 3092 1618 nos
3137 1569 3322 1617 autem
3357 1570 3476 1617 ten-

1875 1657 2003 1712 dant
2046 1655 2245 1710 mentis
2280 1655 2453 1720 oculi,
2499 1656 2626 1710 dum
2667 1661 2781 1709 tota
2806 1653 3108 1708 intentione
3131 1652 3224 1709 illa
3250 1652 3472 1724 conspi-

1874 1752 2028 1807 ciunt
2055 1750 2122 1804 ad
2149 1748 2698 1820 quaeperveniemus.

1953 1862 1971 1894 ε
2002 1843 2071 1897 Et
2098 1858 2244 1898 nunc
2263 1883 2278 1908 ,
2310 1840 2544 1908 fratres,
2577 1840 2835 1912 quoniam
2863 1855 2961 1896 vos
2991 1840 3125 1896 estis
3156 1839 3472 1912 presbyteri

167 1931 266 1987 los
303 1932 453 1987 sedet
473 1931 539 1986 ad
566 1931 812 1986 dextram
834 1929 928 1984 Dei
950 1929 1146 1995 Patris,
1173 1929 1296 1984 inde
1327 1936 1587 1985 venturus
1608 1927 1774 1997 judex
1802 1932 1854 1994 Β
1885 1957 1904 1989 ι
1934 1937 1989 1992 in
2018 1935 2214 2007 populo
2244 1935 2375 2001 Dei,
2407 1941 2462 1989 et
2491 1950 2559 1989 ex
2585 1934 2740 1990 vobis
2766 1934 2966 2004 pendet
2997 1934 3180 1988 anima
3213 1933 3432 1987 illorum
3455 1973 3471 2000 ,

168 2023 431 2078 vivorum
474 2038 540 2078 ac
588 2030 949 2077 mortuorum.
999 2019 1318 2089 llujusmodi
1361 2036 1491 2093 ergo
1535 2034 1769 2092 sponsa,

166 2112 704 2183 postquamablatus
721 2121 807 2167 est
837 2111 904 2168 ab
935 2126 998 2166 ea
1027 2126 1288 2182 sponsus,
1313 2109 1524 2182 jejunio
1555 2119 1610 2167 et
1655 2113 1782 2168 abs-

176 2206 430 2268 ginentiae
483 2219 704 2275 operam
744 2203 894 2259 dedit
931 2203 1182 2259 omnibus
1243 2203 1435 2259 diebus
1474 2204 1600 2258 vitae
1639 2219 1777 2272 suae,

174 2296 376 2366 utique
401 2309 574 2364 usque
600 2294 670 2350 ad
691 2294 1217 2350 consummationem
1245 2294 1428 2350 seaculi
1450 2303 1632 2350 servat
1658 2312 1782 2352 cas-

175 2392 393 2446 titatem
434 2390 591 2456 ﬁdei,
618 2406 720 2447 nec
762 2391 875 2447 ullo
897 2391 1059 2448 modo
1080 2393 1351 2448 consentit
1375 2395 1652 2455 erroribus
1677 2397 1784 2452 hae-

173 2485 481 2540 reticorum
525 2484 718 2555 pollui.
771 2483 870 2540 Cui
913 2485 1000 2540 vir
1043 2501 1174 2542 suus
1218 2486 1517 2558 reliquerat
1562 2489 1780 2547 divitias

175 2579 413 2647 multas,
463 2580 763 2650 spiritualis
805 2580 1053 2652 profecto
1099 2583 1386 2653 sapientiae
1434 2592 1490 2640 et
1535 2587 1779 2642 omnium

177 2673 463 2726 virtutum.
490 2672 883 2744 Familiamque
906 2675 1181 2745 copiosam
1201 2717 1216 2744 ,
1241 2691 1365 2732 cum
1384 2678 1626 2734 omnium
1649 2695 1781 2752 gen-

177 2762 323 2816 tium
365 2766 714 2835 congregavit
759 2767 826 2820 ad
873 2781 994 2822 eam
1038 2767 1441 2825 multitudinem
1483 2771 1776 2826 inﬁnitam.

180 2854 568 2913 Possessiones
608 2872 823 2930 quoque
852 2859 904 2914 in
937 2862 1201 2916 armentis
1228 2863 1392 2917 boum
1432 2872 1487 2919 et
1525 2865 1780 2936 gregibus

179 2947 399 3014 ovium,
434 2949 528 3020 qui
553 2951 794 3007 subdidit
815 2952 866 3006 ei
895 2968 1002 3008 non
1031 2954 1203 3009 solum
1233 2970 1328 3010 eos
1359 2956 1450 3025 qui
1478 2956 1639 3010 utiles
1676 2971 1778 3026 po-

183 3045 409 3094 tuerunt
429 3039 547 3095 ﬁeri
580 3041 636 3096 in
677 3057 808 3113 agro
835 3044 1115 3101 Dominico
1136 3087 1152 3111 ,
1200 3046 1296 3102 sed
1319 3046 1485 3101 etiam
1517 3046 1636 3102 illos
1683 3047 1775 3116 qui

183 3130 554 3188 innocentiam
592 3135 792 3190 mentis
831 3145 992 3205 atque
1026 3138 1389 3194 obedientiam
1417 3147 1543 3195 actu
1569 3141 1778 3209 impen-

182 3221 378 3278 derent
414 3224 629 3279 devoto.
671 3223 798 3280 Haec
836 3225 891 3280 in
933 3228 1182 3283 omnibus
1211 3229 1610 3297 famosissima,
1637 3245 1774 3302 quo-

1891 2047 1911 2081 t
1939 2029 2008 2083 ad
2049 2028 2324 2098 eloquium
2370 2034 2612 2082 vestrum
2653 2025 2817 2081 corda
2869 2025 3084 2080 illorum
3130 2025 3322 2096 erigite
3351 2067 3365 2090 ,
3413 2032 3475 2080 ut

1891 2141 1910 2176 t
1937 2135 2210 2178 memores
2249 2119 2357 2175 sint
2395 2118 2522 2189 quia
2566 2117 2756 2173 tentati
2788 2125 2914 2172 sunt
2966 2125 3148 2188 patres
3179 2115 3382 2182 nostri,
3414 2123 3476 2172 ut

1889 2235 1910 2268 ι
1937 2214 2300 2287 probarentur
2333 2212 2380 2268 si
2403 2226 2528 2268 vere
2549 2210 2792 2266 colerent
2814 2210 2983 2265 Deum
3008 2225 3184 2265 suum.
3207 2209 3474 2264 Memores

1889 2329 1910 2365 ι
1941 2325 2062 2366 esse
2110 2308 2310 2365 debent
2348 2307 2620 2377 quomodo
2647 2315 2802 2376 pater
2829 2314 3018 2362 noster
3045 2305 3321 2361 Abraham
3357 2314 3475 2361 ten-

1890 2421 1910 2456 ι
1937 2410 2083 2458 tatus
2107 2407 2191 2457 est
2207 2441 2224 2468 ,
2249 2407 2305 2455 et
2328 2413 2426 2469 per
2452 2398 2655 2454 multas
2682 2398 3064 2454 tribulationes
3090 2397 3352 2467 probatus
3375 2396 3474 2451 Dei

1889 2515 1908 2550 ι
1939 2495 2146 2551 amicus
2173 2492 2397 2550 eﬁ‘ectus
2426 2500 2528 2548 est.
2555 2491 2647 2547 Sic
2672 2492 2855 2558 Isaac,
2885 2491 2963 2546 sic
2987 2489 3153 2546 Jacob
3173 2531 3189 2557 ,
3219 2490 3298 2545 sic
3326 2488 3477 2560 Moy-

1889 2609 1908 2642 ι
1934 2604 2020 2646 ses
2039 2630 2053 2655 ,
2083 2595 2139 2643 et
2163 2600 2352 2644 omnes
2377 2585 2468 2656 qui
2496 2584 2820 2655 placuerunt
2845 2583 2960 2638 Deo
2979 2624 2992 2648 ,
3021 2597 3118 2653 per
3142 2581 3344 2636 multas
3369 2579 3473 2633 tri-

1889 2698 1907 2732 ‹
1933 2678 2241 2736 bulationes
2271 2675 2608 2731 transierunt
2640 2673 2850 2730 ﬁdeles.
2883 2673 2962 2729 Illi
2992 2680 3170 2728 autem
3189 2714 3204 2739 ,
3235 2671 3326 2742 qui
3359 2679 3477 2726 ten-

1888 2788 1910 2824 ι
1935 2769 2172 2825 tationes
2208 2783 2319 2823 non
2359 2772 2721 2836 susceperunt
2760 2779 2886 2820 cum
2917 2764 3112 2819 timore
3136 2762 3386 2829 Domini,
3417 2768 3475 2816 et

1889 2861 2336 2933 «impatientiam
2381 2873 2574 2924 suam,
2624 2865 2677 2913 et
2731 2856 3118 2928 improperium
3169 2867 3476 2910 murmura-

1889 2973 1909 3008 t
1939 2956 2104 3012 tionis
2135 2972 2246 3012 sua:
2273 2964 2464 3012 contra
2496 2955 2786 3012 Dominum
2811 2953 3188 3027 protulerunt,
3219 2949 3478 3009 extemi-

1889 3067 1911 3102 ε
1937 3051 2050 3104 nati
2091 3057 2217 3105 sunt
2257 3049 2327 3105 ab
2365 3051 2820 3116 exterminatore,
2851 3056 2907 3105 et
2934 3064 2966 3103 a
2996 3045 3347 3118 serpentibus
3382 3057 3479 3115 pe-

1888 3162 1907 3195 ι
1936 3143 2163 3199 rierunt.
2195 3165 2215 3197 ι
2267 3144 2678 3201 Praeteritorum
2724 3145 3031 3215 principum
3080 3141 3242 3197 fortia
3287 3146 3475 3212 gesta,

1881 3235 2233 3304 praesentium
2265 3243 2391 3290 sunt
2417 3237 2740 3294 documenta
2785 3235 3044 3293 salubria.
3094 3233 3248 3290 Unde
3287 3231 3476 3287 Judith

181 3312 335 3368 niam
363 3313 521 3370 valde
547 3315 706 3370 timet
729 3316 1034 3372 Dominum.
1081 3317 1250 3387 Cujus
1289 3319 1475 3376 laudes
1516 3318 1773 3377 Salomon
1804 3310 1849 3374 C
1885 3341 2128 3382 summos
2176 3327 2522 3397 patriarchas
2568 3329 2746 3400 gentis
2787 3327 3192 3392 lsraelitarum,
3219 3327 3324 3382 hoc
3361 3332 3478 3390 est,

170 3403 336 3472 juxta
363 3403 527 3460 ﬁnem
550 3404 968 3464 Proverbiorum
997 3425 1218 3465 suorum
1246 3412 1563 3482 plenissime
1604 3413 1777 3483 expli-

181 3504 308 3566 cat,
337 3498 430 3554 ubi
469 3499 613 3555 inter
651 3508 844 3556 caetera
875 3501 950 3556 ita
981 3503 1150 3559 dicit:
1179 3523 1197 3554 «
1227 3503 1417 3560 Mulier
1443 3505 1643 3562 timens
1673 3506 1779 3562 Do-

177 3591 393 3646 minum
417 3600 535 3663 ipsa
556 3593 884 3662 laudabitur,
912 3595 1072 3652 datur
1107 3597 1158 3652 ei
1196 3597 1264 3653 de
1306 3596 1486 3653 fructu
1515 3613 1777 3655 manuum

180 3699 406 3740 suarum
424 3725 440 3752 ,
467 3693 524 3741 et
544 3685 768 3743 laudant
793 3702 914 3742 eam
944 3687 1001 3742 in
1027 3689 1200 3758 portis
1224 3704 1391 3761 opera
1418 3688 1554 3759 ejus.
1589 3711 1609 3743 ι
1637 3691 1776 3748 Hinc

178 3783 237 3832 et
279 3775 445 3832 Isaias
490 3778 610 3833 ait:
649 3796 669 3829 t
697 3777 883 3834 Timor
928 3779 1142 3835 Domini
1187 3781 1308 3851 ipse
1349 3788 1433 3836 est
1480 3782 1771 3838 thesaurus

179 3871 320 3940 ejus.
350 3891 372 3926 ι
396 3871 584 3942 Itaque
628 3889 751 3929 cum
793 3875 1034 3931 audisset
1068 3874 1277 3942 Iudith,
1315 3875 1570 3946 quoniam
1614 3875 1776 3934 Ozias

179 3964 522 4035 promisisset
547 3965 689 4034 quod
717 3974 994 4023 transacto
1020 3967 1209 4036 quinto
1237 3967 1326 4023 die
1364 3968 1604 4024 traderet
1637 3968 1774 4025 civi-

182 4063 390 4121 tatem,
442 4057 756 4126 reprobavit
804 4058 1163 4123 sententiam,
1217 4057 1476 4129 injustum
1519 4057 1775 4127 judicans

178 4148 412 4204 Domino
453 4149 822 4206 miserationis
868 4166 978 4205 suae
1034 4158 1247 4220 tempus
1291 4152 1772 4220 constituendum,

180 4259 308 4299 cum
349 4243 438 4299 ille
479 4245 628 4300 solus
657 4260 770 4314 prae
793 4245 1046 4300 omnibus
1072 4245 1223 4300 novit
1247 4255 1305 4300 et
1326 4253 1542 4316 tempus
1570 4253 1625 4300 et
1651 4261 1771 4302 mo-

181 4339 309 4394 dum
339 4336 711 4393 miserationis
749 4352 898 4403 suae;
932 4353 997 4392 ac
1024 4345 1315 4408 propterea
1356 4353 1466 4393 non
1504 4339 1632 4395 licet
1660 4339 1774 4396 cui-

177 4445 343 4500 quam
371 4429 681 4499 petulanter
707 4445 808 4501 pro
838 4429 1018 4500 aliqua
1056 4446 1116 4486 re
1144 4430 1432 4485 Dominum
1462 4431 1769 4502 postulare,

177 4522 275 4578 sed
317 4522 488 4594 magis
519 4522 588 4577 ad
617 4520 903 4578 arbitrium
945 4521 1061 4590 ejus
1099 4515 1302 4577 cuncta'
1334 4521 1543 4578 referre
1573 4541 1585 4577 :
1631 4523 1773 4578 sicut

173 4613 377 4685 legitur
415 4612 635 4682 quidam
672 4612 894 4666 Patrum
923 4612 981 4666 in
1008 4611 1252 4668 oratione
1283 4619 1495 4667 tantum
1521 4612 1722 4668 dixisse
1749 4627 1765 4667 :

175 4705 284 4760 Fili
315 4704 445 4772 Dei,
475 4705 618 4760 sicut
643 4704 724 4760 vis
749 4712 806 4759 et
831 4705 974 4759 sicut
997 4705 1105 4761 scis
1125 4745 1140 4770 ,
1167 4705 1430 4761 miserere
1458 4704 1584 4759 mei.
1620 4701 1770 4760 Unde
1794 4673 1848 4735 Ῑ)

173 4797 231 4850 in
265 4795 404 4851 libro
431 4794 671 4850 Danielis
701 4803 811 4850 tres
836 4795 993 4866 pueri
1036 4795 1534 4852 Nabuchodonosor
1562 4795 1772 4866 impiis-

173 4889 318 4943 simo
355 4888 503 4960 regi,
528 4888 621 4958 qui
646 4888 750 4944 illis
775 4903 967 4959 poenas
998 4889 1200 4944 inferre
1225 4889 1556 4956 minabatur,
1587 4897 1644 4944 et
1673 4889 1768 4946 Dei

171 4979 476 5050 potentiam
515 4979 942 5050 blasphemavit,
974 4980 1049 5034 ita
1089 4979 1344 5051 leguntur
1383 4980 1764 5050 respondisse:

179 5091 199 5122 ‹
231 5069 352 5124 Non
391 5079 605 5140 oportet
643 5085 743 5126 nos
783 5070 888 5125 hac
925 5071 991 5125 de
1021 5086 1080 5126 re
1109 5071 1438 5141 respondere
1473 5071 1606 5137 tibi;
1635 5086 1764 5128 ecce

173 5165 323 5220 enim
354 5165 496 5221 Deus
518 5172 728 5232 noster,
752 5179 914 5234 quem
942 5164 1170 5220 colimus
1189 5205 1204 5231 ,
1229 5173 1410 5236 potest
1434 5165 1646 5234 eripere
1668 5180 1769 5222 nos

173 5259 245 5314 de
271 5260 484 5314 camino
508 5259 670 5330 ignis,
694 5266 752 5313 et
773 5256 843 5313 de
867 5258 1118 5314 manibus
1143 5257 1272 5325 tuis,
1299 5273 1334 5314 ο
1359 5273 1478 5325 rex,
1499 5258 1762 5314 liberare.

175 5350 335 5419 Quod
362 5351 409 5406 si
437 5349 701 5417 noluerit,
729 5358 918 5406 notum
948 5350 1020 5406 sit
1047 5350 1146 5405 tibi
1175 5366 1301 5416 rex,
1329 5351 1457 5422 quia
1484 5351 1613 5406 deos
1644 5359 1765 5406 tuos

176 5458 290 5499 non
341 5442 602 5509 colimus,
640 5450 696 5498 et
754 5451 989 5499 statuam
1045 5459 1267 5498 auream
1321 5459 1485 5514 quam
1545 5444 1769 5500 erexisti

176 5551 290 5592 non
318 5535 624 5592 adoramus.
653 5556 673 5588 ι
700 5535 859 5592 Nullo
897 5551 1026 5607 ergo
1055 5537 1216 5592 modo
1247 5545 1464 5608 oportet
1499 5535 1792 5592 Cbristia-.

176 5644 345 5696 num,
368 5628 456 5684 cui
478 5629 716 5685 coelestis
742 5630 895 5701 regni
921 5629 1089 5700 gloria
1116 5630 1382 5700 promissa
1404 5638 1487 5685 est
1507 5671 1522 5696 ,
1547 5630 1612 5686 de
1637 5644 1772 5700 prae-

178 5722 353 5779 sentis
379 5721 504 5776 vitae
529 5722 826 5776 commodis
854 5703 1080 5776 nimium
1111 5730 1354 5789 certare,
1387 5739 1452 5778 ac
1479 5723 1769 5779 Dominum

179 5814 493 5871 inordinate
515 5814 810 5885 postulare,
835 5815 928 5886 qui
953 5816 1100 5872 dedit
1123 5814 1350 5886 majora,
1372 5817 1488 5888 ipse
1509 5827 1770 5889 procurat

183 5909 349 5964 etiam
390 5916 446 5964 et
477 5908 718 5975 minora,
748 5908 816 5964 de
842 5923 950 5978 quo
985 5909 1101 5980 ipsa
1137 5909 1353 5966 Veritas
1389 5911 1446 5966 in
1472 5909 1768 5981 Evangelio

1880 3417 2153 3474 Abraham
2175 3461 2190 3487 ,
2219 3419 2370 3476 Isaac
2406 3430 2464 3477 et
2507 3421 2697 3487 Jacob,
2730 3429 2786 3476 et
2805 3421 3040 3491 primum
3069 3419 3265 3476 ducem
3287 3433 3478 3475 eorum

1881 3508 2104 3582 Moysen
2143 3511 2198 3566 in
2239 3511 2548 3583 exemplum
2590 3512 2714 3569 ﬁdei
2758 3529 2824 3569 ac
2849 3514 3127 3584 patientia:
3165 3511 3502 3568 narratione

1879 3619 1979 3660 sua
2008 3605 2307 3661 introducit
2332 3622 2347 3672 ;
2377 3614 2434 3660 et
2458 3621 2490 3660 e
2514 3607 2794 3664 contrario
2821 3607 3018 3677 impios
3042 3613 3479 3663 murmuratores

1880 3702 1936 3749 et
1961 3695 2283 3765 querulosos
2309 3696 2365 3750 in
2391 3696 2764 3754 testimonium
2788 3697 3253 3768 pusillanimitatis
3281 3705 3336 3753 et
3364 3697 3472 3752 im—

1877 3785 2156 3856 patientia:
2182 3802 2293 3842 suae
2319 3787 2595 3856 exhibuit,
2638 3797 2699 3844 ut
2734 3804 2801 3844 ex
2841 3789 3002 3846 bonis
3028 3789 3160 3845 utile
3197 3790 3355 3846 nobis
3397 3789 3467 3846 ad

1877 3875 2200 3932 imitandum
2228 3894 2506 3935 sumamus
2530 3880 2872 3952 exemplum,
2904 3891 2961 3938 et
2984 3897 3053 3936 ex
3095 3882 3253 3937 malis
3294 3881 3476 3937 disca-

1877 3983 1999 4026 mus
2033 3971 2320 4041 pravitatis
2359 3987 2470 4028 suae
2510 3988 2648 4044 opus
2683 3973 2858 4029 vitare
2897 3973 3201 4040 nefarium,
3230 3988 3300 4030 ne
3332 3973 3476 4030 forte

1877 4064 2190 4120 exterminii
2211 4064 2426 4121 illorum
2449 4066 2723 4138 patiamur
2745 4074 3098 4123 tormentum.
3123 4065 3277 4123 Unde
3297 4064 3476 4122 adhuc

1876 4154 2129 4210 subditur
2159 4173 2171 4208 :

1952 4265 1972 4299 c
2000 4246 2069 4301 Et
2089 4262 2191 4302 nos
2215 4263 2347 4318 ergo
2370 4263 2481 4304 non
2505 4248 2840 4304 ulciscamur
2862 4263 2964 4304 nos
2987 4263 3091 4320 pro
3115 4248 3204 4304 his
3227 4261 3350 4318 qua:
3371 4261 3474 4318 pa-

1880 4357 1901 4393 t
1928 4338 2115 4406 timur,
2161 4339 2256 4394 sed
2298 4347 2613 4409 reputantes
2655 4340 2896 4410 peccatis
2939 4340 3142 4395 nostris
3189 4339 3307 4394 haec
3355 4339 3476 4408 ipsa

1881 4448 1902 4482 ‹
1931 4431 2145 4487 minora
2165 4446 2286 4487 esse
2301 4431 2586 4502 supplicia,
2601 4430 2810 4503 ﬂagella
2831 4432 3068 4498 Domini,
3092 4432 3290 4502 quibus
3315 4432 3477 4502 quasi

1880 4539 1900 4574 ι
1931 4521 2076 4577 servi
2103 4522 2452 4594 corripimur,
2476 4537 2585 4579 non
2606 4524 2675 4579 ad
2699 4523 3057 4594 perditionem
3078 4532 3325 4581 nostram
3347 4539 3475 4581 eve-
3573 4548 3578 4555 ·

1880 4630 1899 4664 ι
1929 4614 2077 4669 uisse
2103 4614 2409 4669 credamus.
2441 4634 2461 4669 ι
2498 4614 2627 4670 Haec
2667 4623 2751 4670 est
2779 4615 2926 4672 enim
2961 4617 3050 4672 via
3089 4617 3368 4686 veritatis,
3410 4625 3475 4675 ut

1877 4703 1936 4758 in
1971 4701 2200 4772 ﬂagellis
2236 4702 2454 4759 Domini
2490 4703 2837 4762 humiliemus
2878 4705 3090 4762 animas
3127 4713 3375 4774 nostras,
3413 4715 3474 4764 et

1877 4797 2202 4866 patientiam
2247 4797 2453 4853 habere
2496 4798 2840 4866 Studeamus,
2889 4807 3206 4871 reputantes
3232 4801 3474 4872 peccatis

1877 4889 2078 4945 nostris
2095 4929 2110 4955 ,
2139 4888 2430 4959 qum-iuste
2453 4891 2710 4961 patimur,
2739 4891 2849 4947 imo
2871 4892 3036 4948 etiam
3066 4891 3336 4947 minorem
3359 4906 3474 4947 me-

1877 4981 2000 5036 ritis
2042 4981 2245 5036 nostris
2288 4995 2409 5037 esse
2435 4981 2732 5039 vindictam
2749 5022 2768 5050 ,
2798 4984 2894 5039 sed
2920 4998 3018 5053 per
3045 4983 3347 5039 bonitatem
3373 4983 3474 5041 Dei

1877 5070 2036 5126 nobis
2082 5069 2151 5125 ad
2193 5068 2559 5128 suﬁ‘erendum
2610 5079 2967 5144 temperatam
3012 5064 3329 5141 credamus,
3377 5074 3474 5145 qui

1873 5163 1992 5220 vult
2030 5178 2222 5219 omnes
2259 5164 2509 5220 homines
2549 5165 2729 5221 salvos
2770 5179 2921 5234 esse,
2946 5172 3002 5220 et
3030 5165 3100 5220 ad
3139 5165 3470 5237 agnitionem

1870 5256 2120 5312 veritatis
2145 5257 2451 5326 pervenire.
2482 5255 2768 5312 Miseretur
2791 5256 3066 5323 omnium,
3095 5263 3150 5312 et
3188 5258 3324 5313 nihil
3353 5259 3470 5316 odit

1874 5364 2066 5406 eorum
2121 5365 2243 5421 quae
2293 5349 2452 5417 fecit,
2508 5349 2856 5406 dissimulans
2906 5357 3130 5422 peccata
3180 5349 3466 5406 hominum

1871 5449 2094 5512 propter
2129 5441 2538 5512 paenitentiam,
2572 5449 2628 5496 et
2653 5455 2885 5510 parcens
2926 5440 3032 5496 illis
3078 5450 3303 5512 propter
3345 5456 3465 5497 ma-

1873 5549 2036 5608 gnam
2056 5533 2507 5599 misericordiam,
2532 5532 2658 5602 quia
2685 5531 2802 5603 ipse
2825 5531 2970 5588 solus
2988 5541 3072 5588 est
3087 5533 3229 5589 Deus
3255 5541 3462 5590 noster.

1953 5647 1971 5680 ‹
2002 5628 2071 5683 Et
2095 5628 2347 5685 dixerunt
2376 5626 2450 5681 illi
2476 5625 2636 5682 Ozias
2665 5633 2720 5682 et
2748 5626 3052 5699 presbyteri
3077 5645 3089 5680 :
3119 5624 3312 5682 Omnia
3340 5641 3462 5697 quae

1879 5741 1899 5774 ‹
1929 5721 2105 5778 locuta
2144 5737 2236 5788 es,
2281 5735 2411 5775 vera
2453 5727 2609 5787 sunt,
2654 5729 2710 5775 et
2749 5735 2857 5776 non
2899 5729 2984 5777 est
3021 5721 3076 5775 in
3118 5719 3464 5776 sermonibus

1880 5832 1901 5866 ‹
1930 5814 2038 5869 tuis
2077 5813 2188 5868 ulla
2228 5814 2602 5884 reprehensio.
2645 5811 2800 5870 Nunc
2838 5828 2968 5883 ergo
3005 5828 3104 5869 ora
3141 5827 3242 5884 pro
3266 5810 3460 5879 nobis,

1878 5920 1898 5957 ‹
1927 5902 2186 5976 quoniam
2211 5903 2405 5960 mulier
2432 5912 2621 5963 sancta
2643 5917 2705 5962 es
2730 5911 2788 5960 et
2806 5903 3001 5961 timens
3033 5903 3222 5959 Deum.
3256 5922 3275 5956 ι
3302 5900 3462 5957 Nulla
