3882 6492
819 507 1054 579 CAPUT
1083 505 1156 579 Χ.

189 605 390 670 Jtrt‘b‘tﬁ
407 601 524 689 putt
535 610 730 689 preces,
743 611 930 689 nidum
949 602 1270 689 ornamentis
1281 609 1634 689 jucunditatls
1653 621 1786 678 sum,

271 681 449 758 portis
474 681 700 740 stillam
725 685 1040 758 pergitng
1070 681 1412 758 Hotofer'nent
1441 697 1648 758 egressa
1676 691 1753 737 est
1769 723 1785 749 ,

268 753 420 880 gum,
457 765 697 826 suscepta
725 753 805 822 ’σὺ
821 753 1293 839 exploratoribus,
1331 755 1400 810 ad
1437 753 1786 838 ﬂotofemem

307 823 496 881 educta
517 836 614 880 est.
646 823 961 899 Holofernes
985 836 1291 884 sciscitatur
1316 825 1504 883 Iudith
1529 841 1690 898 quam
1717 823 1782 880 ob

270 843 496 881 aeaucta
517 843 614 880 est.
646 843 961 899 natamus:
985 843 1291 884 sciscitatur
1316 843 1504 883 unum
1529 843 1564 898 q

269 905 492 952 causam
514 899 730 953 sederit.

273 1008 292 1042 α
320 989 550 1046 Factum
584 996 671 1046 est
712 991 924 1060 autem,
965 1001 1090 1048 cum
1127 994 1398 1048 cessasSet
1438 987 1676 1046 clamare
1713 989 1784 1045 ad

189 1095 216 1131 ε
248 1071 566 1149 hominum,
610 1083 848 1138 surrexit
875 1082 941 1139 de
968 1078 1124 1150 loco,
1151 1083 1208 1138 in
1235 1071 1341 1154 quo
1377 1081 1625 1154 jacuerat
1657 1087 1782 1154 pro-

187 1182 214 1222 α
245 1174 418 1227 strata
447 1173 516 1228 ad
545 1167 870 1241 Dominum;
914 1175 1234 1246 vocavitque
1279 1175 1468 1231 abram
1508 1175 1694 1241 suam,
1725 1180 1782 1230 et

181 1270 208 1316 ι
241 1260 580 1322 descendens
601 1266 658 1321 in
680 1267 899 1323 domum
922 1276 1074 1322 snam
1094 1309 1108 1333 ,
1133 1261 1353 1324 abstulit
1374 1277 1404 1323 a‘
1425 1271 1488 1324 se
1505 1251 1742 1322 ciliciiiiii
1759 1308 1774 1334 ,

179 1365 204 1408 ι
241 1364 298 1410 ct
323 1355 474 1411 exuit
498 1372 556 1412 se
581 1355 920 1413 vestimentis
945 1357 1362 1413 viduitatissine
1380 1397 1396 1424 ,
1425 1355 1480 1413 et
1502 1356 1632 1412 lavit
1657 1357 1778 1412 eor-
1821 1399 1830 1406 .

178 1459 206 1498 ο
239 1451 343 1518 p'ns
367 1449 556 1514 suum,
587 1455 641 1505 et
670 1448 824 1504 unxit
851 1463 908 1506 se
931 1446 1156 1524 myrrho'
1179 1451 1402 1520 optimo,
1423 1454 1478 1506 et
1505 1451 1777 1506 discrimi-

175 1555 200 1590 ε
235 1541 386 1596 navit
410 1541 616 1596 crinem
643 1539 842 1614 capitis
863 1535 980 1609 sui,
1005 1549 1060 1598 et
1085 1541 1341 1614 imposuit
1367 1537 1586 1600 mitram
1613 1557 1777 1614 super

174 1648 200 1682 α
235 1630 402 1704 caput
442 1645 634 1701 suum;
668 1644 722 1690 et
753 1635 924 1692 induit
957 1647 1016 1690 se
1046 1631 1384 1693 vestimentis
1417 1635 1775 1707 iucunditatis

169 1739 194 1774 ι
229 1734 366 1780 suae.
395 1720 673 1796 lndnltque
699 1725 943 1782 sandalia
967 1725 1192 1800 pedibus
1216 1731 1350 1795 suis,
1372 1732 1772 1800 assumpsitqtte

168 1833 194 1866 ι
232 1812 556 1872 dextraliola
583 1825 638 1874 et
663 1805 801 1884 lilia,
829 1826 884 1874 et
913 1819 1132 1876 inaures
1157 1828 1213 1876 et
1237 1821 1487 1886 annulos,
1515 1829 1570 1876 et
1597 1820 1773 1876 omni-

166 1919 192 1958 ο
224 1901 334 1962 bus
357 1911 693 1966 ornamentis
713 1913 1064 1968 suis-ornavit
1087 1925 1163 1968 se.
1193 1909 1290 1969 Cui
1317 1915 1479 1969 etiam
1505 1913 1768 1972 Dominus
1794 1897 1843 1958 Β

163 2015 188 2050 σ
222 2001 459 2056 contulit
496 1998 840 2073 splendorem
864 2046 879 2072 ,
912 2006 1167 2076 quoniam
1198 2007 1378 2062 omnis
1404 2008 1509 2063 ista
1551 2019 1771 2079 compo-

161 2104 187 2145 ε
218 2095 355 2150 sitio
385 2098 492 2172 non
530 2093 594 2152 et
632 2089 874 2166 libidine,
902 2095 998 2154 sed
1034 2115 1101 2156 ex
1139 2101 1340 2156 virtute
1369 2095 1684 2172 pendebat;
1714 2109 1771 2156 et

159 2201 186 2238 ε
218 2179 356 2242 ideo
377 2171 644 2273 Domitius
664 2183 806 2246 hanc
833 2191 886 2246 in
919 2190 1018 2273 illa
1056 2171 1518 2262 pulchritudinem
1546 2186 1771 2263 a'mplia-

152 2295 178 2330 ι
211 2278 325 2336 vit.
358 2295 376 2334 ι
405 2269 548 2349 Quid
571 2285 656 2338 est
702 2277 850 2353 quod
875 2269 1059 2339 Iudith
1087 2293 1212 2356 post
1247 2287 1524 2354 peractam
1562 2281 1767 2341 oratio-

139 2383 295 2428 nem
319 2374 471 2429 exuit
496 2383 555 2430 se
584 2375 830 2431 vesﬁbus
851 2373 1174 2448 lugubribus
1197 2417 1212 2442 ,
1239 2373 1294 2432 et
1320 2377 1493 2432 induit
1521 2392 1579 2432 se
1605 2377 1768 2432 vesti-

138 2468 368 2524 mentis
387 2459 746 2540 Iucunditatis
767 2511 782 2535 ,
805 2469 913 2524 nisi
942 2469 1084 2538 quod
1111 2475 1298 2525 s‘a'ncta
1328 2469 1574 2526 Ecclesia
1594 2511 1610 2536 ,
1642 2471 1768 2526 licet
1795 2517 1804 2530 .

141 2557 223 2616 ali
241 2561 460 2632 quando
496 2569 598 2632 pro
633 2555 879 2632 peceatls
916 2559 1028 2616 suis
1065 2553 1400 2632 pmnitentiae
1441 2567 1594 2632 gerat
1631 2557 1763 2616 alle-

141 2659 348 2719 ctUm,
392 2651 573 2707 tamen
613 2664 708 2723 spe
751 2651 1090 2707 remissionis
1129 2657 1184 2708 et
1221 2649 1388 2707 futuri
1429 2651 1638 2723 praemii
1669 2667 1766 2706 an-

143 2743 317 2798 xium‘
352 2741 486 2798 satis
525 2733 795 2798 exhilardt
826 2743 1089 2798 animum.
1121 2736 1296 2798 Lavat
1323 2747 1524 2814 corpus
1567 2749 1760 2811 suum,

143 2848 283 2892 eum
310 2843 463 2892 actus
489 2836 734 2906 col-poris
761 2835 846 2893 sui
869 2837 1200 2908 ptenitentite
1225 2837 1482 2908 lacrymis
1509 2818 1756 2893 mundat.

143 2917 329 2984 Unxit
351 2931 410 2982 se
433 2913 655 2999 myrilro
695 2928 934 2998 optimo,
967 2942 1088 2983 cum
1121 2928 1176 2984 in
1204 2928 1436 3000 prop-nae
1462 2925 1760 2984 mortifica-

145 3020 307 3076 tione
349 3020 564 3088 carnis,
592 3019 875 3077 cbaritatis
918 3035 984 3078 ac
1025 3023 1350 3078 cteterarum‘
1389 3021 1658 3076 virtutum’
1697 3025 1758 3078 Se

141 3112 331 3185 replet
365 3113 553 3169 odo‘re.
598 3109 950 3169 Discrimin'at
989 3113 1200 3169 crin'em
1238 3109 1433 3184 capitis
1467 3111 1582 3180 sui,
1623 3107 1748 3168 cum

145 3203 347 3264 Solerti
395 3201 726 3262 discretiOne
771 3205 1009 3278 singulas
1055 3204 1418 3276 cogitationes
1467 3191 1753 3276 distinguit

143 3295 359 3358 cordis.
389 3285 626 3370 imponit
673 3251 895 3356 mitratn'
931 3251 1286 3370 capitifcu’m
1321 3299 1531 3371 galeam
1559 3251 1752 3355 salntls
1779 3251 1827 3334 α

143 3388 466 3452 circumdat
501 3375 913 3448 menti.'lnduit
947 3393 1112 3464 pedes
1148 3399 1276 3448 suos
1302 3389 1586 3458 Sandaliis,
1632 3395 1756 3448 cum

143 3489 380 3560 greSsu's
409 3486 638 3562 oper-um
665 3484 888 3546 suorum
913 3483 1240 3562 evangelieis
1265 3480 1441 3544 munit
1467 3477 1751 3546 doctrinis.

138 3578 398 3636 Assumit
419 3571 739 3637 dextrilibla
764 3587 818 3637 et
841 3580 952 3636 lilia
971 3622 986 3648 ,
1015 3589 1072 3637 et
1094 3581 1313 3636 inaures
1341 3572 1396 3636 et
1420 3579 1667 3636 annulos.
1695 3577 1754 3636 In

141 3669 492 3729 dextraliolis
509 3689 634 3745 spes
653 3665 962 3730 futurorum
983 3671 1252 3728 bonorum
1275 3661 1616 3744 exprimitur,
1633 3673 1754 3743 quae

141 3764 202 3820 in
234 3757 426 3820 dextra
451 3755 546 3821 D'ei
577 3766 782 3822 sanctis
810 3767 862 3821 in
891 3763 1076 3821 futuro
1105 3761 1321 3822 dantur.
1347 3754 1407 3820 In
1435 3764 1566 3820 liliis
1591 3760 1753 3820 casti-

139 3864 269 3923 tas,
301 3844 356 3912 in
395 3849 686 3914 inau'ribus
723 3849 1044 3914 obcdlentia:
1077 3852 1324 3926 devotio,
1367 3864 1423 3912 et
1461 3856 1512 3911 in
1551 3856 1750 3914 annulo

140 3937 492 4020 signaculum
519 3944 645 4006 fidei
671 3947 1007 4022 designatur.
1035 3937 1132 4007 llis
1154 3967 1285 4023 ergo
1311 3941 1564 4007 omnibus
1589 3947 1752 4006 orna-

139 4041 352 4098 mentis
388 4039 451 4098 se'
489 4042 676 4098 Sancta
707 4029 950 4098 Ecclesia
975 4041 1167 4110 ornat,
1195 4039 1322 4115 quia
1352 4041 1594 4098 omnium
1629 4039 1748 4096 'vir-

145 4131 327 4194 tutum
371 4131 568 4194 decore
610 4154 670 4194 se
697 4129 974 4195 illustrare
997 4137 1195 4194 certat.
1237 4133 1334 4195 Cui
1368 4135 1534 4194 etiam
1562 4133 1748 4195 Domi-

141 4245 251 4285 nus
273 4223 505 4285 COntulit
527 4227 868 4302 splendorem
898 4223 1086 4304 gratiae
1111 4248 1222 4288 sua:
1238 4273 1254 4299 ,
1281 4229 1538 4302 quoniam
1569 4229 1748 4288 omnis

143 4314 254 4376 ista
293 4313 619 4393 compositio
657 4321 767 4376 non'
803 4337 871 4376 ex
910 4313 1135 4377 libidine
1159 4322 1447 4394 praesentis
1472 4321 1625 4388 vitaz,
1653 4323 1748 4378 sed

143 4430 212 4470 ex
257 4409 462 4470 virtute
501 4409 775 4486 pendebat
812 4411 1016 4470 futura.
1055 4411 1122 4469 Et
1159 4410 1282 4470 ideo
1315 4397 1584 4471 Dominus
1603 4413 1747 4471 hanc

143 4503 201 4562 in
238 4497 334 4561 illa
373 4499 832 4578 pulchritudinem
874 4503 1196 4578 ampliavit,
1235 4516 1294 4562 ut
1331 4504 1743 4578 incomparabili

1297 381 1672 460 Exrosmo
1704 393 1775 457 IN
1813 379 2082 460 LIBRUM
2114 379 2382 462 “inriti.

3379 403 3486 474 866

1811 519 1864 580 Α
1887 525 2241 574 memoratur.
2279 509 2436 590 Sapo
2463 517 2614 574 enim
2639 517 2937 593 contingit,
2969 515 3030 578 ut
3065 523 3159 594 qui
3205 541 3260 581 in
3299 527 3479 586 scien-

1889 603 1963 666 tia
1993 611 2048 665 et
2075 607 2318 666 moribus
2341 610 2522 666 minus
2542 610 2818 682 perfectis,
2841 621 2894 668 et
2919 617 3268 685 praesentium
3299 635 3483 682 rerum

1887 709 2073 758 amore
2105 695 2340 774 quodam
2389 700 2550 758 modo
2603 701 2944 772 irretiun'tur,
2985 711 3342 770 sacramentis
3387 729 3483 773 ee-

1886 788 2204 852 elcsiasticis
2233 797 2656 864 commdnicent,
2680 805 2736 854 et
2773 790 2839 854 de
2879 785 3044 858 rebus
3077 801 3193 861 Suis
3225 805 3484 877 spiritali-

1883 889 1987 944 bus
2037 889 2308 960 mysteriis
2357 887 2689 956 deserviant,
2741 889 3058 964 solatiisque
3109 898 3484 968 corporalibus

1884 971 1991 1040 illis
2023 984 2418 1055 obsequantur,
2443 981 2539 1040 sed
2565 981 2750 1040 tamen
2791 973 2862 1039 ad
2903 985 3324 1046 renuntiandum
3365 1003 3482 1048 om-

1881 1069 2197 1146 nibus,qnaa
2218 1072 2520 1147 possident,
2549 1083 2606 1132 et
2633 1075 2946 1149 apostolicae
2967 1081 3322 1151 perfectionis
3348 1099 3478 1140 nor-

1879 1173 2024 1223 m'am
2083 1168 2371 1223 tenendam
2409 1167 2520 1224 no'n‘
2573 1170 2702 1225 sunt
2760 1169 2960 1226 idonei.
3018 1165 3171 1228 Unde
3219 1171 3372 1231 dives
3422 1175 3481 1232 in

1877 1249 2169 1334 Evang‘elio
2208 1263 2270 1317 s'e‘
2313 1269 2582 1334 praecepta
2626 1253 2722 1318 Dei
2776 1261 3080 1320 custodisse
3124 1255 3480 1337 Redemptori

1877 1354 2067 1408 nostro
2094 1351 2395 1424 respondit,
2417 1353 2513 1409 sed
2539 1357 2716 1410 tamen
2747 1351 2814 1409 ad
2838 1351 3228 1424 perfectionem
3245 1343 3480 1414 tendere

1875 1445 2110 1502 venditis
2135 1445 2385 1502 omnibus
2416 1443 2599 1512 rebus,
2628 1451 2682 1502 et
2709 1443 2851 1502 datis
2875 1445 3227 1520 pauperibus,
3245 1464 3479 1521 eumque

1876 1541 2027 1612 sequi
2049 1537 2206 1610 juxta
2229 1539 2346 1610 ejus
2370 1540 2576 1596 monita
2597 1556 2707 1596 non
2728 1541 3123 1598 consentiebat.
3148 1533 3336 1598 Portat
3357 1543 3478 1614 qui-

1875 1635 1998 1690 dem
2034 1635 2150 1690 haec
2180 1632 2333 1700 abra,
2364 1635 2469 1689 hoc
2507 1631 2610 1700 est,
2640 1633 2944 1689 carnalium
2996 1633 3188 1701 turba,
3227 1633 3476 1691 tradente

1873 1727 1977 1784 sibi
2026 1729 2213 1782 sancta
2257 1725 2500 1781 Ecclesia
2541 1731 2858 1797 ascoperam
2900 1723 3042 1792 vini,
3067 1733 3124 1780 et
3143 1741 3238 1780 vas
3263 1724 3392 1794 olei,
3417 1733 3474 1784 et

1872 1819 2170 1890 polentam,
2199 1822 2254 1874 et
2287 1834 2477 1890 panes,
2503 1834 2626 1874 cum
2651 1825 2994 1874 sacramenta
3031 1813 3216 1872 divina
3259 1817 3317 1874 in
3358 1815 3472 1874 fru-

1872 1921 2054 1969 mento
2083 1911 2318 1982 vinaque
2351 1911 2618 1978 confecta,
2653 1928 2850 1983 corpus
2879 1892 3132 1970 videlicet
3156 1921 3213 1970 et
3253 1913 3472 1987 sangui-

1872 2021 1998 2062 nem
2045 1995 2282 2072 Homini,
2310 2005 2366 2060 e't
2394 2005 2704 2060 chrismatis
2741 2005 3052 2061 unctionem
3085 2001 3470 2063 venerabiliter

1871 2097 2071 2155 servat.
2101 2095 2289 2153 Portat
2319 2097 2370 2152 et
2421 2094 2672 2168 palatinas
2723 2101 2779 2152 et
2831 2096 3051 2154 caseum
3091 2097 3329 2156 {caseus
3383 2105 3472 2155 est

1869 2189 1966 2266 lae
2015 2188 2390 2262 coagulatum,
2423 2206 2542 2261 quae
2589 2199 2820 2261 utraque
2878 2200 3106 2262 possunt
3157 2191 3214 2247 in
3261 2184 3368 2247 ﬁde
3413 2192 3472 2247 et

1869 2275 2160 2338 dilectione
2189 2281 2370 2336 cibum
2403 2281 2708 2354 significare
2733 2281 3060 2338 animarum.
3093 2273 3205 2339 Sed
3225 2281 3470 2339 h'aécom-

1870 2374 1958 2430 nia
2002 2365 2130 2430 abr'a
2159 2374 2226 2428 ad
2255 2389 2410 2428 suum
2455 2369 2666 2428 libitum
2713 2377 2945 2440 vertere,
2993 2371 3080 2430 vel
3121 2373 3342 2446 proprio
3389 2374 3469 2430 uti

1867 2470 2095 2526 arbitrio
2127 2486 2236 2525 non
2265 2469 2617 2538 permittitur,
2643 2469 2773 2540 quin
2801 2471 2984 2541 potius
3012 2486 3075 2526 ea
3118 2466 3188 2526 ad
3216 2487 3374 2527 usum
3411 2478 3470 2528 et

1867 2555 2328 2635 dispensationem
2351 2561 2581 2618 domina:
2612 2580 2724 2619 sua:
2745 2575 2967 2620 servare
3001 2559 3305 2623 ordinatur.
3329 2567 3466 2635 Quia

1858 2655 2068 2728 justum
2102 2649 2256 2710 valde
2285 2663 2389 2720 est,
2420 2661 2479 2708 ut
2509 2654 2601 2725 qui
2629 2655 2870 2710 nondum
2897 2657 3052 2712 novit
3093 2649 3466 2714 moderamina

1863 2743 1988 2803 vita:
2008 2764 2143 2814 suae,
2167 2763 2275 2801 non
2307 2745 2488 2803 subito
2515 2747 2612 2802 ﬁat
2641 2758 2820 2804 rector
2846 2748 2971 2804 vita:
2995 2748 3317 2818 alienaa,sed
3348 2766 3466 2808 ma-

1863 2839 1946 2912 gis
1976 2840 2054 2896 eis
2105 2840 2354 2896 subditus
2381 2837 2495 2898 liat.
2521 2837 2614 2899 aui
2654 2840 2764 2896 vita
2815 2839 2870 2897 et
2917 2841 3167 2900 doctrina
3220 2841 3464 2909 regulam

1864 2925 2052 2988 terient
2072 2922 2318 3001 iustitiae.
3429 3003 3431 3006 ⁴

1939 3044 1956 3077 ε
1992 3021 2217 3080 Factum
2251 3032 2334 3080 est
2374 3025 2580 3093 autem,
2621 3041 2745 3082 cum
2793 3023 3150 3086 descenderet
3193 3035 3459 3096 montem,

1867 3113 1892 3168 ι’
1919 3113 2064 3173 circa
2096 3113 2278 3172 ortum
2303 3114 2435 3184 diei,
2466 3125 2826 3173 occurrerunt
2850 3117 2898 3174 ei
2939 3119 3313 3190 exploratores
3351 3118 3459 3176 As-

1864 3227 1886 3262 ‹
1919 3209 2212 3282 syriorum,
2234 3218 2290 3266 et
2316 3218 2606 3266 tenuerunt
2628 3207 2750 3264 eam
2773 3199 3014 3266 dicentes
3056 3231 3068 3266 :
3108 3211 3265 3268 Unde
3284 3211 3456 3278 venis,

1866 3325 1885 3358 ι
1919 3302 2012 3362 aut
2033 3323 2140 3378 quo
2167 3299 2360 3363 vadis?
2379 3305 2511 3375 Quae
2535 3305 2816 3378 respondit
2836 3295 3012 3362 :Filia
3047 3322 3169 3363 sum
3193 3291 3454 3364 Hebraeo-

1863 3419 1883 3453 ι
1917 3415 2056 3466 rum,
2093 3395 2216 3456 ideo
2245 3415 2346 3472 ego
2379 3398 2492 3472 iugi
2537 3417 2568 3455 a
2604 3395 2744 3456 facie
2772 3415 2982 3468 eorum,
3015 3401 3274 3472 quoniam
3315 3399 3456 3458 futu-

1864 3510 1884 3544 ι
1927 3494 2048 3548 rum
2083 3490 2277 3564 agnovi
2304 3480 2448 3564 quod
2482 3481 2677 3548 dentur
2705 3489 2859 3548 vobis
2890 3491 2946 3547 in
2973 3493 3454 3564 deprmdationem,

1863 3605 1882 3637 ‹
1915 3600 2015 3656 pro
2045 3601 2111 3641 eo
2159 3567 2306 3656 quod
2348 3581 2759 3640 Contemnentes
2808 3600 2926 3652 vos,
2967 3583 3260 3641 noluerunt
3311 3583 3456 3642 ultro

1861 3695 1881 3729 ι
1917 3669 2132 3732 tradere
2157 3675 2498 3747 semetipsos,
2522 3683 2581 3730 ut
2606 3661 2910 3732 invenirent
2938 3677 3369 3734 miSericordiam
3398 3677 3454 3734 in

1860 3789 1879 3822 ι
1913 3777 2205 3842 conspectu
2253 3779 2456 3825 vestro.
2495 3788 2513 3820 ι
2551 3759 2654 3836 Qui
2706 3765 2832 3824 sunt
2869 3755 3243 3840 eXp‘loratores
3288 3770 3456 3844 Assy-

1853 3859 2082 3927 riorum,
2109 3860 2214 3916 nisi
2250 3855 2558 3932 philosophi
2589 3855 2892 3931 gentilium,
2917 3868 2974 3916 et
3006 3860 3206 3918 curiosi
3235 3871 3448 3919 scruta-

1857 3958 2000 4009 tores
2035 3940 2398 4008 liumanarum
2445 3937 2902 4022 disciplinarum?
2943 3947 3010 4006 Hi
3060 3951 3215 4024 quasi
3265 3945 3454 4009 Iudith

1851 4041 2096 4100 nostram
2123 4061 2154 4099 a
2183 4028 2385 4099 .ludmis
2417 4051 2785 4100 transeuntem
2837 4036 2905 4098 ad
2959 4051 3154 4114 gentes
3199 4057 3450 4114 compre-
3537 4115 3544 4122 ﬁ

1850 4123 2090 4192 bendere
2117 4131 2449 4201 nitebantur,
2483 4150 2606 4189 cum
2639 4133 3028 4205 praedicatores
3051 4131 3329 4208 Evangelii
3360 4142 3447 4212 re—

1809 4231 1814 4242 '
1849 4216 2157 4296 linquentes
2182 4226 2252 4280 ob
2278 4223 2562 4296 perfidiam
2589 4219 2828 4292 Iudaeos,
2855 4233 2911 4280 et
2941 4225 3010 4280 ad
3038 4223 3284 4298 gentium
3309 4223 3450 4296 prte-

1849 4310 2176 4374 dicationem
2201 4323 2560 4388 properantes
2585 4313 2700 4373 suis
2735 4307 3082 4390 dogmatibus
3125 4317 3346 4399 vincere
3391 4327 3448 4399 et

1847 4412 2110 4484 superare
2143 4399 2501 4479 conabantur,
2521 4421 2658 4482 quos
2678 4405 2748 4467 ad
2769 4411 3180 4468 tabernaculum
3201 4395 3446 4496 Holofer-

1848 4505 1934 4564 nis
1967 4505 2258 4575 ducebant,
2285 4521 2407 4562 cum
2454 4501 2790 4578 principibus
2817 4505 3058 4577 gentium
3096 4503 3253 4578 quasi
3277 4503 3447 4582 obno-

145 4591 348 4656 decore
375 4601 618 4692 omnium
647 4599 818 4656 oculis
841 4599 1153 4692 appareret.
1184 4597 1323 4688 Quid
1353 4591 1508 4657 valde
1530 4597 1738 4671 justum
1767 4621 1821 4692 ι)
1847 4601 1967 4659 xios
1993 4591 2298 4656 tradebant.
2331 4595 2441 4654 Sed
2463 4591 2808 4673 considerata
2835 4596 3153 4653 sinceritate
3169 4584 3450 4668 religionis

143 4687 230 4746 est
249 4732 266 4757 ,
313 4691 372 4745 ut
414 4687 510 4762 qui
549 4679 854 4747 dilectionis
895 4681 1150 4764 perteue-3
1191 4679 1288 4750 Dei
1319 4685 1494 4750 fervet
1523 4693 1738 4762 amore,
1769 4679 1816 4692 ”
1845 4693 2088 4766 ipsorum
2111 4683 2361 4762 protinus
2387 4705 2416 4743 a
2439 4685 2674 4744 vinculis
2699 4687 2978 4745 absolutos
3007 4687 3060 4744 in
3101 4685 3264 4744 domo
3303 4687 3450 4758 prin-

145 4785 396 4841 omnium
421 4783 618 4857 dignus
642 4779 912 4842 habeatur
937 4768 1166 4844 honore.

1844 4765 2007 4856 cipis,
2034 4765 2139 4838 ltoc
2181 4787 2282 4846 est,
2316 4781 2417 4837 Sub
2459 4777 2830 4837 dominatione
2880 4779 3224 4837 saecularium
3273 4779 3446 4838 libere

225 4897 245 4929 «
284 4877 546 4948 Imposuit
585 4877 769 4948 itaque
815 4877 964 4935 abrze
1008 4895 1120 4936 sua:
1163 4895 1479 4951 ascoperam
1523 4881 1656 4948 vini,
1689 4889 1744 4937 et
1841 4879 2167 4950 permanere
2193 4871 2580 4946 permiserunt.
2613 4868 2766 4930 Unde
2803 4869 2859 4928 in
2897 4872 3123 4930 Actibus
3163 4872 3439 4944 apostolo-

153 4979 174 5020 ι
208 4971 311 5024 vas
334 4964 466 5036 diei,
491 4967 546 5026 et
573 4971 848 5042 polentam
883 4973 939 5028 et
963 4969 1232 5043 palathas,
1258 4981 1313 5029 et
1338 4981 1528 5044 partes,
1551 4979 1605 5029 et
1652 4979 1743 5030 ca-

153 5076 173 5109 ε
213 5055 390 5125 senn'i,
429 5055 484 5116 et
510 5053 751 5131 profecta
779 5069 882 5118 est.
929 5082 950 5114 ι
986 5063 1127 5130 Quid
1155 5069 1239 5118 est
1266 5059 1410 5134 quod
1441 5057 1626 5118 Iudith
1675 5066 1740 5120 ad

149 5165 380 5235 agonem
405 5167 728 5224 processura
763 5155 910 5210 abrte
949 5171 1063 5210 suae
1110 5155 1367 5226 imposuit
1413 5157 1482 5211 ad
1523 5166 1740 5226 portan-

148 5241 280 5298 dum
318 5259 381 5300 ea
425 5243 544 5315 q‘u'te
599 5245 655 5301 in
699 5245 788 5300 via
831 5241 936 5302 sibi
992 5237 1214 5300 fuerunt
1257 5247 1586 5316 necessaria,
1635 5248 1738 5303 nisi

151 5330 298 5411 quod
325 5349 512 5397 sancta
543 5327 786 5398 Ecclesia
816 5341 871 5398 in
899 5341 1075 5398 stadio
1113 5343 1272 5398 iStius
1295 5339 1481 5400 mundi
1527 5353 1741 5401 certare

149 5431 338 5489 contra
363 5419 574 5492 hostem
600 5449 915 5506 properans,
934 5421 1292 5506 quorumdam
1315 5435 1613 5498 carnalium
1641 5429 1739 5494 ad-

153 5535 340 5582 verSus
367 5513 552 5583 liostes
579 5523 708 5584 suos
733 5525 987 5598 praesenti
1017 5527 1186 5582 utitu‘r
1209 5522 1533 5594 ministerio,
1569 5527 1662 5601 qui
1695 5529 1740 5586 si

153 5611 385 5672 ﬁdeliter
409 5615 540 5674 illud
571 5619 901 5691 peregerinl,
929 5625 1181 5689 poterunt
1202 5617 1278 5675 ad'
1295 5635 1480 5675 veram
1516 5618 1738 5678 liberta-

155 5703 262 5762 tetn'
287 5703 584 5780 pervenire,
620 5709 694 5766 ita
725 5707 782 5765 ut
815 5711 1122 5768 conteredes
1143 5719 1200 5767 et
1227 5711 1521 5784 participes
1545 5711 1740 5769 futura:

153 5798 511 5868 possessionis
550 5797 873 5870 elIiciantur,
902 5802 1042 5858 sicut
1079 5809 1377 5859 memorata
1400 5801 1530 5859 abra
1556 5804 1608 5859 in
1633 5803 1739 5859 line

159 5881 312 5951 istius
333 5889 460 5952 libri
487 5888 659 5952 libera
689 5910 719 5952 a
745 5889 964 5952 domina
991 5911 1089 5952 sua
1114 5889 1302 5952 Iudith
1324 5890 1546 5954 dimissa
1589 5911 1739 5956 com-

1844 4970 1966 5024 rum
1993 4963 2190 5040 legitur
2218 4965 2417 5022 Paulus
2442 4965 2587 5038 apud
2621 4962 2864 5024 Athenas
2889 4981 3234 5022 commorans
3259 4965 3444 5038 dispu—

1846 5065 1991 5118 tasse
2017 5071 2180 5132 atque
2215 5061 2537 5118 disseruisse
2563 5059 2630 5116 de
2653 5045 2782 5117 .lesu
2806 5070 2863 5116 et
2891 5058 3296 5116 resurrectione
3317 5073 3441 5115 cum

1849 5147 2144 5226 Epicurzeis
2184 5163 2239 5211 et
2287 5153 2489 5211 Stoicis
2530 5155 2885 5226 philosophis,
2918 5168 3079 5226 quem
3121 5168 3247 5210 cum
3289 5153 3431 5210 audi-

1847 5245 1968 5302 rent
1997 5247 2061 5302 de
2086 5243 2154 5304 iis
2181 5245 2552 5314 annuntiasse,
2577 5242 2980 5319 apprehensum
3010 5259 3136 5300 eum
3169 5241 3238 5302 ad
3270 5243 3442 5301 Areo-

1845 5356 2044 5413 pagum
2074 5341 2346 5396 duxerunt
2373 5335 2666 5396 dicentes:
2710 5358 2732 5392 ε
2785 5337 3081 5396 Possumus
3122 5339 3264 5397 scire
3317 5356 3439 5413 quae

1845 5431 1921 5488 sit
1944 5421 2061 5488 haec
2083 5447 2244 5499 nova,
2268 5448 2390 5504 quae
2416 5449 2448 5486 a
2479 5441 2532 5487 te
2558 5427 2780 5501 dicitur,
2803 5426 3095 5488 doctrina?
3113 5445 3254 5487 nova
3291 5431 3438 5487 enim

1847 5527 2094 5600 quaedam
2121 5523 2288 5582 infers
2323 5524 2550 5581 auribus
2574 5523 2810 5591 nostris;
2847 5521 3098 5581 volumus
3126 5538 3257 5596 ergo
3293 5521 3437 5579 scire

1845 5615 2106 5692 quidnam
2131 5618 2297 5674 velint
2322 5619 2438 5674 haec
2461 5634 2600 5674 esse.
2635 5638 2656 5673 ι
2693 5603 2900 5688 Quibus
2940 5635 3066 5676 cum
3107 5612 3437 5674 manifestis-

1842 5711 1982 5767 sima
2009 5709 2255 5766 oratione
2291 5702 2452 5767 fidem
2486 5711 2582 5768 Dei
2607 5713 2969 5786 exposuisset,
3000 5711 3220 5784 quidam
3241 5724 3310 5766 ex
3353 5707 3435 5763 eis

1841 5801 2146 5861 irridebant
2170 5811 2317 5870 eum,
2342 5805 2562 5877 quidam
2591 5823 2721 5863 vero
2748 5807 2852 5862 viri
2873 5802 3214 5862 adhaerentes
3240 5799 3290 5856 ei
3315 5811 3434 5854 cre-

1841 5896 2118 5967 diderunt,
2146 5899 2200 5954 in
2251 5899 2448 5972 quibus
2493 5887 2614 5957 erat
2655 5911 2713 5958 et
2752 5899 3040 5973 Dionysius
3081 5884 3429 5968 Areopagiia.
