3882 6504
1322 245 1342 276 Ι

127 418 281 477 569
1256 409 1620 469 EXPOSITIO
1657 411 1726 467 IN
1763 408 2025 468 LIBRUM
2065 408 2334 468 JUDITII.
3353 415 3458 471 570

147 559 180 588 ι
245 544 461 591 tantur.
498 532 740 602 Denique
780 532 883 588 hoc
911 531 1184 599 ordinant,
1216 540 1279 587 ut
1310 531 1641 588 interficiant
1668 548 1760 601 pe-
1788 536 1841 596 Α
1865 532 2255 602 proximorum,
2308 546 2410 587 nec
2461 502 2842 590 defunctorum
2897 533 3205 602 multitudo,
3243 551 3343 592 nec
3380 540 3463 594 vi-

152 649 188 681 ‹
240 645 382 687 cora
413 643 528 692 sua,
563 635 618 682 et
640 627 830 683 bibant
856 627 1173 698 sanguinem
1210 626 1426 682 illorum
1452 643 1467 694 ;
1497 635 1555 682 et
1582 634 1770 681 sancta

153 741 188 773 ι
246 721 471 777 Domini
502 720 597 776 Dei
633 720 738 786 sui,
764 735 884 790 qua:
910 720 1168 790 praecepit
1193 719 1334 774 Deus
1361 735 1468 774 non
1502 719 1768 790 contingi,

158 830 194 862 α
253 803 642 877 ἰιιγιύἰηθηῑο,
685 809 812 864 vino
834 817 891 864 et
919 809 1059 876 oleo,
1104 810 1222 865 haec
1247 809 1628 881 cogitaverunt
1672 808 1774 862 im-

107 923 114 925 »
157 923 191 954 ‹
246 903 515 974 pendere,
545 910 600 956 et
638 900 826 956 volunt
871 915 1192 956 consumere
1223 917 1344 972 quae
1371 916 1472 956 nec
1519 900 1770 956 manibus

159 1017 190 1048 α
244 997 514 1052 deberent
538 995 869 1066 contingere.
895 993 1037 1064 Ergo
1084 993 1338 1062 quoniam
1379 993 1495 1048 hate
1545 993 1771 1060 faciunt,

164 1106 200 1139 ς
257 1097 475 1143 certum
502 1096 586 1142 est
610 1086 754 1156 quod
794 1086 856 1141 in'
886 1086 1242 1156 perditionem
1293 1086 1584 1142 dabuntur.
1618 1085 1773 1154 Quod

165 1201 194 1234 ς
250 1195 358 1252 ego
381 1179 573 1235 ancilla
608 1186 701 1233 tua
749 1194 1079 1250 cognoscens
1125 1178 1237 1252 fugi
1265 1179 1334 1234 ab
1370 1179 1497 1245 illis,
1536 1191 1592 1235 et
1621 1179 1773 1235 misit

157 1296 186 1326 ‹
249 1290 345 1329 me
379 1273 637 1329 Dominus
679 1272 796 1328 haec
826 1272 939 1342 ipsa
964 1274 1218 1328 nuntiare
1270 1272 1389 1330 tibi.
1435 1293 1454 1326 ι
1496 1273 1769 1344 Scriptum

153 1377 266 1421 est
333 1367 482 1422 enim
533 1365 590 1420 in
625 1365 994 1420 ecclesiastica
1030 1365 1277 1432 historia,
1336 1366 1481 1436 quod
1536 1365 1773 1421 instante

160 1469 433 1529 tempore
455 1458 778 1514 vastationis
804 1457 1258 1530 Jcrosolymorum
1293 1457 1520 1528 apostoli
1552 1457 1773 1528 quidam

162 1553 340 1619 prius
365 1549 432 1605 ab
458 1550 564 1606 illis
592 1550 763 1623 fugati
791 1564 888 1621 per
912 1567 1127 1607 omnem
1169 1551 1346 1606 locum
1382 1550 1613 1621 dispersi
1646 1565 1774 1621 per-

159 1649 384 1711 gerent
405 1642 459 1696 in
482 1643 685 1698 virtute
711 1642 932 1710 Christi,
960 1643 1051 1713 qui
1081 1643 1163 1698 eis
1185 1653 1518 1714 praeceperat
1539 1643 1727 1698 dicens
1755 1659 1769 1697 :

164 1752 187 1781 ‹
242 1733 454 1788 Euntes
484 1735 753 1804 baptizate
797 1749 984 1790 omnes
1007 1743 1196 1806 gentes
1232 1735 1288 1789 in
1331 1734 1553 1791 nomine
1595 1732 1774 1790 Patris

157 1835 232 1880 et
251 1826 376 1881 Filii
399 1835 454 1882 et
475 1827 708 1897 Spiritus
735 1830 926 1884 sancti.
951 1850 968 1880 ι
987 1830 1231 1886 Ecclesia
1251 1847 1401 1898 vero,
1423 1847 1544 1902 quae
1564 1831 1618 1886 in
1641 1830 1772 1887 Hie-

1875 623 2016 678 rium
2049 623 2298 678 debilitas
2322 623 2695 694 permittebat,
2729 625 2981 680 similiter
3015 640 3117 695 pro
3148 643 3260 683 suae
3295 645 3462 686 unus-

1871 718 2101 788 quisque
2145 717 2270 773 vitte
2316 718 2524 774 incerto
2569 718 2800 789 denique
2845 719 3107 790 aliquanti
3147 737 3335 792 ,supra
3367 736 3462 779 eos

1871 826 2007 882 quos
2045 810 2397 881 sepeliebant,
2427 812 2636 867 animas
2663 812 2915 868 emisere.
2945 811 3096 869 Multi
3138 815 3303 870 etiam
3333 816 3462 871 dum

1871 912 2273 976 persequuntur
2302 904 2516 969 funera,
2569 905 2886 974 priusquam
2910 904 2979 960 ad
3001 905 3311 976 sepulcrum
3338 921 3463 977 per-

1871 997 2139 1063 venirent,
2193 995 2448 1054 efﬂabant
2485 998 2754 1068 spiritum.
2816 996 2925 1053 Sed
2969 1011 3073 1054 nec
3110 999 3362 1069 planctus
3392 1015 3460 1055 ex

1873 1107 2026 1147 more
2079 1090 2348 1147 defunctis
2385 1091 2787 1158 exhibebatur,
2824 1099 2916 1145 aut
2966 1091 3168 1158 luctus,
3203 1092 3329 1162 quia
3359 1093 3464 1149 hoc

1873 1190 2048 1238 totum
2102 1183 2205 1238 sibi
2257 1183 2625 1238 vindicaverat
2685 1181 2889 1248 fames;
2944 1183 3041 1238 sed
3089 1197 3191 1239 nec
3227 1183 3458 1239 ariditas

1873 1275 2065 1330 inediae
2111 1276 2392 1330 humorem
2429 1275 2680 1344 cuiquam
2731 1275 3027 1344 reliquerat
3074 1275 3459 1346 lacrymarum.

1873 1356 2210 1422 Obsederant
2230 1367 2502 1422 civitatem
2523 1365 2790 1436 profunda
2814 1366 3050 1433 Silentia,
3074 1376 3130 1422 et
3165 1382 3272 1421 nox
3299 1368 3455 1437 plena

1873 1460 2063 1516 mortis
2089 1468 2284 1515 cuncta
2322 1468 2658 1525 contexerat,
2687 1461 2742 1514 in
2769 1459 2966 1530 quibus
3009 1458 3168 1514 malis
3213 1459 3464 1513 omnibus

1873 1551 1975 1608 soli
2021 1552 2297 1623 graviores
2345 1552 2601 1622 vigebant
2625 1553 2929 1622 praedones,
2958 1555 3051 1622 qui
3079 1567 3181 1606 nec
3217 1551 3462 1621 sepulcra

1874 1643 2091 1714 quidem
2139 1641 2374 1711 diripere
2408 1651 2463 1696 et
2498 1641 2732 1711 spoliare
2781 1642 3045 1698 cadavera
3084 1641 3330 1695 illicitum
3369 1641 3464 1693 du-

1875 1737 2091 1802 cebant,
2124 1750 2230 1789 non
2257 1743 2365 1788 tam
2391 1734 2628 1805 praedam
2657 1742 2926 1806 petentes,
2950 1749 3116 1805 quam
3144 1733 3318 1788 scelus
3343 1732 3466 1786 irri-

1875 1830 2026 1886 sione
2057 1829 2393 1885 cumulantes
2429 1837 2483 1885 et
2508 1830 2678 1885 aciem
2711 1830 3012 1900 gladiorum
3050 1844 3269 1884 suorum
3294 1830 3349 1883 in
3373 1844 3464 1884 ea-

158 1918 473 1990 rosolymis
501 1918 680 1975 fuerat
704 1930 1052 1993 congregata,
1076 1938 1336 1994 responso
1356 1939 1387 1978 a
1416 1923 1527 1979 Deo
1549 1932 1772 1994 accepto
1798 1912 1846 1972 Β
1873 1924 2132 1980 daverum
2165 1924 2505 1979 truncatione
2535 1925 2847 1994 probantes.

158 2009 456 2077 emigrare
477 2009 722 2079 jubetur,
746 2020 801 2066 et
835 2013 1072 2068 transire
1106 2015 1174 2069 ad
1213 2015 1468 2086 oppidum
1499 2015 1769 2086 quoddam

159 2099 390 2155 Pellam
421 2102 639 2158 nomine
664 2111 816 2159 trans
839 2102 1132 2160 Jordanem
1158 2123 1172 2173 ;
1208 2122 1315 2176 quo
1354 2106 1548 2162 ablatis
1581 2122 1647 2162 ex
1675 2123 1772 2161 ur-

159 2193 248 2248 be
280 2194 483 2249 sanctis
513 2195 647 2251 viris
681 2204 736 2251 et
754 2194 941 2265 justis,
969 2197 1222 2253 vindictae
1270 2197 1479 2254 cmlesti
1507 2197 1660 2253 fieret
1688 2198 1767 2252 lo-

162 2301 284 2340 cus
313 2295 420 2341 tam
445 2287 512 2342 de
566 2288 703 2344 urbe
741 2288 1028 2360 sacrilega,
1063 2303 1224 2358 quam
1277 2288 1345 2343 de
1375 2288 1574 2359 populo
1604 2287 1772 2358 impio

163 2393 283 2448 per
302 2379 572 2434 excidium
598 2380 895 2451 patriaeque
909 2382 1243 2437 eversionem
1262 2382 1555 2436 sumendae.
1584 2379 1771 2448 Quan-

164 2473 252 2527 tis
281 2488 411 2543 ergo
442 2473 599 2528 malis
654 2489 784 2546 gens
835 2483 961 2530 tunc
1012 2475 1265 2530 universa
1313 2474 1558 2541 multata,
1609 2483 1772 2544 atque

163 2563 302 2632 ipsa
337 2561 487 2620 Iudae
518 2572 662 2620 terra
685 2565 848 2631 bello,
878 2564 1042 2631 fame,
1082 2566 1192 2636 igni
1213 2565 1562 2636 caedibusque
1585 2574 1770 2621 vast-a-

169 2667 236 2710 la
311 2658 422 2724 sit;
465 2667 667 2728 quanta
726 2659 1047 2731 populorum
1110 2660 1296 2728 millia,
1333 2670 1517 2731 patres
1562 2660 1771 2716 scilicet

164 2766 310 2806 cum
341 2752 659 2824 conjugibus
709 2768 773 2808 ac
805 2753 1048 2824 parvulis
1074 2753 1261 2810 liberis
1306 2753 1512 2822 absque
1541 2768 1769 2808 numero

165 2852 235 2898 et
262 2842 465 2914 absque
503 2843 829 2899 discretione
866 2843 1123 2899 trucidati
1174 2844 1303 2910 sint,
1349 2859 1468 2913 qua:
1494 2844 1659 2898 etiam
1690 2844 1770 2899 di-

169 2951 465 2990 versarum
503 2937 723 2992 urbium
754 2935 1088 3001 obsidiones,
1135 2935 1230 2990 sed
1275 2943 1331 2990 et
1377 2936 1530 2992 urbis
1555 2935 1768 3006 magni-

168 3031 301 3084 ficae
330 3038 384 3083 et
410 3028 784 3086 famosissimas
806 3029 1044 3102 civitatis
1065 3028 1365 3085 Jerusalem
1388 3038 1588 3099 quanta
1609 3029 1772 3084 vasti-

171 3127 271 3174 tas
315 3127 370 3174 et
392 3128 596 3190 quanta
638 3118 804 3176 fuerit
841 3120 1182 3175 diversorum
1227 3120 1495 3174 montium
1536 3126 1766 3191 strages,

171 3216 373 3285 quisve
405 3231 505 3286 per
527 3217 644 3272 haec
670 3215 879 3289 singula
921 3216 1188 3273 bellorum
1229 3218 1502 3272 exstiterit
1548 3219 1761 3284 modus,

1949 2037 1968 2069 ‹
2013 2018 2340 2074 Placuerunt
2370 2027 2552 2072 autem
2583 2019 2765 2073 omnia
2791 2019 2956 2073 verba
2988 2019 3104 2074 haec
3147 2033 3330 2073 coram
3354 2016 3463 2071 Ho-

1878 2130 1895 2163 ‹
1937 2099 2141 2166 loferne
2185 2119 2240 2165 et
2293 2125 2478 2166 coram
2519 2111 2703 2180 pueris
2753 2111 2892 2180 ejus,
2931 2117 2986 2166 et
3029 2109 3366 2164 mirabantur
3393 2107 3462 2162 ad

1878 2222 1896 2255 ι
1941 2203 2260 2272 sapientiam
2313 2203 2452 2272 ejus,
2488 2210 2544 2257 et
2593 2203 2843 2257 dicebant
2909 2201 3046 2256 alter
3067 2201 3135 2256 ad
3185 2201 3456 2256 alterum:

1876 2314 1896 2347 ‹
1940 2295 2056 2350 Non
2091 2303 2170 2349 est
2202 2295 2326 2349 talis
2368 2294 2562 2349 mulier
2606 2309 2770 2366 super
2803 2302 3003 2348 terram
3042 2293 3097 2347 in
3120 2301 3360 2363 aspectu,
3405 2291 3461 2346 in

1876 2407 1895 2441 ι
1937 2387 2336 2458 pulchritudine
2364 2395 2419 2440 et
2473 2386 2527 2440 in
2565 2401 2727 2441 sensu
2761 2385 3072 2440 verborum.
3121 2383 3188 2439 Et
3223 2383 3363 2438 dixit
3391 2382 3461 2438 ad

1876 2497 1895 2531 ‹
1937 2477 2082 2532 illam
2129 2477 2494 2532 Holof’crnes:
2559 2475 2836 2533 Benefecit
2890 2477 3055 2541 Deus,
3106 2476 3200 2546 qui
3227 2474 3376 2529 misit
3405 2482 3461 2528 te

1876 2589 1895 2622 ‹
1933 2578 2057 2625 ante
2079 2570 2354 2641 populum,
2387 2579 2444 2624 ut
2476 2571 2569 2626 des
2601 2569 2752 2624 illum
2785 2578 2842 2624 tu
2872 2569 2928 2624 in
2953 2569 3206 2624 manibus
3228 2567 3455 2633 nostris,

1875 2683 1894 2716 ‹
1938 2672 1992 2718 et
2041 2664 2298 2734 quoniam
2357 2664 2498 2718 bona
2550 2671 2636 2718 est
2668 2661 2960 2733 promissio
3013 2669 3126 2728 tua,
3168 2661 3214 2716 si
3256 2660 3456 2716 fecerit

1875 2775 1894 2807 ‹
1941 2755 2071 2809 mihi
2095 2755 2199 2810 hoc
2235 2754 2379 2809 Deus
2434 2761 2578 2820 tuus,
2617 2755 2723 2809 erit
2752 2763 2808 2809 et
2840 2769 2994 2809 meus
3019 2753 3181 2809 Deus.
3219 2772 3238 2805 ι
3272 2751 3458 2806 Prima

1869 2845 1970 2902 fuit
2026 2847 2112 2901 via
2162 2846 2350 2902 salutis
2385 2846 2636 2917 gentibus
2684 2846 2967 2902 ministros
3012 2844 3164 2900 verbi
3211 2844 3308 2899 Dei
3361 2851 3456 2899 aut

1868 2939 2257 3010 praedicatores
2285 2940 2560 3012 Evangelii
2593 2947 2872 3011 gratanter
2895 2937 3164 3009 recipere,
3195 2943 3248 2991 et
3269 2951 3458 2990 eorum

1869 3033 2029 3089 dictis
2053 3033 2208 3088 fidem
2240 3035 2505 3104 praebere,
2529 3034 2714 3103 sicque
2740 3033 3002 3103 paulatim
3020 3047 3120 3103 per
3146 3046 3332 3086 eorum
3364 3031 3462 3085 do-

1871 3127 2106 3181 ctrinam
2157 3126 2224 3181 ad
2275 3126 2606 3198 agnitionem
2651 3126 2902 3181 veritatis
2946 3125 3252 3195 pervenire.
3304 3123 3458 3179 Unde

1870 3217 2131 3274 Dominus
2181 3218 2238 3272 in
2266 3217 2558 3289 Evangelio
2596 3217 2874 3286 discipulis
2927 3217 3040 3273 suis
3075 3216 3334 3287 praecepit
3373 3215 3455 3270 di-

171 3283 240 3361 et
261 3316 318 3361 ut
337 3283 630 3363 secundum
668 3309 720 3363 id
748 3283 891 3380 quod
925 3310 1204 3381 pr0phette
1225 3310 1609 3379 praedixerant,
1637 3283 1769 3364 abo-
1793 3283 1838 3346 Ο
1871 3324 1999 3366 cens
2033 3330 2043 3362 τ
2083 3330 2102 3362 ‹
2135 3309 2193 3364 In
2226 3283 2607 3380 quamcunque
2629 3283 2906 3365 civi—tatem
2930 3317 3024 3363 aut
3063 3283 3349 3363 castellum
3374 3307 3457 3361 in-

175 3403 413 3458 minatio
457 3404 802 3460 desolationis
836 3405 892 3460 in
916 3407 1032 3478 ipso
1064 3406 1336 3476 quondam
1390 3405 1485 3460 Dei
1519 3405 1767 3461 famosis-

179 3493 330 3548 simo
358 3494 620 3551 collocata
639 3497 710 3551 sit
741 3497 956 3567 templo,
986 3505 1153 3567 utque
1185 3498 1253 3552 ad
1291 3497 1542 3552 ultimum
1571 3506 1766 3553 cuncta

174 3585 330 3655 ignis
349 3586 635 3656 populatus
659 3589 751 3654 sit,
784 3596 838 3643 et
866 3587 1078 3643 flamma
1099 3590 1535 3659 consumpserit;
1569 3590 1616 3644 si
1643 3591 1766 3661 quis

175 3678 395 3749 plenius
421 3694 583 3734 nosse
615 3680 729 3735 vult
780 3681 1034 3736 historias
1079 3679 1301 3752 Iosephi
1347 3681 1618 3737 consulat.
1655 3681 1765 3739 Nos

176 3785 314 3824 vero
338 3785 407 3824 ex
443 3771 530 3826 his
559 3787 623 3827 ea
665 3779 893 3838 tantum,
926 3788 1046 3844 quae
1071 3775 1138 3829 ad
1185 3775 1618 3846 eXplanationem
1653 3791 1766 3832 caa-

178 3861 263 3931 pti
297 3861 475 3930 operis
519 3862 814 3929 sufﬁciunt,
867 3879 1228 3921 assumemus.
1274 3865 1341 3920 Et
1371 3866 1424 3920 in
1453 3867 1648 3936 quibus
1679 3881 1768 3922 re-

179 3953 377 4020 fertur,
424 3957 568 4026 quod
623 3973 690 4012 ex
717 3959 863 4013 omni
900 3957 1082 4014 Iudaea
1109 3959 1291 4029 populi
1328 3960 1383 4014 in
1414 3960 1500 4015 die
1535 3959 1765 4016 solemni

176 4045 405 4101 Paschm
449 4045 838 4120 Jerosolymam
880 4049 1024 4103 velut
1077 4049 1283 4103 exitiali
1318 4051 1552 4120 quadam
1599 4063 1764 4104 manu

177 4147 408 4208 cogente
428 4149 814 4206 convenerant,
846 4156 982 4210 quos
1015 4141 1197 4196 tricies
1220 4151 1446 4196 centena
1471 4141 1639 4196 millia
1663 4141 1762 4196 ho-

179 4233 388 4286 minum
419 4231 550 4288 dicit
583 4232 768 4298 fuisse,
802 4230 948 4300 justo
1002 4233 1210 4288 scilicet
1239 4233 1335 4288 Dei
1357 4232 1586 4302 judicio,
1628 4241 1765 4287 tem-

178 4338 316 4394 pore
344 4323 447 4378 hoc
485 4322 704 4376 ultionis
727 4323 898 4378 electo
923 4341 936 4387 ;
969 4331 1030 4377 ut
1054 4323 1310 4393 quoniam
1346 4324 1402 4377 in
1432 4324 1623 4379 diebus
1653 4323 1761 4377 Pa-

179 4414 328 4469 schze
351 4413 686 4468 Salvatorem
708 4423 763 4469 et
785 4413 1024 4468 salutare
1047 4413 1321 4470 Christum
1343 4415 1556 4470 Domini
1574 4429 1765 4470 eruen-

180 4507 258 4562 tis
290 4506 538 4562 mauibus
563 4515 619 4561 et
656 4505 934 4576 sacrilegis
960 4506 1185 4563 vocibus
1213 4506 1564 4571 violaverant,
1618 4506 1674 4560 in
1701 4506 1764 4560 il-

179 4601 248 4657 lis
281 4601 464 4657 diebus
493 4601 644 4657 velut
671 4601 728 4656 in
766 4616 932 4655 unum
973 4615 1248 4657 carcerem
1273 4600 1452 4656 omnis
1475 4599 1760 4655 multitudo

179 4693 453 4758 conclusa,
498 4692 683 4749 feralis
732 4706 907 4764 poena:
963 4693 1188 4749 exitium
1248 4693 1392 4762 quod
1447 4691 1760 4747 merebatur

178 4787 471 4856 exciperet.
508 4784 706 4840 Narrat
734 4785 950 4855 quidem
1002 4774 1221 4856 propter
1242 4785 1358 4840 haec
1384 4785 1676 4840 historicus
1702 4785 1757 4838 in

178 4877 368 4948 quinto
405 4877 766 4932 Historiarum
806 4893 1026 4931 suarum
1075 4878 1234 4943 libro,
1267 4887 1531 4946 Quantam
1556 4876 1755 4932 famem

182 4980 544 5042 quantamque
575 4971 872 5042 perniciem
919 4971 1198 5025 seditionis
1250 4969 1558 5024 Iudaeorum
1603 4985 1754 5040 gens,

183 5046 468 5133 antequam
489 5063 619 5118 urbs
641 5071 948 5132 caperetur,
992 5061 1308 5131 pertulerat.
1340 5061 1416 5114 ita
1444 5068 1505 5115 ut
1539 5075 1568 5112 a
1596 5061 1758 5114 mise-

186 5159 258 5213 ris
288 5158 463 5212 omnis
489 5172 614 5228 spes
661 5155 1045 5211 excluderetur
1086 5154 1297 5219 salutis,
1327 5164 1382 5208 et
1415 5153 1756 5210 invalescens

184 5251 448 5306 acerbitas
461 5250 622 5305 famis
649 5251 836 5306 domos
862 5247 1070 5303 scilicet
1101 5257 1155 5302 et
1183 5245 1412 5300 familias
1433 5254 1756 5316 gentemque

185 5352 433 5400 vastaret.
471 5342 605 5397 Nam
634 5357 757 5397 cum
794 5341 848 5394 in
883 5339 1249 5412 penetralibus
1296 5347 1464 5394 strata
1508 5337 1757 5407 jacerent

187 5437 464 5492 mulierum
537 5434 994 5506 parvulorumque
1054 5432 1339 5498 cadavera,
1402 5448 1499 5502 per
1548 5431 1754 5502 plateas

186 5545 307 5585 vero
343 5528 638 5584 infelicium
672 5541 863 5582 senum
913 5539 1144 5595 corpora
1193 5523 1335 5578 fame
1389 5523 1561 5593 magis
1590 5537 1753 5593 quam

187 5632 335 5676 aetate
379 5628 730 5690 consumpta;
758 5619 989 5689 juvenes
1023 5630 1153 5670 vero
1183 5623 1344 5683 atque
1392 5613 1570 5668 omnis
1621 5621 1756 5667 mtas

190 5714 451 5769 robustior
477 5713 626 5768 velut
661 5710 954 5767 simulacra
986 5707 1234 5779 quiedam
1270 5707 1325 5760 in
1351 5706 1454 5760 viis
1481 5713 1534 5760 et
1555 5703 1755 5776 gressi-

190 5809 282 5866 bus
301 5810 402 5867 loci
422 5809 751 5867 oberrabant
769 5815 1103 5869 corruentes,
1127 5814 1447 5873 quocunque
1470 5798 1587 5853 loco
1608 5811 1756 5868 gres-

195 5924 304 5966 sum
350 5909 652 5967 subruisset
709 5904 906 5962 inedia.
969 5899 1209 5971 Sepelire
1268 5904 1447 5950 autem
1489 5895 1756 5949 cadavera

1785 4651 1839 4711 D

1870 3400 2162 3464 traveritis,
2213 3401 2541 3471 interrogate
2571 3399 2694 3470 quis
2723 3399 2777 3452 in
2809 3414 2874 3454 ea
2920 3399 3115 3470 dignus
3138 3397 3230 3463 sit,
3259 3405 3313 3452 et
3344 3412 3458 3450 ma-

1867 3500 2014 3558 nete,
2040 3492 2214 3548 donec
2246 3493 2472 3547 exeatis.
2503 3492 2772 3546 lntrantes
2799 3499 2983 3547 autem
3035 3491 3092 3545 in
3123 3490 3342 3546 domum
3371 3503 3459 3544 sa-

1867 3587 2035 3640 lutate
2066 3600 2187 3641 eam
2218 3585 2464 3641 dicentes
2490 3603 2504 3639 :
2535 3583 2650 3640 Pax
2673 3585 2802 3640 huic
2834 3583 3018 3639 domui
3043 3599 3058 3650 ;
3090 3590 3146 3638 et
3167 3581 3212 3638 si
3237 3582 3457 3651 quidem

1867 3680 2058 3735 domus
2082 3680 2239 3751 digna
2277 3678 2460 3746 fuerit,
2501 3679 2685 3734 veniet
2728 3693 2835 3748 pax
2867 3687 3051 3733 vestra
3099 3691 3264 3748 supra
3293 3690 3454 3741 eam;

1866 3771 1913 3826 si
1941 3781 2120 3826 autem
2152 3787 2257 3825 non
2287 3771 2450 3842 digna
2481 3769 2664 3835 fuerit,
2698 3785 2801 3841 pax
2833 3777 3017 3824 vestra
3053 3767 3121 3822 ad
3144 3782 3240 3823 vos
3268 3781 3454 3823 rever-

1867 3870 2029 3915 tetur.
2063 3881 2082 3911 ι
2115 3860 2300 3917 Judith
2333 3877 2461 3932 ergo
2484 3861 2836 3931 nostra,quia
2862 3861 3069 3915 aditum
3094 3861 3301 3914 devota:
3336 3873 3456 3914 sus-

1866 3952 2129 4022 ceptionis
2175 3953 2315 4022 apud
2349 3963 2541 4024 gentes
2565 3953 2794 4019 invenit,
2835 3952 2904 4007 ad
2931 3950 3182 4008 effectum
3209 3964 3320 4006 suae
3360 3966 3456 4006 vo-

1863 4046 2087 4102 luntatis
2103 4049 2365 4117 pervenit.
2394 4046 2548 4102 Unde
2568 4046 2782 4108 beatus,
2808 4047 2900 4116 qui
2923 4061 3030 4101 non
3056 4059 3224 4115 pravo
3247 4043 3451 4109 animo,

1865 4140 1960 4194 sed
1989 4141 2203 4196 sincero
2233 4141 2414 4197 cordis
2460 4140 2657 4196 affectu
2706 4139 2942 4211 legatum
2992 4137 3241 4193 veritatis
3279 4136 3447 4191 susci-

1863 4233 1977 4303 pit;
2016 4233 2142 4302 quia
2181 4233 2272 4302 qui
2323 4247 2577 4303 perversa
2627 4231 2927 4287 intentione
2979 4245 3103 4284 cum
3165 4226 3454 4284 Holoferne

1864 4331 2024 4392 atque
2050 4340 2174 4378 cum
2204 4324 2416 4378 Herode
2441 4325 2611 4377 Deum
2656 4337 2714 4378 se
2739 4337 2984 4391 quaerere
3036 4321 3210 4391 ﬁngit,
3246 4334 3452 4388 nequa-

1862 4432 2025 4487 quam
2051 4418 2116 4471 ad
2142 4415 2259 4486 ejus
2291 4417 2476 4489 gloriae
2505 4423 2857 4486 conspectum
2883 4413 3221 4469 laetabundus
3248 4429 3305 4468 se
3332 4428 3456 4483 per-

1863 4508 2072 4579 tingere
2109 4507 2386 4580 gaudebit,
2423 4507 2518 4563 sed
2545 4523 2658 4563 suae
2687 4505 2996 4577 iniquitatis
3021 4505 3317 4577 condignas
3343 4517 3455 4574 per.L

1864 4614 1963 4655 nas
2007 4600 2061 4654 in
2085 4598 2192 4654 line
2219 4615 2277 4656 se
2304 4597 2454 4655 luere
2481 4597 2705 4655 dolebit.

2483 4734 2710 4792 CAPUT
2736 4733 2851 4791 XII.

1867 4826 2020 4893 Quod
2071 4827 2384 4898 Holofernes
2415 4827 2601 4882 Judith
2638 4829 2694 4882 in
2742 4826 2856 4882 loco
2909 4827 3276 4898 thesaurorum
3322 4842 3448 4898 suo-

1937 4915 2054 4968 rum
2085 4894 2294 4953 manere
2348 4901 2613 4968 prwcepit,
2644 4915 2781 4967 qum,
2815 4908 2996 4952 vocata
3027 4897 3097 4950 ad
3153 4912 3351 4968 cmuqm
3381 4894 3446 4946 il-

1935 4967 2123 5040 (ἔνθα
2157 4969 2286 5022 cibis
2321 4965 2436 5040 ejus
2474 4965 2746 5035 abstinuit,
2788 4979 2836 5023 et
2879 4968 3019 5038 facta
3047 4982 3250 5038 vespere
3278 4965 3332 5020 in
3357 4981 3450 5018 cu-

1936 5037 2165 5092 biculum
2199 5040 2313 5109 ejus
2333 5037 2634 5095 introducta
2661 5050 2757 5095 est.

1940 5172 1960 5207 ‹
2006 5155 2160 5210 Tunc
2202 5154 2367 5224 jussit
2416 5169 2536 5210 eam
2585 5153 2808 5208 introire
2872 5151 2964 5207 ubi
3015 5149 3238 5221 repositi
3291 5156 3450 5204 erant

1866 5269 1884 5301 ι
1931 5249 2173 5305 thesauri
2200 5249 2340 5319 ejus,
2382 5258 2436 5304 et
2461 5248 2622 5319 jussit
2649 5247 2757 5301 illic
2797 5259 3019 5300 manere
3070 5259 3211 5310 eam,
3241 5250 3297 5298 et
3319 5258 3448 5298 con-

1866 5362 1884 5394 ι
1931 5340 2108 5396 stituit
2134 5341 2264 5411 quid
2293 5339 2517 5394 daretur
2564 5338 2638 5391 illi
2669 5338 2735 5392 de
2778 5335 3024 5390 convivio
3076 5350 3194 5390 suo.
3231 5333 3329 5388 Cui
3362 5348 3447 5387 re-

1866 5457 1884 5488 ‹
1928 5437 2147 5507 spondit
2170 5433 2354 5489 Judith
2383 5441 2438 5488 et
2468 5433 2604 5488 dixit
2632 5451 2644 5486 :
2684 5431 2837 5485 Nunc
2865 5446 2972 5485 non
3000 5439 3190 5502 potero
3220 5430 3447 5485 mandu-

1867 5546 1886 5579 ι
1931 5542 2057 5581 care
2092 5541 2159 5580 ex
2200 5525 2284 5580 his
2322 5540 2442 5594 quae
2481 5523 2730 5593 praecipis
2755 5521 2889 5576 mihi
2936 5522 3124 5588 tribui,
3163 5538 3233 5577 ne
3259 5521 3445 5575 veniat

1865 5635 1884 5667 ‹
1930 5631 2093 5686 super
2129 5629 2215 5668 me
2245 5612 2490 5667 offensio.
2527 5612 2606 5666 Ex
2655 5612 2739 5667 his
2768 5620 2971 5679 autem,
3015 5628 3136 5683 qua:
3185 5611 3316 5665 mihi
3346 5611 3442 5663 de-

1865 5729 1884 5761 ‹
1926 5708 2044 5773 tuli,
2079 5705 2435 5761 manducabo.
2475 5704 2573 5761 Cui
2622 5704 2940 5761 Holofernes
2988 5704 3066 5759 ait
3097 5722 3109 5758 :
3145 5701 3204 5758 Si
3233 5700 3442 5757 defece-

1867 5820 1885 5853 ι
1932 5802 2040 5854 rint
2072 5799 2164 5853 tibi
2200 5799 2323 5864 ista,
2354 5813 2472 5867 quae
2505 5805 2682 5853 tecum
2739 5797 3000 5863 detulisti,
3027 5794 3154 5866 quid
3182 5791 3443 5846 faciemus

1866 5909 1884 5942 ι
1931 5890 2026 5945 tibi
2048 5891 2070 5945 ?
2091 5889 2235 5944 Dixit
2259 5887 2442 5944 Judith
2468 5906 2479 5943 :
2507 5888 2650 5943 Vivit
2678 5888 2856 5943 anima
2887 5895 3000 5952 tua,
3026 5883 3243 5941 domine
3261 5893 3439 5947 meus,
