3882 6460
21 418 126 490 573
1136 398 1503 473 nitrosum
1540 408 1610 466 IN
1643 392 1905 471 tantum
1940 392 2206 472 manu.
3239 394 3344 466 ait

21 548 158 606 licat
198 536 497 603 duritiam
519 539 672 615 pravi
712 535 909 603 cordis,
937 541 993 590 et
1013 547 1256 590 errorem
1287 528 1470 602 genuit
1491 525 1659 583 male-
1684 516 1739 591 Α
1762 526 1865 583 rati
1901 528 2051 595 estis,
2083 535 2136 583 ct
2164 540 2263 599 ego
2293 525 2535 582 reficiam
2564 520 2680 582 vos.
2728 516 2921 582 Tollite
2941 522 3131 597 iugum
3166 534 3348 585 meum

21 642 148 698 [idae
174 638 546 696 securitatis.
595 633 836 699 Gladius,
866 630 959 702 qui
985 620 1038 684 in
1067 638 1133 684 ea
1152 625 1348 698 ligatds
1368 620 1656 696 pendebat,
1766 637 1930 692 super
1956 637 2073 688 vos,
2127 627 2181 675 et
2209 620 2400 676 discite
2436 635 2467 674 a
2513 632 2599 675 me
2646 616 2772 690 quia
2810 618 2957 675 mitis
2999 632 3117 674 sum
3147 624 3204 676 et
3242 616 3349 673 hu-
3390 670 3393 671 ν

21 730 256 795 malitia
309 739 412 788 est
456 729 656 802 iniquae
731 722 1065 783 intentionis.
1134 719 1299 776 Coma
1347 717 1540 789 capitis
1582 723 1668 772 est
1764 713 1909 769 milis
1943 713 2130 780 corde,
2188 719 2246 770 et
2291 712 2579 769 invenietis
2631 711 2879 784 requiem
2925 711 3215 769 animabus
3254 726 3350 768 ve-

21 828 202 885 elatio
236 820 514 898 superba:
550 822 767 879 mentis.
804 816 999 877 Cervi:
1027 829 1156 872 vero
1195 810 1533 870 contumacia
1560 809 1663 865 ini-
1765 806 1912 862 stris.
1952 825 1972 859 ι

21 932 152 993 qum
175 920 470 977 actionis.
496 916 563 975 Et
583 925 904 990 conopeum,
938 906 1042 971 hoc
1065 920 1165 978 est,
1199 917 1311 967 rete
1331 916 1660 974 muscarum,

21 1007 282 1067 insidias
345 1010 627 1083 signiﬁcat
673 1004 869 1066 dolosae
908 1005 1271 1079 cogitationis.
1311 1001 1664 1059 Commendat

21 1116 167 1175 ergo
194 1098 420 1161 Iudith
450 1110 638 1162 nostra
680 1094 871 1176 puellm
893 1110 1002 1158 sum
1040 1100 1301 1157 ostiorum
1341 1096 1661 1161 custodiam,

25 1198 165 1271 quia
214 1204 437 1255 sancta
485 1196 726 1255 Ecclesia
771 1192 1060 1265 unicuique
1110 1191 1357 1260 fidelium,
1387 1188 1664 1245 catholicae

26 1293 162 1349 ﬁdei
192 1290 478 1364 praecipit
516 1291 719 1348 habere
768 1290 1189 1346 observantiam.
1238 1284 1370 1343 Orat
1400 1286 1514 1357 ipsa
1541 1300 1664 1340 cum

26 1384 342 1458 lacrymis,
381 1387 514 1457 mila
541 1390 833 1458 supernum
871 1382 1130 1443 auxilium
1155 1376 1330 1454 poscit
1355 1376 1543 1435 intima
1573 1376 1666 1433 de-

26 1478 272 1534 votione
328 1479 547 1534 cordis.
589 1474 813 1533 Accedit
846 1476 913 1530 ad
962 1474 1265 1531 columnam
1291 1514 1306 1539 ,
1353 1470 1406 1528 et
1437 1469 1667 1528 exsolvit

30 1572 379 1643 pugionem,
418 1582 518 1642 per
543 1586 701 1641 quem
741 1569 913 1625 hostis
944 1568 1258 1639 nequissimi
1307 1570 1547 1636 amputet
1578 1581 1669 1621 ca-

30 1673 177 1735 put;
222 1682 370 1722 cum
415 1666 686 1721 denudata
730 1663 932 1719 malitia
963 1663 1081 1717 duri
1108 1662 1286 1718 cordis
1333 1652 1562 1716 abscidit
1602 1658 1670 1715 ab

34 1758 207 1813 hoste
240 1759 608 1814 occasionem
639 1763 903 1828 protertze
934 1755 1266 1811 tentationis.
1296 1751 1488 1807 Aufert
1510 1767 1671 1807 cono—

36 1868 210 1920 peum
235 1893 253 1917 ,
303 1851 449 1921 quia
474 1850 689 1907 fraudes
710 1849 827 1919 ejus
853 1848 1070 1921 detegit,
1103 1848 1298 1918 quibus
1323 1844 1593 1914 simplices
1616 1849 1671 1899 et
1704 1898 1751 1929 Ω
1775 1864 2006 1920 virtutes
2048 1861 2300 1919 custodes
2367 1874 2651 1916 murorum
2704 1852 2929 1929 intelligi
2984 1856 3367 1929 spiritualium,

40 1941 638 2013 incautos.implicare
687 1930 984 2006 contendit,
1043 1941 1226 2010 sicque
1275 1947 1523 1993 truncum
1576 1932 1672 2030 110-!
1704 1930 1752 1966 ³³
1777 1962 1898 2030 qua,
1925 1954 2078 2013 nobis
2108 1940 2556 2026 ἀερηιδιπκςηηι,
2586 1960 2646 2007 [η
2672 1964 2773 2007 nos
2814 1952 2926 2006 suis
2948 1949 3155 2004 somnis
3183 1955 3372 2003 comm

40 2036 144 2090 sus
196 2051 424 2104 ⁶⁰¹Ῥ¹¹⁵
472 2035 690 2101 θνοίνίίν
740 2034 860 2089 cum
894 2032 1069 2104 ips‘m‘
1117 2030 1395 2122 ίηῖιηίτευιη
1434 2042 1500 2084 ex
1529 2028 1679 2122 °_““?i
1778 2028 2043 2122 malignos
2091 2048 2316 2119 spiritus
2361 2041 2671 2102 defendant.
2726 2040 2940 2099 Clamat
2968 2053 3098 2113 ergo
3126 2032 3313 2094 Iudith
3341 2050 3374 2091 a

41 2135 208 2199 “me
239 2126 543 2215 “ﬁrmum,
569 2133 625 2181 εί
667 2123 897 2181 debilem
926 2116 1336 2215 θ⁵δ⁰,⁰⁵ίθ“(ῘῙίν
1372 2124 1527 2215 “beo,
1550 2117 1682 2173 faei‘
1778 2116 1938 2215 longe
1967 2116 2282 2197 custodibus
2309 2180 2324 2206 ,
2364 2137 2643 2209 postulans
2672 2136 2776 2191 sibi
2804 2132 3006 2206 a’periri
3052 2130 3259 2203 portas,
3307 2143 3373 2184 eo

43 2216 154 2275 Ilus
180 2216 502 2275 bellatores
526 2214 729 2273 Christi
753 2215 1025 2308 conﬁdant
1050 2211 1262 2269 hostem
1288 2206 1680 2282 nequissimum
1780 2206 1923 2308 quo}!
1955 2249 2138 2291 secum
2185 2233 2258 2287 sit
2295 2206 2460 2287 θέας.
2494 2227 2588 2285 Sic
2625 2237 2681 2283 et
2705 2222 2948 2283 Ecclesia
2987 2226 3043 2282 in
3066 2222 3380 2297 peregltma_

46 2327 109 2371 se
134 2314 381 2370 vincere
412 2320 591 2382 posse,
627 2310 721 2382 qui
747 2324 869 2365 eum
896 2307 1127 2379 pleniter‘
1167 2305 1413 2362 ediscunt
1434 2302 1681 2376 fragilem

1796 2302 1933 2385 tione
1972 2327 2129 2382 istius
2157 2322 2365 2390 mundi,
2410 2332 2467 2378 et
2491 2322 2578 2377 via
2608 2319 2894 2393 przesentis
2918 2319 3044 2372 vita:
3086 2314 3381 2371 constituta

50 2414 108 2461 et
136 2398 530 2477 superabilem
557 2401 693 2458 fore.

134 2517 154 2550 ι
202 2497 279 2553 Et
306 2504 446 2569 post
472 2490 726 2567 pusillum
759 2480 948 2558 exivit,
983 2488 1038 2548 et
1079 2484 1303 2546 tradidit
1330 2494 1493 2559 caput
1514 2482 1682 2542 Holo-

64 2610 84 2645 ‹
124 2591 311 2649 fernis
358 2582 572 2648 ancillae
618 2606 749 2655 suae,
798 2582 853 2644 et
876 2585 1041 2656 jussit
1084 2586 1143 2639 ut
1189 2583 1431 2639 mitteret
1456 2579 1586 2634 illud
1606 2578 1685 2658 ‘in

66 2702 86 2735 σ
124 2700 336 2756 peram
361 2692 622 2749 suam;et
639 2682 890 2737 exierunt
911 2674 1047 2744 dum,
1079 2675 1375 2733 secundum
1396 2678 1687 2729 consuetu-

70 2794 90 2826 ι
129 2775 330 2831 dinem
386 2790 563 2840 suam,
605 2772 761 2845 quasi
790 2772 857 2827 ad
894 2769 1217 2833 orationem,
1267 2775 1322 2822 ct
1354 2765 1688 2821 transierunt

70 2887 93 2920 r
128 2875 328 2924 castra
370 2877 427 2924 et
451 2875 703 2940 gyrantes
727 2863 945 2929 vallem,
986 2867 1250 2916 venerunt
1279 2856 1346 2914 ad
1372 2865 1585 2928 portam
1613 2854 1689 2909 ci-

1839 948 1861 993 ¢
1886 934 1955 995 Et
1983 936 2118 995 dixit
2160 934 2344 994 Iudith
2395 944 2426 993 a
2468 950 2629 1009 longe
2671 934 2985 993 custodibus
3024 944 3353 993 murorum:

1769 1040 1791 1086 ο
1826 1029 2047 1103 Aperite
2074 1040 2279 1103 portas,
2311 1029 2566 1102 quoniam
2619 1026 2903 1085 nobiscum
2931 1034 3015 1085 est
3043 1030 3207 1096 Deus,
3264 1028 3357 1099 qui

1770 1134 1791 1181 ἅ
1830 1122 1958 1183 fecit
1980 1126 2235 1180 virtutem
2262 1124 2315 1179 in
2344 1122 2527 1181 Israel.
2563 1136 2583 1177 ε
2612 1121 2875 1180 Custodes
2904 1131 3180 1178 murorum
3208 1164 3222 1187 ,
3253 1119 3357 1177 hoc

1766 1222 1867 1283 est,
1896 1226 2104 1274 tutores
2135 1224 2438 1273 castrorum
2464 1214 2745 1282 Ecclesiae,
2782 1198 2908 1271 sunt
2948 1214 3200 1269 doctores
3231 1224 3359 1268 san-

1767 1311 1863 1378 cti,
1892 1311 1984 1381 qui
2011 1309 2177 1366 verbo
2200 1314 2255 1365 et
2277 1308 2543 1378 exemplo,
2578 1312 2738 1378 atque
2765 1307 2929 1363 etiam
2952 1306 3201 1361 oratione
3222 1306 3360 1360 assi-

1767 1400 1871 1459 dua
1897 1403 2149 1458 muniunt
2174 1403 2343 1457 vitam
2371 1400 2730 1464 credentium,
2762 1406 2817 1455 et
2847 1399 2915 1454 ad
2944 1405 3205 1453 aeternam
3238 1396 3368 1452 bea-

1768 1488 2053 1551 titudinem
2086 1494 2190 1550 illis
2236 1500 2546 1565 praeparant
2585 1492 2866 1547 introitum
2895 1508 2910 1558 ;
2954 1490 3021 1546 de
3048 1489 3243 1561 quibus
3267 1504 3366 1559 per

1768 1580 2084 1659 prophetam
2120 1584 2351 1641 dicitur:
2398 1601 2418 1635 ι
2454 1580 2630 1654 Super
2656 1596 2841 1638 muros
2873 1584 3011 1649 tuos,
3041 1576 3366 1645 Jerusalem,

1773 1676 2029 1735 Constitui
2059 1675 2330 1738 custodes,
2380 1681 2491 1731 tota
2522 1675 2629 1740 die,
2666 1672 2721 1729 et
2752 1668 2862 1729 tota
2895 1678 3054 1726 nocte
3084 1682 3191 1726 non
3220 1679 3367 1724 tace-

1772 1768 1908 1825 bunt
1963 1768 2184 1824 laudare
2237 1776 2433 1824 nomen
2491 1764 2726 1829 Domini.
2766 1785 2787 1818 ι
2833 1760 3067 1820 Possunt
3116 1762 3372 1835 angelicae

1783 2421 1915 2477 totis
1936 2418 2184 2475 medullis
2204 2416 2386 2472 cordis
2412 2414 2661 2470 clamans
2679 2411 2941 2482 postulat,
2963 2416 3026 2464 ut
3046 2422 3144 2480 per
3180 2404 3379 2462 suil‘ra—

1783 2513 1874 2585 gia
1912 2517 2223 2568 sanctorum
2250 2506 2355 2563 sibi
2384 2519 2634 2575 supernae
2660 2502 2855 2574 patriae
2890 2501 3158 2572 pandatur
3182 2494 3374 2551 introi-

1784 2616 1892 2673 tus,
1916 2615 1979 2660 ut
1999 2603 2077 2658 ibi
2106 2600 2340 2657 nominis
2367 2598 2455 2655 sui
2482 2592 2696 2667 erpleat
2727 2593 2995 2660 ofﬁcium,
3020 2591 3209 2645 dicens
3253 2602 3378 2644 cum

1785 2698 2080 2771 propheta:
2104 2692 2353 2764 «Aperite
2375 2698 2561 2759 portas
2577 2686 2899 2758 justitiacaet
2914 2684 3195 2756 ingressus
3209 2680 3265 2735 in
3287 2692 3381 2733 eas

1787 2790 2091 2847 conﬁtebor
2116 2786 2378 2850 Domino,
2409 2783 2527 2839 haec
2574 2792 2729 2851 porta
2755 2777 2993 2843 Domini,
3039 2773 3176 2844 justi
3212 2773 3385 2828 intra-

73 2978 94 3012 ι
131 2961 358 3017 vitatis.
396 2961 465 3016 Et
502 2959 638 3015 dixit
665 2956 851 3014 Judith
881 2972 914 3011 a
956 2954 1117 3025 longe
1160 2948 1475 3008 custodibus
1506 2962 1689 3003 muro-

74 3069 95 3103 ι
131 3068 265 3107 rum
290 3070 306 3106 :
343 3051 569 3123 Aperite
596 3058 806 3121 portas,
830 3047 1089 3119 quoniam
1110 3044 1393 3099 nobiscum
1419 3050 1505 3096 est
1525 3038 1687 3105 Deus,

77 3165 95 3197 ι
133 3146 234 3217 qui
261 3122 677 3201 fecitvirtutem
706 3143 759 3198 in
785 3140 974 3198 Israel.
1014 3160 1034 3193 ι
1068 3137 1208 3206 Quid
1232 3145 1314 3193 est
1337 3135 1482 3206 quod
1506 3122 1690 3188 Iudith

69 3228 301 3293 ancilla:
326 3251 443 3291 suae
468 3226 690 3290 tradidit
716 3242 878 3304 caput
905 3222 1208 3285 Holofernis
1226 3269 1241 3294 ,
1267 3232 1330 3282 ut
1366 3226 1611 3281 mitteret
1632 3222 1694 3277 il-

72 3325 171 3383 lud
225 3328 290 3382 in
318 3340 513 3398 peram
553 3340 733 3393 suam,
776 3323 882 3379 nisi
916 3322 1057 3393 quod
1086 3318 1331 3395 Ecclesia,
1357 3317 1694 3373 auditoribus

74 3417 201 3472 suis
253 3416 697 3472 recordationem
726 3413 959 3471 confecti
988 3412 1113 3468 belli
1141 3427 1248 3466 non
1274 3410 1388 3466 vult
1415 3409 1581 3464 labia
1607 3424 1697 3465 co-

76 3507 365 3578 gitatione
407 3508 631 3575 mentis,
673 3506 767 3563 sed
809 3504 1039 3561 sollicite
1074 3502 1281 3559 servari
1330 3502 1386 3557 in
1432 3500 1697 3557 memoria

78 3599 317 3665 cordis;
352 3599 428 3655 ita
463 3599 609 3655 enim
655 3600 720 3654 de
757 3598 1029 3668 triumpho
1055 3596 1249 3663 hostis,
1295 3594 1550 3667 quoniam
1573 3609 1698 3649 eum

80 3706 186 3762 per
216 3690 468 3747 divinam
513 3691 742 3763 gratiam
773 3690 828 3745 in
864 3688 1045 3760 aliquo
1083 3690 1425 3759 superamus,
1462 3686 1697 3757 gaudere

86 3784 386 3851 debemus,
427 3792 487 3839 ut
539 3785 738 3840 iterum
774 3800 901 3840 eum
934 3791 1127 3838 contra
1151 3798 1251 3838 nos
1287 3768 1489 3837 bellum
1517 3779 1699 3851 dispo-

88 3890 223 3930 nere
250 3891 366 3931 non
414 3874 736 3931 ditlidamus.
771 3858 999 3946 Propter
1024 3874 1167 3945 quod
1202 3873 1333 3929 dicit
1355 3864 1550 3928 Petrus
1569 3886 1698 3941 apo—

93 3970 269 4026 stolus
299 3989 314 4024 :
351 3989 370 4020 ‹
403 3970 583 4025 Sobrii
617 3978 794 4025 estote
828 3977 886 4025 et
908 3967 1153 4041 vigilate,
1190 3967 1319 4037 quia
1352 3964 1698 4020 adversarius

92 4074 278 4118 vester
309 4046 561 4117 diabolus
619 4069 874 4131 tanquam
926 4058 1012 4115 leo
1040 4042 1260 4129 rugiens
1320 4056 1517 4112 circuit
1551 4069 1698 4137 quae-

98 4166 224 4207 rens
264 4166 434 4222 quem
476 4150 720 4214 devoret,
778 4147 865 4204 cui
918 4146 1155 4203 resistite
1201 4144 1369 4200 fortes
1417 4144 1473 4199 in
1522 4141 1645 4199 ﬁde.
1672 4163 1691 4197 ι

97 4244 165 4300 Ει
203 4243 415 4300 Paulus
451 4242 527 4296 ait
568 4260 581 4296 :
632 4258 651 4293 ε
688 4239 806 4296 Non
853 4240 997 4311 quod
1039 4238 1156 4310 iam
1205 4238 1506 4309 acceperim
1534 4278 1551 4303 ,
1606 4238 1707 4293 aut

93 4334 204 4406 jam
228 4334 511 4406 perfectus
533 4332 659 4399 sim,
705 4323 905 4402 sequor
929 4339 1131 4396 autem,
1162 4330 1210 4385 si
1231 4346 1339 4400 quo
1368 4329 1527 4385 modo
1548 4344 1700 4384 com-

98 4427 438 4496 prehendam
480 4425 537 4479 in
569 4438 679 4494 quo
703 4431 760 4477 et
791 4420 1214 4493 comprehensus
1251 4436 1373 4477 sum
1419 4435 1451 4474 a
1484 4418 1702 4475 Christo

104 4516 249 4574 Jesu.
278 4500 542 4585 Fratres,
570 4530 671 4588 ego
694 4530 782 4570 me
811 4529 920 4570 non
948 4514 1185 4570 arbitror
1203 4510 1701 4583 comprehendisse.

1787 2881 1923 2938 bunt
1946 2893 2046 2950 per
2065 2892 2206 2932 eam.
2246 2895 2265 2928 ι
2298 2874 2367 2929 Et
2389 2873 2531 2930 unde
2565 2873 2670 2928 hoc
2697 2871 2963 2940 deposcat
2981 2867 3131 2922 addit
3154 2864 3342 2950 dicens
3365 2878 3381 2915 :

1795 2990 1817 3023 ι
1849 2946 1975 3040 quia
2009 2968 2293 3025 nobiscum
2318 2974 2435 3032 est,
2471 2965 2567 3037 qui
2594 2962 2722 3020 fecit
2770 2962 3028 3017 virtutem
3055 2958 3110 3013 in
3139 2946 3325 3012 Israel.
3359 2971 3383 3005 ι

1791 3062 1964 3119 Valde
1986 3062 2131 3118 enim
2148 3060 2359 3130 justum
2385 3067 2471 3116 est
2500 3066 2563 3113 ut
2581 3057 2675 3129 qui
2718 3071 2778 3112 se
2825 3055 3039 3110 unitum
3063 3065 3190 3107 cum
3213 3046 3392 3119 capite

1794 3172 1894 3213 suo
1942 3156 2210 3228 agnoscit,
2237 3156 2307 3210 de
2345 3168 2455 3224 quo
2483 3153 2751 3223 scriptum
2783 3157 2903 3214 est,
2942 3166 2964 3198 ι
2991 3145 3255 3201 Dominus
3280 3141 3391 3197 vir-

1721 3274 1771 3346 C
1796 3259 1971 3308 tatem
1990 3249 2188 3322 populo
2224 3262 2327 3305 suo
2345 3247 2525 3313 dabit,
2557 3254 2615 3346 et
2641 3242 2931 3301 benedieet
2951 3238 3210 3343 populum
3235 3248 3395 3291 suum

1798 3343 1857 3399 in
1884 3354 2043 3413 pace,
2075 3361 2093 3394 ι
2127 3355 2251 3397 eum
2284 3353 2353 3395 eo
2393 3339 2463 3395 ad
2490 3336 2728 3393 caelestis
2767 3335 2921 3407 regni
2967 3332 3181 3401 apicem
3203 3343 3395 3384 ascen-

1796 3437 1909 3502 dat,
1940 3434 2069 3505 quia
2097 3433 2216 3488 sine
2242 3446 2308 3488 eo
2334 3430 2487 3487 nullo
2513 3428 2679 3486 modo
2719 3426 2844 3483 illuc
2877 3422 3161 3496 pervenire
3188 3426 3391 3490 potest.

1798 3528 1955 3587 Unde
1979 3528 2097 3597 ipsa
2131 3525 2347 3582 Veritas
2368 3524 2423 3580 in
2453 3520 2746 3593 Evangelio
2776 3518 2854 3574 ait
2886 3537 2902 3572 :
2955 3531 2974 3568 ι
3006 3514 3181 3570 Nemo
3204 3526 3398 3567 ascen-

1798 3621 1879 3678 dit
1902 3620 1961 3675 in
1982 3619 2208 3684 ctutum,
2235 3617 2339 3672 nisi
2365 3616 2457 3687 qui
2497 3612 2777 3670 descendit
2802 3612 2872 3667 de
2896 3608 3036 3666 calo
3058 3606 3202 3662 ﬁlius
3224 3602 3401 3659 botul-

1799 3716 1911 3782 nis,
1936 3714 2031 3784 qui
2058 3719 2145 3768 est
2168 3712 2225 3767 in
2250 3710 2409 3766 calo.
2446 3728 2469 3762 ι
2520 3708 2710 3763 Potest
2735 3713 2791 3760 et
2838 3705 2945 3759 hoc
2968 3701 3114 3774 quod
3142 3698 3277 3755 dicit
3302 3695 3399 3752 Ju-

1799 3808 1912 3864 ditl
1939 3804 2256 3862 cusurdibus
2278 3818 2587 3868 murorum,
2615 3819 2636 3853 ι
2661 3798 2889 3871 Aperite
2922 3804 3133 3867 portas,
3168 3814 3189 3848 ι
3231 3793 3400 3848 devo-

1796 3900 1879 3956 tio
1900 3900 2082 3956 cordis
2099 3898 2408 3954 auditorum
2426 3906 2650 3953 ποι-ιω
2673 3894 2744 3950 ab
2764 3890 3117 3964 eapostulata
3142 3884 3401 3957 intelligi,

1797 3994 1907 4050 hoc
1951 4000 2071 4061 est,
2120 3999 2183 4047 ut
2208 3997 2481 4062 praeparet
2528 3988 2886 4044 attentionem
2932 3983 3115 4041 cordis
3160 3982 3233 4036 ad
3260 3980 3404 4035 acci-

1797 4086 2001 4156 pienda
2044 4100 2110 4141 ea
2173 4098 2296 4155 quae
2352 4082 2456 4139 sibi
2505 4081 2800 4146 dicuntur;
2855 4078 2998 4135 sicut
3053 4074 3302 4132 Salvator
3348 4072 3406 4131 in

1799 4176 2093 4248 Evangelia
2118 4190 2218 4246 per
2247 4173 2537 4246 parabolas
2580 4173 2785 4229 docens
2831 4170 2967 4226 dixit
2994 4189 3009 4223 :
3040 4185 3059 4219 ε
3090 4166 3194 4235 Qui
3236 4164 3405 4220 habet

1802 4282 1965 4328 aures
2016 4269 2270 4325 audiendi
2324 4268 2528 4323 audiat.
2563 4287 2585 4319 1
2633 4267 2701 4321 Et
2747 4265 2987 4320 10m
3033 4260 3313 4333 apostolus
3348 4259 3405 4314 in

1800 4360 2128 4434 Apocalypsi
2173 4374 2271 4416 sua
2294 4358 2547 4413 eamdem
2591 4355 2915 4412 sententiain
2966 4354 3167 4424 sepius
3210 4350 3409 4421 repetit

1803 4455 2055 4511 dicens:
2121 4444 3228 4520 «Qnihabetauresaudiendiaudiat
3276 4441 3407 4512 quid

1804 4547 2033 4618 spiritus
2076 4545 2221 4601 dicat
2244 4543 2510 4600 ecclesiis.
2550 4561 2571 4597 ι
2611 4540 2805 4597 Merito
2832 4554 2965 4611 ergo
2994 4538 3106 4604 illa,
3142 4551 3264 4607 quae
3290 4534 3404 4590 vir-

106 4607 283 4665 Unum
296 4616 506 4673 autem,
534 4622 654 4678 quae
679 4604 899 4708 quidem
926 4612 1075 4708 retro
1105 4610 1232 4659 sum
1253 4602 1599 4708 obliviscens,
1625 4602 1699 4708 ad
1724 4642 1783 4704 Β
1984 4637 2223 4702 mm,
2258 4651 2395 4708 quas
2440 4635 2590 4701 feci”
2621 4602 2947 4706 “pm;
2961 4602 3099 4698 vum
3126 4602 3407 4687 nam!“

110 4717 171 4757 ea
198 4718 328 4759 vero
360 4718 483 4774 qum
503 4709 628 4757 sunt
654 4700 836 4773 priora
866 4697 1163 4754 extendens
1187 4697 1478 4768 meipsum,
1506 4696 1574 4752 ad
1608 4696 1701 4751 de-

112 4799 371 4854 stinatum
394 4812 707 4869 persequor,
757 4795 825 4851 ad
846 4795 1091 4850 bravium
1130 4778 1379 4866 supernae
1403 4791 1710 4849 vocationis

115 4888 207 4946 Dei
227 4892 280 4946 in
308 4890 531 4948 Christo
551 4887 699 4942 Jesu.
724 4886 1044 4958 Quicunque
1063 4885 1211 4943 enim
1236 4883 1464 4956 perfecti
1493 4898 1707 4950 sumus,

117 4981 216 5039 hoc
239 4983 545 5040 sentiamus
567 4976 734 5052 (Phil.
761 4978 866 5050 ιιι).
897 4995 918 5031 ι

192 5092 209 5125 ι
242 5075 309 5130 Et
336 5080 612 5145 gyrantes,
645 5070 843 5140 inquit,
888 5067 1083 5122 vallem
1104 5107 1135 5133 ν
1163 5072 1435 5122 venerunt
1481 5063 1550 5120 ad
1573 5078 1707 5134 por-

122 5171 228 5217 tam
258 5163 510 5219 civitatis.
541 5182 560 5214 t
598 5160 803 5216 Vallem
829 5158 1154 5213 ambulando
1180 5166 1359 5231 gyrat,
1403 5156 1497 5227 qui
1526 5155 1705 5210 humi-

124 5253 324 5310 litatem
371 5253 617 5310 inomni
666 5258 795 5307 actu
833 5262 932 5306 suo
982 5256 1180 5305 servm.
1231 5248 1331 5304 Hic
1367 5248 1616 5321 pervenit
1640 5246 1708 5301 ad

128 5358 343 5419 portam
377 5340 632 5411 civitatis,
683 5344 812 5415 quia
867 5334 955 5398 ille
1011 5341 1271 5414 pertingit
1309 5338 1377 5396 ad
1428 5336 1711 5395 introitum

132 5440 274 5512 regni
304 5440 560 5496 coelest’s.
611 5426 764 5494 Unde
796 5434 935 5507 ipse,
979 5437 1072 5506 qui
1117 5433 1437 5490 humilitatis
1481 5441 1539 5490 et
1577 5432 1710 5489 obe-

136 5531 338 5589 dientia:
360 5546 582 5589 summae
608 5528 887 5601 exemplar
911 5528 1068 5583 nobis
1096 5542 1125 5581 a
1146 5526 1256 5583 Deo
1286 5525 1460 5581 factus
1484 5532 1587 5589 est,
1617 5537 1713 5593 per

137 5640 286 5694 quem
329 5626 452 5682 vitae
481 5633 697 5682 (eterna:
734 5623 998 5679 habemus
1043 5620 1280 5689 aditum,
1326 5618 1381 5675 in
1421 5616 1713 5689 Evangelio

142 5719 253 5774 ait:
289 5740 307 5773 ι
341 5722 454 5795 Ego
480 5740 597 5779 sum
638 5723 862 5789 ostium,
910 5736 1006 5793 per
1039 5736 1126 5776 me
1167 5719 1213 5774 si
1258 5719 1380 5790 quis
1420 5714 1712 5782 introierit,

142 5808 461 5885 ingredietur
493 5827 548 5874 et
579 5810 908 5891 egredietur,
937 5824 991 5872 et
1013 5830 1215 5887 pascua
1240 5813 1496 5870 inveniet.
1536 5832 1555 5867 ι
1596 5800 1715 5883 Ipse

146 5894 265 5964 alibi
287 5909 396 5969 ait:
431 5898 651 5970 «Venite
674 5894 745 5969 ad
763 5925 877 5982 me,
897 5923 1087 5969 omnes
1113 5906 1205 5983 qui
1230 5905 1488 5967 laboratis
1511 5912 1568 5966 et
1585 5918 1712 5963 one-

1809 4734 2035 4789 devotoo
2056 4730 2272 4801 quarit,
2303 4729 2430 4799 quia
2457 4729 2718 4799 scriptum
2744 4735 2827 4782 est
2851 4744 2865 4780 :
2899 4743 2920 4777 ι
2951 4725 3151 4781 Beatus
3169 4722 3264 4793 qui
3285 4735 3410 4776 cau-

1810 4839 1928 4884 sam
1956 4840 2111 4881 suam
2143 4822 2384 4894 loquitur
2405 4822 2463 4877 in
2484 4836 2675 4877 aurem
2694 4818 2986 4876 audientis.
3030 4836 3057 4872 ι

1831 5024 1845 5038 ,
1891 4971 2013 5026 «Et
2060 4964 2263 5025 factum
2307 4958 2414 5034 est,
2462 4982 2586 5023 cum
2618 4967 2894 5023 audissent
2920 4958 3024 5019 viri
3052 4976 3240 5017 vocem
3267 4958 3404 5031 ejus,

1821 5083 1840 5118 ι
1876 5068 2206 5119 vocaverunt
2235 5050 2581 5132 presbyteros
2616 5057 2871 5115 civitatis.
2926 5046 2994 5110 Et
3016 5057 3408 5110 concurrerunt

1820 5176 1840 5211 ε
1875 5157 1943 5212 ad
1972 5172 2090 5211 eam
2136 5170 2326 5210 omnes
2373 5169 2402 5206 a
2444 5150 2670 5207 minimo
2717 5162 2889 5219 usque
2945 5144 3015 5204 ad
3062 5144 3403 5202 maximum:

1820 5271 1841 5304 ι
1873 5251 2129 5322 quoniam
2181 5247 2473 5321 sperabant
2502 5260 2622 5300 eam
2644 5235 2761 5314 jam
2793 5258 2901 5297 non
2928 5255 3050 5296 esse
3100 5246 3404 5302 venturam,

1820 5364 1841 5399 ι
1874 5353 1929 5401 et
1955 5342 2315 5400 accendentes
2346 5336 2634 5393 luminaria
2657 5339 3093 5407 congyraverunt
3113 5331 3256 5386 circa
3288 5345 3408 5384 eam

1824 5458 1843 5493 ‹
1880 5436 2141 5493 universi.
2184 5456 2203 5488 ι
2255 5433 2337 5488 Ad
2371 5445 2561 5487 vocem
2606 5427 2793 5484 Iudith
2823 5424 3125 5499 presbyteri
3171 5421 3409 5479 civitatis

1818 5546 1942 5586 cum
1967 5528 2113 5583 omni
2152 5515 2307 5596 plebe
2327 5518 2677 5588 conveniunt,
2705 5520 2832 5591 quia
2855 5519 2922 5574 ad
2953 5517 3257 5575 doctrinam
3285 5529 3409 5567 san-

1816 5610 1918 5679 ctae
1944 5620 2198 5676 Ecclesiae
2222 5633 2330 5673 non
2354 5615 2531 5671 solum
2572 5614 2839 5679 minores,
2866 5600 2961 5668 sed
2981 5610 3148 5665 etiam
3174 5606 3410 5677 majores

1815 5712 2057 5769 universi
2085 5716 2437 5775 concurrunt,
2477 5714 2538 5763 ut
2572 5704 2687 5775 ejus
2715 5694 2954 5774 salubria
2990 5704 3135 5759 dicta
3162 5694 3407 5765 audiant,

1816 5818 1873 5865 et
1900 5821 2037 5878 pura
2080 5804 2381 5861 intentione
2433 5800 2775 5874 adimplenda
2807 5798 3127 5871 suscipiant.
3174 5792 3288 5849 Hoc
3328 5780 3412 5847 est

1817 5901 1963 5961 enim
1983 5899 2270 5960 luminaria
2291 5899 2613 5969 accendere,
2648 5897 2717 5958 ad
2755 5880 3073 5956 discendam
3099 5889 3409 5961 veritatem,
