3882 6456
581 373 689 430 575
1220 369 1283 425 Β.
1321 366 1577 425 RABANI
1612 367 1834 427 MAURI
1865 366 2187 429 ARCHIEP.
2226 367 2538 427 MOGUN'I'.
2578 369 2870 431 OPERUM
2906 372 3086 431 PARS
3122 376 3165 432 Ι.
3654 399 3708 457 εκ

577 488 757 547 θοι-ὥς
791 486 937 559 piam
963 484 1305 542 devotionem
1331 485 1595 555 praebere,
1623 493 1681 539 et
1702 484 1992 565 universas
2008 492 2161 540 tene-
2191 486 2244 548 Α
2269 493 2509 542 rectores
2546 488 2893 546 tenebrarum
2943 491 3156 557 harum,
3203 499 3387 549 contra
3410 497 3641 568 spiritualia
3664 528 3710 565 ne-

576 579 703 638 bras
722 591 967 634 errorum
993 590 1024 631 a
1053 589 1115 631 se
1139 573 1421 645 repellere.
2269 577 2453 648 quitiae
2475 579 2530 656 in
2552 580 2863 639 coelestibus
2892 583 3109 656 (Ep/tes.
3136 585 3239 660 v1).
3278 606 3297 638 ι

2343 686 2362 721 ι
2392 669 2642 728 Universi
2669 682 2851 731 autem
2871 675 3157 737 adorantes
3189 682 3467 740 Dominum
3494 686 3711 752 dixerimsi

2272 780 2292 814 ε
2332 776 2490 818 eam:
2523 763 2806 822 Benedixit
2829 775 2882 824 te
2932 769 3194 829 Dominus
3230 774 3287 830 in
3333 775 3515 835 virtute
3540 790 3710 857 suam

2271 874 2290 907 ι
2322 870 2421 925 per
2456 865 2510 912 te
2536 859 2603 913 ad
2629 858 2857 914 nihilum
2890 861 3101 935 redegit
3121 865 3374 922 inimicos
3395 877 3591 926 nostros.
3619 873 3710 935 Pam

2268 964 2290 1000 σ
2329 946 2489 1004 Ozias
2511 949 2764 1021 princeps
2797 953 2979 1023 populi
3010 954 3147 1011 dixit
3170 956 3241 1011 ad
3269 972 3386 1013 eam
3415 976 3428 1013 :
3460 959 3709 1025 Benedictis

2268 1060 2289 1095 ι
2329 1051 2407 1110 ιιι,
2437 1042 2564 1109 tilia,
2602 1059 2633 1099 a
2670 1043 2899 1102 Domino
2927 1046 3038 1103 Deo
3072 1049 3292 1105 excelso
3322 1066 3429 1121 pm
3453 1055 3711 1113 omnibusn-

2268 1153 2289 1187 ‹
2329 1135 2553 1192 lieribus
2584 1153 2745 1210 super
2788 1147 3013 1196 terram.
3060 1141 3385 1201 Benedictus
3409 1145 3629 1213 Dominus,
3664 1155 3709 1222 qui

2265 1245 2285 1279 ‹
2325 1228 2529 1283 creavit
2561 1230 2761 1286 coelum
2796 1241 2853 1287 et
2898 1241 3131 1301 terram,
3193 1236 3289 1306 qui
3314 1244 3368 1292 te
3414 1238 3579 1294 direxit
3597 1241 3711 1298 iuni-

2262 1341 2282 1374 ι
2321 1337 2451 1377 nera
2474 1323 2666 1392 capitis
2687 1326 2948 1395 principis
2974 1326 3320 1383 inimicorum
3343 1338 3605 1387 nostrorum
3621 1352 3631 1397 ;
3647 1338 3709 1403 quia

2261 1428 2282 1463 ¢
2318 1412 2479 1467 hodie
2524 1426 2720 1468 nomen
2760 1420 2910 1467 tuum
2946 1414 3019 1468 ita
3055 1416 3439 1486 magnificavit,
3463 1428 3515 1472 ut
3534 1436 3612 1473 non
3633 1438 3711 1475 ne.

2261 1524 2280 1558 ε
2321 1506 2416 1560 dat
2440 1505 2557 1561 laus
2579 1514 2671 1561 tua
2697 1507 2763 1562 de
2782 1522 2879 1561 ore
2900 1508 3202 1563 hominum.
3236 1528 3256 1560 ι
3295 1509 3557 1565 Benedicta
3583 1522 3639 1567 est
3658 1513 3707 1566 Er-

650 730 670 765 ι
702 710 799 767 Illa
829 718 1010 766 autem
1040 710 1340 767 ascendens
1391 710 1447 765 in
1494 708 1909 765 eminentiorem
1960 709 2162 779 locum,

576 820 599 857 ι
625 801 792 875 jussit
817 801 936 858 fieri
985 802 1298 859 silentium:
1349 800 1592 871 Cumque
1633 816 1821 858 omnes
1846 802 2162 872 tacuissent,

578 920 598 954 ι
635 900 771 957 dixit
818 898 1044 955 Judith:
1078 898 1319 954 Laudate
1366 896 1658 954 Dominum
1690 897 1858 952 Deum
1893 904 2160 963 nostrum,

575 1012 597 1048 ι
633 995 727 1066 qui
750 1009 858 1050 non
895 992 1134 1049 deseruit
1181 1000 1462 1062 sperantes
1500 991 1556 1046 in
1581 1006 1663 1057 se,
1689 1003 1747 1047 et
1774 990 1829 1046 in
1851 1006 1937 1046 me
1966 991 2161 1048 ancilla

575 1103 595 1138 ι
634 1100 733 1141 sua
758 1083 1073 1155 adimplevit
1101 1082 1528 1139 misericordiam
1572 1097 1747 1147 suam,
1776 1097 1937 1152 quam
1957 1083 2162 1152 promi-

571 1189 595 1228 ι
629 1175 702 1230 sit
720 1173 905 1231 domui
926 1173 1113 1240 Israel,
1140 1182 1196 1229 et
1222 1172 1495 1230 interfecit
1528 1174 1581 1229 in
1614 1188 1779 1227 manu
1805 1189 1922 1229 mea
1946 1173 2160 1230 hostem

572 1285 593 1320 α
629 1266 810 1338 populi
836 1266 919 1321 sui
955 1265 1010 1321 in
1035 1267 1140 1322 hac
1168 1274 1348 1321 nocte.
1386 1285 1405 1319 ›
1450 1264 1591 1334 Quid
1616 1272 1698 1320 est
1725 1262 1912 1319 Judith
1940 1265 1995 1319 in
2024 1265 2160 1320 emi-

567 1360 869 1414 nentiorem
895 1358 1073 1414 locum
1097 1359 1410 1425 ascendere,
1455 1357 1559 1413 nisi
1584 1364 1826 1413 sanctam
1858 1355 2156 1413 Ecclesiam

565 1454 635 1508 ad
656 1467 892 1525 superna
919 1460 975 1507 et
1004 1451 1245 1508 coelestia
1295 1452 1547 1523 dogmata
1577 1466 1885 1507 sermonem
1924 1464 2153 1505 conver-
2212 1490 2220 1499 .

564 1550 699 1610 tere,
731 1552 789 1598 ut
814 1542 940 1599 illuc
965 1551 1180 1599 nostros
1208 1543 1417 1599 animos
1461 1542 1727 1608 sustollat,
1756 1550 1811 1598 et
1845 1543 1914 1599 ad
1935 1541 2156 1598 laudan-

562 1636 690 1690 dum
729 1636 898 1691 Deum
940 1650 1039 1706 pro
1067 1635 1337 1691 universis
1363 1634 1643 1691 beneficiis
1668 1635 1809 1701 suis,
1843 1649 1964 1705 quae
1987 1634 2152 1690 mise-

560 1726 851 1782 ricorditer
877 1740 1009 1782 vero
1037 1726 1300 1797 impendit
1327 1725 1514 1791 Israel,
1568 1733 1847 1796 torpentes
1869 1735 2144 1796 provocet,

559 1818 713 1890 cujus
738 1818 913 1873 virtus
936 1818 1147 1874 hostem
1173 1819 1456 1888 antiquum
1502 1816 1774 1873 interfecit
1798 1817 1853 1871 in
1897 1832 2061 1872 manu
2087 1816 2148 1873 il-

2253 1598 2419 1654 clesia
2460 1599 2514 1653 in
2539 1598 2738 1654 virtute
2780 1598 3016 1667 Domini,
3050 1601 3178 1670 quia
3220 1615 3322 1671 per
3364 1602 3522 1671 ipsum
3558 1602 3708 1657 Domina

2252 1690 2507 1745 contrivit
2528 1700 2851 1767 potestatem
2881 1690 3101 1758 diaboli,
3127 1700 3185 1747 et
3203 1692 3480 1748 benedicta
3500 1701 3566 1747 est
3584 1694 3709 1763 illaprz

2249 1782 2500 1837 omnibus
2532 1782 2850 1838 mulieribus
2907 1798 3069 1852 super
3100 1790 3345 1849 terram;
3400 1784 3513 1853 quia
3538 1784 3627 1838 ﬁdei
3653 1786 3709 1852 eius

2173 1874 2223 1935 Β
2251 1872 2538 1937 confessio,
2570 1881 2627 1927 et
2652 1872 2821 1928 divini
2855 1873 3033 1929 cultus
3064 1888 3197 1929 vera
3243 1874 3433 1946 religio
3473 1874 3521 1928 in
3542 1882 3622 1929 toto
3642 1875 3709 1929 om

2246 1965 2446 2019 retinet
2469 1964 2853 2035 principatum.
2888 1963 3053 2034 Cujus
3075 1964 3196 2021 laus
3248 1981 3361 2020 non
3385 1966 3573 2020 recedet
3606 1966 3708 2020 dem

2245 2061 2544 2125 hominum,
2578 2060 2673 2130 qui
2716 2074 2987 2115 memores
3027 2067 3155 2115 sunt
3185 2057 3311 2128 ejus
3355 2057 3533 2122 studii,
3559 2057 3708 2112 etbono-

2243 2166 2365 2205 rum
2387 2158 2628 2215 actuum,
2652 2163 2717 2204 eo
2739 2150 2888 2219 quod
2906 2164 3005 2220 per
3024 2148 3374 2204 dilectionem
3389 2148 3475 2203 Dei
3493 2156 3540 2202 et
3553 2147 3707 2218 proximi,

2242 2256 2350 2312 qua
2375 2241 2610 2296 maxime
2630 2239 2822 2306 fervet,
2856 2254 2966 2294 non
2992 2239 3226 2294 miretur
3253 2238 3623 2310 magnitudinem
3638 2250 3708 2305 prt-

2242 2332 2475 2387 sentium
2501 2330 2935 2395 tribulationum,
2963 2331 3059 2386 sed
3092 2328 3202 2384 ﬁde
3250 2328 3407 2399 plena
3441 2336 3491 2382 et
3524 2341 3596 2395 spe
3624 2325 3706 2377 ﬁrma

624 2431 644 2465 ‹
675 2413 745 2469 Et
767 2416 1052 2485 proferens
1098 2416 1167 2471 de
1192 2430 1328 2486 pera
1356 2422 1520 2485 caput
1559 2414 1868 2471 Holofernis
1905 2415 2144 2473 ostendit
2247 2420 2527 2477 contendit
2582 2420 2652 2475 ad
2711 2418 3067 2475 eminentiam
3121 2418 3426 2474 ccelestium
3461 2414 3706 2486 praemion

557 2518 577 2553 ι
609 2500 718 2557 illis
756 2504 982 2560 dicens:
1035 2505 1178 2561 Ecce
1219 2513 1384 2576 caput
1421 2503 1729 2561 Holofemis
1754 2505 2017 2576 principis
2039 2506 2143 2561 mi-
2240 2514 2333 2571 ubi
2358 2515 2411 2569 in
2439 2516 2621 2570 futura
2649 2515 2759 2569 vita
2782 2529 3008 2570 consors
3047 2514 3157 2569 erit
3183 2513 3370 2586 gaudii
3406 2521 3459 2571 et
3478 2509 3705 2568 beatitudinis

556 2617 576 2651 ‹
607 2600 737 2656 lilia:
761 2602 1128 2676 Assyriorum.
1175 2602 1246 2657 Et
1294 2616 1424 2659 ecce
1472 2617 1776 2673 conopeum
1814 2602 1869 2657 in
1896 2616 2005 2672 quo
2049 2616 2141 2658 re—
2241 2615 2561 2663 sanctorum
2588 2605 2928 2676 angelorum.

552 2712 571 2745 ‹
605 2694 897 2750 cumbebat
920 2695 976 2750 in
1002 2695 1268 2751 ebrietate
1294 2710 1414 2762 sua,
1460 2694 1554 2751 ubi
1578 2709 1677 2765 per
1703 2710 1896 2750 manus
1921 2693 2140 2751 femina:
2317 2717 2334 2749 ι
2380 2697 2549 2752 Porro
2582 2695 2785 2752 Achior
2812 2704 3039 2752 vocatus
3091 2696 3268 2763 venit,
3323 2704 3378 2753 et
3406 2694 3525 2751 dixit
3544 2693 3609 2749 ei:
3630 2691 3704 2745 Deus

551 2803 571 2837 ι
606 2787 875 2856 percussit
911 2786 1062 2842 illum
1091 2787 1353 2843 Dominus
1380 2786 1524 2843 Deus
1552 2794 1761 2842 noster.
1790 2786 1935 2841 Vivit
1957 2792 2140 2841 autem
2247 2808 2265 2841 ι
2307 2788 2490 2853 Israel,
2528 2788 2615 2844 cui
2672 2795 2731 2843 tu
2756 2788 3126 2844 testimonium
3161 2787 3383 2855 dedisti,
3415 2785 3538 2858 quod
3574 2783 3705 2837 ulcisc-

549 2894 569 2928 σ
603 2877 719 2949 ipse
771 2876 1066 2945 Dominus,
1124 2878 1381 2949 quoniam
1443 2876 1734 2933 custodivit
1778 2891 1866 2933 me
1918 2875 2141 2947 angelus
2247 2899 2266 2931 ι
2310 2890 2400 2934 tur
2434 2894 2493 2935 se
2520 2878 2587 2934 de
2614 2877 2851 2933 inimicis
2889 2879 3024 2944 suis,
3052 2878 3169 2948 ipse
3192 2886 3359 2949 caput
3384 2875 3587 2932 omnium
3604 2872 3704 2925 incre-

549 2987 567 3021 ο
604 2968 740 3038 ejus,
765 2979 833 3025 et
849 2969 978 3025 hinc
997 2976 1233 3034 euntem,
1266 2977 1322 3024 et
1346 2968 1890 3032 ihicommorantem,
1931 2974 1989 3022 et
2014 2966 2140 3023 inde
2248 2987 2269 3020 ι
2314 2968 2566 3024 dulorum
2622 2968 2814 3023 incidit
2849 2967 2905 3022 in
2939 2967 3045 3023 hac
3084 2976 3250 3024 nocte
3288 2968 3343 3022 in
3377 2980 3524 3021 manu
3564 2955 3706 3017 mall

522 3080 567 3128 ,ι
603 3061 712 3116 huc
736 3068 1125 3127 revertentem,
1152 3068 1209 3115 et
1228 3075 1337 3115 non
1366 3058 1614 3130 permisit
1639 3073 1727 3114 me
1756 3057 2022 3113 Dominus
2045 3071 2139 3112 an-
2247 3076 2269 3111 ‹
2313 3070 2375 3115 ut
2412 3061 2628 3132 probes,
2654 3062 2797 3132 quod
2820 3062 2895 3116 ita
2915 3069 3021 3127 est,
3047 3076 3176 3118 ecce
3203 3069 3367 3132 caput
3392 3049 3702 3120 Holofemisti

552 3172 573 3205 ι
612 3152 793 3209 cillam
832 3167 987 3207 suam
1010 3152 1371 3222 coinquinari,
1402 3151 1498 3206 sed
1540 3150 1658 3205 sine
1693 3150 1989 3221 pollutione
2011 3163 2139 3220 pec-
2249 3173 2268 3206 ‹
2310 3154 2367 3209 in
2395 3162 2708 3225 contemptu
2737 3154 3005 3226 superbiae
3044 3172 3155 3211 suae
3194 3156 3369 3211 Deum
3394 3151 3538 3210 Israel
3560 3156 3691 3204 conta

547 3262 566 3295 ι
601 3244 712 3299 cati
745 3243 1021 3300 revocavit
1049 3258 1137 3299 me
1156 3244 1310 3299 vobis
1325 3242 1652 3315 gaudentem
1684 3241 1742 3296 in
1763 3242 1989 3297 victoria
2013 3256 2133 3309 sua,
2164 3230 2210 3295 C
2246 3263 2265 3296 ι
2308 3243 2442 3315 psit,
2482 3252 2540 3300 et
2586 3246 2683 3301 tibi
2739 3246 3016 3301 interitum
3070 3246 3384 3301 minabatur
3428 3244 3608 3299 dicens:
3631 3235 3702 3290 Cum

546 3354 564 3387 ι
604 3336 659 3390 in
695 3335 952 3391 evasione
988 3349 1108 3391 mea
1131 3344 1187 3389 et
1214 3335 1270 3390 in
1316 3334 1640 3389 liberatione
1658 3341 1860 3389 vestra.
1892 3332 2124 3389 Conflte-
2246 3352 2265 3385 ι
2310 3341 2499 3403 captus
2528 3333 2691 3389 fuerit
2718 3335 2947 3405 populus
2975 3335 3164 3402 Israel,
3188 3336 3365 3406 gladio
3384 3333 3610 3405 perforare
3628 3339 3702 3397 prt-

545 3444 566 3479 ι
600 3424 735 3480 mini
761 3425 840 3480 illi
866 3438 1077 3493 omnes,
1109 3424 1368 3495 quoniam
1395 3424 1603 3491 bonus,
1645 3423 1903 3494 quoniam
1950 3424 2007 3478 in
2032 3439 2134 3479 ste-
2244 3439 2263 3472 r
2306 3422 2505 3492 cipiam
2574 3422 2744 3478 latera
2767 3431 2876 3478 tua.
2917 3424 3118 3480 Videns
3185 3434 3369 3479 autem
3415 3421 3581 3477 Achior
3615 3422 3703 3482 capti

544 3535 564 3569 ι
600 3516 780 3571 culum
804 3515 1179 3572 misericordia
1212 3514 1348 3584 ejus.
1383 3535 1403 3567 ι
1445 3514 1661 3572 Profert
1684 3513 1869 3570 Iudith
1919 3515 1975 3569 in
2002 3529 2136 3573 con-
2242 3532 2261 3569 t
2306 3513 2635 3583 Holoferuis,
2659 3515 2999 3587 angustiatus
3026 3532 3140 3587 prae
3184 3532 3387 3587 pavore
3415 3511 3635 3571 ceciditin
3662 3505 3701 3559 la-

538 3614 728 3677 spectu
755 3604 939 3676 populi
966 3613 1133 3676 caput
1158 3602 1485 3670 Holofernis,
1510 3612 1565 3659 et
1589 3603 1828 3662 ostendit
1847 3602 1953 3664 illis
1971 3622 2138 3663 cono.
2243 3624 2263 3659 ι
2306 3607 2448 3663 ciem
2479 3622 2643 3679 super
2676 3615 2904 3672 terram,
2936 3616 2992 3662 et
3015 3609 3270 3663 aestuavit
3305 3608 3472 3663 anima
3498 3605 3601 3675 ejus
3621 3599 3703 3653 Fosi

536 3714 702 3772 peum
742 3697 861 3768 ejus
887 3739 902 3766 ,
949 3699 1007 3753 in
1043 3714 1152 3769 quo
1188 3699 1542 3755 recumbebat
1592 3699 1649 3754 in
1696 3700 1962 3756 ebrietate
1995 3715 2132 3756 sua:
2244 3716 2264 3751 ι
2309 3714 2375 3756 ea
2401 3713 2556 3765 vero,
2579 3698 2706 3768 quia
2742 3707 3024 3769 resumpto
3050 3699 3249 3770 spiritu
3275 3708 3531 3756 recreatus
3550 3703 3702 3759 εει,ρῶ

538 3808 665 3852 cum
702 3801 894 3849 sancta
917 3792 1161 3849 Ecclesia
1202 3800 1439 3848 mentem
1487 3794 1776 3863 superbam
1801 3793 2009 3862 antiqui
2037 3792 2137 3848 ho-
2242 3811 2261 3845 ‹
2306 3790 2439 3847 cidit
2474 3791 2541 3847 ad
2564 3791 2731 3862 pedes
2776 3789 2896 3860 ejus
2917 3799 2974 3847 et
2997 3791 3251 3848 adoravit
3275 3807 3413 3848 eam.
3445 3811 3462 3844 ι
3487 3788 3570 3844 Per
3585 3781 3703 3838 Achiot

538 3886 639 3944 stis
664 3885 914 3943 fidelibus
939 3900 1194 3943 sermone
1220 3883 1399 3940 lucido
1418 3885 1662 3956 exponit,
1685 3893 1741 3941 et
1760 3885 1944 3940 dolum
1966 3885 2132 3953 illius,
2236 3882 2430 3938 ducem
2483 3882 2941 3947 Ammonitarum,
2996 3891 3058 3937 ut
3098 3897 3265 3952 supra
3315 3882 3545 3943 diximus,
3586 3866 3700 3944 pagani

538 3980 596 4036 in
618 3995 726 4051 quo
754 3978 963 4036 malitia
984 3978 1178 4049 plenus
1204 3976 1532 4043 conﬁdebat,
1563 3978 1671 4034 illis
1693 3986 1880 4050 aperte
1904 3978 2131 4047 revelat,
2239 3974 2356 4031 sive
2401 3974 2643 4029 haeretici
2689 3973 3066 4045 designantur,
3125 3976 3221 4044 qui
3249 3991 3370 4030 cum
3404 3972 3606 4027 viderent
3637 3975 3703 4015 δίεν
3786 3972 3787 4027 1

537 4081 601 4127 ut
635 4072 811 4127 sciant
834 4070 1052 4140 quantae
1075 4069 1455 4141 perversitatis
1496 4070 1750 4125 inimicus
1772 4070 2014 4139 ipsorum
2036 4071 2129 4137 sit,
2234 4075 2381 4123 ctam
2417 4066 2716 4122 Ecclesiam
2757 4082 2856 4137 per
2881 4066 3041 4123 ﬁdem
3086 4068 3438 4124 constantiam
3487 4060 3701 4119 hostium:
3786 4060 3787 4077 ‘

538 4168 596 4216 et
639 4169 843 4231 quanta
890 4160 1091 4230 pietate
1142 4158 1525 4230 omnipotentis
1572 4158 1669 4214 Dei
1731 4159 1832 4215 sub
1891 4160 2134 4218 dominio
2233 4165 2646 4228 persecutorum
2694 4172 2916 4213 suorum
2954 4157 3297 4214 ferocitatem
3348 4168 3584 4228 superare,
3605 4146 3701 4203 nimio

556 1907 915 1973 IiusIeminae,
951 1909 1018 1966 de
1056 1924 1164 1980 qua
1203 1909 1272 1965 ad
1314 1908 1566 1965 callidum
1613 1917 1920 1980 serpentem
1962 1910 2147 1966 Domi-

555 2015 658 2055 nus
687 2000 741 2055 in
778 2000 1077 2071 primordio
1107 2000 1220 2055 ait:
1276 2019 1294 2050 ‹
1331 1999 1452 2071 Ipsa
1476 2008 1721 2056 conteret
1752 2008 1914 2072 caput
1950 2000 2086 2071 ejus.
2117 2022 2137 2056 ι

553 2090 771 2146 Etcum
811 2092 928 2162 ipsa
956 2091 1171 2147 Veritas
1223 2093 1278 2148 in
1306 2092 1599 2163 Evangelia
1647 2093 1763 2147 ait:
1820 2111 1840 2144 ι
1876 2092 2017 2149 Ecce
2043 2109 2143 2168 ego

552 2181 691 2238 dabo
728 2184 880 2239 vobis
922 2191 1248 2254 potestatem
1291 2183 1533 2239 calcandi
1563 2198 1727 2254 super
1774 2192 2053 2254 serpentes
2088 2192 2144 2241 et

550 2279 887 2349 scorpiones,
913 2286 968 2335 et
989 2295 1153 2352 super
1171 2293 1390 2335 omnem
1414 2278 1674 2334 virtutem
1696 2277 1921 2333 inimici.
1951 2297 1972 2332 ι

538 4253 778 4310 ﬁdelium
825 4253 1129 4309 animarum
1181 4263 1468 4325 superatus
1500 4262 1663 4325 atque
1709 4255 1961 4311 redactus
2004 4262 2130 4320 est;
2232 4262 2437 4318 pavore
2482 4247 2732 4303 CODCUSSi
2764 4263 2795 4302 ει
2826 4250 3168 4305 contumacia
3237 4249 3475 4306 elationis
3519 4257 3600 4299 θυῖε
3634 4250 3700 4290 ευτ’

535 4364 673 4423 quas
704 4348 900 4405 illaesas
927 4349 997 4404 ab
1033 4349 1183 4405 omni
1235 4348 1427 4405 fraude
1479 4348 1653 4405 hostis
1699 4358 1756 4405 et
1794 4349 2133 4406 contamina-

2236 4346 2420 4406 ruunt,
2451 4347 2616 4409 atque
2644 4350 2887 4395 sanctam
2913 4340 3215 4397 Ecclesiam
3237 4340 3477 4398 venerari
3502 4334 3625 4429 nimio
3643 4340 3701 4381 ler-

538 4422 686 4499 tione
706 4442 911 4498 erroris
937 4442 1204 4513 protectio
1237 4440 1421 4496 divina
1450 4440 1765 4508 custodivit,
1816 4448 1877 4495 ut
1900 4439 1987 4496 his
2014 4455 2134 4496 om-
2233 4444 2358 4485 τοτε
2386 4429 2803 4500 compelluntur:
2837 4430 3027 4501 Sicque
3071 4446 3192 4487 cum
3224 4422 3698 4503 sequacibus'suim

537 4535 697 4589 nibus
740 4533 979 4604 perfecte
1020 4532 1217 4604 agnitis
1262 4530 1541 4587 Conditori
1571 4547 1672 4588 suo
1698 4540 1864 4602 atque
1892 4531 2128 4587 Redem-

2236 4534 2412 4576 rorem
2440 4535 2597 4576 suum
2623 4520 2952 4591 relinquere,
2998 4530 3161 4593 atque
3220 4523 3448 4579 fidelium
3488 4522 3699 4574 numemst

535 4626 681 4695 ptori
721 4585 823 4693 prro
860 4624 965 4678 hoc
989 4585 1286 4693 condignas
1316 4622 1519 4690 gratias
1547 4631 1733 4693 agant,
1765 4585 1937 4693 atque
1969 4622 2130 4681 devo-

2236 4627 2329 4684 per
2349 4611 2671 4667 catholicam
2701 4585 3117 4681 confessionem,
3161 4623 3218 4670 et
3237 4611 3549 4686 baptismatis
3584 4614 3699 4699 perit:

540 4694 624 4774 tas
649 4719 839 4773 laudes
876 4718 1212 4773 incessanter
1250 4715 1509 4772 referant.
1553 4716 1691 4773 Hinc
1733 4725 1836 4783 est,
1867 4717 2011 4787 quod
2034 4731 2131 4787 pa-

2236 4707 2473 4779 ptionem
2500 4708 2774 4762 associare
2824 4706 3104 4763 festinant.
3132 4708 3288 4765 Unde
3322 4724 3418 4779 per
3450 4703 3603 4760 Isaiam
3625 4694 3699 4787 diti-

540 4820 657 4866 stor
682 4808 937 4866 Ecclesia:
960 4809 1232 4865 auditores
1256 4824 1383 4865 suos
1420 4809 1700 4865 admonuit
1726 4783 1951 4864 dicens;
1984 4828 2003 4860 ι
2234 4806 2363 4853 tur:
2400 4817 2419 4849 ε
2465 4799 2697 4855 venient
2733 4800 2801 4853 ad
2841 4806 2893 4854 ιθ
2929 4800 3082 4855 ειπνί
3121 4799 3217 4855 ﬁlii
3254 4813 3450 4862 eorum,
3486 4792 3558 4865 φιί
3588 4783 3698 4841 ⁸⁸⁸⁸⁸⁸

540 4903 642 4958 brii
684 4910 879 4969 estote,
922 4902 1050 4971 quia
1097 4902 1443 4958 adversarius
1466 4911 1649 4959 vester
1691 4902 1961 4973 diabolus,
2010 4911 2130 4958 tan-

2236 4887 2596 4953 miliaverunt,
2630 4896 2686 4942 et
2716 4888 3020 4944 adorabunt
3078 4888 3304 4960 vestigia
3352 4886 3525 4957 pedum
3563 4884 3695 4979 tam“

540 5011 700 5067 quam
724 4995 811 5049 leo
840 4994 1060 5064 rugiens
1079 4993 1274 5049 circuit
1292 5008 1545 5064 quaerens
1566 5009 1729 5065 quem
1754 4993 1997 5061 devoret,
2038 4995 2129 5051 cui
2232 4992 2441 5042 οωηεεν
2468 4978 2558 5067 (Ιιξί
2587 4977 2949 5034 detrahebant
2984 4978 3105 5044 tibi,
3144 4980 3411 5035 vocabunt
3432 4984 3479 5030 ιθ
3511 4973 3695 5026 emam"

539 5065 778 5144 resistite
815 5084 983 5141 fortes
1010 5085 1065 5140 in
1088 5084 1194 5140 ﬁde
1220 5084 1273 5157 (I
1302 5084 1449 5142 Petr.
1482 5086 1557 5157 v).
1597 5106 1616 5139 ι
1667 5086 1805 5143 Hinc
1831 5096 1888 5142 et
1928 5086 2128 5144 Paulus
2231 5067 2465 5134 Dominis
2507 5065 2637 5122 Sion
2663 5068 2835 5123 sane“
2861 5068 3026 5125 Israel
3047 5067 3203 5141 (Ῐεαίυ
3230 5066 3341 5140 ιι)ο
3364 5086 3383 5121 ³

544 5182 658 5235 ait:
704 5199 723 5231 ι
760 5178 974 5244 Timeo,
1023 5192 1091 5233 ne
1112 5178 1253 5232 sicut
1281 5192 1507 5248 serpens
1546 5178 1759 5233 seduxit
1786 5177 1956 5234 Evam
1983 5188 2131 5236 astu-
2825 5198 3055 5256 CAPUT
3093 5200 3233 5256 xw,

542 5273 618 5326 tia
644 5286 767 5335 sua,
798 5270 954 5363 itaet
978 5283 1170 5363 sensus
1193 5269 1364 5363 vestri
1392 5278 1812 5363 corrumpantur
1824 5272 2125 5363 ap‘veritate,
2231 5290 2419 5346 “diu,
2450 5288 2642 5361 ρορυιο
2664 5362 2669 5363 7
2692 5290 2971 5346 conn-“um
3025 5294 3218 5363 pmbe,
3252 5302 3331 5359 κε,
3359 5294 3567 5346 mum
3600 5282 3691 5363 (in?

544 5377 664 5431 qua:
686 5369 773 5416 est
796 5360 849 5415 in
870 5359 1088 5416 Christo
1108 5358 1235 5415 Iesu
1257 5359 1489 5415 Domino
1534 5369 1721 5416 nostro
1761 5360 1812 5433 (1
1838 5360 1960 5415 Cor.
1990 5360 2123 5434 x1)»
2301 5348 2699 5444 porte},'arntis
2749 5348 3074 5434 perstrepant
3104 5348 3415 5435 υεγΑεεάήὶε
3451 5348 3693 5413 Μίκων’

544 5450 606 5505 Et
636 5451 765 5505 item
794 5469 808 5505 :
843 5468 863 5502 ι
896 5448 1311 5516 Confortamini,
1362 5451 1557 5521 inquit,
1595 5452 1650 5506 in
1674 5452 1921 5516 Domino,
1959 5461 2015 5508 et
2070 5454 2125 5509 in
2302 5441 2465 5487 θωπί·

541 5542 785 5616 potentia
816 5541 1032 5596 virtutis
1056 5540 1192 5610 ejus,
1242 5549 1296 5597 et
1326 5542 1531 5599 induite
1555 5559 1654 5599 vos
1685 5555 1959 5600 armatura
2007 5546 2124 5613 Dei,
2307 5566 2326 5599 ι
2364 5548 2510 5603 Dixit
2537 5548 2725 5606 Judith
2774 5551 2843 5608 ad
2879 5566 3098 5608 omnem
3132 5552 3376 5625 populum
3407 5566 3419 5602 :
3445 5540 3600 5601 Audite
3624 5541 3688 5589 “ei

544 5645 605 5692 ut
635 5635 854 5708 possitis
889 5644 1037 5690 stare
1076 5634 1339 5693 adversus
1360 5637 1585 5694 insidias
1608 5635 1825 5692 diaboli.
1855 5637 1991 5707 Quia
2018 5654 2123 5696 non
2234 5658 2253 5693 ι
2301 5639 2520 5707 fratres,
2552 5645 2869 5714 suspendite
2915 5646 3020 5702 hoc
3053 5656 3212 5719 caput
3259 5658 3409 5715 super
3452 5644 3596 5693 muros

542 5738 629 5787 est
662 5727 816 5785 vobis
835 5727 1144 5787 colluctatio
1167 5731 1426 5789 adversus
1460 5744 1678 5787 carnem
1699 5740 1755 5787 et
1784 5732 2125 5804 sanguinem,
2235 5753 2254 5788 ι
2298 5746 2466 5792 stros.
2492 5735 2562 5792 Et
2594 5738 2719 5805 erit,
2748 5754 2873 5795 cum
2899 5741 3097 5797 exierit
3122 5742 3223 5809 sol,
3258 5737 3467 5809 accipiat
3487 5723 3688 5809 nam“?

540 5824 642 5885 sed
663 5823 924 5884 adversus
949 5825 1223 5899 principes
1240 5835 1297 5883 et
1318 5824 1634 5898 potestates,
1662 5827 1923 5884 adversus
1939 5827 2128 5885 mundi
2233 5845 2253 5879 ι
2297 5842 2405 5897 que
2430 5842 2583 5885 arma
2609 5804 2728 5899 sua,
2766 5839 2822 5886 et
2842 5832 2989 5889 exite
3018 5848 3143 5890 cum
3182 5804 3392 5907 impetu,
3433 5838 3521 5883 non
3554 5822 3597 5870 ιιι
3626 5804 3685 5859 (κ’
