3882 6452
84 371 174 430 δτι
981 350 984 352 ⁷
1189 365 1550 425 EXPOSITIO
1586 367 1653 425 IN
1691 365 1954 427 LIBRUM
1989 367 2258 428 JUDITII.

3258 379 3360 439 578

95 508 114 541 ‹
156 483 424 542 scendatis
459 481 732 549 deorsum,
759 482 854 540 scd
879 483 1035 554 quasi
1089 483 1350 554 impetum
1381 482 1662 539 facientes.
1691 485 1746 548 Α
1771 484 1913 551 tulit,
1937 494 2100 555 atque
2145 486 2200 541 in
2224 485 2305 541 eis
2333 484 2753 542 famosissimam
2776 485 3060 543 victoriam
3089 491 3157 546 de
3190 490 3368 550 hosti-

95 601 113 635 ι
155 579 306 634 Tunc
343 577 712 648 exploratores
768 592 991 633 necesse
1043 577 1166 642 erit,
1223 587 1283 632 ut
1340 576 1552 649 fugiant
1601 577 1669 632 ad

96 690 114 725 ε
156 669 454 744 principem
483 683 640 724 suum
667 669 1014 725 excitandum
1041 669 1108 722 ad
1146 683 1400 738 pugnam.
1428 667 1669 739 Cumque

94 784 111 816 ι
149 765 312 818 duces
341 777 530 818 eorum
573 762 916 817 cucurrerint
966 761 1033 815 ad
1065 761 1475 816 tabernaculum
1506 760 1670 816 Holo-

95 873 110 904 ι
156 853 342 919 fernis,
375 860 432 907 et
489 851 795 907 invenerint
845 865 970 907 eum
1007 861 1257 906 truncum
1295 853 1350 906 in
1397 867 1494 908 suo
1545 868 1670 907 san-

93 968 108 999 ι
148 946 306 1018 guine
345 944 672 1011 volutatum,
716 944 929 1000 decidet
961 959 1122 1014 super
1171 958 1264 1000 eos
1294 945 1475 999 timor.
1507 943 1669 998 Cum-

92 1062 108 1093 ι
152 1056 253 1111 que
277 1039 645 1110 cognoveritis
670 1037 855 1110 fugere
903 1054 1017 1105 eos,
1048 1039 1122 1095 ite
1149 1047 1272 1110 post
1320 1039 1442 1094 illos
1470 1037 1667 1103 securi,

92 1153 108 1183 ε
152 1130 407 1202 quoniam
469 1131 730 1185 Dominus
763 1138 1012 1185 conteret
1040 1145 1135 1186 eos
1184 1131 1284 1184 sub
1312 1129 1538 1200 pedibus
1578 1144 1670 1183 ve-

91 1244 107 1275 ι
151 1225 294 1280 stris.
335 1243 354 1276 ι
411 1224 582 1278 Docet
641 1223 881 1280 Ecclesia
953 1232 1200 1280 materno
1250 1223 1444 1280 aﬁ'ectu
1505 1233 1671 1292 atque

84 1313 377 1386 magistrali
403 1314 733 1370 auctoritate
783 1314 924 1371 ﬁlios
972 1331 1120 1382 suos,
1171 1315 1404 1386 qualiter
1456 1315 1668 1370 hostem

83 1406 414 1477 spiritualem
458 1406 839 1477 insequantur,
866 1407 1077 1463 scilicet
1098 1417 1158 1462 ut
1184 1423 1308 1463 cum
1330 1407 1526 1462 exierit
1563 1407 1666 1473 sol,

82 1501 406 1570 suSpendant
435 1509 597 1570 caput
627 1501 830 1556 inimici
859 1501 942 1556 sui
969 1516 1131 1571 super
1159 1515 1344 1556 muros
1370 1515 1530 1566 suos;
1566 1500 1671 1554 hoc

82 1602 178 1656 est,
217 1608 341 1647 cum
365 1594 638 1649 serenitas
666 1593 862 1648 divinae
897 1593 1218 1664 placationis
1250 1602 1306 1649 et
1333 1592 1551 1664 superni
1577 1607 1667 1648 so-

81 1685 188 1738 latii
220 1683 326 1738 illis
376 1684 800 1755 resplenducrit,
859 1700 984 1739 mox
1015 1685 1308 1740 contritam
1361 1684 1670 1754 superbiam

81 1774 244 1828 hostis
281 1773 498 1843 antiqui
550 1774 797 1830 doctrina
852 1774 1162 1844 evangelica
1202 1790 1308 1846 qua
1353 1774 1670 1829 muniuntur

1771 577 1874 633 bus
1916 577 2030 632 suis
2082 578 2327 648 percepit
2376 596 2389 632 :
2439 587 2500 634 ut
2543 578 2802 651 ﬁguraret
2838 579 3048 636 futuros
3091 582 3367 657 Evangelii

1768 683 2066 739 praecones,
2099 669 2294 739 quibus
2331 669 2639 726 colluctatio
2668 685 2775 725 non
2807 680 2926 726 erat
2951 673 3188 742 gerenda
3231 691 3366 731 con-

1771 769 1856 816 tra
1880 777 2101 817 carnem
2137 771 2192 817 et
2223 763 2564 834 sanguinem,
2586 764 2680 818 sed
2707 764 2966 820 adversus
2991 766 3264 838 principes
3302 778 3361 825 et

1767 861 2066 924 potestates
2109 853 2265 910 istius
2307 855 2512 920 seaculi,
2562 856 2822 911 adversus
2873 857 3060 912 mundi
3117 872 3362 917 rectores

1770 946 2115 1000 tenebrarum
2156 945 2370 1010 harum,
2417 953 2607 1000 contra
2637 945 2942 1016 spiritualia
2995 949 3254 1018 nequitia:
3309 950 3367 1006 in

1770 1036 2102 1104 ctelestibus,
2133 1052 2267 1093 voce
2313 1037 2716 1107 pmdicationis
2742 1045 2800 1092 et
2827 1038 3214 1096 miraculorum
3258 1041 3366 1096 ful-

1771 1144 1899 1200 gere
1929 1130 2123 1201 magis,
2155 1145 2318 1200 quam
2344 1144 2623 1184 armorum
2654 1130 3114 1199 conquassatione
3159 1139 3369 1188 terrere

1772 1232 1936 1292 atque
1983 1238 2241 1293 superare
2299 1223 2484 1277 hostes
2535 1221 2837 1277 universos.
2898 1221 2966 1276 Et
3022 1221 3165 1276 infra
3215 1225 3367 1291 dicit,

1771 1314 2021 1385 Assyrios
2067 1329 2176 1368 non
2216 1312 2481 1368 adunatos
2534 1313 2590 1367 in
2640 1310 2825 1383 fugam
2869 1326 2991 1367 esse
3035 1313 3367 1384 praecipites,

1771 1406 1912 1462 ﬁlios
1949 1415 2129 1462 autem
2182 1406 2349 1463 Israel
2396 1422 2502 1462 uno
2544 1406 2761 1475 agmine
2809 1421 2904 1462 eos
2941 1416 3366 1477 persequentes;

1772 1502 1898 1572 quia
1925 1517 2258 1572 paganorum
2290 1511 2344 1556 et
2374 1500 2774 1568 haereticorum,
2809 1508 2864 1555 et
2889 1500 3134 1555 omnium
3166 1501 3362 1572 impio-

1771 1609 1891 1649 rum
1929 1593 2254 1664 multiplices
2282 1602 2409 1650 sunt
2445 1609 2684 1660 errores,
2718 1601 2773 1649 et
2817 1593 2971 1648 varia
3008 1593 3359 1664 iniquitatum

1771 1685 1948 1751 devia,
1979 1685 2034 1739 in
2072 1687 2270 1756 quibus
2309 1687 2538 1757 dispersi
2573 1701 2851 1756 nunquam
2882 1699 2941 1740 se
2974 1685 3283 1741 coadunare
3308 1687 3364 1741 in

1772 1779 1858 1832 via
1903 1779 2127 1850 justitiae
2172 1789 2416 1850 possunt.
2471 1779 2708 1851 Populus
2758 1788 2938 1836 autem
2984 1779 3102 1846 Dei,
3157 1789 3212 1836 et
3252 1779 3368 1836 veri

79 1863 350 1920 credentes
379 1864 638 1921 omnibus
686 1865 1036 1936 Ρθῑθῖειείειηῐ,
1071 1873 1126 1921 ει
1147 1865 1317 1922 induti
1350 1865 1517 1921 armis
1563 1879 1673 1920 009‘
1699 1867 1748 1928 B
1775 1871 2116 1928 confessores
2162 1872 2364 1929 Christi
2397 1889 2503 1930 uno
2541 1874 2777 1944 agmine,
2813 1876 2920 1930 hoc
2947 1880 3057 1939 est,
3104 1888 3212 1928 uno
3241 1871 3367 1928 ﬁdei

77 1955 315 2022 lestibus,
345 1955 401 2011 id
435 1965 541 2023 est,
569 1965 725 2012 scuto
755 1956 900 2024 ﬁdei,
929 1956 1097 2013 lorica
1116 1957 1364 2028 justitize,
1401 1955 1554 2028 galea
1580 1971 1668 2010 sa-

77 2047 216 2112 lutis,
247 2047 431 2120 gladio
457 2049 702 2119 spiritus,
729 2049 874 2119 quod
922 2056 1005 2104 est
1038 2047 1264 2103 verbum
1296 2041 1416 2114 Dei,
1447 2062 1552 2102 non
1576 2062 1664 2103 se-

78 2142 265 2212 gniter,
305 2141 404 2197 sed
433 2140 652 2196 fortiter
681 2141 1027 2196 inimicorum
1077 2155 1306 2195 cuneum
1335 2155 1665 2211 persequan-

80 2242 180 2286 tur.
208 2232 278 2288 At
304 2233 383 2288 illi
409 2234 727 2288 obedientes
756 2232 875 2287 voci
905 2233 1184 2304 magistra:
1206 2247 1303 2302 per
1323 2232 1525 2299 omnia,
1557 2232 1668 2287 sic-

77 2335 131 2380 ut
159 2333 315 2381 crant
347 2326 553 2391 edocti,
614 2325 691 2380 ita
730 2325 955 2380 faciunt.
1012 2325 1164 2380 Unde
1211 2324 1458 2379 exterriti
1507 2325 1669 2381 duces

77 2416 285 2472 adversi
331 2417 612 2472 exercitus
649 2417 716 2472 ad
761 2417 1062 2488 principem
1111 2432 1268 2472 suum
1299 2416 1668 2472 suscitandum

78 2505 150 2560 ire
210 2517 502 2580 coguntur,
558 2524 680 2564 cum
730 2509 890 2578 primi
944 2517 1355 2579 persecuturum
1419 2509 1667 2564 videntes

77 2608 270 2654 sanctae
291 2599 555 2656 Ecclesiae
594 2599 856 2656 unitatem
884 2610 940 2656 et
965 2601 1217 2657 ﬁduciam
1247 2610 1437 2658 contra
1458 2617 1518 2658 se
1549 2617 1669 2658 ere-

78 2701 236 2758 ctam,
269 2693 336 2748 ad
378 2694 524 2750 idola
570 2710 669 2750 sua
697 2704 753 2750 et
801 2693 935 2750 falsa
985 2696 1208 2751 numina
1244 2704 1577 2751 concurrunt
1610 2705 1670 2750 ut

77 2799 258 2839 eorum
289 2787 595 2842 munimine
623 2796 992 2859 protegantur.
1027 2787 1134 2843 Sed
1163 2803 1286 2843 cum
1329 2787 1396 2842 ad
1419 2802 1512 2842 eos
1540 2801 1669 2842 con-

76 2875 332 2948 fugerint,
357 2880 636 2938 invenient
665 2881 785 2938 illos
830 2883 1080 2938 fceditate
1129 2883 1360 2956 propriae
1408 2881 1667 2954 nequitia:

77 2982 194 3024 esse
217 2973 620 3041 spurcissimos,
659 2989 760 3030 nec
787 2975 867 3030 eis
891 2975 1110 3046 aliquod
1137 2975 1392 3031 solatium
1419 2973 1668 3030 conferre

73 3074 249 3129 posse,
281 3080 409 3119 cum
436 3065 540 3136 ipsi
585 3067 734 3122 onmi
761 3067 962 3122 virtute
987 3075 1148 3138 atque
1175 3068 1372 3122 robore
1419 3074 1546 3122 sunt
1575 3067 1668 3121 de-

73 3153 265 3210 stituti.
299 3156 456 3214 Unde
501 3158 640 3231 fugae
690 3161 943 3230 praesidio
995 3176 1053 3216 se
1095 3161 1306 3215 salvare
1360 3169 1664 3230 sperantes,

1773 1971 1959 2021 tenore
1991 1966 2240 2021 veritatis
2271 1967 2544 2022 tramitem
2589 1975 2844 2038 pergunt,
2876 1974 2933 2022 et
2956 1973 3164 2021 certam
3189 1965 3366 2022 victo-

1769 2057 1908 2113 riam
1935 2058 2002 2114 de
2032 2060 2474 2129 persecutoribus
2504 2060 2618 2116 suis
2649 2061 2888 2132 capiunt.

1845 2169 1866 2202 ς
1903 2149 2156 2221 Misitque
2204 2150 2367 2207 Ozias
2396 2152 2617 2208 nuntios
2652 2167 2752 2222 per
2795 2166 2984 2208 omnes
3017 2153 3267 2208 civitates
3309 2161 3364 2207 et

1775 2256 1794 2290 ‹
1833 2241 2084 2312 regiones
2131 2242 2317 2298 Israel.
2363 2241 2553 2298 Omnis
2619 2244 2804 2313 itaque
2852 2245 3026 2316 regio,
3079 2244 3368 2312 omnisque

1777 2351 1796 2386 ι
1833 2335 1963 2390 urbs
1993 2336 2220 2391 electam
2241 2335 2588 2407 juventutem
2615 2345 2884 2392 armatam
2919 2336 3068 2391 misit
3098 2345 3222 2406 post
3246 2350 3362 2400 eos,

1774 2445 1792 2478 ‹
1830 2437 1885 2482 et
1909 2428 2179 2499 persecuti
2207 2436 2334 2484 sunt
2363 2443 2458 2484 eos
2485 2429 2538 2484 in
2569 2443 2667 2484 ore
2699 2428 2882 2499 gladii,
2921 2442 3203 2498 quousque
3238 2441 3366 2497 per-

1774 2538 1794 2572 ‹
1832 2521 2082 2576 venirent
2121 2523 2189 2577 ad
2218 2523 2619 2578 extremitatem
2652 2523 2842 2578 ﬁnium
2875 2538 3119 2579 suorum.
3149 2518 3365 2589 Reliqui

1773 2630 1792 2662 ‹
1839 2621 2042 2679 autem,
2071 2614 2164 2683 qui
2187 2622 2348 2669 erant
2373 2615 2427 2668 in
2459 2612 2732 2681 Bethulia,
2761 2613 2994 2686 ingressi
3023 2621 3152 2669 sunt
3182 2619 3366 2668 castra

1773 2719 1793 2752 ι
1833 2701 2203 2774 Assyriorum,
2241 2714 2294 2760 et
2334 2705 2594 2775 praedam,
2643 2721 2808 2776 quam
2847 2704 3119 2777 fugientes
3154 2700 3365 2774 Assyrii

1773 2807 1791 2841 ι
1839 2791 2192 2863 reliquerant,
2238 2793 2599 2860 abstulerunt,
2631 2803 2686 2850 et
2710 2793 3100 2849 onustatisunt
3125 2791 3301 2847 valde.
3337 2809 3387 2852 ι,

1767 2881 1947 2952 Ozias,
1979 2886 2074 2956 qui
2112 2887 2501 2957 interpretatur
2535 2886 2696 2942 robur
2733 2886 2970 2952 Domini,
3014 2885 3236 2941 nuntios
3266 2898 3365 2955 per

1768 2991 1958 3032 omnes
1979 2978 2229 3033 civitates
2252 2986 2307 3033 et
2341 2978 2590 3050 regiones
2619 2977 2786 3034 Israel
2813 2977 3002 3043 mittit,
3032 2983 3088 3031 et
3113 2976 3366 3030 hortatur

1769 3084 1867 3124 eos
1895 3069 2082 3124 venire
2111 3070 2177 3125 ad
2222 3069 2628 3140 perse’quendos
2667 3069 2871 3134 hostes,
2905 3083 3032 3123 cum
3067 3067 3366 3121 Strenuitas

1771 3167 2084 3214 sanctorum
2108 3159 2551 3230 praedicatorum,
2592 3158 2686 3228 qui
2725 3157 2833 3213 ﬁde
2860 3156 3060 3212 Christi
3091 3153 3365 3219 conforta-

73 3246 386 3317 relinquunt
409 3228 613 3316 omnia,
652 3228 776 3307 cum
797 3253 995 3323 quibus
1042 3228 1413 3325 temporaliter
1463 3268 1522 3309 se
1558 3270 1663 3309 cae-
1694 3228 1740 3292 C
1775 3251 1814 3306 ti
1858 3258 2006 3316 sunt,
2035 3228 2134 3321 per
2163 3251 2389 3306 verbum
2419 3248 2698 3320 Evangelii
2727 3263 2920 3304 omnes
2946 3247 3138 3303 incitat
3173 3253 3364 3302 contra

70 3341 203 3394 teris
251 3341 522 3397 excellere
557 3358 717 3414 posse
771 3345 1081 3411 credebant,
1126 3354 1182 3401 et
1222 3361 1319 3416 per
1347 3361 1660 3418 camporum

67 3428 186 3481 vias
216 3437 272 3482 ct
312 3432 532 3487 semitas
573 3434 791 3489 collium
824 3435 1248 3508 disperguntur;
1290 3439 1417 3509 quia
1445 3454 1554 3494 non
1581 3447 1666 3494 est

70 3515 272 3582 virtus,
300 3534 478 3590 neque
506 3522 815 3590 consilium,
847 3540 1022 3596 neque
1069 3529 1312 3598 potentia
1360 3531 1502 3600 apud
1546 3545 1662 3598 eos,

73 3611 164 3678 qui
193 3619 389 3666 contra
417 3614 703 3670 Dominum
735 3617 1001 3674 rebellare
1024 3620 1337 3692 disponunt,
1371 3623 1510 3678 sicut
1530 3625 1666 3679 scri-

77 3713 230 3773 ptum
259 3715 346 3762 est
381 3725 394 3761 :
432 3729 448 3759 ι
483 3708 601 3765 Νοη
627 3719 710 3764 est
734 3712 1040 3780 prudentia,
1091 3728 1197 3769 non
1242 3723 1327 3771 est
1376 3717 1660 3786 sapientia,

76 3816 180 3858 non
211 3814 298 3860 est
325 3806 610 3862 consilium
645 3817 836 3863 contra
864 3809 1172 3865 Dominum.
1208 3830 1226 3860 ι
1261 3811 1330 3866 Et
1353 3810 1619 3868 Jeremias
1646 3827 1662 3867 :

84 3910 100 3944 ι
142 3894 257 3952 Non
282 3896 520 3969 elIugiet,
570 3899 770 3969 inquit,
817 3900 997 3968 velox,
1028 3917 1131 3958 nec
1175 3901 1373 3958 salvari
1401 3919 1460 3959 se
1513 3912 1666 3974 putet

79 3983 248 4041 fortis.
283 3987 408 4042 Dies
439 3997 622 4045 autem
652 3989 866 4046 Domini
904 3992 1244 4048 exercituum
1271 4002 1450 4050 sumet
1492 3994 1666 4050 vindi-

81 4085 214 4131 ctam
241 4079 306 4133 de
332 4079 566 4137 inimicis
597 4082 730 4150 suis,
779 4083 1062 4139 devorabit
1107 4085 1318 4157 gladius
1347 4095 1402 4142 et
1454 4095 1667 4142 satura-

80 4165 242 4236 bitur,
267 4178 322 4227 et
342 4169 705 4228 inebriabitur
735 4174 1001 4244 sanguine
1046 4190 1237 4232 eorum
1264 4175 1400 4247 (Jer.
1428 4176 1596 4249 vat).
1640 4196 1660 4230 ι

671 4287 900 4344 CAPUT
951 4288 1070 4344 XV.

84 4371 308 4454 Populus
350 4378 598 4449 Assyrios
637 4379 692 4432 in
725 4381 906 4454 fugam
931 4381 1080 4435 vertit
1127 4382 1356 4454 etcaesis
1387 4381 1668 4454 quamplu-

147 4447 574 4522 rimisimagnam
604 4447 840 4522 praedam
872 4461 1119 4522 reportat.
1156 4447 1409 4508 Joachim'
1430 4447 1668 4507 summus

147 4521 381 4589 pontifex
403 4520 468 4574 ab
492 4520 789 4575 Jerusalem
809 4520 1072 4576 descendit
1093 4523 1392 4578 Bethuliam
1417 4533 1472 4578 ut
1493 4523 1667 4578 videat

146 4584 352 4665 {adit/2,
416 4608 573 4665 quam
625 4591 1067 4665 benedictionibus
1099 4593 1443 4665 _cumulavit;
1497 4612 1664 4665 popu-

147 4653 535 4739 lusqueZmnnia
587 4679 706 4733 qua:
743 4663 951 4732 fuerant
998 4663 1305 4735 Holofernis
1343 4653 1541 4720 victrici
1567 4653 1663 4736 'fe-

147 4732 299 4786 mima
327 4732 556 4803 largitus
583 4732 680 4788 est.

156 4839 174 4871 ι
206 4820 465 4879 Videntes
500 4824 685 4894 itaque
711 4826 805 4881 ﬁlii
841 4827 1006 4882 Israel
1029 4826 1320 4899 fugientes,
1341 4827 1510 4883 secuti
1543 4835 1669 4883 sunt

93 4910 276 4980 tillos,
334 4915 841 4986 descenderuntque
886 4917 1201 4988 clangentes
1244 4917 1388 4972 tubis
1441 4927 1498 4972 et
1545 4917 1666 4972 ulu-

93 5015 112 5050 ι
145 5001 310 5061 Iantes
339 5015 465 5076 post
485 5007 650 5078 ipsos.
681 5007 751 5062 Et
777 5009 1034 5078 quoniam
1069 5008 1278 5080 Assyrii
1307 5025 1416 5064 non
1445 5008 1667 5064 adunati

96 5108 113 5143 t
147 5093 199 5147 in
223 5095 406 5169 fugam
445 5098 598 5154 ibant
632 5100 955 5170 praecipites,
986 5098 1082 5154 ﬁlii
1129 5110 1312 5155 autem
1350 5099 1516 5155 Israel
1556 5115 1666 5155 uno

99 5203 115 5234 ι
147 5189 356 5258 agmine
386 5199 776 5261 persequentes
807 5190 1160 5247 debilitahant
1182 5205 1374 5246 omnes
1402 5204 1540 5260 quos
1584 5190 1669 5244 in-

102 5293 118 5328 ‹
149 5281 327 5338 venire
351 5281 675 5351 potuissent.
713 5302 732 5336 ι
764 5281 1058 5354 Fugientes
1081 5283 1423 5338 adversarios
1449 5281 1670 5338 Israeli‘

95 5381 160 5429 ta:
187 5389 582 5450 persequuntur
611 5380 922 5451 clangentes
947 5381 1092 5436 tubis
1123 5388 1179 5436 et
1213 5379 1513 5446 ululantes;
1537 5378 1667 5448 quia

97 5473 466 5535 praedicatores
499 5473 673 5530 sancti
699 5488 810 5528 non
839 5471 1009 5528 armis
1051 5471 1380 5539 carnalibus,
1411 5471 1508 5528 sed
1537 5471 1665 5527 tuba

100 5558 406 5637 Evangelica
440 5567 676 5623 hostium
706 5565 895 5636 fugant
929 5564 1250 5629 exercitum,
1287 5571 1344 5618 et
1379 5560 1665 5617 victoriam

99 5664 300 5714 sumere
331 5666 540 5715 certant
567 5658 634 5714 de
665 5657 900 5712 inimicis
937 5656 1074 5712 suis.
1114 5655 1269 5712 Unde
1307 5655 1364 5709 in
1393 5653 1549 5710 libris
1573 5651 1670 5708 Ju-

101 5745 270 5808 dicum
318 5756 535 5812 Gedeon
586 5764 776 5812 contra
817 5753 1139 5809 Madianitas
1179 5761 1515 5823 pugnaturus
1556 5767 1666 5808 non

100 5834 319 5920 laetam,
346 5849 593 5924 clypeum
611 5858 704 5907 aut
730 5847 990 5922 gladium,
1013 5847 1110 5906 sed
1134 5846 1290 5903 tubas
1313 5855 1369 5902 et
1389 5845 1668 5918 lampades

1766 3343 1950 3398 hostes
1991 3341 2316 3398 Christianae
2358 3341 2658 3412 religionis,
2705 3349 2764 3396 ut
2813 3348 2962 3396 recte
3007 3338 3280 3395 credendo
3307 3345 3364 3394 et

1765 3437 1905 3492 bene
1931 3437 2208 3507 operando
2237 3436 2582 3491 inimicorum
2606 3434 2859 3491 studeant
2878 3434 3204 3506 prostituere
3229 3429 3366 3486 mul-

1768 3529 2074 3586 titudinem.
2127 3529 2281 3586 Unde
2329 3529 2506 3584 omnis
2553 3529 2683 3585 urbs
2734 3537 2791 3584 et
2847 3526 3154 3584 communis
3209 3516 3361 3597 regio

1767 3625 1998 3682 electam
2041 3625 2382 3695 iuventutem
2438 3631 2710 3678 armatam
2757 3621 2909 3677 misit
2934 3629 3058 3692 post
3082 3635 3208 3685 eos;
3234 3617 3362 3688 quia

1768 3718 1835 3771 ad
1872 3715 2316 3786 praedicationem
2359 3713 2513 3768 verbi
2540 3712 2639 3768 Dei
2666 3726 2734 3768 ex
2769 3712 3017 3783 gentibus
3046 3717 3209 3780 atque
3238 3721 3364 3778 pro-

1767 3806 1962 3862 vinciis
1989 3807 2232 3878 probata:
2271 3820 2538 3876 persona,
2564 3813 2620 3859 et
2647 3802 2854 3858 viribus
2883 3801 3050 3857 animi
3079 3797 3363 3854 indefecta:

1768 3897 1824 3952 in
1852 3897 2048 3955 militia
2073 3898 2290 3954 Domini
2323 3898 2391 3953 ad
2415 3895 2776 3953 conterendos
2811 3895 2995 3950 hostes
3026 3891 3144 3962 ejus
3166 3904 3365 3946 conve-

1769 3989 1966 4054 niunt,
2031 4005 2170 4060 quos
2243 3988 2548 4060 praevidens
2611 3987 2668 4041 in
2719 3985 2915 4056 spiritu
2978 3982 3146 4038 Isaias
3211 3979 3289 4035 ait
3345 3996 3360 4033 :

1773 4103 1791 4135 ‹
1826 4085 1967 4140 Ecce
1989 4085 2068 4140 illi
2103 4086 2170 4141 de
2199 4085 2355 4157 longe
2393 4083 2637 4147 venient,
2668 4089 2725 4136 et
2752 4095 2883 4136 ecce
2909 4077 2987 4133 illi
3017 4077 3086 4133 ab
3107 4075 3362 4146 aquilone

1769 4183 1824 4230 et
1851 4175 2012 4241 mari,
2047 4184 2102 4232 et
2147 4175 2239 4231 isti
2260 4177 2326 4229 de
2371 4182 2518 4228 terra
2563 4169 2810 4226 australi.
2857 4168 3074 4231 Audite,
3130 4165 3278 4230 coeli,
3307 4171 3362 4218 et

1769 4267 2004 4326 exsultet
2026 4276 2172 4322 terra
2199 4284 2212 4320 :
2233 4265 2487 4334 jubilate,
2510 4272 2745 4328 montes,
2762 4261 2996 4325 Iaudem,
3013 4259 3141 4329 quia
3164 4271 3358 4314 conso-

1769 4363 1912 4418 latus
1946 4371 2031 4417 est
2049 4360 2311 4416 Dominus
2331 4357 2588 4429 populum
2618 4371 2796 4421 suum,
2829 4342 2885 4409 et
2911 4366 3211 4424 pauperum
3239 4365 3365 4405 suo-

1771 4473 1892 4513 rum
1955 4454 2301 4511 miserebitur
2348 4451 2506 4524 (Isai.
2557 4449 2730 4520 xux).
2798 4468 2819 4500 ι
2870 4448 2940 4502 Et
2989 4447 3129 4502 bene
3167 4444 3365 4500 dicitur

1771 4550 1914 4622 quod
1938 4547 2212 4620 persecuti
2234 4553 2360 4601 sunt
2379 4557 2472 4600 eos
2495 4544 2551 4598 in
2578 4559 2673 4598 ore
2697 4540 2860 4613 gladii
2885 4553 3058 4610 usque
3083 4539 3154 4594 ad
3181 4546 3364 4592 extre-

1772 4643 2018 4698 mitatem
2057 4639 2247 4695 ﬁnium
2273 4652 2498 4694 suorum
2515 4677 2530 4703 ,
2558 4635 2687 4707 quia
2719 4648 2828 4690 non
2851 4632 2960 4689 cito
2981 4629 3186 4687 Christi
3209 4628 3365 4684 miles

1770 4733 1934 4789 debet
1969 4746 2195 4788 securus
2244 4708 2583 4793 essefhoste
2625 4725 2769 4780 intra
2816 4723 3050 4796 patriam
3086 4728 3364 4786 manente,

1772 4824 1868 4879 sed
1899 4831 2014 4879 toto
2048 4823 2172 4877 nisu
2220 4820 2488 4885 laborare,
2517 4825 2580 4873 ut
2621 4832 2746 4872 eum
2787 4813 3024 4886 expellat
3054 4813 3122 4869 de
3166 4811 3366 4868 ﬁnibus

1773 4912 2202 4973 conversationis
2271 4926 2403 4976 suae,
2447 4908 2838 4980 cogitationum
2882 4905 3112 4970 scilicet,
3165 4903 3360 4959 verbo—

1776 5023 1896 5063 rum
1939 5015 1994 5063 et
2021 5015 2265 5071 actuum,
2297 5019 2367 5059 ne
2391 5001 2552 5069 forte,
2580 5002 2627 5058 si
2649 4999 2848 5056 alicubi
2869 4997 3123 5055 concedit
3145 4996 3219 5052 illi
3260 4997 3362 5050 ha-

1770 5099 2108 5163 bitationem,
2138 5097 2318 5152 subito
2359 5109 2485 5151 eum
2512 5090 2808 5150 confundat
2844 5106 2910 5147 ac
2931 5097 3200 5146 conterat.
3227 5086 3364 5143 Cum

1772 5200 1951 5246 autem
1980 5196 2260 5261 peractum
2281 5187 2446 5244 fuerit
2477 5185 2694 5251 bellum,
2720 5192 2836 5240 tum
2872 5183 2940 5240 de
2960 5182 3116 5239 hoste
3137 5197 3363 5240 securus

1765 5285 1879 5358 jam
1908 5292 2151 5354 reportat
2189 5281 2542 5353 triumphum.

1849 5395 1869 5429 ι
1915 5376 1984 5432 Hi
2005 5391 2153 5442 vero,
2181 5375 2275 5445 qui
2300 5373 2539 5428 victores
2559 5378 2690 5428 sunt
2716 5367 2922 5425 reversi
2946 5367 3016 5424 ad
3036 5365 3362 5433 Bethuliam,

1783 5486 1802 5519 ε
1839 5467 2024 5524 omnia
2050 5480 2172 5536 quae
2199 5471 2356 5520 erant
2409 5461 2626 5518 illorum
2665 5459 3007 5517 abstulerunt
3052 5473 3258 5526 seum),
3289 5457 3364 5512 ita

1781 5583 1800 5618 ‹
1837 5572 1898 5619 ιιι
1925 5579 2032 5618 non
2058 5570 2203 5618 esset
2229 5572 2491 5614 numerus
2516 5556 2571 5612 in
2599 5554 2888 5626 pecoribus
2910 5562 2966 5611 et
2992 5552 3277 5625 iumentis,
3309 5557 3362 5606 et

1782 5677 1801 5710 ι
1839 5656 2109 5713 universis
2147 5652 2436 5710 mobilibus
2463 5661 2674 5717 eorum,
2705 5655 2766 5704 ut
2796 5664 2828 5704 a
2855 5647 3083 5703 minimo
3102 5657 3274 5714 usque
3295 5640 3363 5696 ad

1784 5770 1802 5804 ι
1838 5749 2134 5806 maximum
2164 5759 2356 5804 omnes
2383 5742 2578 5801 divites
2607 5743 2802 5798 ﬁerent
2831 5740 2898 5796 de
2939 5732 3363 5810 praedationibus

1782 5864 1801 5900 ι
1838 5858 2046 5902 eorum.
2078 5862 2098 5897 ι
2141 5839 2346 5902 Intueri
2373 5843 2589 5911 oportet
2621 5835 2768 5910 quod
2792 5832 2926 5892 dicit
2957 5845 3053 5892 eos
3078 5828 3170 5901 qui
3218 5826 3362 5883 intra
