3882 6462
571 322 687 393 579

1229 317 1309 388 Β(
1333 322 1587 387 RABANI
1624 325 1848 389 MAURI
1881 325 2213 393 ARCHIEP,
2251 322 2573 391 MOGUNT.
2614 322 2907 389 OPERUM
2944 326 3125 387 PARS
3160 329 3205 386 l.
3668 344 3724 404 ω

571 448 853 521 civitatem
879 453 1284 517 remanserunt,
1321 445 1667 521 Assyriorum
1698 444 1987 515 abstulisse
2024 459 2163 517 pra-
2188 447 2246 527 Α
2267 441 2444 505 minas
2471 450 2525 499 et
2548 444 2957 527 persecutiones
2982 444 3258 511 hostium;
3289 442 3566 509 castitatem
3586 458 3723 524 sum

573 541 725 611 dam,
748 556 841 598 eos
866 554 997 597 vero
1033 540 1127 615 qui
1149 540 1387 605 victores
1418 539 1485 597 de
1506 539 1655 597 cade
1689 539 1929 597 hostium
1961 534 2165 601 reversi

574 642 719 702 sunt,
756 649 1014 706 pecorum
1052 641 1108 690 et
1124 631 1520 704 jumentorum,
1552 640 1609 695 et
1638 631 2018 691 universorum
2050 645 2168 691 mo-

572 727 763 785 bilium
819 727 1009 784 tulisse
1056 726 1477 784 multitudinem.
1533 725 1669 795 Quia
1698 725 1827 785 licet
1883 723 2163 796 multiplex

570 815 725 874 labor
746 817 819 874 sit
855 819 1089 875 militum
1121 816 1345 886 Christi,
1382 834 1492 875 una
1516 828 1696 875 tamen
1734 818 1895 874 debet
1938 832 2060 875 esse
2086 816 2167 881 in-
2214 808 2226 817 ’
2267 835 2366 881 vos
2414 821 2506 877 uni
2559 821 2703 903 viro,

2226 924 2232 957 τ
2269 911 2355 986 (Il
2389 910 2512 970 Cor.
2544 914 2647 987 xl).
2700 934 2719 968 ι
2765 915 2931 989 Cujus
2978 916 3138 973 thoro
3171 916 3557 977 immaculatam
3595 922 3673 994 ipsa
3700 942 3727 981 se

574 912 746 968 tentio
774 920 831 968 et
850 911 1043 969 eadem
1072 912 1309 979 devotio,
1330 921 1391 971 ut
1420 912 1683 984 quidquid
1711 910 1780 967 de
1806 911 2042 968 hostium
2072 910 2170 969 ini-

576 1021 683 1076 qua
706 1004 1057 1075 possessione
1084 1004 1296 1076 eripere
1339 1004 1568 1078 possint,
1596 1004 1664 1063 ad
1700 1012 1955 1059 ornatum
1991 1010 2046 1069 et
2081 1000 2165 1063 di-

576 1097 741 1153 vitias
776 1104 979 1157 sancta
1008 1096 1270 1161 Ecclesia
1316 1103 1657 1164 convertant,
1688 1097 1793 1153 hoc
1824 1106 1930 1163 est,
1972 1110 2168 1157 aurum

572 1191 874 1263 sapientia,
907 1198 1195 1264 argentum
1224 1191 1565 1263 eloquentia,
1608 1206 1851 1262 gemmas
1890 1191 2167 1247 moralita-

571 1284 646 1340 tis
660 1300 726 1343 ac
743 1284 1025 1352 virtutum,
1040 1299 1143 1341 nec
1156 1298 1263 1345 nun
1280 1292 1337 1345 et
1354 1284 1603 1347 homines
1632 1283 1837 1345 carnali
1861 1282 2044 1349 sensui
2072 1280 2168 1347 de-

573 1377 741 1444 ditos,
775 1376 868 1448 qui
900 1360 1158 1448 captivati
1187 1385 1342 1435 erant
1366 1376 1676 1443 idololatria
1710 1382 1765 1431 et
1793 1375 2057 1432 servitute
2079 1374 2165 1435 vi-.

572 1470 775 1529 tiorum
798 1471 1041 1537 obnoxii,
1071 1477 1339 1543 quatenus
1369 1471 1485 1535 hac
1514 1469 1720 1541 omnia,
1754 1485 1877 1543 qua
1902 1470 2167 1543 superbus

570 1564 829 1637 Assyrius
865 1573 920 1620 et
947 1565 1202 1636 princeps
1220 1564 1406 1627 mundi
1430 1564 1591 1635 hujus
1612 1562 1812 1634 injuste
1834 1562 2162 1635 possidebat,

568 1671 669 1729 per
700 1656 993 1717 bellatores
1021 1656 1225 1717 Christi
1254 1655 1565 1725 referantur
1600 1656 1670 1713 ad
1700 1656 2049 1715 honestatem
2084 1654 2168 1713 di-

567 1748 681 1807 vini
725 1749 924 1805 cultus.

2269 535 2394 607 quia
2434 535 2802 593 sinceritatem
2833 536 2958 593 fidei
2989 536 3245 602 servavit,
3288 552 3384 609 per
3422 553 3560 613 quam
3595 558 3725 606 omnem

2269 631 2670 710 multitudinem
2735 630 2972 689 ﬁdelium
3032 631 3325 703 Apostolus
3377 648 3433 687 se
3468 636 3631 709 scelesti
3664 650 3724 715 regi

2269 725 2625 798 desponsasse
2650 726 2985 798 gloriabatur
3010 726 3197 785 dicens
3231 745 3244 781 :
3288 745 3308 779 ι
3352 725 3632 800 Desponsavi
3646 741 3725 793 enin

2267 835 2366 881 vos
2414 821 2506 877 uni
2559 821 2696 887 viro,
2746 820 3009 894 virginem
3076 830 3287 883 castam
3336 822 3567 881 exhibere
3600 827 3725 887 Christo

2269 1006 2525 1073 custodit,
2551 1022 2654 1065 nec
2688 1007 3066 1073 hareticorum
3105 1009 3289 1069 errori
3324 1012 3727 1073 communicarent)

2268 1099 2429 1161 modo
2477 1100 2769 1157 consentit.
2832 1100 2916 1165 Ad
2979 1100 3416 1159 benedictionem
3466 1104 3670 1175 pontificis
3702 1122 3726 1160 tl

2266 1190 2709 1264 presbyterorum
2735 1192 3014 1263 respondit
3041 1209 3053 1245 :
3078 1190 3230 1259 Fiat,
3250 1193 3371 1263 ﬁat,
3386 1193 3481 1255 hoc
3500 1204 3569 1250 est
3591 1198 3726 1263 :Am,

2268 1298 2427 1341 amen
2474 1302 2487 1338 :
2532 1285 2657 1356 quia
2707 1301 2738 1341 a
2769 1283 3066 1361 majoribus
3089 1286 3204 1347 sive
3232 1286 3525 1345 minoribus
3550 1288 3641 1344 filiis
3668 1308 3727 1345 m-

2268 1375 2371 1433 tris
2400 1375 2658 1436 Ecclesia
2684 1377 2800 1451 ipsa
2843 1378 2959 1437 sola
2998 1379 3052 1434 in
3079 1386 3195 1437 toto
3216 1380 3351 1437 orbe
3374 1381 3727 1452 praedicamus
3782 1398 3783 1457 ι

2267 1470 2536 1540 condigna
2587 1471 2794 1530 calesti
2848 1487 3048 1545 sponso
3091 1471 3297 1547 ubique
3322 1480 3379 1529 et
3413 1489 3597 1545 semper
3625 1475 3726 1530 lauda-

2265 1560 2433 1617 bitur.
3782 1560 3783 1621 ἒ

2344 1671 2364 1706 ι
2398 1652 2502 1711 Per
2543 1653 2661 1711 dies
2687 1662 2867 1712 autem
2895 1655 3117 1730 triginta
3146 1657 3245 1714 vix
3271 1656 3490 1715 collecta
3519 1666 3616 1721 sunt
3637 1659 3728 1728 spolia

2274 1762 2295 1800 t
2327 1745 2676 1819 Assyriorum
2720 1765 2752 1811 a
2802 1749 3001 1826 papula
3051 1750 3239 1808 Israel.
3280 1771 3299 1804 ι
3336 1751 3425 1815 lsti
3465 1749 3564 1807 dies
3605 1752 3726 1822 triginta

643 1859 663 1892 ι
697 1837 943 1909 Joachim
990 1847 1173 1899 autem
1201 1855 1448 1899 summus
1489 1838 1733 1917 pontifex
1767 1839 1836 1897 de
1863 1837 2162 1907 Jerusalem
2192 1828 2242 1895 Β
2266 1836 2584 1901 universum
2635 1839 3170 1911 tempus'pt'asentis
3221 1842 3350 1903 vita
3380 1842 3727 1915 significatum:

576 1951 596 1989 ι
632 1934 781 1991 venit
810 1935 862 1997 in
883 1934 1189 1997 Bethuliam
1211 1948 1337 1995 cum
1367 1935 1638 1993 universis
1668 1935 2003 2007 presbyteris
2028 1934 2165 2003 suis,

576 2044 596 2078 ι
634 2034 693 2080 ut
724 2027 932 2083 videret
955 2026 1162 2099 Judith.
1202 2028 1332 2105 Qua
1357 2044 1483 2091 cum
1514 2028 1720 2085 exisset
1762 2026 1830 2087 ad
1862 2028 2033 2094 illum,
2072 2028 2169 2083 be-

574 2135 595 2171 ι
628 2119 953 2177 nedixcrunt
994 2120 1141 2183 illam
1183 2136 1372 2179 omnes
1417 2137 1523 2176 una
1570 2136 1703 2177 voce
1756 2121 2002 2185 dicentes
2035 2137 2048 2173 :
2085 2119 2166 2183 Tu

574 2230 593 2265 ι
630 2213 799 2286 gloria
848 2213 1175 2285 Jerusalem,
1237 2224 1295 2279 tu
1348 2215 1537 2275 latitia
1586 2215 1778 2282 Israel,
1807 2224 1867 2271 tu
1911 2211 2169 2273 honorifi-

572 2325 592 2359 ι
630 2310 808 2365 centia
829 2309 1012 2381 populi
1050 2309 1245 2377 nostri,
1277 2309 1404 2381 quia
1448 2309 1624 2367 fecisti
1665 2310 1913 2375 viriliter,
1950 2317 2008 2373 et
2030 2324 2165 2365 con-

572 2422 593 2455 ι
629 2401 887 2463 fortatum
912 2412 998 2465 est
1024 2421 1121 2465 cor
1150 2414 1319 2470 tuum,
1353 2420 1420 2469 eo
1442 2406 1587 2475 quod
1616 2406 1927 2465 castitatem
1950 2420 2167 2461 amave-

572 2509 594 2546 t
626 2493 725 2559 ris,
752 2502 807 2553 et
834 2503 958 2565 post
979 2496 1156 2552 virum
1188 2504 1362 2563 tuum,
1384 2496 1616 2555 alterum
1642 2497 1926 2557 nescieris.
1957 2496 2083 2555 Ideo
2111 2504 2168 2552 et

455 2656 459 2661 ι
572 2603 593 2639 ι
627 2600 823 2647 manus
852 2587 1068 2649 Domini
1103 2589 1433 2651 cnnfortavit
1468 2597 1541 2656 te,
1571 2597 1627 2653 et
1653 2588 1775 2653 ideo
1800 2589 1911 2645 eris
1940 2589 2165 2649 benedi-

573 2692 596 2739 t
639 2687 728 2734 cta
759 2678 815 2735 in
861 2687 1148 2737 atemum.
1182 2680 1251 2737 Et
1287 2681 1426 2747 dixit
1462 2681 1640 2739 omnis
1686 2681 1916 2753 populus
1965 2700 1978 2735 :
2022 2681 2164 2748 Fiat,

574 2787 595 2821 ί
633 2769 745 2829 fiat.
785 2789 804 2822 ι
830 2769 971 2838 Quid
1003 2787 1105 2842 per
1147 2771 1395 2829 Joachim
1435 2788 1709 2835 summum
1749 2772 2066 2845 pontificem
2099 2774 2168 2829 de

566 2860 869 2925 Jerusalem
915 2864 1020 2927 nisi
1075 2864 1407 2936 Redemptor
1454 2873 1641 2927 noster
1690 2864 2033 2937 intelligitur,
2073 2864 2165 2934 qui

566 2952 744 3011 factus
781 2962 864 3013 est
889 2971 921 3011 a
958 2955 1070 3015 Deo
1118 2957 1277 3019 nobis
1310 2957 1556 3027 pontifex
1600 2958 1655 3015 in
1681 2966 1948 3019 aternum
1969 2974 2168 3015 secun-

566 3047 696 3104 dum
727 3048 973 3107 ordinem
1011 3049 1431 3116 Melchisedech.
1461 3066 1558 3121 per
1585 3066 1748 3123 quem
1784 3051 2049 3115 habemus
2074 3065 2167 3107 ac-

567 3153 780 3195 cessum
821 3140 891 3195 ad
942 3138 1181 3207 Patrem,
1233 3149 1289 3197 et
1329 3157 1484 3213 spem
1540 3142 1665 3201 vita
1713 3149 1953 3203 aeterna.
2010 3141 2167 3209 Quod

2267 1932 2498 2005 populus
2543 1933 2640 1988 Dei
2671 1950 2771 2006 per
2808 1936 2990 2007 Edent.
3030 1952 3184 2009 Spem
3232 1945 3292 1997 ct
3321 1937 3605 1997 charitatetn
3632 1935 3727 1989 an

2267 2035 2536 2100 pracepta
2560 2030 2831 2089 servando
2855 2030 2924 2089 de
2947 2031 3103 2089 hoste
3136 2032 3482 2102 triumphans
3503 2029 3651 2100 colli!il
3666 2043 3727 2097 ἢν

2266 2119 2340 2177 lia
2380 2119 2531 2191 ejus;
2562 2129 2618 2178 et
2666 2122 3003 2193 spiritualem
3058 2123 3352 2196 Assyrium
3400 2139 3490 2180 sua
3533 2118 3727 2193 supelleuii

2265 2213 2531 2279 vastando
2551 2212 2844 2283 depradat.
2891 2214 2961 2269 Et
3009 2216 3230 2282 merito,
3260 2215 3390 2287 quia
3425 2213 3726 2279 fiducialitern-

2266 2318 2389 2375 gem
2431 2320 2590 2373 suum
2619 2306 2987 2377 obsequendo,
3040 2307 3219 2373 victor
3256 2307 3455 2378 ubique
3480 2304 3606 2367 fortis
3633 2308 3726 2356 esse

2267 2396 2325 2452 in
2363 2396 2571 2467 pralio,
2600 2398 2669 2454 de
2711 2413 2820 2469 quo
2849 2398 3113 2469 scriptum
3146 2408 3235 2455 est
3263 2416 3277 2454 :
3311 2416 3331 2450 t
3382 2396 3603 2457 Dominus
3629 2390 3725 2453 fortis.

2267 2491 2528 2551 Dominus
2573 2498 2765 2561 potens
2811 2492 2869 2559 in
2929 2492 3117 2563 pralio
3175 2490 3356 2565 (Ρωι.
3410 2488 3567 2560 mul-
3603 2483 3725 2541 ’Μ

2266 2580 2592 2655 Evangelica
2640 2584 2895 2655 parabola
2959 2585 3077 2656 ipsa
3127 2583 3351 2651 Veritas
3385 2589 3565 2645 narrat.
3598 2598 3613 2637 t
3645 2573 3726 2643 (Μ

2268 2673 2427 2735 fortis
2470 2694 2595 2735 cum
2630 2690 2876 2739 armatus
2916 2679 3158 2743 custodit
3188 2680 3393 2741 atrium
3413 2692 3569 2741 suum,
3594 2674 3635 2733 in
3659 2682 3727 2740 μα

2268 2778 2395 2833 sunt
2417 2786 2483 2831 ea
2510 2788 2633 2841 qua
2661 2773 2933 2843 possidet;
2965 2774 3012 2829 si
3039 2782 3227 2833 autem
3257 2773 3450 2835 fortior
3474 2770 3552 2827 illo
3571 2776 3723 2835 sapere-

2267 2862 2422 2919 niens
2471 2863 2666 2919 vicerit
2706 2881 2853 2931 eum,
2902 2866 3157 2925 universa
3187 2882 3347 2929 arma
3388 2862 3496 2934 ejus
3518 2852 3724 2919 auferet'ﬂ

2269 2953 2465 3024 quibus
2478 2955 2803 3022 confidebat,
2827 2957 3065 3027 etspolia
3087 2958 3212 3029 ejus
3232 2955 3506 3014 distribuat
3521 2944 3721 3023 (Ισικοιιμ

2268 3046 2408 3105 11ηο
2433 3056 2490 3113 et
2529 3048 2584 3103 in
2620 3047 2909 3106 Salomone
2951 3051 3019 3105 de
3047 3049 3193 3109 forte
3239 3050 3465 3115 muliere
3505 3040 3724 3134 praelati“:

2270 3138 2415 3210 quod
2446 3158 2465 3193 ι
2508 3139 2750 3225 confidat
2775 3141 2831 3196 in
2855 3156 2921 3197 eo
2945 3156 3041 3197 cor
3068 3142 3175 3199 viri
3201 3143 3309 3209 sui,
3333 3148 3389 3203 et
3420 3135 3579 3209 spoliis
3603 3143 3668 3185 non
3684 3139 3721 3179 ιι·

565 3233 729 3289 etiam
751 3234 989 3290 nominis
1015 3234 1133 3304 ejus
1162 3236 1540 3305 interpretatio
1570 3236 1879 3307 exprimere
1906 3236 2119 3295 videtur
2147 3253 2161 3291 :
2193 3237 2239 3302 α
2270 3232 2472 3303 digeat,
2501 3233 2628 3303 quia
2658 3233 2897 3291 accinxit
2918 3234 3241 3295 fortitudine
3270 3233 3474 3295 lumbos
3501 3227 3722 3293 suos.”

563 3326 957 3399 Interpretatur
1009 3329 1155 3385 enim
1219 3328 1470 3389 Joachim
1544 3330 1761 3387 Domini
1827 3330 2162 3389 resurrectio.

566 3418 720 3476 Unde
742 3421 859 3491 ipsa
904 3419 1123 3478 Veritas
1147 3422 1204 3479 in
1232 3421 1529 3494 Evangelio
1556 3422 1634 3479 ait
1660 3441 1675 3478 :
1718 3441 1738 3475 ι
1769 3421 1887 3495 Ego
1916 3437 2038 3485 sum
2078 3436 2167 3479 re—

564 3515 832 3569 surrectio
856 3522 914 3569 et
936 3514 1085 3581 vita;
1127 3515 1221 3584 qui
1253 3515 1429 3570 credit
1454 3514 1511 3569 in
1534 3530 1644 3582 me,
1667 3529 1777 3573 non
1813 3514 2081 3573 morietur
2107 3514 2166 3575 iu

562 3610 830 3665 aternum
873 3605 1058 3677 (Joan.
1112 3606 1215 3677 xi).
1258 3626 1279 3663 ι
1313 3605 1415 3663 Hic
1457 3621 1591 3678 ergo
1641 3606 1890 3678 pontifex
1923 3607 2072 3663 venit
2098 3606 2167 3662 de

560 3694 866 3754 Jerusalem
905 3697 960 3753 in
986 3698 1318 3767 Bethuliam,
1361 3716 1487 3757 cum
1523 3702 1590 3757 de
1620 3701 1774 3758 calls
1796 3701 2079 3759 descendit
2107 3700 2165 3759 in

561 3799 778 3847 uterum
827 3792 1077 3865 virginis,
1125 3809 1195 3850 ex
1245 3809 1355 3865 qua
1397 3810 1621 3851 carnem
1669 3810 1955 3857 assumens
2002 3796 2166 3851 homo

562 3884 741 3941 factus
765 3896 852 3943 est
880 3903 979 3959 pro
1020 3889 1200 3944 nobis.
1253 3888 1410 3945 Unde
1453 3889 1619 3961 elegit
1648 3889 1964 3961 discipulos,
2025 3904 2164 3960 quos

561 3978 678 4048 ipse
703 3979 903 4036 fratres
916 3996 1044 4036 suos
1070 3981 1125 4035 in
1156 3981 1451 4052 Evangelio
1476 3982 1811 4047 nominavit;
1842 3984 1937 4055 qui
1965 3984 2163 4040 merito

558 4072 862 4142 presbyteri
892 4083 1119 4144 propter
1167 4074 1391 4129 honoris
1425 4075 1745 4146 dignitatem
1786 4085 1842 4131 et
1881 4076 2165 4147 sapientiae

558 4161 946 4231 perfectionem
978 4165 1351 4232 nominantur,
1383 4174 1444 4220 ut
1475 4165 1684 4221 videret
1709 4164 1922 4232 Juditb,
1954 4176 2014 4223 ut
2036 4182 2163 4237 pro-

557 4252 713 4310 heret
734 4255 941 4312 scilicet
969 4256 1227 4313 Ecclesia
1274 4273 1388 4315 sua
1437 4259 1597 4315 fidem
1639 4268 1695 4317 et
1735 4260 2157 4319 confessionem.

481 4382 489 4389 .
563 4363 587 4399 r
620 4347 752 4415 Qua
779 4364 902 4405 eum
925 4352 1128 4407 exisset
1162 4352 1233 4407 ad
1257 4334 1431 4420 illum,
1469 4372 1489 4407 ι
1528 4355 1634 4411 hoc
1663 4362 1770 4423 est,
1817 4356 2161 4412 devotionem

510 4484 515 4489 .
557 4445 755 4498 mentis
780 4460 877 4500 sua
904 4447 1044 4501 bona
1075 4447 1391 4517 operatione
1431 4450 1766 4517 ostenderet,
1804 4468 1823 4502 ι
1857 4451 2158 4506 benedixe-

2269 3324 2487 3385 boravit
2502 3326 2787 3387 brachium
2811 3343 2992 3395 suum,
3021 3327 3294 3399 fortitudo
3315 3336 3371 3385 et
3397 3326 3537 3380 decor
3553 3314 3721 3381 indum

2268 3425 2381 3485 tum
2405 3420 2544 3491 ejus,
2571 3429 2628 3476 et
2654 3420 2854 3481 ridebit
2885 3422 2938 3479 in
2977 3423 3065 3483 die
3093 3422 3393 3483 novissimo
3417 3406 3720 3507 (Promxwltt

2344 3531 2365 3566 ι
2400 3512 2574 3577 Porro
2600 3524 2783 3575 autem
2828 3516 3102 3582 universa,
3145 3533 3268 3588 qua
3297 3510 3570 3577 Holofernis
3588 3496 3720 3576 νωιάῦ

2274 3624 2293 3660 ι
2327 3606 2408 3662 ria
2437 3606 2605 3667 fuisse
2654 3609 2881 3679 probata
2919 3617 3064 3673 sunt,
3112 3610 3379 3667 dederunt
3413 3602 3572 3664 Iudith
3596 3598 3722 3652 intra

2274 3717 2294 3753 ι
2334 3709 2386 3755 et
2420 3678 2670 3773 argento,
2702 3709 2757 3755 et
2784 3702 3026 3763 vestibus
3054 3711 3111 3759 et
3138 3702 3389 3773 gemmis,
3419 3706 3470 3755 et
3493 3690 3607 3751 omni
3626 3678 3721 3751 91νά

2274 3810 2296 3846 ι
2334 3790 2520 3860 lectili,
2537 3801 2595 3851 et
2616 3792 2813 3849 tradita
2832 3801 2960 3853 sunt
2985 3794 3063 3849 illi
3089 3795 3275 3855 omnia
3295 3810 3326 3848 a
3346 3787 3563 3863 populo-t
3584 3773 3722 3847 Qum“

2267 3887 2410 3957 quod
2454 3886 2587 3949 dicit
2637 3886 2913 3954 universa,
2948 3903 3071 3958 qua
3096 3886 3392 3957 peculiaria
3431 3881 3609 3965 fuerunt
3786 3904 3787 3917 ι

2266 3978 2461 4045 fernis,
2501 3979 2760 4050 populum
2810 3977 3027 4043 dedisse
3068 3977 3290 4045 Ιιιαίιδὲ
3340 3972 3441 4035 υίδί
3477 3964 3590 4060 (ιυρῖι

2266 4040 2534 4138 fidelium,
2566 4040 2659 4142 qui
2704 4040 2954 4135 militiam
2997 4040 3203 4129 Christi
3240 4040 3450 4143 gerunt.
3476 4040 3721 4143 (Ιυίδίιηίω

2264 4130 2503 4225 hostiqu
2520 4130 2841 4235 principatu
2968 4130 3304 4234 proprietate
3325 4130 3540 4228 capiunt.
3558 4154 3671 4235 ιοωΨ
3686 4130 3719 4185 ⁸1

2262 4256 2475 4311 laudem
2499 4232 2554 4309 et
2582 4232 2822 4311 studium
2848 4232 3053 4313 sancta
3072 4232 3279 4315 matris
3301 4243 3611 4310 communiter
3633 4232 3719 4297 de?”

2264 4357 2382 4407 tant
2411 4350 2686 4417 Ecclesia,
2715 4359 2771 4405 et
2816 4350 2883 4405 ad
2913 4358 3165 4409 ornatum
3193 4348 3313 4419 ejus
3355 4333 3629 4415 spiritualem
3654 4334 3708 4419 ait

2262 4444 2408 4501 ferre
2444 4443 2728 4511 festinant,
2754 4453 2813 4501 ut
2841 4446 2957 4514 ipsa
2985 4445 3041 4501 in
3069 4460 3200 4501 auro
3227 4438 3490 4514 sapientia
3518 4424 3716 4514 [υιεθθξιῆπ

510 4574 531 4612 μ
557 4542 686 4588 runt
708 4535 854 4589 illam
888 4551 1081 4592 omnes
1110 4514 1217 4592 una
1267 4553 1401 4593 voce
1433 4539 1684 4595 dicentes
1716 4514 1846 4596 :‘Tu
1873 4540 2043 4612 gloria
2069 4540 2159 4596 Je-
2184 4608 2222 4612 _
2262 4538 2438 4592 nitore
2471 4538 2791 4607 eloquentia
2830 4535 3193 4608 reSplendeat,
3237 4537 3291 4591 in
3332 4523 3534 4605 gemmis

557 4622 815 4688 rusalem,
849 4632 905 4678 tu
948 4624 1134 4680 latitia
1186 4625 1371 4693 lsrael,
1406 4637 1463 4683 tu
1508 4599 1922 4685 honorificentia
1972 4628 2156 4699 pepuli
2183 4608 2237 4669 Β
2260 4629 2523 4689 virtutqu
2566 4599 2762 4697 radiet,
2788 4636 2841 4684 et
2870 4599 3209 4685 ornamentis
3239 4626 3497 4684 variarum
3522 4599 3717 4702 ἀίξείνὴξῗ

556 4712 750 4768 nostri.
793 4733 812 4765 ι
843 4713 1134 4771 Benedixit
1159 4732 1290 4789 ergo
1315 4717 1615 4774 Ecclesiam
1658 4734 1816 4775 suam
1867 4720 2148 4787 Dominus,

558 4818 682 4862 eum
707 4822 827 4863 eam
841 4810 1145 4881 gratiarum
1169 4826 1394 4866 suarum
1416 4812 1666 4868 ubertate
1682 4812 1872 4883 replet,
1898 4823 1955 4869 et
1977 4815 2155 4871 omni-

556 4896 660 4954 has
690 4899 1016 4956 laudabilem
1039 4915 1162 4957 esse
1198 4902 1559 4971 demonstrat,
1587 4919 1687 4974 pro
1716 4918 1825 4973 quo
1850 4912 1906 4959 et
1944 4904 2014 4961 ad
2044 4904 2151 4959 Pa-

558 4999 696 5047 trem
723 4994 928 5064 gratias
967 5010 1134 5067 agens
1164 4997 1219 5051 in
1251 4997 1544 5068 Evangelia
1593 4998 1670 5052 ait
1712 5015 1725 5049 :
1774 5017 1793 5050 ι
1847 4997 2146 5065 Confiteor,

561 5084 680 5151 tibi,
712 5085 895 5153 Pater,
926 5087 1156 5144 Domine
1190 5088 1314 5144 cali
1363 5098 1419 5143 et
1450 5097 1630 5156 terra,
1662 5089 1791 5160 quia
1820 5090 2154 5147 abscondisti

557 5173 676 5229 hac
704 5190 737 5229 a
781 5177 1119 5247 sapientibus
1167 5189 1223 5235 et
1278 5180 1659 5251 prudentibus,
1703 5187 1760 5235 et
1795 5181 2052 5238 revelasti
2088 5197 2155 5238 ea

557 5268 795 5337 parvulis
809 5268 1025 5341 (Matth.
1041 5270 1139 5344 χι).
1168 5292 1187 5325 ι
1210 5272 1346 5327 Hinc
1365 5280 1420 5327 et
1441 5287 1539 5342 per
1561 5271 1909 5329 Salomonem
1923 5274 2151 5333 dicitur:

563 5379 583 5412 ι
618 5359 984 5420 Surrexerunt
1016 5364 1111 5420 filii
1135 5366 1274 5435 ejus,
1325 5375 1382 5422 et
1418 5367 1793 5425 beatissimam
1816 5369 2148 5440 praedicave-

559 5463 718 5522 runt;
740 5457 827 5511 vir
850 5458 987 5531 ejus,
1012 5469 1081 5515 et
1105 5459 1349 5516 laudavit
1370 5474 1495 5518 eam
1542 5461 1726 5530 (Prov.
1761 5464 1938 5535 xxxi).
1972 5483 1992 5515 ι
2023 5461 2152 5520 Glo-

557 5549 640 5605 ria
669 5565 799 5622 ergo
825 5550 1129 5609 Jerusalem
1169 5564 1251 5610 est
1282 5565 1468 5613 sancta
1503 5557 1766 5625 Ecclesia,
1798 5559 1927 5630 quia
1956 5561 2026 5616 ad
2046 5574 2154 5617 ca-

558 5638 748 5699 Iestem
763 5645 1003 5715 pertinet
1023 5646 1300 5702 civitatem
1331 5647 1449 5716 Dei,
1476 5656 1535 5705 et
1553 5650 1877 5707 societatem
1897 5659 1954 5707 et
1973 5652 2143 5708 beati-

563 5735 805 5792 tudinem
857 5746 1169 5795 sauctornm
1214 5740 1549 5813 angelorum,
1580 5759 1704 5815 qua
1740 5744 1870 5801 fecit
1896 5746 2152 5813 viriliter,

545 5834 747 5899 contra
777 5830 965 5888 mundi
1008 5832 1304 5906 confligens
1330 5834 1716 5907 principatum,
1753 5838 2153 5896 contemnendo

2261 4736 2384 4775 rum
2440 4720 2737 4779 induatura
2770 4720 2964 4775 Totum
3018 4721 3164 4774 enim
3221 4717 3364 4790 quod
3404 4712 3462 4769 de
3487 4687 3715 4790 bonis

2260 4827 2541 4882 possessor
2593 4811 2813 4882 iniquus
2863 4812 3061 4882 injuste
3077 4812 3406 4883 possidebat.
3447 4803 3535 4857 ¹¹⁰⁰
3663 4783 3715 4883 Ψ

2260 4880 2328 4963 ad
2356 4920 2512 4961 suum
2545 4880 2772 4960 attrahit
2801 4880 3261 4963 decoremIUndc
3306 4910 3358 4956 et
3383 4898 3432 4952 in
3459 4880 3713 4977 Exodo

2259 4995 2344 5055 lus
2369 4996 2467 5053 Dei
2492 4996 2559 5051 ab
2581 4996 2815 5071 {Egypto
2864 4996 3124 5057 recedens
3156 4990 3419 5053 thesauris

2260 5054 2486 5147 onustus
2514 5054 2680 5143 valde
2687 5054 2997 5153 incedebat,
3037 5096 3201 5158 atque
3227 5087 3293 5157 ad
3322 5078 3552 5139 culturam
3573 5060 3649 5115 De"

2258 5182 2649 5252 hernaculique
2692 5181 2812 5252 ejus
2865 5150 3325 5237 constructionem
3358 5172 3407 5229 in
3430 5150 3712 5252 ἀθεθωξηξξ

2257 5235 2768 5345 misellam}.
2794 5235 2922 5330 ste
2940 5235 2995 5329 et
3033 5235 3214 5331 nam
3249 5235 3361 5331 rex,
3383 5266 3434 5323 et
3458 5240 3598 5317 cauti

2249 5365 2385 5437 justi
2415 5366 2470 5429 in
2489 5321 2687 5427 §etere
2715 5364 3086 5431 Testamento,
3254 5361 3321 5467 ab
3341 5321 3711 5467 basi-inulti

2255 5420 2490 5522 me.
2508 5420 2715 5532 ita}.
2743 5420 3031 5528 eruebant,
3058 5420 3489 5521 simillimum
3514 5420 3642 5497 ww“

2255 5555 2484 5613 Domino
2531 5556 2946 5615 consecrabant.

2332 5675 2353 5711 ι
2388 5658 2458 5715 Et
2507 5674 2698 5717 omnes
2741 5659 2925 5733 populi
2951 5659 3262 5733 gaudebant
3304 5666 3416 5715 eam

2263 5751 2627 5861 ίνίτβίηίδυε.
2661 5718 3047 5861 “iure”
3090 5756 3147 5861 in.
3174 5718 3703 5861 “mittil”;

2257 5818 2446 5924 Omnis
2466 5846 2697 5920 populus
2713 5818 2807 5906 Dei
2839 5851 2905 5907 de
2930 5858 3190 5922 percepta
3222 5818 3428 5906 {mu
3444 5818 3611 5908 μεθ’
