3882 6464
1269 367 1632 437 Εχροειτιθ
1661 371 1732 432 tu
1770 369 2032 454 multum
2065 357 2336 436 ttinrru.

3324 375 3430 436 ειη

161 489 416 566 universa
441 488 684 554 membra
713 486 939 556 Christi,
963 487 1024 544 in
1048 486 1156 544 line
1169 487 1353 548 mundi
1382 487 1449 544 de
1471 487 1744 558 triumpho
1769 497 1824 561 Α
1849 496 2062 552 constat
2088 487 2360 555 accidere,
2381 486 2597 558 quando
2617 494 2675 545 et
2697 495 2942 560 tempore
2963 485 3101 560 ipsa,
3123 497 3179 548 et
3206 489 3429 560 syllaba:

158 583 372 656 antiqui
392 582 562 644 hostis
579 582 812 656 pleniter
839 581 1134 642 exsultant.
1165 579 1423 652 Tuncque
1445 580 1500 636 in
1519 579 1739 650 organis

157 683 218 735 et
236 673 464 735 citharis
495 672 593 728 Dei
631 672 816 734 laudes
845 680 1121 738 resonant,
1153 671 1372 744 quando
1399 679 1456 728 et
1494 686 1628 728 voce
1655 669 1744 740 ju-

159 766 438 840 bilationis
487 773 544 823 et
595 765 852 825 concordi
902 764 1266 830 modulatione
1320 761 1572 836 perlecta:
1619 764 1742 822 vita)

155 859 519 933 omnipotenti
548 859 776 916 Domino
799 858 985 918 laudes
1009 856 1400 930 perpetualiter
1429 857 1738 922 decantant.

157 951 316 1018 Tunc
359 959 415 1007 et
456 947 641 1015 Judith
672 959 858 1010 nostra
887 949 1158 1016 canticum
1187 965 1387 1014 novum
1419 957 1601 1018 cantat
1639 950 1745 1010 Do-

154 1043 331 1112 mino,
381 1043 596 1116 quando
618 1042 687 1098 de
725 1042 1072 1113 corruptione
1111 1041 1196 1105 uel
1237 1041 1454 1108 laesione
1505 1040 1743 1106 hostium

155 1135 297 1200 nihil
321 1135 461 1197 ultra
484 1143 722 1202 veretur,
748 1133 816 1204 de
841 1149 950 1205 quo
976 1143 1378 1205 consequenter
1396 1133 1670 1198 scribitur.

752 1265 978 1322 CAPUT
1018 1264 1134 1320 XVI

155 1359 455 1430 uiri/icitur
495 1359 756 1416 canticum
795 1357 1016 1430 ,Judith.
1047 1358 1125 1412 De
1154 1374 1233 1430 ﬁco
1281 1355 1422 1430 quod
1445 1364 1745 1430 perpetrata

236 1427 450 1498 tectorio
468 1431 698 1500 populus
731 1429 802 1487 ad
851 1429 1110 1500 orandum
1140 1427 1422 1484 Dominum
1447 1427 1746 1500 Jerusalem

235 1505 364 1580 adiit
386 1520 418 1580 ;Δ
446 1498 635 1556 Iudith
659 1517 878 1580 quoque,
914 1499 1130 1580 expletis
1156 1510 1365 1580 uetitum
1387 1498 1612 1572 quinque
1642 1515 1745 1561 an—

237 1577 338 1644 nis,
371 1575 532 1644 pilam
564 1571 716 1629 suam
745 1571 853 1642 [ine
879 1571 1069 1626 extima
1093 1571 1282 1644 ﬁnivit.

241 1711 258 1749 ι
293 1690 444 1754 'l‘unc
467 1689 706 1754 cantavit
732 1687 1004 1754 canticum
1041 1687 1148 1744 hoc
1177 1684 1406 1742 Domino
1439 1682 1628 1744 Iudith
1661 1683 1746 1740 di-

159 1799 181 1830 (
232 1797 379 1839 cens.
416 1799 437 1834 ι
465 1779 670 1850 .ludith,
703 1779 806 1856 hoc
841 1786 942 1846 est,
970 1777 1236 1834 conlitens
1259 1787 1316 1836 et
1341 1775 1584 1842 laudans,
1619 1781 1749 1830 tunc

1844 580 1914 646 ad
1937 595 2100 639 unam
2145 579 2292 636 vocis
2339 580 2685 639 concerdiam
2738 580 3123 652 perducuntur.
3179 579 3430 640 Psalmus

1844 681 2025 734 autem
2053 678 2155 738 est,
2192 679 2307 728 uta
2336 671 2634 743 majoribus
2665 671 2915 738 traditur.
2957 685 3223 742 organum
3261 671 3432 731 musi-

1845 776 1989 828 cum,
2019 761 2162 817 sicut
2188 760 2420 830 cithara,
2462 760 2790 834 pindarium,
2818 761 3035 832 aliaque
3061 775 3182 832 qua:
3208 760 3433 820 vocibus

1846 851 2047 916 nostris
2087 851 2400 917 dulcissima
2439 851 2807 912 modulatione
2845 851 3230 924 respondeant,
3275 849 3430 924 Quod

1843 957 1988 1016 stupe
2016 943 2254 1002 diximus
2287 945 2358 1002 ad
2398 953 2554 1010 actus
2576 953 2794 1006 nostros
2817 941 3231 1016 probatissimos
3257 939 3430 1018 ρεπιι-

1845 1050 2008 1102 nere;
2048 1051 2115 1094 ac
2138 1037 2263 1103 inde
2286 1035 2604 1110 intuendum
2630 1035 2787 1097 nobis
2811 1042 2915 1108 est,
2956 1033 3190 1112 qualiter
3213 1033 3426 1100 cantrix

1845 1141 2036 1204 nostra
2075 1130 2265 1206 jubeat
2311 1147 2412 1192 nos
2455 1129 2689 1191 Domino
2715 1129 2904 1194 laudes
2929 1143 3149 1196 canere,
3173 1128 3280 1198 hoc
3324 1135 3430 1199 est,

1846 1224 2086 1294 priurum
2113 1223 2354 1295 incipere
2394 1223 2472 1279 illi
2499 1223 2555 1278 in
2581 1223 2872 1296 tytnpalllsi
2901 1221 3098 1292 αβιιιιιβ
3121 1227 3346 1286 cantare
3374 1219 3434 1296 in

1847 1315 2128 1392 cymbalis,
2187 1315 2376 1388 sicque
2420 1314 2699 1379 modulare
2739 1315 2844 1389 ipsi
2887 1314 3157 1390 psalmum
3187 1313 3367 1376 innuit
3413 1329 3428 1366 :

1849 1407 2059 1466 scilicet
2079 1408 2482 1476 demonstrans,
2517 1408 2664 1492 quod
2691 1409 2742 1470 si
2764 1408 2996 1470 Velimus
3025 1408 3139 1476 Deo
3159 1406 3433 1474 canticum

1849 1508 2096 1565 nostrum
2119 1500 2359 1574 placere,
2383 1500 2698 1562 studeamus
2725 1501 2778 1564 ei
2830 1503 2994 1568 corde
3036 1510 3094 1560 et
3127 1516 3243 1569 ore,
3269 1509 3437 1571 atque

1850 1593 1993 1652 bona
2020 1594 2337 1664 operatione
2351 1609 2620 1662 consonas
2639 1595 2826 1656 laudes
2851 1597 3052 1662 dicere.
3069 1594 3323 1660 ilicetum
3349 1594 3434 1652 in-

1852 1685 1983 1760 cipit
2003 1687 2232 1744 Domino
2266 1687 2322 1744 in
2350 1695 2606 1763 tympano
2629 1688 2723 1762 qui
2755 1688 2890 1762 legis
2925 1688 3139 1758 Domini
3162 1692 3434 1760 praecepta

1852 1783 2070 1842 assidue
2089 1783 2270 1840 cordis
2292 1783 2378 1854 sui
2399 1783 2693 1848 meditatur
2712 1791 2944 1848 secreto.
2973 1782 3069 1854 ille
3093 1783 3148 1846 ei
3177 1787 3362 1845 cantat
3380 1779 3438 1836 in

151 1873 436 1944 canticum
494 1873 644 1933 eanit
693 1871 941 1940 110141190.
995 1869 1210 1942 quando
1265 1876 1451 1926 sancta
1505 1865 1746 1925 Ecclesia
1773 1889 1824 1953 Β
1854 1873 2117 1947 cymbala,
2146 1875 2240 1946 qui
2268 1875 2594 1936 catholicam
2607 1874 3003 1944 confessionem
3040 1890 3167 1941 cum
3205 1871 3438 1940 canticis

151 1981 361 2040 sponsa
392 1965 639 2039 videlicet
676 1963 875 2034 summi
905 1963 1049 2038 regis
1075 1970 1197 2038 post
1222 1970 1501 2038 peractum
1547 1959 1746 2016 bellum

153 2057 449 2132 praesentis
495 2057 643 2124 vitai,
681 2073 790 2126 quo
819 2063 1008 2120 contra
1045 2054 1320 2115 diabolum
1365 2062 1529 2126 atque
1566 2052 1749 2114 hostes

153 2149 476 2224 spirituales
497 2149 818 2222 conﬂigebat
846 2151 946 2224 pro
967 2148 1239 2220 triumpho
1265 2156 1430 2218 atque
1469 2145 1750 2224 ereptione

154 2260 264 2304 sua
294 2245 521 2306 Domino
568 2253 752 2318 grates
781 2243 1077 2314 condignas
1119 2241 1372 2310 exsolvit,
1397 2247 1562 2314 atque
1589 2237 1752 2294 ollicii

154 2337 250 2396 sui
301 2337 420 2394 sine
467 2337 648 2410 aliquo
699 2336 1084 2414 impedimento
1112 2335 1344 2407 pleniter
1389 2333 1493 2406 ipsi
1531 2332 1752 2391 exhibet

155 2434 552 2501 ministerium,
589 2449 691 2490 nec
729 2431 936 2504 aliquid
971 2431 1025 2488 ei
1053 2431 1229 2493 oberit
1261 2429 1470 2502 paterni
1497 2427 1748 2496 nominis,

158 2526 271 2582 hoc
291 2535 395 2592 est,
425 2527 644 2594 Morari,
665 2526 972 2584 recordatio
998 2543 1010 2580 :
1037 2525 1253 2596 quando
1272 2523 1386 2596 jam
1408 2520 1554 2584 nulla
1569 2520 1754 2592 pristi-

157 2633 252 2674 na:
278 2617 658 2676 amaritudinis
685 2616 988 2678 remanebit
1011 2615 1210 2688 portio,
1245 2615 1342 2672 sed
1370 2622 1482 2672 tota
1522 2613 1577 2668 in
1617 2627 1749 2682 gauv

159 2711 243 2767 dii
287 2709 514 2783 perfecti
554 2709 982 2783 magnitudinem
1030 2708 1258 2771 vertitur
1300 2705 1614 2778 temporalis
1658 2705 1754 2765 do-

159 2796 300 2870 loris
343 2786 580 2876 alliictio.
633 2802 768 2858 Cum
787 2799 945 2874 juxta
975 2799 1323 2872 apocalypsin
1363 2797 1589 2856 Joannis
1621 2815 1641 2848 ι
1677 2805 1754 2854 ta~

163 2894 521 2955 bernacnlum
566 2894 664 2952 Dei
693 2895 799 2950 erit
841 2910 967 2960 cum
1023 2893 1350 2956 hominibus.
1396 2899 1450 2946 et
1491 2887 1758 2946 habitabit

162 3002 294 3047 cum
321 2987 424 3056 eis,
455 2997 510 3044 et
557 2987 660 3060 ipsi
687 2986 912 3061 populus
955 2985 1072 3056 ejus
1109 2996 1269 3042 erunt
1300 3002 1315 3038 :
1367 2983 1433 3052 Et
1462 2982 1578 3055 ipse
1617 2982 1757 3039 Deus

165 3091 297 3134 cum
321 3079 403 3140 eis
426 3079 534 3138 erit
560 3095 749 3138 eorum
779 3081 941 3137 Deus.
971 3079 1040 3134 Et
1066 3079 1341 3149 abstergct
1365 3076 1508 3132 Deus
1536 3088 1757 3132 omnem

165 3166 466 3240 lucrymam
493 3170 563 3228 ab
589 3169 760 3229 oculis
783 3185 994 3237 eorum,
1025 3177 1080 3226 et
1121 3184 1270 3238 mors
1312 3168 1454 3240 ultra
1484 3183 1591 3224 non
1630 3167 1756 3232 erit,

1851 1968 2224 2040 Spiritnalibus
2266 1970 2531 2031 labiorum
2581 1971 2794 2034 decenti
2830 1971 3040 2044 profert
3080 1969 3273 2042 iubilo.
3317 1967 3438 2038 Ipse

1852 2061 2166 2124 modulatur
2193 2061 2245 2120 ei
2285 2077 2485 2128 novum
2514 2062 2806 2133 psalmum,
2833 2062 2932 2133 qui
2955 2061 3012 2121 in
3051 2060 3294 2124 novitate
3315 2058 3438 2118 vitm

1852 2155 2135 2226 ambulans
2165 2157 2268 2227 piat
2287 2156 2468 2224 cordis
2493 2157 2800 2224 intentioni,
2829 2165 2886 2218 et
2910 2164 3073 2216 rectae
3091 2155 3205 2216 oris
3227 2151 3439 2212 conicu-

1852 2246 1992 2306 sioni
2026 2248 2353 2314 concinnum
2383 2248 2510 2310 boni
2546 2249 2728 2319 operis
2753 2247 3000 2320 adiungit
3035 2255 3238 2314 actum.
3285 2245 3440 2306 Unde

1853 2339 1911 2404 in
1941 2339 2204 2408 Psalterio
2257 2341 2518 2412 scriptum
2574 2350 2661 2401 est
2704 2359 2718 2398 :
2769 2360 2789 2399 ι
2841 2342 3086 2402 Laudato
3127 2339 3436 2406 Dominum,

1854 2433 2110 2504 quoniam
2135 2434 2310 2500 bonus
2331 2443 2416 2489 est
2441 2432 2706 2504 psalmus.
2741 2433 2854 2496 Deo
2893 2429 3336 2501 nostroiucunda
3367 2427 3442 2488 sit

1853 2525 2095 2586 laudatio
2122 2525 2295 2600 (Psat.
2335 2525 2537 2600 CXLVI).
2573 2547 2593 2582 ι
2621 2526 2812 2588 Omnis
2837 2543 2999 2599 opera
3023 2527 3264 2586 humana
3288 2537 3437 2580 mer-

1854 2621 2045 2688 cedem
2068 2621 2169 2679 sibi
2206 2619 2440 2690 postnlat
2483 2621 2682 2682 debere
2719 2620 2967 2687 retribui,
3011 2628 3073 2678 ut
3107 2619 3257 2690 quod
3285 2617 3440 2676 labo-

1856 2713 2001 2782 riose
2029 2713 2359 2785 peregimus,
2389 2727 2486 2783 spe
2509 2713 2775 2784 ιιι-Ωιιρεὶιὶ
2796 2713 3042 2771 muneris
3071 2709 3436 2770 consolemur.

1854 2808 1916 2878 lu
1937 2807 2338 2873 laudationibus
2365 2823 2495 2868 vero
2525 2808 2741 2878 Domini
2771 2817 2926 2866 actus
2959 2807 3075 2878 ipse
3103 2805 3272 2863 habet
3305 2817 3446 2875 prm-

1857 2903 2026 2962 mium
2052 2917 2232 2969 suum,
2261 2901 2481 2974 quando
2524 2901 2641 2974 ipsa
2667 2902 2772 2960 erit
2800 2901 3110 2968 retributio,
3140 2915 3264 2970 quae
3302 2910 3447 2954 nune

1854 3001 1942 3054 est
1994 2995 2334 3052 exercitatio.
2396 2994 2535 3056 Nam
2593 3010 2720 3052 cum
2765 2995 2969 3054 bonum
3027 2993 3099 3049 sit
3153 2989 3443 3047 Dominum

1855 3086 2176 3160 praedicare,
2201 3086 2327 3144 inde
2355 3087 2727 3157 unusquisque
2747 3085 2992 3142 noscitur
3014 3084 3280 3156 promissa
3307 3082 3450 3138 dona

1859 3169 2146 3251 recipere:
2181 3179 2374 3250 recipit
2402 3179 2582 3251 plane,
2611 3179 2828 3250 quando
2854 3179 2911 3234 in
2943 3178 3032 3234 illa
3061 3177 3307 3246 angelica
3335 3175 3450 3238 sin-

163 3277 349 3335 neque
387 3263 586 3332 luctus,
615 3279 792 3334 neque
817 3264 1042 3332 clamor,
1084 3277 1260 3335 neque
1284 3261 1435 3326 dolor
1462 3263 1568 3318 erit
1591 3259 1752 3328 ultra,
1783 3274 1828 3340 α
1859 3274 2047 3347 gulare
2070 3273 2132 3332 lit
2159 3289 2355 3333 Inunus
2389 3281 2723 3340 sanctorum,
2748 3277 3072 3342 perpetuum
3115 3267 3328 3324 Domitii
3359 3279 3450 3322 Sll'

167 3357 301 3430 quia
317 3355 492 3426 prima
513 3357 763 3412 abierunt
783 3357 968 3428 (Apoc.
995 3355 1132 3428 XXI).
1154 3375 1174 3408 ι
1197 3356 1307 3416 Sed
1321 3356 1600 3420 videamus
1617 3369 1754 3426 quo-

169 3447 338 3506 modo
357 3447 632 3507 canticum
659 3445 845 3504 luditb
877 3449 1100 3510 inchoet

253 3556 274 3590 ι
304 3539 529 3613 Incipite
554 3541 784 3600 Domino
813 3541 868 3598 in
901 3540 1193 3614 tympanis,
1217 3547 1437 3606 cantate
1454 3538 1684 3600 Domino
1705 3537 1759 3594 in

175 3650 198 3689 ς
239 3632 526 3704 cymbalis,
547 3632 899 3693 modulamini
937 3632 1012 3692 illi
1055 3631 1326 3706 psalmum
1353 3646 1578 3698 novum,
1607 3628 1760 3684 exal-

177 3744 199 3780 ι
243 3733 351 3788 tate
385 3733 442 3780 et
463 3725 712 3786 invocato
735 3741 932 3794 nomen
959 3725 1094 3798 ejus.
1127 3745 1146 3780 ι
1177 3724 1517 3798 Tympanum
1542 3723 1763 3794 quidam

170 3815 364 3872 dicunt
412 3831 532 3870 esse
559 3817 827 3872 musicum
871 3817 1312 3884 instrumentum,
1357 3815 1516 3886 quasi
1557 3813 1764 3873 duabus

171 3908 354 3967 miti-is
384 3907 515 3966 solis
541 3909 810 3982 capitibus
833 3909 1281 3971 convenientibus
1309 3923 1474 3984 supra
1494 3923 1588 3967 eas
1609 3906 1765 3964 densi

173 4000 314 4058 curii
347 4015 544 4068 sonora
590 4002 922 4072 resultante,
960 4005 1104 4076 quod
1144 4004 1341 4068 musici
1379 4000 1766 4072 disciplinahili

173 4107 434 4158 mensura
445 4095 808 4167 percutientes
819 4095 1030 4170 gemina
1046 4097 1388 4168 resonatione
1399 4097 1764 4156 modulantur.

171 4185 285 4240 Alii
315 4195 498 4253 autem
522 4187 711 4248 dicunt
744 4198 1057 4262 tympanum
1089 4204 1212 4258 esse
1233 4204 1350 4260 rem
1367 4191 1670 4258 minimam,
1703 4208 1770 4253 eo

175 4279 324 4348 quod
348 4279 404 4334 in
423 4296 590 4334 manu
616 4281 858 4350 mulieris
882 4282 1088 4352 portari
1101 4290 1312 4352 potest;
1341 4283 1485 4352 sicut.
1506 4285 1770 4354 scriptum

176 4372 344 4428 estin
380 4371 610 4430 Exodo:
657 4391 678 4430 ι
715 4374 958 4445 Sumpsit
1007 4389 1138 4446 ergo
1182 4374 1352 4439 Maria
1403 4377 1768 4446 prophetissa,

1858 3365 1978 3436 bire
2001 3365 2358 3436 praeconium.
2383 3363 2689 3423 Laudemus
2728 3377 2861 3436 ergo
2888 3360 3174 3417 devotione
3194 3371 3300 3428 qua
3325 3371 3452 3428 pos-

1859 3471 2071 3526 sumus,
2117 3466 2174 3514 et
2197 3457 2288 3512 hic
2331 3456 2425 3512 illa
2486 3455 2648 3512 beata
2710 3453 2852 3514 dona
2900 3451 3244 3508 meditemur.
3310 3445 3452 3514 Quid

1861 3549 2006 3606 enim
2032 3548 2262 3615 felicius,
2293 3562 2457 3618 quam
2502 3546 2663 3605 modo
2703 3557 2963 3600 exercere
2997 3541 3141 3612 quod
3181 3550 3235 3594 te
3262 3550 3452 3609 speras

1861 3647 1919 3703 in
1945 3647 2129 3705 futura
2154 3643 2490 3705 beatitudine
2519 3653 2680 3711 posse
2702 3652 2982 3709 peragere.
3013 3634 3125 3706 Spe
3148 3631 3296 3689 enim
3317 3628 3454 3686 salvi

1861 3736 1994 3796 facti
2046 3751 2256 3802 sumus,
2285 3733 2382 3792 sed
2434 3733 2676 3792 nondum
2723 3728 2996 3801 apparuit,
3050 3725 3181 3796 quid
3225 3723 3449 3779 erimus.

1865 3831 2002 3888 Cum
2033 3831 2181 3888 enim
2213 3828 2464 3886 Christus
2488 3823 2806 3896 apparuerit
2845 3822 2958 3879 vita
3001 3826 3210 3882 nostra,
3242 3823 3372 3870 tunc
3401 3819 3457 3868 et

1865 3925 1971 3998 ipsi
2023 3940 2146 3985 cum
2193 3939 2261 3982 eo
2308 3920 2690 3994 apparebimus
2725 3919 2784 3974 in
2830 3915 3020 3988 gloria.
3076 3912 3233 3970 Unde
3275 3917 3332 3966 et
3368 3923 3457 3965 see-

1867 4018 2055 4090 quitur
2077 4035 2092 4071 :

1943 4127 1976 4164 i-
1999 4106 2261 4164 Dominus
2297 4114 2588 4163 contemne
2637 4102 2802 4169 bella,
2850 4099 3110 4157 Dominus
3143 4111 3342 4154 nomen
3371 4101 3458 4151 est

1874 4221 1894 4258 ι
1929 4201 2030 4268 illi,
2077 4201 2170 4272 qui
2197 4200 2380 4271 posuit
2424 4206 2606 4255 castra
2646 4212 2744 4252 sua
2788 4196 2846 4250 in
2874 4193 3052 4253 medio
3071 4191 3252 4263 populi
3289 4189 3393 4245 sui.
3433 4208 3453 4243 ι

1869 4294 2203 4364 Redemptor
2233 4301 2444 4360 noster,
2484 4293 2550 4347 de
2573 4306 2681 4361 quo
2710 4289 2764 4343 in
2800 4287 3016 4342 Pssimo
3034 4287 3294 4356 scriptum
3331 4290 3414 4338 est
3441 4300 3455 4336 :

1879 4409 1899 4443 I
1939 4389 2201 4444 Dominus
2244 4386 2423 4454 fortis,
2453 4384 2716 4439 Dominus
2759 4390 2952 4452 potens
2980 4379 3035 4434 in
3067 4377 3254 4449 praelio
3284 4373 3456 4447 (Psai.

177 4479 338 4520 soror
360 4464 566 4533 Aaron,
596 4476 910 4538 tympanum
942 4468 996 4527 in
1026 4484 1192 4529 manu
1219 4485 1317 4526 sua
1357 4469 1556 4544 (Exuit.
1595 4470 1708 4543 xv).
1746 4490 1756 4524 l

1873 4484 2058 4554 mu),
2089 4483 2204 4553 ipse
2226 4497 2323 4552 per
2347 4481 2664 4551 sanguinem
2689 4477 2868 4533 crucis
2889 4472 3278 4531 suae'contrivit
3307 4469 3464 4525 santi-

177 4561 251 4616 Et
275 4561 395 4626 lteri
425 4561 610 4625 tubam
629 4577 754 4621 cum
776 4579 881 4620 una
910 4563 1088 4618 ﬁstula
1112 4565 1167 4622 in
1191 4565 1368 4635 capite
1393 4575 1648 4638 angusto,
1673 4582 1774 4638 per
1799 4636 1838 4640 _
1878 4574 2012 4629 tiam
2055 4573 2280 4640 diaboli,
2315 4580 2369 4628 et
2417 4571 2676 4626 mundum
2707 4567 2938 4638 subjecit
2983 4579 3095 4620 sum
3123 4562 3336 4627 ditioni,
3370 4559 3463 4631 qui

177 4655 328 4725 quod
349 4656 668 4726 inspiratur,
709 4657 940 4729 mystice
969 4659 1240 4730 signiﬁcat
1275 4636 1558 4716 minimam
1586 4636 1768 4716 scien-
1797 4636 1853 4711 D
1878 4681 2172 4737 resurgens
2201 4681 2230 4719 a
2261 4636 2490 4720 mortuis
2519 4663 2588 4718 ad
2626 4636 2917 4732 discipulos
2946 4673 3074 4714 suos
3101 4657 3178 4711 ait
3220 4669 3236 4710 :
3276 4674 3294 4707 ι
3329 4653 3464 4707 Data

180 4749 318 4805 tiam
353 4762 472 4804 esse
510 4747 646 4819 legis
674 4749 876 4806 veteris
913 4751 968 4806 in
1007 4767 1171 4806 manu
1215 4752 1518 4825 Synagogae
1555 4752 1772 4810 iudico-
1877 4769 1964 4816 est
1993 4759 2127 4815 mihi
2176 4759 2358 4814 omnis
2383 4767 2625 4829 potestas
2651 4757 2706 4810 in
2733 4753 2872 4810 coelo
2895 4753 3034 4808 etin
3068 4760 3233 4806 terra.
3265 4747 3466 4802 Euntes

180 4853 306 4893 rum
343 4841 582 4909 antiquis
627 4842 980 4911 temporibus,
1015 4859 1138 4913 quae
1163 4847 1326 4900 modo
1365 4860 1462 4914 per
1496 4845 1769 4901 Christum
1877 4851 2070 4906 docete
2103 4865 2295 4906 omnes
2344 4857 2556 4919 gentes,
2604 4846 2942 4916 baptizantes
2999 4859 3092 4898 eos
3143 4841 3201 4895 in
3249 4837 3466 4892 nomine

180 4931 410 4988 dilatata
435 4942 522 4990 est
562 4933 619 4988 in
656 4935 907 5013 manibus
940 4947 1144 4992 sancta
1188 4937 1473 4994 Ecclesiae.
1513 4937 1774 5010 Cymbala

181 5043 316 5082 vero
341 5038 468 5084 sunt
494 5031 829 5099 parvissima:
847 5032 1040 5103 phiala:
1069 5034 1356 5103 permixtis
1381 5035 1612 5090 metallis
1631 5048 1774 5090 com-

182 5121 397 5192 positae,
436 5124 740 5183 veutricula
777 5125 896 5179 fusa
943 5127 998 5180 in
1029 5126 1289 5182 lateribus
1320 5129 1604 5194 habentes,
1652 5141 1772 5198 qum

183 5212 484 5270 artilltaosa
528 5216 898 5275 modulatione
935 5217 1138 5274 collisae
1176 5220 1550 5276 acutissimum
1579 5233 1774 5276 sonum

187 5303 496 5362 delectabili
519 5310 910 5368 consonatione
925 5312 1237 5379 restituunt,
1259 5314 1595 5384 etsigniticat
1607 5313 1777 5370 labio-

186 5414 312 5456 rum
331 5408 642 5457 nostrorum
665 5413 895 5466 motum,
922 5420 1046 5476 qua
1064 5423 1174 5463 non
1194 5407 1470 5464 immerito
1485 5409 1630 5462 inter
1653 5424 1768 5463 mus

184 5492 304 5550 sica
350 5493 715 5557 instrumenta
765 5497 940 5568 posita
995 5507 1142 5568 sunt,
1193 5503 1321 5572 quia
1371 5511 1429 5556 et
1481 5500 1776 5558 similitudo

185 5586 436 5656 quadam
459 5597 544 5644 est
572 5589 964 5661 cymbalorum,
989 5601 1044 5648 ot
1073 5607 1172 5664 per
1195 5609 1318 5650 eam
1337 5608 1500 5650 voces
1523 5595 1777 5650 humanm

187 5681 530 5742 harmoniam
559 5685 788 5742 reddere
806 5687 1189 5744 suavissimam
1207 5689 1612 5758 comprobatur.
1639 5689 1780 5746 Har-

186 5776 374 5834 monia
398 5778 547 5836 enitn
572 5787 660 5837 est
699 5781 1037 5838 diversarum
1064 5797 1252 5839 rerum
1277 5783 1332 5838 in
1360 5798 1529 5838 unum
1575 5797 1776 5839 conve-

186 5873 458 5934 nientium
482 5876 702 5936 redacta
723 5876 1016 5952 copulatio,
1047 5878 1192 5952 quod
1218 5886 1274 5936 et
1299 5879 1356 5936 in
1375 5893 1509 5936 voce
1539 5879 1776 5935 humana
1805 5955 1812 5959 _

1876 4943 2078 5009 Patris,
2123 4951 2180 4998 ct
2208 4941 2350 5006 Filii,
2382 4949 2440 4996 et
2463 4939 2703 5010 Spiritus
2727 4937 2924 5002 sancti,
2956 4935 3210 4990 docentes
3244 4944 3338 4984 eos
3366 4927 3467 4983 ob-

1879 5053 2107 5094 servare
2149 5037 2354 5102 omnia,
2384 5049 2720 5107 quaecunque
2756 5029 3005 5086 mandavi
3035 5026 3208 5082 vobis.
3245 5023 3314 5078 Et
3341 5033 3470 5076 ecce

1876 5149 1977 5206 ego
2023 5131 2304 5187 vobiscum
2339 5145 2460 5186 sum
2499 5129 2752 5184 erunibus
2797 5125 3006 5189 diebus,
3037 5133 3207 5190 usque
3245 5117 3314 5172 ad
3339 5129 3470 5172 con-

1878 5225 2297 5285 summationem
2351 5220 2535 5278 saeculi
2569 5218 2786 5290 (Matth.
2815 5214 3031 5286 xxvm).
3063 5231 3082 5263 ι
3113 5209 3306 5267 Castra
3341 5219 3471 5276 ergo
3547 5253 3552 5256 ,

1878 5336 1978 5377 sua
2001 5320 2062 5374 in
2081 5318 2262 5373 medio
2291 5315 2476 5386 populi
2505 5312 2588 5369 sui
2615 5309 2812 5382 posuit,
2840 5323 2966 5364 cum
2994 5303 3292 5362 Ecclesium
3315 5313 3470 5357 suam

1879 5411 1940 5468 in
1961 5410 2142 5466 medio
2159 5409 2443 5464 nationum
2470 5404 2770 5468 constituit,
2789 5416 2845 5456 tn
2873 5413 2977 5472 qua
3008 5411 3224 5469 semper
3243 5405 3473 5450 manens

1883 5503 2128 5578 quotidie
2171 5502 2376 5558 electos
2407 5511 2535 5554 suos
2557 5497 2626 5552 de
2661 5495 2916 5551 manibus
2943 5491 3288 5548 inimicorum
3332 5484 3472 5578 lihe-

1880 5573 1992 5663 rat,
2041 5595 2138 5650 sed
2185 5594 2241 5648 in
2278 5592 2384 5647 line
2429 5589 2615 5646 mundi
2651 5585 2948 5658 perfectam
2986 5582 3361 5640 liberationem
3390 5573 3472 5632 eis

1880 5689 2185 5764 praestabit,
2210 5687 2429 5758 quando
2458 5682 2778 5739 absorbetur
2802 5682 2856 5739 id
2894 5679 3038 5754 quod
3057 5674 3289 5733 mortale
3322 5676 3470 5764 est_a

1883 5759 2022 5849 uita,
2071 5790 2127 5837 et
2162 5779 2279 5851 ipsa
2323 5775 2616 5832 novissima
2664 5775 2974 5831 destruetur
3024 5781 3204 5834 metu;
3254 5759 3474 5833 quando

1887 5871 2062 5934 sancti
2092 5868 2394 5942 fulgebunt,
2419 5867 2561 5925 sicut
2587 5866 2672 5926 sol
2693 5867 2751 5924 in
2767 5878 2936 5937 regno
2964 5859 3144 5920 Patris
3168 5867 3382 5924 eorum,
3409 5858 3473 5914 et
