3882 6468
430 382 530 442 δῶ

1083 376 1144 432 B.
1181 374 1437 430 RABANI
1471 374 1695 432 MAURI
1728 373 2045 432 ARCHIEP.
2089 373 2402 433 MOGUNT.
2445 374 2732 459 OPERUM
2769 374 2951 432 PARS
2975 374 3020 430 I.

3618 371 3726 428 585

435 496 717 554 interitum
746 491 984 549 omnium
1010 491 1251 548 hostium
1281 509 1525 561 suorum,
1553 510 1677 549 cum
1708 495 1885 566 capite
1914 509 2013 549 suo
2040 495 2092 558 Α
2116 502 2525 563 persecutorum
2554 503 2758 550 sanctze
2779 492 3036 549 Ecclesia:
3063 507 3092 546 a
3110 491 3428 564 juvenibus,
3463 488 3581 545 hoc
3618 499 3724 554 est,

434 591 536 663 ipsi
576 590 822 646 videntes
845 585 1099 641 ridebunt
1139 594 1193 641 et
1227 586 1446 641 dic‘ent:
1477 605 1495 637 ‹
1534 586 1674 641 Ecce
1703 587 1885 652 homo,
1925 585 2018 655 qui

432 699 542 739 non
592 681 776 753 posuit
818 679 990 736 Deum
1041 678 1346 750 adjutorem
1396 679 1516 744 sibi,
1545 679 1640 734 sed
1691 677 1930 748 speravit
1963 678 2017 731 in

436 781 780 838 multitudine
825 778 1134 834 divitiarum
1162 793 1402 843 suarum,
1431 787 1486 834 et
1512 776 1798 849 praevaluit
1842 776 1896 830 in
1924 791 2021 830 va-

435 877 606 932 nitate
630 890 750 930 sua.
777 872 890 943 Ego
918 880 1101 927 autem
1124 872 1266 927 sicut
1298 871 1439 925 oliva
1465 869 1748 925 fructifera
1781 869 1837 923 in
1861 869 2021 923 domo

434 968 531 1024 Dei
562 965 776 1038 speravi
813 964 868 1018 in
898 963 1272 1019 misericordia
1313 965 1432 1034 ejus
1461 963 1518 1018 in
1547 972 1833 1028 aeternum,
1881 968 1936 1015 et
1966 958 2020 1014 in

436 1060 694 1117 saeculum
715 1057 897 1115 saeculi
917 1056 1217 1113 conﬁtebor
1241 1057 1317 1112 illi
1343 1055 1518 1130 (Psal.
1543 1055 1641 1129 L1).
1664 1077 1682 1109 ι
1703 1056 1857 1112 Unde
1878 1069 2024 1109 nunc

435 1150 706 1221 replicans
745 1157 936 1205 contra
982 1147 1247 1202 malitiam
1305 1147 1649 1230 inimicorum
1694 1161 1914 1203 suorum
1966 1145 2023 1200 in

436 1243 681 1300 carmine
697 1257 795 1299 suo
812 1241 1091 1312 subiunxit
1117 1260 1131 1296 :

512 1355 531 1388 ‹
571 1335 730 1391 Venit
751 1334 921 1391 Assur
956 1349 1025 1391 ex
1052 1333 1325 1390 montibus
1366 1334 1436 1388 ab
1466 1333 1718 1404 aquilone
1749 1333 1805 1388 in
1835 1333 2022 1389 multi-

443 1445 462 1477 ‹
501 1427 689 1481 tudine
711 1424 1039 1482 fortitudinis
1073 1440 1206 1490 suae,
1247 1422 1402 1493 cujus
1430 1425 1718 1480 multitudo
1750 1424 2027 1480 obturavit

439 1541 458 1573 ι
492 1529 783 1588 torrentes,
808 1529 863 1575 ει
881 1520 1007 1590 equi
1035 1535 1223 1576 eorum
1251 1526 1644 1589 cooperuerunt
1663 1517 1852 1572 valles.
1881 1517 2027 1572 Dixit

441 1632 460 1666 ι
494 1629 553 1668 εε
579 1613 924 1669 incensurum
952 1614 1089 1668 ﬁnes
1109 1627 1276 1677 meos,
1309 1621 1365 1668 et
1382 1611 1613 1682 juvenes
1637 1627 1788 1667 meos
1816 1611 2026 1666 occisu-

441 1725 463 1755 ι
481 1720 608 1760 rum
633 1703 831 1776 gladio,
859 1703 1096 1760 infantes
1118 1719 1270 1759 meos
1307 1704 1438 1759 dare
1462 1704 1518 1758 in
1547 1706 1805 1775 praedam,
1835 1715 1890 1760 et
1916 1705 2026 1761 vir-

441 1816 458 1846 ‹
489 1796 643 1868 gines
673 1797 728 1851 in
761 1797 1152 1867 captivitatem.
1185 1796 1447 1858 Dominus
1474 1805 1654 1851 autem
1683 1797 2026 1868 omnipotens

2122 601 2189 641 ex
2224 586 2416 641 robore
2456 587 2636 642 carnis
2676 595 2984 657 superattn',
3037 599 3138 640 nec
3166 583 3446 654 sagacitas
3491 582 3725 636 humani

2122 675 2342 747 ingenii,
2399 684 2493 731 aut
2543 675 2803 732 fortitudo
2857 676 3068 746 imperii
3118 675 3320 731 terreni
3368 688 3576 728 necem
3623 673 3727 729 illis

2123 765 2325 821 inferre
2371 768 2565 837 potuit,
2592 767 2685 823 sed
2712 767 2885 823 virtus
2912 766 3095 822 divina
3126 782 3222 837 per
3261 764 3655 821 humilitatem
3677 774 3729 820 et

2123 858 2525 929 simplicitatem
2554 858 2791 915 ﬁdelium
2843 875 3066 915 suorum
3113 859 3393 915 inimicam
3434 858 3728 912 cohortem

2123 951 2438 1021 superavit,
2481 951 2735 1008 contrivit
2771 967 2836 1007 ac
2871 951 3182 1021 dissipavit;
3219 952 3441 1022 species
3487 949 3646 1003 enim
3673 963 3729 1003 ac

2123 1043 2344 1099 claritas
2371 1045 2608 1100 omnium
2653 1045 2934 1111 virtutum,
2968 1059 3088 1114 qute
3114 1043 3335 1100 lucebat
3373 1043 3436 1098 in
3474 1058 3732 1097 sermone

2123 1143 2323 1191 nostrae
2345 1133 2552 1202 Juditb,
2575 1135 2825 1192 similiter
2847 1143 2902 1190 et
2936 1150 3120 1206 opere,
3145 1150 3308 1191 causa
3339 1132 3453 1188 fuit
3482 1134 3734 1188 hostibus

2125 1229 2376 1283 maximae
2408 1230 2596 1285 ruinae.
2626 1228 2728 1298 Qui
2757 1229 2904 1286 enim
2947 1231 3192 1285 nesciunt
3227 1230 3444 1284 bonum
3503 1229 3568 1282 in
3618 1229 3733 1282 aliis

2125 1329 2400 1392 repertum
2429 1331 2579 1378 caste
2606 1322 2848 1392 diligere,
2877 1323 2972 1378 sed
3001 1323 3251 1394 nequiter
3274 1322 3568 1386 invidere,
3601 1323 3736 1376 unde.

2124 1421 2418 1484 potuerunt
2469 1416 2671 1470 habere
2718 1415 3008 1482 solatium,
3059 1415 3185 1472 inde
3238 1414 3348 1472 sibi
3396 1423 3736 1486 perpetuum

2127 1507 2415 1578 acquirunt
2442 1515 2793 1563 tormentum.

2205 1617 2224 1651 ‹
2263 1599 2427 1654 Exuit
2462 1600 2606 1654 enim
2635 1615 2695 1655 se
2741 1599 3067 1656 vestimento
3094 1599 3409 1667 viduitatis,
3469 1607 3540 1654 et
3576 1598 3738 1654 induit

2134 1711 2152 1744 ‹
2187 1708 2246 1748 se
2259 1693 2582 1748 vestimento
2597 1693 2795 1749 laetitim
2815 1696 2870 1750 in
2888 1695 3249 1750 exsultatione
3270 1695 3539 1749 ﬁliorum
3561 1694 3738 1749 Israel.

2136 1805 2153 1837 ι
2193 1785 2356 1841 Unxit
2393 1785 2587 1842 faciem
2602 1804 2754 1842 suam
2778 1797 3075 1859 unguento,
3115 1797 3171 1843 et
3197 1787 3499 1858 colligavit
3539 1788 3738 1841 cincin-

441 1904 462 1937 ‹
500 1886 684 1942 nocuit
713 1901 875 1953 eum,
907 1893 962 1942 et
986 1885 1210 1941 tradidit
1260 1901 1385 1941 eum
1433 1885 1489 1940 in
1538 1902 1731 1941 manus
1789 1877 2022 1954 feminae,
2054 1883 2103 1943 B
2137 1895 2156 1928 ε
2191 1893 2289 1932 "05
2324 1893 2452 1933 SUOS
2500 1879 2696 1945 mitra;
2730 1881 2939 1950 accepit
2987 1878 3179 1935 ειοιδιῐι
3215 1894 3428 1934 “(Nam
3481 1878 3564 1932 ad
3611 1878 3741 1932 ἀθά·

443 1995 462 2027 ‹
498 1983 554 2032 ει
595 1976 836 2032 confodit
859 1991 1004 2031 eum.
1039 1997 1058 2030 ι
1094 1976 1267 2032 Assur
1291 1991 1453 2048 quem
1493 1977 1660 2033 Isaias
1690 1979 1895 2050 virgam
1934 1978 2023 2032 fu-

436 2069 577 2124 roris
614 2069 710 2124 Dei
759 2078 817 2125 et
866 2070 1117 2126 baculum
1157 2071 1543 2143 indignationis
1602 2070 1719 2142 ejus
1768 2073 2021 2144 appellat,

435 2161 663 2232 mystice
685 2161 953 2233 signiﬁcat
978 2161 1272 2230 diabolum,
1305 2163 1398 2235 qui
1428 2178 1527 2233 per
1567 2164 1848 2221 ministros
1873 2181 2024 2233 suos,

436 2252 539 2308 hoc
563 2263 668 2321 est,
725 2254 1030 2311 immundos
1069 2255 1315 2326 spiritus,
1367 2257 1454 2312 vel
1503 2258 1749 2315 homines
1786 2274 2028 2329 paganos

434 2346 519 2400 vel
545 2346 761 2403 Judteos
791 2334 910 2403 sive
929 2348 1097 2402 etiam
1138 2349 1446 2418 haereticos,
1472 2351 1697 2408 veniens
1719 2367 1786 2408 ex
1827 2355 2028 2408 monti-

437 2437 557 2503 bus,
583 2439 759 2506 idest,
809 2441 1072 2512 superbiae
1112 2457 1224 2498 suae
1254 2445 1535 2499 tractibus.
1561 2445 1627 2499 Et
1656 2447 1724 2501 ab
1753 2447 2024 2515 aquilone,

438 2527 543 2584 hoc
572 2538 676 2595 εει,
701 2531 769 2586 ab
798 2530 1129 2588 inﬁdelitatis
1159 2532 1381 2606 frigore,
1396 2534 1661 2605 disposuit
1683 2537 1885 2592 bellum
1906 2553 2028 2594 con-

437 2630 524 2676 tra
553 2623 810 2692 populum
837 2623 968 2691 Dei;
992 2627 1146 2697 cujus
1186 2626 1394 2683 militia:
1434 2620 1722 2684 multitudo
1751 2631 2028 2686 obturavit

436 2719 726 2780 torrentes,
757 2731 879 2770 cum
901 2717 1083 2772 varias
1105 2718 1474 2788 temporaliter
1504 2719 1748 2776 ﬁdelibus
1768 2721 2028 2777 excitavit

436 2807 863 2876 persecutiones,
913 2807 1137 2880 ejusque
1185 2812 1312 2882 equi
1368 2823 1764 2883 cooperuerunt
1817 2816 1986 2872 valles
2009 2857 2025 2884 ,

435 2913 559 2952 cum
591 2901 844 2971 superbia
884 2902 1138 2958 lictorum
1174 2903 1292 2973 ejus
1319 2906 1550 2963 vinculis
1593 2911 1900 2979 eaptivarat
1927 2913 2029 2967 hu-

436 2990 609 3046 miles.
659 2989 824 3064 Cujus
853 2997 1164 3067 arrogantia
1213 2998 1411 3068 plausit
1453 3001 1555 3055 sibi
1592 3002 1730 3059 ﬁnes
1772 3005 2031 3061 Ecclesiae

437 3077 881 3149 devastaturam,
915 3093 970 3138 ει
999 3083 1228 3154 juvenes
1279 3089 1396 3159 ejus
1425 3130 1440 3155 ,
1484 3091 1587 3145 hoc
1620 3101 1724 3158 est,
1778 3095 2030 3151 robustos

435 3187 648 3243 quoque
684 3175 741 3230 in
769 3176 874 3233 ﬁde
901 3186 957 3233 et
981 3178 1138 3236 bonis
1152 3182 1406 3252 operibus
1427 3183 1605 3255 gladio
1638 3190 2030 3257 persecutionis

2137 1987 2154 2018 ι
2184 1968 2440 2037 piendum
2492 1971 2643 2025 illum
2677 1988 2691 2025 :
2733 1970 2990 2026 Sandalia
3032 1970 3149 2040 ejus
3186 1977 3512 2040 rapuemnt
3568 1968 3741 2024 oculos

2135 2077 2156 2110 ί
2193 2058 2329 2126 ejus,
2355 2060 2702 2130 pulchritudo
2730 2060 2846 2130 ejus
2868 2063 3136 2132 captivam
3167 2063 3296 2118 fecit
3311 2062 3585 2116 animam
3615 2062 3737 2129 ejus,

2135 2176 2153 2207 c
2191 2157 2493 2228 amputavit
2531 2159 2764 2230 pugione
2802 2157 3068 2212 cervicem
3095 2157 3230 2227 ejus.
3268 2175 3287 2207 ι
3319 2155 3507 2210 Exuit
3559 2153 3738 2208 seic-

2130 2247 2296 2304 clesia
2343 2250 2665 2305 vestimento
2712 2249 3012 2314 viduitatis,
3055 2263 3181 2304 cum
3232 2249 3450 2303 veteris
3501 2246 3737 2300 hominis.

2133 2349 2315 2407 actus,
2338 2355 2438 2409 pro
2465 2341 2660 2410 quibus
2685 2340 3096 2406 meruitdeseri,
3122 2340 3179 2395 in
3205 2355 3344 2411 aqua
3380 2338 3733 2409 baptismatis

2129 2433 2320 2498 abluit,
2370 2441 2425 2488 et
2453 2434 2575 2488 novi
2615 2433 2850 2488 hominis
2881 2433 3348 2490 conversationem
3403 2431 3626 2495 induit;
3652 2430 3732 2498 qui

2129 2534 2425 2583 renovatur
2452 2527 2520 2583 de
2549 2527 2635 2582 die
2663 2528 2715 2582 in
2743 2528 2884 2583 diem
2917 2527 3213 2583 secundum
3252 2526 3572 2596 imaginem
3607 2524 3730 2594 ejus

2131 2619 2224 2690 qui
2267 2619 2475 2675 creavit
2529 2635 2674 2686 eum,
2729 2620 3003 2691 particeps
3036 2619 3180 2675 facta
3233 2619 3422 2691 gaudii
3470 2618 3729 2673 cmlestis.

2133 2711 2286 2768 Unde
2307 2726 2402 2783 per
2428 2711 2622 2767 Isaiam
2665 2713 2730 2768 de
2768 2713 2871 2768 hac
2898 2713 3325 2769 commutatione
3359 2712 3730 2782 spiritualium

2131 2804 2572 2860 indumentorum
2595 2805 2664 2860 ad
2678 2805 2980 2860 Jerusalem
3005 2806 3243 2877 typicam
3265 2805 3478 2860 dicitur
3502 2824 3519 2859 :
3557 2825 3578 2856 ι
3599 2805 3730 2859 Om—

2130 2899 2358 2956 fusionis
2395 2899 2772 2957 adolescentiae
2816 2907 2921 2954 tuae
2953 2899 3316 2964 obliviscaris,
3342 2907 3403 2954 et
3455 2897 3728 2969 opprobrii

2130 2992 2412 3048 viduitatis
2437 3001 2545 3046 ture
2566 3008 2673 3048 non
2703 2990 3078 3047 recordaberis
3105 2990 3357 3062 amplius,
3389 2990 3530 3059 quia
3565 2990 3728 3044 domi-

2133 3085 2353 3139 nabitur
2377 3085 2452 3139 tui
2484 3085 2576 3155 qui
2611 3083 2739 3141 fecit
2768 3092 2841 3150 te,
2871 3082 3130 3138 Dominus
3158 3081 3510 3137 exercituum
3537 3095 3725 3133 nomen

2132 3177 2249 3248 ejus
2278 3175 2526 3249 (Imm).
2549 3196 2567 3228 ι
2600 3175 2768 3231 Unxit
2797 3175 2989 3233 faciem
3021 3190 3171 3230 suam
3187 3184 3494 3246 unguento,
3520 3172 3726 3244 quando

437 3267 769 3335 occisuram;
799 3271 1032 3328 infantes
1063 3275 1281 3346 quippe,
1308 3276 1374 3331 de
1396 3277 1593 3348 quibus
1621 3281 1884 3352 scriptum
1904 3290 2020 3338 εει,
2053 3273 2098 3338 C
2132 3270 2445 3324 unctionem
2467 3269 2610 3324 sacri
2634 3268 2949 3324 chrismatis
2977 3267 3187 3336 accepit
3207 3267 3261 3321 in
3287 3265 3470 3332 vultu,
3497 3273 3563 3318 ut
3584 3264 3724 3333 juxta

443 3376 462 3408 ‹
492 3357 571 3412 Ex
609 3374 704 3414 ore
744 3360 1030 3418 infantium
1059 3373 1114 3419 et
1147 3365 1464 3425 lactentium
1507 3372 1788 3442 perfecisti
1811 3373 2025 3430 laudem

439 3449 652 3520 (Matth.
697 3452 836 3524 χχι),
875 3474 894 3506 ι
931 3456 1178 3528 accipere
1227 3460 1282 3515 in
1327 3462 1658 3519 seductionis
1690 3466 1948 3535 praedam,
1973 3475 2029 3523 et

439 3539 708 3609 virgines,
741 3541 792 3595 id
819 3551 923 3611 est,
967 3556 1144 3602 castas
1183 3558 1238 3604 ct
1265 3551 1492 3620 pudicas
1518 3553 1728 3609 animas
1772 3556 2031 3612 abductu-

437 3645 555 3686 ram
582 3630 636 3686 in
671 3645 950 3691 carcerem
977 3639 1252 3695 vitiorum.
1285 3641 1394 3698 Sed
1422 3643 1550 3700 licet
1575 3645 1692 3716 ipse
1723 3664 1869 3704 caeca
1899 3652 2029 3706 stul-

440 3719 560 3774 titia
583 3729 791 3777 tantum
838 3726 939 3780 sibi
961 3727 1240 3797 plauserit,
1265 3747 1374 3787 non
1399 3742 1579 3790 tamen
1607 3738 1904 3792 secundum
1936 3756 2030 3795 vo-

441 3821 555 3869 tum
601 3815 718 3885 ejus
755 3833 940 3874 rerum
981 3822 1117 3877 ordo
1142 3823 1220 3878 illi
1264 3829 1431 3882 cessit
1456 3869 1472 3896 ,
1502 3830 1596 3885 sed
1631 3831 1867 3886 mirabili
1894 3847 2028 3888 con-

439 3907 560 3964 silio
598 3909 694 3964 Dei
740 3912 993 3982 superbia
1031 3912 1147 3982 ejus
1203 3917 1477 3975 destructa
1508 3932 1610 3976 est.
1648 3923 1717 3977 Et
1767 3923 1883 3994 ipse
1936 3925 2029 3995 qui

441 3997 568 4054 alibi
597 4001 674 4055 ait
703 4018 718 4056 :
766 4021 786 4054 ι
820 4001 881 4057 In
925 4003 1122 4060 coelum
1157 4010 1467 4077 ascendam,
1512 4027 1676 4082 super
1722 4013 1899 4069 sidera
1931 4015 2027 4072 Dei

437 4091 686 4146 exaltabo
702 4093 896 4149 solium
925 4112 1124 4165 meum,
1155 4101 1355 4158 sedebo
1385 4103 1443 4157 in
1467 4112 1649 4160 monte
1691 4107 2024 4174 testamenti,

440 4181 497 4236 in
527 4183 782 4240 lateribus
813 4187 1083 4258 aquilonis
1117 4211 1129 4245 :
1165 4195 1457 4250 ascendam
1489 4211 1651 4266 super
1686 4197 2024 4255 altitudinem

437 4273 684 4341 nubium,
708 4284 763 4331 et
787 4291 882 4333 ero
909 4278 1100 4336 similis
1126 4281 1404 4340 Altissimo
1435 4285 1568 4356 (Isa.
1603 4288 1737 4362 xxv),
1776 4308 1794 4341 ι
1833 4290 2029 4346 cecidit

437 4364 503 4419 de
534 4364 671 4419 coelo
697 4365 931 4435 Lucifer,
976 4370 1067 4439 qui
1112 4387 1272 4428 mane
1301 4375 1602 4443 oriebatur,
1647 4385 1702 4433 et
1731 4380 1940 4433 corruit
1971 4380 2026 4434 in

437 4461 657 4520 terram,
691 4458 784 4528 qui
813 4459 1134 4516 vulnerabat
1157 4472 1367 4533 gentes.
1396 4466 1655 4523 Dominus
1677 4484 1807 4541 ergo
1845 4472 2026 4526 omni-

433 4555 626 4615 potens
656 4551 840 4604 nocuit
877 4566 1036 4618 eum,
1078 4562 1136 4608 et
1167 4556 1388 4611 tradidit
1437 4557 1494 4612 in
1537 4575 1733 4616 manus
1785 4561 2021 4629 feminae,

2129 3361 2474 3416 Psalmistam
2517 3359 2851 3415 exhilararet
2881 3359 3075 3415 faciem
3115 3374 3271 3413 suam
3319 3358 3373 3412 in
3408 3357 3561 3413 oleo.
3596 3357 3725 3412 Con-

2131 3454 2664 3511 cinnavitcincinnos
2679 3469 2807 3508 suos
2831 3453 3011 3517 mitra,
3043 3467 3166 3506 cum
3192 3451 3534 3506 ﬁuctuantes
3555 3458 3724 3504 motus

2132 3547 2522 3619 cogitationum
2564 3562 2785 3601 suarum
2832 3544 3015 3600 divino
3049 3545 3244 3598 timore
3288 3543 3637 3598 constrinxit
3675 3557 3726 3595 ac

2133 3657 2229 3711 spe
2284 3642 2440 3696 ﬁrma
2495 3639 2838 3705 coadunavit,
2897 3653 2996 3709 per
3044 3638 3188 3707 quod
3236 3647 3476 3692 conatus
3529 3623 3726 3708 antiqui

2133 3734 2308 3789 hostis
2356 3732 2663 3788 certissime
2704 3728 3220 3786 delusit.~Sandalia
3265 3729 3386 3799 ejus
3433 3739 3729 3800 rapuerunt

2131 3827 2317 3882 oculos
2338 3825 2473 3896 ejus,
2521 3825 2649 3896 quia
2678 3824 2994 3879 indumenta
3023 3824 3218 3893 pedum
3252 3837 3511 3889 suorum,
3543 3825 3729 3894 quibus

2132 3921 2373 3977 calceata
2401 3919 2503 3974 fuit
2554 3919 2609 3972 in
2638 3917 3036 3988 praeparatione
3078 3916 3354 3988 Evangelii
3410 3918 3573 3987 pacis
3600 3933 3726 3986 pnn-

2131 4022 2331 4068 xcrunt
2358 4011 2542 4066 oculos
2573 4009 2802 4076 inimici,
2830 4019 2887 4064 et
2923 4007 3268 4082 pulchritudo
3289 4009 3567 4063 virtutum
3596 4008 3729 4062 illius

2132 4105 2484 4174 impotentem
2513 4101 2643 4156 fecit
2690 4102 2928 4156 animam
2982 4101 3117 4171 ejus.
3169 4100 3321 4157 Unde
3353 4103 3554 4157 evenit
3596 4102 3730 4172 quod

2130 4196 2379 4266 superior
2399 4193 2564 4260 facta,
2593 4178 2826 4263 propriae
2866 4191 3122 4261 nequitiae
3148 4191 3386 4262 pugione
3415 4191 3726 4246 damnando

2123 4286 2390 4358 jugulavit
2416 4284 2684 4340 cervicem
2711 4284 3070 4341 contumacia:
3094 4283 3230 4354 ejus.

2207 4397 2226 4430 ι
2269 4377 2611 4432 Horrueruut
2655 4373 2835 4452 Persa:
2884 4374 3249 4430 constantiam
3279 4375 3426 4444 ejus,
3475 4384 3539 4430 et
3599 4374 3724 4428 Medi

2136 4487 2155 4520 ‹
2183 4467 2464 4522 audaciam
2486 4466 2624 4537 ejus.
2656 4486 2675 4517 ι
2705 4465 2765 4520 In
2793 4463 2994 4530 Persis,
3019 4465 3112 4535 qui
3149 4465 3597 4535 interpretantur
3627 4477 3727 4520 tea-

2130 4569 2320 4625 tautes,
2353 4567 2408 4614 et
2442 4557 2612 4612 Medis
2639 4598 2654 4624 ,
2682 4557 2774 4627 qui
2821 4566 3079 4611 resonant
3104 4565 3388 4611 metuentes
3409 4597 3426 4622 ,
3453 4561 3725 4613 exercitus

435 4645 576 4707 (1038'
603 4649 766 4710 caput
794 4644 1062 4713 serpentis
1107 4655 1390 4704 conterere
1443 4650 1499 4704 in
1542 4651 1741 4709 Genesi
1777 4654 1906 4709 olim
1926 4655 2024 4710 de-
2048 4661 2103 4722 D
2129 4649 2347 4715 diaboli,
2383 4647 2437 4703 id
2458 4655 2562 4713 est,
2593 4646 2815 4718 maligni
2843 4644 3076 4717 Spiritus
3105 4655 3333 4715 possunt
3359 4647 3604 4720 intelligi
3639 4651 3724 4718 qui

435 4729 641 4799 scripta
674 4741 778 4800 est,
809 4741 865 4788 et
914 4735 1155 4792 confudit
1196 4753 1341 4806 eum,
1381 4741 1555 4813 ligans
1598 4759 1722 4798 eum
1771 4746 2024 4803 videlicet

436 4818 649 4875 ancillis
692 4823 828 4889 suis,
857 4839 978 4894 qute
1005 4829 1260 4884 devotum
1301 4831 1580 4887 ‘servitium
1607 4835 1796 4890 humili
1839 4837 2022 4892 animo

433 4922 650 4981 semper
695 4916 967 4972 conditori
1013 4935 1111 4977 suo
1155 4921 1522 4990 exhibebant;
1567 4933 1729 4997 atque
1777 4928 1852 4982 ita
1883 4929 2018 5000 ipse,

433 5002 526 5072 qui
554 5018 652 5074 per
689 5008 1002 5078 superbiam
1036 5012 1139 5067 sibi
1185 5013 1596 5071 similitudinem
1630 5018 1728 5073 Dei
1759 5021 2021 5090 promisc-

433 5097 540 5160 rat,
563 5095 840 5155 detractus
869 5101 940 5155 ad
981 5101 1202 5167 inferos,
1250 5111 1308 5158 et
1335 5104 1390 5158 in
1416 5105 1742 5174 profundum
1772 5109 1878 5164 laci
1921 5110 2022 5165 de-

433 5201 646 5244 mersus
682 5198 785 5257 est,
819 5191 874 5245 id
898 5199 1000 5256 est,
1035 5193 1104 5248 ad
1127 5194 1398 5250 infernum
1424 5197 1692 5266 ultimum,
1724 5201 1830 5256 hoc
1873 5201 2020 5256 enim

433 5279 704 5348 signiﬁcat
754 5281 859 5339 laci
911 5283 1279 5354 profunditas;
1330 5303 1430 5358 pro
1477 5305 1584 5359 quo
1625 5292 1679 5346 in
1729 5292 2020 5365 Evangelia

439 5384 459 5418 ι
484 5371 739 5425 tenebras
773 5373 1070 5432 exteriores
1102 5395 1122 5429 ›
1157 5376 1386 5448 legimus
1411 5419 1428 5446 ,
1466 5396 1486 5431 ι
1514 5380 1605 5435 ubi
1651 5389 1734 5436 est
1778 5381 1942 5438 ﬂetus
1963 5390 2021 5438 et

433 5456 637 5512 stridor
659 5461 901 5517 dentium
933 5463 1149 5536 (Matth.
1175 5469 1317 5541 vm).
1357 5489 1375 5523 ›

512 5541 533 5598 i
564 5546 682 5604 Non
708 5545 853 5607 enim
882 5555 1076 5610 cecidit
1112 5568 1307 5627 potens
1331 5577 1518 5618 eorum
1549 5579 1580 5618 a
1604 5564 1894 5635 juvenibus
1913 5607 1928 5630 ,
1959 5574 2016 5622 et

439 5657 458 5692 ι
489 5639 582 5696 ﬁlii
621 5641 777 5698 Titan
804 5659 1188 5715 percusserunt
1222 5668 1368 5721 eum,
1399 5671 1501 5713 nec
1546 5659 1746 5714 excelsi
1769 5661 2014 5733 gigantes

430 5746 794 5826 opposuerunt
837 5754 896 5795 se
922 5739 1016 5806 illi,
1050 5745 1143 5801 sed
1169 5743 1354 5803 Iudith
1381 5748 1490 5804 ﬁlia
1521 5750 1714 5808 Merari
1754 5755 1806 5808 in
1833 5754 2013 5826 specie

415 5823 591 5912 “faciei
638 5845 749 5888 sua:
798 5831 1045 5892 dissolvit
1088 5850 1235 5892 eum.
1283 5857 1302 5889 ι
1338 5837 1456 5896 Non
1493 5842 1638 5899 enim
1699 5823 2012 5905 immanitas

2128 4749 2340 4796 tentare
2369 4755 2435 4794 ac
2463 4739 2715 4808 decipere
2755 4753 2942 4792 servos
2978 4737 3074 4792 Dei
3105 4752 3321 4808 semper
3345 4740 3536 4807 parati
3584 4751 3722 4793 sunt.

2126 4829 2254 4884 Inde
2289 4829 2488 4899 legitur
2532 4827 2588 4881 in
2631 4823 2923 4897 Evangelia
2949 4826 3017 4881 ad
3045 4834 3206 4896 caput
3243 4834 3498 4880 nostrum
3544 4841 3724 4882 acea.

2127 4923 2260 4977 sisse
2284 4922 2336 4975 in
2367 4922 2588 4976 deserto
2617 4927 2964 4983 tentatorem,
3007 4933 3165 4988 quem
3186 4917 3347 4987 paulo
3367 4926 3495 4989 post
3535 4921 3722 4975 eadem

2127 5013 2409 5082 Scriptura
2459 5010 2695 5082 appellat
2720 5010 3013 5066 diabolum.
3040 5011 3107 5064 Et
3131 5011 3320 5065 doctor
3337 5012 3595 5082 gentium
3619 5012 3721 5068 Co-

2123 5104 2342 5160 rinthiis
2389 5104 2634 5159 scribens
2675 5103 2792 5157 ait:
2840 5121 2857 5152 ι
2889 5101 2969 5157 Νε
3013 5109 3183 5158 tentet
3201 5143 3228 5177 ι,
3273 5103 3493 5172 inquit,
3553 5119 3649 5159 vos
3678 5105 3718 5159 is

2123 5199 2215 5268 qui
2241 5205 2413 5253 tentat
2440 5194 2494 5268 (1
2520 5195 2644 5251 Cor.
2677 5197 2798 5268 vn).
2823 5195 3060 5251 Horrent
3103 5212 3232 5268 ergo
3271 5196 3461 5252 Persae
3488 5207 3550 5252 et
3581 5198 3716 5253 Medi

2123 5288 2452 5360 spirituales,
2489 5288 2592 5343 hoc
2633 5296 2744 5358 est,
2777 5287 3071 5359 phalanges
3120 5288 3319 5344 diaboli
3345 5292 3712 5345 constantiam

2122 5389 2179 5436 et
2205 5380 2488 5436 audaciam
2524 5379 2800 5446 Ecclesiae,
2831 5380 2960 5450 quia
2995 5389 3292 5450 agnoscunt
3330 5381 3410 5437 illi
3442 5398 3476 5438 a
3497 5383 3712 5440 Christo

2118 5483 2445 5546 potestatem
2482 5475 2662 5529 datam
2701 5489 2822 5530 esse
2863 5474 3108 5530 calcandi
3155 5489 3316 5546 supra
3355 5487 3644 5547 serpentes
3660 5487 3712 5531 et

2120 5565 2454 5636 scorpiones,
2506 5571 2562 5620 et
2612 5580 2777 5636 super
2816 5579 3034 5619 omnem
3078 5564 3334 5620 virtutem
3377 5565 3612 5620 inimici.
3647 5565 3708 5618 Et

2120 5659 2246 5728 quia
2271 5655 2496 5712 fundata
2521 5665 2622 5711 est-
2635 5671 2800 5726 supra
2821 5663 3032 5727 petram
3060 5671 3162 5712 nec
3190 5663 3360 5726 portae
3385 5657 3542 5712 inferi
3571 5670 3705 5726 pra:-

2118 5750 2376 5806 valebunt
2410 5749 2668 5804 adversus
2717 5764 2858 5803 eam.
2908 5747 3046 5802 Hine
3090 5756 3147 5802 et
3182 5746 3382 5802 Paulus
3432 5747 3702 5803 auditores

2095 5858 2249 5922 suos
2274 5841 2558 5899 admonuit
2596 5841 2780 5897 dicens
2817 5855 2830 5926 ς
2863 5839 3121 5901 Resis'tite
3149 5838 3399 5921 diabolo,
3434 5848 3493 5897 et
3532 5837 3701 5907 fugiet
