3882 6470
158 430 273 489 585

1262 420 1628 481 sxrosmo
1664 420 1732 479 1N
1767 390 2330 482 tinnuu'aumrn.

3331 425 3434 484 586

158 566 196 606 a
235 546 409 611 vobis,
464 541 599 600 nihil
636 541 779 599 enim
807 539 1092 610 superbius
1116 544 1171 594 et
1215 537 1451 595 ferocius
1500 537 1589 595 illo
1641 545 1745 607 est,
1775 546 1829 610 Α
1852 556 1955 596 nus
1979 539 2193 613 (Ezech.
2221 542 2439 612 xxvm).
2473 560 2491 595 ι
2521 540 2766 598 Primum
2788 557 2984 600 nomen
3022 550 3439 617 teli-agramma-

156 656 289 697 cum
339 636 505 693 animi
556 633 638 691 sui
689 631 975 687 ostendere
1022 629 1355 702 permittitur
1403 630 1747 700 qualitatem,

156 732 261 788 sed
305 728 440 785 nihil
492 743 555 783 co
606 722 893 789 inﬁrmius,
940 721 1155 793 quando
1184 736 1286 792 per
1317 734 1505 775 servos
1546 719 1750 776 Christi

155 821 345 876 divina
372 818 675 875 conteritur
696 821 991 885 potestate.
1020 811 1181 878 Nota,
1213 810 1407 879 lector,
1447 814 1591 882 quod
1618 811 1752 867 dicit

152 911 357 969 Persas
381 919 438 967 et
463 910 643 965 Medos
669 909 894 964 horrere
917 905 1277 962 constantiam
1296 903 1435 975 ejus,
1459 911 1514 960 et
1540 903 1750 962 ululare

152 1004 432 1077 Assyrios,
455 1010 510 1058 et
528 1001 649 1058 vide
671 1000 716 1056 si
747 1001 887 1056 forte
914 1015 1043 1055 vera
1066 999 1250 1070 opinio
1277 999 1365 1064 sit,
1393 1014 1557 1069 quam
1584 1013 1748 1070 supra

148 1095 537 1168 proposuimus
566 1092 633 1148 de
651 1091 916 1163 Cambyse
937 1090 1048 1147 filio
1069 1091 1217 1164 Cyri,
1248 1091 1394 1163 quod
1418 1106 1449 1147 a
1475 1090 1750 1162 plerisque

150 1189 261 1244 iste
291 1185 811 1251 Nabuchodonosor,
841 1200 1004 1256 quem
1052 1184 1281 1241 historia
1310 1191 1598 1251 memorat,
1627 1198 1749 1240 esse

148 1279 491 1343 crederetur,
515 1278 609 1349 qui
638 1275 822 1332 Persis
844 1285 900 1331 et
923 1274 1095 1332 Medis
1121 1282 1282 1346 atque
1313 1275 1553 1347 Assyriis
1573 1273 1748 1331 domi-

148 1368 277 1423 nari
306 1369 730 1423 demonstratur.

231 1479 251 1512 ι
292 1460 446 1515 Tunc
490 1458 839 1515 ululaverunt
883 1464 1060 1513 castra
1106 1455 1455 1528 Assyriorum
1480 1496 1497 1523 ,
1527 1455 1746 1527 quando

153 1569 176 1603 ι
213 1558 585 1622 apparuerunt
607 1548 840 1606 humiles
864 1549 971 1604 mei
991 1556 1303 1604 arescentes
1331 1549 1386 1603 in
1412 1548 1524 1604 siti.
1559 1567 1578 1600 ι
1614 1546 1747 1604 Ulu-

145 1641 267 1697 lant
308 1648 489 1698 castra
519 1640 888 1713 Assyriorum,
932 1638 1026 1709 qui
1064 1639 1347 1711 diligentes
1380 1639 1746 1710 interpretan-

142 1743 260 1803 tur,
294 1735 512 1808 quando
539 1742 919 1806 persecutores
950 1733 1225 1796 Ecclesiaz,
1260 1732 1352 1803 qui
1386 1732 1745 1802 disponebant

139 1831 289 1888 bella
335 1830 595 1885 adversus
640 1827 863 1895 fideles,
913 1841 1013 1897 per
1058 1824 1420 1881 humilitatem
1474 1825 1738 1896 ipsorum,

1851 638 1947 688 ton
1970 639 2075 698 est,
2111 633 2255 703 quod
2287 633 2507 705 proprie
2530 634 2599 690 ad
2632 636 2918 691 Domitium
2947 637 3205 709 pertinet,
3227 644 3283 693 et
3305 635 3442 694 inef-

1850 723 2015 781 fabile
2040 725 2242 781 dicitur
2261 727 2558 782 secundum
2589 741 2879 783 commune
2917 728 3063 798 quod
3090 742 3231 801 smpe
3264 729 3317 784 in
3343 730 3442 785 ho-

1846 808 2086 874 minibus
2134 818 2429 875 invenitur.
2478 818 2547 874 Et
2590 819 2730 876 bene
2756 819 2964 877 Adonai
2995 822 3315 893 congenitus
3342 821 3440 877 Dei

1850 907 2069 978 dicitur,
2099 910 2226 981 quia
2269 910 2413 965 Deus
2443 918 2501 966 et
2530 911 2714 966 homo.
2764 911 3027 968 Dominus
3066 926 3196 983 ergo
3224 921 3310 968 est
3336 913 3442 968 Do—

1848 999 2051 1067 minus,
2080 1002 2227 1072 quod
2267 1001 2576 1057 dominetur
2604 1001 2857 1059 omnibus
2886 1001 2968 1059 vel
3006 1005 3150 1074 quod
3188 1005 3443 1061 timeatur

1848 1105 1882 1147 a
1917 1093 2152 1160 cunctis,
2206 1108 2367 1164 quem
2411 1106 2572 1148 nemo
2601 1094 2655 1149 in
2703 1094 2906 1150 virtute
2948 1110 3210 1166 superare
3236 1106 3440 1168 potest,

1848 1184 1947 1240 sed
1975 1193 2156 1256 potest
2181 1199 2280 1255 per
2313 1185 2675 1241 humilitatem
2702 1195 2758 1240 et
2786 1187 3176 1257 subjectionem
3200 1176 3438 1259 placare,

1846 1284 1903 1331 et
1938 1276 2005 1330 ad
2026 1276 2456 1332 misericordiam
2503 1275 2739 1344 ﬂectere,
2762 1278 2853 1347 qui
2875 1277 3017 1348 .pius
3045 1285 3100 1333 et
3124 1279 3441 1335 misericors

1846 1373 1930 1422 est
1947 1366 2330 1437 omnibus,qui
2351 1368 2417 1423 ad
2440 1368 2556 1440 ejus
2580 1370 2841 1439 pietatem
2864 1377 2918 1424 et
2942 1369 3285 1425 clementiam
3307 1385 3442 1425 con-

1845 1457 2079 1529 fugiunt.
2138 1479 2147 1488 -

1865 1558 1882 1577 '
1923 1570 1943 1603 ι
1977 1550 2099 1607 Tibi
2134 1550 2336 1608 serviat
2374 1568 2554 1609 omnis
2605 1562 2869 1633 creatura.
2902 1562 3016 1622 tua,
3074 1554 3201 1627 quia
3255 1555 3439 1611 dixisti

1852 1658 1873 1693 ι
1907 1649 1963 1697 et
1982 1641 2128 1699 facta
2173 1651 2338 1699 sunt:
2387 1644 2585 1701 misisti
2628 1645 2889 1716 Spiritum
2919 1656 3108 1714 tuum,
3155 1657 3211 1703 et
3253 1657 3439 1704 creata

1852 1751 1871 1784 ι
1907 1741 2055 1800 sunt,
2103 1742 2162 1793 et
2210 1749 2320 1789 non
2371 1745 2454 1791 est
2493 1737 2585 1805 qui
2612 1736 2835 1792 resistat
2883 1739 3003 1793 voci
3049 1746 3177 1793 ture.
3225 1758 3244 1790 ι
3301 1738 3440 1793 Nota

1845 1826 1989 1896 quod
2017 1834 2260 1882 sanctam
2292 1825 2614 1883 Trinitatem
2639 1827 2755 1883 haec
2796 1829 3124 1900 hymnistria
3153 1829 3435 1900 przedicat,

141 1925 244 1998 qui
277 1939 375 1996 per
417 1921 800 1979 abstinentiam
850 1917 1252 1975 mortificabant
1295 1918 1352 1974 in
1387 1931 1445 1974 se
1474 1917 1741 1974 desideria
1769 1921 1817 1984 B
1844 1919 1951 1976 hoc
1977 1928 2081 1987 est,
2118 1920 2407 1976 Dominum
2438 1928 2673 1992 patrem,
2707 1922 2799 1992 qui
2848 1923 2995 1979 dicto
3036 1939 3156 1989 suo,
3192 1925 3297 1980 hoc
3330 1933 3434 1990 est,

139 2020 350 2085 carnis,
366 2026 422 2075 et
434 2017 702 2084 esuriunt,
728 2022 890 2085 atque
916 2012 1109 2070 sitiunt
1124 2010 1414 2082 justitiam,
1426 2011 1738 2068 vincuntur.

227 2129 248 2165 ί
281 2108 404 2167 Filii
459 2108 766 2181 puellarum
819 2111 1253 2177 compunxerunt
1307 2118 1433 2170 eos,
1486 2112 1543 2158 et
1602 2102 1742 2157 sicut

137 2221 347 2281 pueros
401 2203 693 2275 fugientes,
721 2200 1040 2258 occiderunt
1080 2213 1195 2256 eos.
1233 2216 1254 2251 ι
1283 2196 1408 2253 Filii
1435 2195 1739 2268 puellarum

138 2305 273 2356 sunt
302 2296 401 2353 ﬁlii
420 2294 791 2352 Ecclesiarum
816 2291 1043 2358 Christi,
1072 2289 1165 2362 qui
1200 2290 1389 2346 hostes
1419 2302 1549 2346 suos
1570 2287 1739 2342 veluti

134 2392 370 2464 pavidos
417 2400 473 2447 et
518 2387 787 2446 inhabiles
840 2386 910 2442 ad
934 2383 1282 2459 pugnandum
1310 2423 1326 2453 ,
1365 2382 1546 2456 gladio
1585 2382 1739 2438 verbi

137 2484 420 2550 occidunt,
470 2497 597 2539 cum
636 2481 704 2536 ab
726 2479 955 2536 audacia
983 2476 1259 2550 pugnandi
1286 2491 1383 2533 eos
1417 2475 1734 2546 deponunt:

138 2592 257 2633 non
287 2591 415 2648 ergo
438 2574 516 2631 illi
542 2573 737 2647 quibus
756 2579 1088 2645 praeceptum
1110 2576 1218 2636 est,
1246 2576 1312 2625 ut
1338 2568 1585 2624 inimicos
1608 2581 1738 2624 suos

143 2666 399 2738 diligant,
428 2675 484 2723 et
507 2681 607 2737 pro
648 2662 1102 2736 persequentibus
1127 2675 1187 2716 se
1211 2667 1389 2726 orent,
1426 2659 1598 2713 armis
1619 2672 1738 2715 cor-

136 2757 419 2829 poralibus
465 2755 760 2828 quemlibet
807 2754 1116 2811 interficere
1143 2750 1403 2823 gestiunt,
1432 2750 1530 2807 sed
1571 2749 1736 2822 spiri-

139 2847 403 2914 tualibus,
442 2847 550 2903 hoc
573 2856 681 2913 est,
709 2845 883 2903 sacris
934 2843 1230 2899 virtutibus
1259 2843 1447 2898 hostes
1471 2856 1598 2896 suos
1638 2856 1737 2912 per

137 2938 383 2995 divinum
397 2937 725 3009 adjutorium
758 2948 1018 3007 superare
1045 2933 1381 2990 contendunt
1408 2950 1421 2986 :
1444 2931 1589 2988 unde
1617 2946 1738 2987 cer-

137 3035 258 3084 tum
283 3030 364 3085 eis
389 3043 604 3102 semper
619 3035 912 3106 praestatqr
934 3025 1218 3092 auxilium,
1252 3024 1397 3080 sicut
1423 3023 1479 3079 in
1502 3037 1735 3093 sequen-

138 3120 288 3177 tibus
322 3129 512 3177 nostra
540 3120 756 3177 cantrix
779 3119 1008 3176 dicendo
1042 3117 1400 3173 demonstrat.

219 3233 239 3266 ‹
275 3214 563 3271 Perierunt
586 3216 644 3270 in
664 3213 850 3285 praelio
872 3229 902 3268 a
924 3210 1064 3267 facie
1092 3210 1310 3269 Domini
1332 3211 1460 3267 mei.
1492 3230 1510 3262 ι
1541 3208 1732 3265 1)οωί-

1842 2025 1942 2082 per
1967 2010 2206 2067 Verbum
2234 2027 2390 2067 suum
2412 2015 2594 2069 omnia
2616 2013 2764 2082 fecit,
2789 2025 2840 2071 et
2866 2030 2966 2086 per
2991 2015 3254 2087 Spiritum
3280 2030 3439 2071 suum

1843 2110 2036 2155 cuneta
2081 2101 2307 2157 creavit.
2352 2100 2670 2171 Hujusmodi
2722 2111 2807 2160 est
2834 2113 2890 2161 et
2933 2105 3067 2162 illud
3112 2106 3435 2173 Psalmistm,

1841 2194 1936 2263 qui
1965 2195 2043 2249 ait
2078 2208 2094 2248 :
2127 2214 2145 2246 ι
2180 2192 2360 2251 Verbo
2389 2197 2485 2252 Dei
2513 2197 2637 2253 caeli
2682 2197 2882 2254 firmati
2931 2207 3082 2267 sunt,
3131 2206 3187 2255 et
3220 2198 3432 2270 Spiritu

1840 2283 1953 2340 oris
1980 2282 2097 2354 ejus
2125 2285 2304 2340 omnis
2342 2286 2521 2342 virtus
2563 2301 2755 2343 eorum
2781 2286 2954 2360 (Paul.
2981 2288 3177 2362 um).
3217 2308 3236 2342 ι
3270 2288 3438 2361 Cujus

1839 2380 1986 2445 voci,
2022 2379 2077 2435 id
2105 2386 2190 2435 est
2204 2379 2458 2450 jussioni,
2485 2379 2666 2436 nullus
2709 2381 2969 2437 resistere
2993 2389 3194 2453 potest,
3232 2380 3358 2452 quia
3377 2382 3434 2437 in

1838 2469 2118 2526 voluntate
2137 2471 2254 2543 ejus
2268 2471 2523 2529 universa
2545 2479 2671 2528 sunt
2697 2472 2896 2544 posita,
2923 2471 3079 2544 cujus
3093 2471 3232 2528 velle
3251 2471 3436 2529 facere

1839 2567 1944 2617 est.

1917 2671 1938 2706 α
1972 2653 2184 2710 Montes
2209 2669 2239 2708 a
2267 2653 2635 2711 fundamentis
2666 2655 3030 2712 movebuntur
3059 2670 3183 2712 cum
3206 2654 3384 2726 aquis.
3406 2673 3429 2710 ι

1836 2746 1944 2803 Per
1991 2756 2204 2804 montes
2245 2749 2499 2820 superbia
2552 2750 2957 2807 demonstratur
2989 2759 3432 2823 persecuturum,

1839 2838 1930 2910 qui
1962 2854 1993 2892 a
2015 2838 2386 2896 fundamentis
2420 2849 2711 2897 moventur
2748 2857 2871 2898 cum
2912 2843 3092 2913 aquis,
3125 2843 3345 2914 quando
3366 2842 3436 2897 ab

1839 2932 2042 3004 iniquis
2060 2934 2303 2990 consiliis
2327 2943 2383 2990 et
2407 2935 2767 2991 seditionibus
2792 2935 3080 3003 desistunt,
3112 2951 3219 2991 non
3245 2934 3410 2990 volun

1839 3034 1951 3081 tate
1981 3034 2182 3094 tamen,
2212 3026 2310 3083 sed
2359 3027 2688 3083 necessitate
2715 3044 2731 3093 ;
2784 3027 2907 3097 quia
2938 3025 2995 3082 id
3025 3027 3172 3099 quod
3215 3024 3436 3098 superbi

1839 3129 2145 3192 coeperunt,
2193 3121 2320 3177 victi
2351 3121 2594 3192 potentia
2621 3122 2717 3178 Dei
2747 3122 2815 3178 ad
2849 3120 3104 3179 effectum
3135 3122 3438 3193 perducere

1839 3228 1948 3269 non
1974 3222 2219 3283 possunt.
2254 3213 2332 3268 De
2356 3227 2465 3284 qua
2506 3228 2568 3269 re
2609 3213 2771 3268 aliam
2808 3214 3272 3285 comparationem
3303 3214 3437 3269 sub-

136 3319 250 3361 nus
275 3306 419 3361 enim
441 3304 597 3361 fortis
623 3306 906 3371 Dominus,
934 3312 1130 3376 potens
1158 3304 1215 3359 in
1233 3303 1421 3374 praelio
1447 3302 1563 3372 ipse
1588 3301 1740 3358 dabit
1765 3286 1811 3351 C
1842 3305 1979 3361 didit
2000 3306 2218 3361 dicens:

137 3394 406 3449 virtutem
438 3401 496 3448 et
531 3391 903 3449 fortitudinem
927 3393 1073 3462 plebi
1101 3408 1233 3459 sum,
1262 3400 1318 3448 et
1346 3400 1627 3463 protector
1646 3406 1739 3446 sa-

141 3485 410 3542 lutarium
432 3483 637 3541 Christi
662 3485 753 3541 sui
787 3492 890 3551 est,
921 3484 1105 3557 populi
1132 3484 1389 3540 videlicet
1416 3484 1737 3551 Christiani,

140 3578 238 3649 qui
267 3584 394 3632 sunt
421 3577 663 3633 membra
683 3575 945 3647 unigeniti
969 3577 1065 3632 Dei
1084 3575 1226 3642 Filii,
1248 3575 1467 3632 Domini
1492 3575 1743 3632 videlicet

141 3671 318 3726 nostri
355 3669 486 3727 Iesu
516 3669 740 3738 Christi,
769 3671 861 3742 qui
888 3678 973 3727 est
1009 3683 1174 3742 super
1197 3670 1379 3727 omnia
1401 3671 1545 3727 Deus
1570 3670 1740 3727 bene-

146 3761 328 3818 dictus
350 3765 405 3816 in
434 3761 652 3821 saecula.

225 3869 244 3902 ‹
280 3848 553 3922 Hymnum
606 3862 887 3906 cantemus
916 3854 1149 3910 Domino
1174 3895 1188 3923 ,
1231 3855 1494 3926 hymnum
1539 3869 1741 3912 novum

150 3959 170 3993 ι
209 3951 492 3997 cantemus
525 3940 637 3996 Deo
666 3949 876 3997 nostro.
917 3961 936 3994 ι
969 3941 1115 3998 Bene
1142 3958 1273 4015 ergo
1300 3944 1492 4000 incitat
1510 3944 1742 4015 mystica

143 4030 334 4086 Judith
362 4030 620 4103 populum
643 4047 840 4088 novum
874 4033 1140 4104 sanguine
1176 4033 1478 4090 Salvatoris
1530 4036 1744 4091 redem-

144 4130 321 4192 ptum,
358 4132 419 4178 ut
466 4130 649 4180 cantet
680 4124 912 4180 Domino
941 4124 1202 4197 hymnum
1233 4142 1457 4194 novum,
1488 4127 1593 4183 hoc
1637 4134 1743 4194 est,

144 4212 284 4270 Novi
310 4213 643 4271 Testamenti
664 4216 952 4288 praedicet
984 4228 1409 4288 sacramentum,
1458 4221 1604 4291 quod
1623 4220 1746 4277 ideo

145 4308 350 4365 dicitur
396 4322 624 4374 novum,
678 4308 806 4378 quia
833 4309 1265 4368 incarnationem
1296 4313 1513 4368 Domini
1549 4328 1745 4384 corpo—

146 4400 262 4456 reis
300 4399 473 4455 oculis
515 4408 649 4455 aetas
691 4407 878 4456 nostra
914 4400 1062 4456 nulla
1103 4405 1430 4473 conspexit,
1470 4404 1608 4457 alias
1633 4406 1749 4459 Deo

145 4491 287 4547 nihil
307 4506 506 4547 novum
544 4498 648 4557 est,
679 4491 897 4561 quando
928 4502 1055 4547 ante
1085 4493 1531 4549 constitutionem
1558 4492 1748 4548 mundi

144 4584 405 4640 universa
433 4585 727 4655 praescivit.
780 4583 1034 4656 Hymnus
1084 4593 1265 4640 autem
1322 4584 1527 4641 Graecis
1566 4599 1748 4641 sermo

1919 3416 1939 3449 ι
1976 3397 2150 3453 Petrae
2178 3398 2321 3454 sicut
2344 3412 2470 3454 cera
2489 3397 2795 3469 liquescent
2831 3406 2958 3454 ante
2984 3397 3180 3455 faciem
3210 3408 3377 3454 tuam.
3411 3414 3432 3450 ι

1841 3488 1958 3547 Hoc
1998 3500 2103 3556 est,
2130 3491 2333 3546 duritia
2356 3492 2734 3563 superborum,
2766 3506 2887 3559 quae
2916 3504 2975 3545 se
3018 3487 3439 3561 insuperabilem

1840 3578 1961 3638 fore
1989 3582 2262 3650 credebat,
2296 3583 2352 3637 in
2394 3579 2687 3654 praesentia
2714 3581 2981 3637 adventus
3008 3580 3089 3636 tui
3113 3581 3441 3639 mollescens

1843 3672 2097 3739 deficiet;
2143 3686 2274 3727 nam
2322 3671 2466 3728 sicut
2519 3685 2649 3726 cera
2680 3684 2749 3726 ex
2795 3668 2934 3726 favis
2974 3669 3201 3727 collecta
3252 3678 3441 3727 tenera

1841 3773 1949 3832 est,
1977 3764 2264 3836 mollisque
2299 3763 2632 3830 substantia,
2661 3778 2785 3834 qum
2826 3762 2906 3820 sic
2940 3763 3085 3836 ignis
3129 3762 3310 3820 calore
3350 3779 3438 3821 re-

1845 3855 2096 3922 solvitur,
2145 3863 2208 3910 ut
2253 3854 2305 3910 ei
2353 3853 2695 3925 corpulentia
2730 3853 2946 3924 penitus
2995 3854 3328 3918 absumatur,
3358 3853 3437 3911 ita

1842 3959 2062 4017 quoque
2093 3927 2303 4013 judicio
2340 3945 2439 4002 Dei
2468 3961 2500 4001 a
2528 3945 2671 4001 facie
2698 3944 2870 4016 ipsius
2894 3945 3207 4014 dispereunt
3235 3961 3438 4016 pecca-

1844 4041 2017 4100 tores,
2041 4034 2499 4105 quemadmodum
2512 4049 2638 4091 cera
2658 4035 2909 4105 proximo
2933 4034 3057 4105 igne
3078 4036 3438 4092 consumitur.

1844 4123 1915 4181 Et
1939 4134 2124 4181 tamen
2167 4126 2357 4182 dicita
2406 4125 2549 4182 facie
2575 4125 2672 4182 Dei
2722 4141 2819 4181 eos
2868 4141 2992 4182 esse
3040 4125 3438 4197 dissolvendos,

1846 4216 1976 4288 quia
2004 4231 2285 4288 nunquam
2312 4217 2381 4273 ad
2405 4217 2638 4286 gratiam
2682 4216 2851 4286 ipsius
2902 4215 3277 4290 beneﬁciaque
3311 4235 3443 4275 ven-

1847 4309 1959 4364 turi
1981 4317 2128 4365 sunt.
2162 4307 2205 4363 E
2245 4308 2544 4373 contrario,
2595 4307 2728 4378 quid
2754 4306 2862 4362 illis
2887 4306 2980 4377 qui
3028 4307 3199 4363 Deum
3251 4311 3443 4364 timent

1834 4384 2085 4462 eveniet,
2133 4399 2416 4455 audiamus
2440 4417 2455 4453 :

1927 4508 1949 4542 ι
1980 4489 2083 4559 Qui
2109 4491 2324 4557 timent,
2356 4490 2552 4560 inquit,
2586 4498 2663 4557 te,
2684 4492 2866 4563 magni
2897 4500 3057 4547 erunt
3082 4493 3224 4563 apud
3264 4500 3320 4549 te
3346 4509 3443 4566 per

1859 4601 1881 4636 ι
1920 4582 2124 4639 omnia.
2152 4603 2170 4634 ι
2200 4581 2357 4638 Sicut
2382 4592 2439 4638 et
2463 4592 2877 4640 contemnentes
2903 4584 3074 4640 Deum
3100 4586 3442 4642 minorantur

146 4686 259 4746 est,
286 4677 342 4734 id
369 4643 474 4745 est,
502 4643 938 4733 lauscarmirium
962 4679 1080 4751 lege
1102 4679 1423 4750 composita,
1450 4679 1543 4751 qui
1561 4679 1746 4751 hymni
1772 4643 1828 4705 Β
1854 4689 1920 4730 ac
1946 4673 2226 4740 deﬁciunt,
2260 4674 2335 4728 ita
2378 4674 2636 4730 timentes
2669 4674 2845 4741 illam,
2882 4677 3065 4748 magni
3112 4680 3273 4734 erunt
3299 4680 3441 4756 apud

146 4778 331 4839 erant,
358 4785 498 4843 quos
538 4771 700 4827 idolis
737 4771 852 4827 suis
881 4771 1051 4826 etiam
1081 4771 1361 4843 gentilitas
1394 4773 1745 4843 personabat,

146 4864 373 4920 Addidit
396 4864 509 4920 Deo
531 4870 738 4929 nostro,
765 4872 829 4919 ut
859 4863 1076 4935 qualem
1101 4864 1367 4937 hymnum
1394 4863 1618 4931 diceret,
1640 4862 1751 4919 dis-

148 4955 326 5014 tincte
346 4955 709 5025 potuissemus
728 4956 1032 5012 advertere.

231 5068 251 5103 ι
276 5046 489 5105 Addnai
531 5046 780 5113 Domine,
807 5063 1037 5120 magnus
1063 5063 1124 5105 es
1158 5056 1240 5115 tu,
1270 5055 1326 5105 et
1362 5047 1657 5119 prmclarus
1696 5047 1752 5103 in

157 5160 180 5197 ι
214 5140 419 5198 virtute
441 5146 558 5205 tua,
587 5146 643 5195 et
662 5152 823 5209 quem
852 5154 1115 5211 superare
1145 5153 1305 5197 nemo
1329 5148 1528 5211 potest.
1558 5160 1577 5194 ι
1612 5139 1756 5198 Ado-

151 5233 252 5291 nai
271 5246 442 5288 unum
460 5237 545 5287 est
567 5230 634 5286 de
655 5231 841 5287 decem
862 5231 1172 5287 nominibus
1191 5231 1288 5287 Dei
1312 5232 1454 5303 apud
1474 5231 1751 5299 Hebraeos,

152 5332 217 5383 et
241 5323 634 5394 interpretatur
658 5322 937 5387 Dominus,
967 5322 1072 5378 hoc
1104 5321 1419 5393 signiﬁcans
1438 5363 1454 5390 ,
1483 5323 1629 5393 quod
1657 5325 1753 5379 do-

152 5418 402 5476 minetur
435 5422 646 5472 cunctae
671 5422 958 5484 creaturae.
994 5412 1100 5470 Ubi
1128 5414 1450 5479 notandum,
1475 5415 1618 5485 quod
1638 5414 1754 5471 ubi-

82 5504 103 5538 f
157 5519 379 5579 cunque
422 5506 646 5577 ponitur
690 5502 951 5569 secundo,
995 5500 1279 5568 Dominus,
1313 5512 1377 5555 ut
1414 5505 1466 5557 in
1496 5505 1753 5573 pmsenti

154 5604 306 5670 loco,
352 5609 409 5658 et
434 5602 491 5656 in
543 5597 827 5656 Ezechiele
858 5640 874 5665 ,
912 5598 1007 5655 ubi
1053 5597 1350 5654 secundum
1405 5596 1755 5671 Septuaginta

160 5695 460 5754 editionem
481 5694 549 5749 ad
569 5693 870 5764 principem
891 5690 1021 5763 Tyri
1046 5704 1229 5747 sermo
1254 5690 1497 5760 loquitur
1531 5690 1752 5747 dicens:

168 5804 190 5840 ι
231 5786 403 5842 Morte
428 5785 937 5841 incircumcisorum
976 5784 1231 5843 morieris
1257 5783 1312 5838 in
1344 5784 1596 5841 manibus
1623 5785 1756 5842 alie-

162 5892 388 5948 norum,
422 5876 548 5950 quia
591 5890 692 5949 ego
725 5868 940 5931 locutus
992 5890 1134 5945 sum,
1160 5873 1296 5933 dicit
1317 5874 1528 5933 Adonai
1573 5875 1757 5934 Domi-

492 5969 769 6031 PATROL.
814 5966 979 6034 CIX.

1852 4764 2029 4835 ipsum
2048 4779 2147 4835 per
2165 4763 2369 4829 omnia,
2393 4765 2604 4820 scilicet
2618 4766 2674 4819 in
2706 4766 3000 4823 collatione
3012 4769 3293 4835 virtutum,
3314 4778 3368 4825 et
3389 4770 3443 4827 in

1854 4861 2145 4927 augmento
2165 4853 2536 4924 praemiorum.
2564 4852 2695 4910 Post
2716 4856 2833 4911 htec
2856 4856 2997 4913 redit
3020 4857 3221 4914 iterum
3240 4874 3447 4917 memo-

1853 4954 1973 5003 rata
1995 4948 2338 5019 prophetissa
2364 4947 2431 5003 ad
2456 4950 2807 5020 exponendas
2844 4962 3037 5021 poenas
3057 4950 3296 5008 hostium
3321 4969 3445 5011 suo-

1854 5057 2001 5109 rum,
2027 5057 2093 5098 ac
2114 5041 2246 5098 dicit
2273 5060 2285 5097 :
2518 5118 2521 5119 7
3428 5118 3433 5121 _

1933 5154 1954 5185 ‹
1987 5134 2082 5191 Vae
2108 5135 2256 5206 genti
2300 5135 2599 5208 insurgentl
2629 5150 2793 5207 super
2820 5151 2991 5209 genus
3013 5152 3195 5193 meum
3221 5156 3234 5192 :
3263 5138 3437 5195 Domi-

1859 5246 1881 5279 ‹
1908 5242 2013 5283 nus
2060 5227 2207 5282 enim
2243 5226 2588 5297 omnipotens
2628 5212 2927 5284 vindicabit
2971 5228 3027 5284 in
3073 5230 3172 5286 eis.
3210 5248 3228 5282 ι
3261 5224 3446 5289 Genus

1852 5335 2013 5377 suum
2039 5320 2173 5377 dicit
2192 5321 2339 5376 viros
2360 5319 2597 5377 cultores
2626 5320 2743 5388 Dei,
2767 5321 2834 5378 de
2859 5336 2967 5393 quo
2995 5321 3051 5378 in
3072 5321 3291 5379 Psalmo
3313 5325 3423 5380 scri

1852 5420 2006 5482 ptum
2021 5418 2106 5468 est
2129 5430 2142 5466 :
2163 5431 2182 5464 ‹
2206 5410 2335 5468 Haec
2347 5420 2431 5467 est
2454 5411 2732 5483 generatio
2751 5412 3106 5483 quterentium
3136 5408 3445 5483 Dominum,

1856 5505 2254 5577 requirentium
2278 5504 2474 5561 faciem
2500 5503 2595 5560 Dei
2617 5503 2785 5561 Jacob
2806 5503 3165 5576 (Psalmxm).
3200 5526 3217 5555 ι
3250 5507 3291 5559 E
3317 5486 3449 5560 con-
3506 5580 3511 5585 '

1860 5602 2028 5659 trario
2050 5608 2133 5657 est
2156 5598 2245 5654 illa
2270 5599 2568 5672 generatio,
2586 5600 2690 5656 hoc
2718 5608 3001 5671 est,prava
3016 5607 3071 5655 et
3081 5616 3359 5671 perversa,
3380 5601 3443 5657 δέ
3508 5592 3514 5607 ’

1858 5712 1967 5766 qua
1999 5692 2259 5749 Dominus
2282 5692 2337 5747 in
2362 5692 2656 5764 Evangelio
2686 5693 2795 5747 ait:
2831 5711 2848 5743 ι
2882 5693 3025 5750 Ecce
3061 5708 3162 5763 ego
3195 5693 3351 5746 mitto
3376 5690 3437 5746 at’

1860 5802 1959 5842 vos
1986 5787 2281 5857 prophetas
2308 5794 2364 5842 et
2411 5786 2683 5857 sapientes
2715 5795 2769 5842 et
2797 5787 3028 5842 scribas.
3054 5786 3130 5840 Er
3171 5786 3275 5839 illis
3298 5786 3423 5839 occi-

1866 5879 2005 5935 detis
2029 5886 2082 5934 et
2113 5877 2459 5950 crucifigetis,
2485 5887 2541 5935 et
2566 5896 2631 5935 ex
2654 5882 2734 5936 eis
2758 5879 3102 5951 flagellahitis
3136 5878 3189 5934 in
3220 5892 3450 5951 synago-

2898 5971 2974 6033 19
