3882 6522
226 443 344 508 589

1307 447 1674 512 EXPOSITIO
1707 450 1777 510 lN
1816 450 2083 525 LIBRUH
2117 452 2387 517 IUDlTH.

3414 458 3522 523 590

225 569 338 629 nisi
378 566 677 643 quemlibet
706 554 1019 627 sanctorum
1053 564 1179 638 ﬁde,
1224 583 1323 644 spe
1367 578 1423 629 et
1466 571 1734 632 charitate
1770 572 1832 632 in
1856 578 1911 644 Α
1940 596 1960 630 ι
1994 591 2211 650 magna.
2251 597 2272 632 ι
2303 574 2471 635 Festa
2510 573 2835 638 Christianae
2878 576 3174 655 religionis,
3217 578 3413 653 quibus
3442 596 3519 643 re-

227 661 469 719 incolatu
496 661 656 718 istius
680 661 862 718 mundi
889 676 1015 718 cum
1044 670 1225 719 matre
1264 661 1507 721 Ecclesia
1538 675 1827 739 congratu-

168 774 173 775 ί
225 754 352 823 lari,
385 764 441 811 et
470 770 573 828 pro
593 754 797 811 viribus
823 763 1060 821 certare,
1084 761 1145 810 ut
1170 752 1356 812 divina
1387 758 1560 828 gratia
1583 756 1824 829 adjutus,

220 846 498 921 integrum
527 857 585 906 et
609 847 726 905 sine
753 846 975 919 querela
1006 847 1255 921 spiritum
1288 863 1442 905 suum
1462 892 1480 918 ,
1511 850 1744 906 animam
1773 859 1828 908 et

220 954 427 1013 corpus
450 941 504 997 in
533 939 821 998 adventum
849 937 1062 997 Domini
1095 941 1268 997 nostri
1296 938 1425 998 Jesu
1452 939 1657 999 Christi
1694 957 1827 999 cono

225 1042 428 1089 servet.
468 1031 628 1089 Fides
653 1031 794 1088 enim
816 1073 830 1100 ,
856 1030 1087 1089 Domino
1117 1040 1375 1101 testante,
1407 1034 1685 1091 hominem
1718 1033 1827 1091 sal-

228 1142 356 1182 vum
383 1125 535 1182 facit.
564 1125 633 1182 Et
663 1127 730 1184 de
762 1140 858 1197 Spe
895 1125 1176 1198 psalmista
1213 1127 1291 1183 ait
1319 1145 1335 1183 :
1372 1148 1391 1181 ι
1422 1126 1525 1199 Qui
1558 1138 1742 1202 sperat
1769 1132 1824 1188 in

225 1217 478 1282 Domino,
510 1234 621 1275 non
644 1218 1004 1277 confundetur
1028 1219 1082 1275 in
1112 1229 1373 1279 aeternum
1400 1222 1574 1295 (Paul.
1607 1222 1760 1297 xxx).
1798 1242 1819 1276 ι

225 1311 367 1371 Hinc
395 1322 451 1370 et
488 1312 723 1371 Joannes
746 1313 1020 1384 apostolus
1047 1315 1112 1371 de
1139 1316 1408 1372 charitate
1448 1316 1585 1374 dixit
1611 1334 1626 1373 :
1664 1337 1684 1370 ι
1720 1316 1823 1386 Qui

224 1413 413 1460 manet
455 1405 510 1460 in
548 1405 837 1471 charitate,
878 1404 932 1462 in
982 1407 1093 1463 Dco
1122 1416 1323 1473 manet,
1375 1416 1432 1463 et
1478 1407 1620 1465 Deus
1661 1407 1715 1464 in
1757 1424 1824 1468 eo

225 1493 411 1567 (Joan.
440 1494 504 1566 ι).
541 1516 558 1546 ι
602 1495 706 1551 Per
742 1505 855 1552 tres
884 1511 1102 1554 menses
1128 1512 1260 1570 ergo
1288 1495 1657 1568 hujuscemodi
1686 1514 1822 1571 gau-

223 1585 376 1641 dium
405 1584 647 1641 celebrat
673 1587 854 1644 omnis
882 1588 977 1659 qui
1025 1588 1093 1644 ad
1134 1598 1395 1646 mtcrnam
1432 1589 1824 1649 beatitudinem

221 1684 376 1733 recte
406 1678 696 1747 pervenire
728 1678 1027 1745 desiderat,
1074 1690 1130 1736 et
1170 1680 1261 1752 pia
1303 1680 1628 1750 intentione,
1673 1693 1825 1741 recta

218 1769 499 1829 locutione
526 1779 690 1844 atque
710 1773 852 1829 bona
880 1773 1194 1845 operatione
1215 1775 1381 1830 vitam
1405 1773 1701 1847 perfectam
1725 1774 1825 1832 du-

220 1862 399 1918 cendo
419 1862 921 1935 adventumjudicis
954 1864 1041 1921 sui
1068 1865 1331 1922 sollicitus
1356 1875 1655 1939 exspectat.
1685 1866 1821 1924 Cum

1928 672 2189 730 cordatur
2233 671 2498 745 temporis
2526 672 2822 732 Dominicae
2860 670 3279 744 incarnationis,
3316 674 3524 757 passio-

1927 769 2034 836 nis,
2079 769 2498 828 resurrectionis
2540 777 2706 844 atque
2746 771 3088 830 ascensionis
3114 772 3183 832 ad
3204 771 3396 839 eteius,
3424 770 3526 829 ad-

1926 866 2121 917 ventus
2145 857 2383 933 Spiritus
2408 861 2580 920 sancti
2595 900 2614 930 ,
2654 866 2971 920 sanctorum
2995 873 3300 937 martyrum
3319 870 3376 921 et
3396 877 3528 921 con-

1925 949 2195 1009 fessorum
2220 950 2464 1010 natalitia
2492 962 2662 1026 atque
2693 957 3001 1029 trumphos,
3041 957 3097 1013 in
3133 955 3329 1029 quibus
3352 954 3529 1014 omni-

1925 1044 2031 1101 bus
2080 1044 2321 1102 Ecclesia
2370 1046 2626 1118 procedit
2684 1062 2811 1107 cum
2861 1060 3060 1122 magna
3114 1047 3329 1121 gloria;
3389 1041 3521 1120 quia

1926 1138 2155 1196 honesta
2181 1140 2594 1198 conversatione
2631 1150 2691 1198 et
2714 1142 2901 1215 probis
2936 1143 3181 1202 moribus
3215 1153 3383 1216 atque
3408 1142 3523 1199 lau-

1929 1228 2093 1286 dibus
2115 1229 2299 1286 divina
2322 1230 2720 1290 incessabiliter
2741 1245 3131 1293 commemorat
3155 1241 3523 1294 sacramenta.

1926 1319 2081 1390 Quod
2131 1324 2397 1395 propheta
2443 1339 2586 1382 novo
2636 1326 2871 1399 pepulo,
2925 1328 3030 1385 hoc
3080 1338 3168 1390 est
3212 1329 3525 1391 Christiano

1926 1412 2191 1470 mandare
2235 1414 2451 1470 videtur
2488 1416 2547 1473 in
2596 1415 2897 1479 Psalterio.
2944 1418 3036 1475 ubi
3086 1418 3349 1491 scriptum
3389 1431 3526 1482 est:

1932 1518 1953 1554 ‹
1985 1501 2314 1562 Constituite
2350 1504 2499 1562 diem
2539 1506 2835 1563 solemnem
2874 1510 2927 1563 in
2969 1508 3528 1583 confrequentatioui-

1924 1596 2048 1663 bus,
2074 1611 2250 1668 usque
2271 1597 2342 1654 ad
2364 1613 2537 1655 cornu
2562 1598 2750 1655 altaris
2774 1593 2949 1674 (Paul.
2973 1602 3175 1676 cxvu);
3210 1624 3231 1658 ι
3265 1606 3393 1662 dum
3418 1600 3526 1665 ωι-

1926 1688 2161 1743 vendum
2189 1689 2341 1757 dicit,
2384 1691 2477 1761 qui
2501 1689 2709 1748 honore
2738 1693 2952 1750 Domini
2981 1703 3038 1751 et
3061 1707 3372 1755 sanctorum
3397 1714 3530 1757 con-

1927 1774 2164 1836 fessione
2212 1789 2460 1839 sacratus
2508 1782 2563 1838 in
2613 1783 3242 1855 confrequentationibus
3265 1828 3286 1860 ,
3336 1791 3393 1847 id
3441 1800 3531 1851 at

1924 1868 2359 1942 professionibus
2381 1872 2611 1939 crebris,
2650 1890 2787 1944 quas
2813 1877 2995 1948 populi
3020 1879 3177 1935 turba
3202 1880 3524 1950 condensa,

217 1962 411 2010 autem
436 1954 527 2012 ille
550 1954 783 2024 venerit,
806 1964 863 2011 et
891 1965 1106 2028 tempus
1127 1957 1329 2017 laboris
1351 1958 1498 2018 illius
1520 1960 1821 2031 transierit,
1852 1944 1900 2011 Β
1926 1971 1984 2020 et
2024 1961 2204 2020 reddit
2226 1962 2586 2023 celeberrima
2614 1944 2903 2025 devotione
2940 1968 3159 2027 festiva.
3199 1970 3355 2040 Quod
3393 1944 3527 2032 vero

220 2053 355 2102 tunc
379 2045 475 2104 fiet
497 2048 641 2120 quod
668 2049 913 2119 sequitur
938 2067 952 2103 :

240 2160 259 2181 -
300 2158 321 2190 ί
356 2136 487 2196 Post
508 2140 624 2196 dies
644 2148 826 2197 autem
852 2139 971 2197 illos
998 2142 1372 2215 unusquisque
1397 2145 1539 2202 redit
1565 2146 1621 2201 in
1644 2162 1764 2204 sua.
1795 2167 1815 2202 ι

219 2231 364 2304 Quia
406 2233 562 2291 finito
600 2232 808 2304 judicio
837 2244 1071 2307 acceptae
1101 2237 1385 2296 sententiae
1422 2239 1597 2296 sancti
1626 2239 1726 2298 Dei
1754 2239 1824 2299 de

216 2330 667 2404 peregrinatione
707 2329 868 2389 iStius
889 2330 1079 2387 mundi
1107 2330 1419 2404 migrabunt
1446 2334 1516 2390 ad
1538 2335 1822 2406 possiden-

223 2422 354 2483 dum
378 2438 608 2496 regnum
629 2422 809 2482 Patris
834 2423 1046 2493 aeterni,
1072 2425 1217 2497 quod
1239 2433 1489 2498 paratum
1514 2437 1600 2485 est
1626 2425 1734 2485 illis
1752 2428 1823 2486 ab

219 2513 435 2586 origine
464 2513 672 2570 mundi.

301 2626 322 2660 ι
354 2607 425 2666 Ει
447 2605 634 2666 Iudith
662 2622 863 2680 magna
896 2606 1044 2665 facta
1070 2616 1157 2666 est
1191 2607 1248 2665 in
1281 2607 1559 2679 Bethulia,
1588 2616 1645 2666 et
1680 2624 1820 2683 prae-

225 2718 254 2755 c
284 2699 483 2757 clarior
507 2709 627 2757 erat
648 2701 917 2757 universa
939 2708 1098 2758 terra:
1126 2700 1311 2758 lsrael.
1349 2722 1368 2754 ι
1400 2701 1537 2771 Quia
1566 2711 1697 2760 tunc
1723 2718 1822 2774 ap—

224 2794 438 2866 parebit
459 2794 682 2854 claritas
705 2802 761 2851 et
787 2793 959 2866 gloria
986 2802 1190 2852 sancta:
1216 2794 1493 2863 Ecclesiae,
1523 2810 1643 2867 qua:
1662 2804 1824 2853 antea

224 2886 462 2952 latebat,
494 2901 616 2943 cum
660 2887 714 2943 in
758 2888 1034 2959 pressuris
1066 2886 1223 2944 istius
1261 2887 1447 2944 mundi
1479 2889 1821 2946 versabatur.

226 2975 379 3035 Tunc
404 2978 549 3033 enim
578 2975 735 3046 juxta
761 2976 1149 3048 Evangelicum
1174 2976 1549 3035 testimonium
1576 2996 1590 3033 :
1628 2997 1647 3031 ι
1685 2976 1825 3035 Justi

223 3067 508 3143 fulgebunt
545 3071 689 3127 sicut
728 3070 810 3127 sol
849 3071 904 3127 in
940 3084 1109 3141 regno
1148 3069 1330 3127 Patris
1371 3084 1561 3127 eorum
1604 3068 1822 3141 (Matth.

225 3162 372 3234 xm),
406 3180 426 3215 ι
458 3169 515 3218 et
548 3162 756 3233 puritas
784 3161 942 3228 fidei,
984 3177 1082 3233 per
1111 3176 1275 3232 quam
1310 3160 1825 3233 Apostolusomnes

228 3245 332 3310 rite
358 3255 645 3311 credentes
672 3254 938 3327 virginem
977 3266 1184 3310 castam
1225 3268 1303 3311 se
1329 3252 1684 3325 despondisse
1728 3251 1825 3309 uni

228 3348 349 3403 viro
372 3345 590 3419 Christo
618 3346 973 3417 gloriabatur,
1009 3347 1066 3401 in
1104 3361 1234 3402 vera
1276 3345 1553 3411 Bethulia,
1585 3345 1690 3402 hoc
1718 3351 1825 3411 est,

231 3438 287 3495 in
310 3438 623 3511 virginitate
645 3446 905 3512 perpetua
928 3438 1178 3507 clarebit,
1206 3440 1424 3510 quando
1452 3453 1649 3510 sponsa
1676 3436 1830 3494 nobi-

228 3529 439 3587 lissima
488 3544 723 3601 superno
770 3545 967 3602 sponso
1015 3531 1284 3588 veraciter
1329 3528 1620 3601 conjuncta
1643 3572 1659 3597 ,
1711 3531 1831 3587 sine

228 3621 469 3689 macula,
503 3631 560 3679 et
581 3623 700 3679 sine
724 3639 879 3695 ruga,
915 3631 970 3680 et
998 3622 1117 3680 sine
1148 3623 1496 3695 corruptione
1523 3623 1630 3680 ulla
1657 3623 1827 3680 coele-

227 3722 371 3772 stem
407 3714 710 3776 Jerusalem
737 3716 1043 3774 intraverit.
1084 3716 1409 3773 Praeclarior
1436 3731 1567 3789 ergo
1592 3724 1710 3772 erat
1734 3715 1830 3773 Ju-

229 3802 347 3861 dith
376 3807 644 3865 universae
669 3815 831 3866 terrae
853 3808 1043 3876 Israel,
1071 3808 1202 3881 quia
1233 3807 1349 3866 sola
1373 3808 1617 3885 Ecclesia
1640 3807 1831 3865 catho-

229 3896 335 3955 lica
358 3897 562 3955 eminet
603 3897 657 3954 in
689 3905 805 3956 toto
838 3903 971 3956 orbe
1007 3910 1280 3959 terrarum
1323 3915 1586 3973 supernas
1609 3901 1829 3959 divitias

230 4002 505 4060 quaerens,
532 3988 770 4048 thalamo
796 3989 1033 4048 caelestis
1059 3991 1205 4062 regis
1237 3990 1554 4063 dignissima
1574 4032 1592 4058 ,
1621 3998 1679 4047 et
1706 4005 1830 4047 cum

228 4096 297 4141 eo
318 4089 641 4155 perpetuum
664 4096 892 4158 regnum
917 4096 1258 4156 possessura.
1291 4082 1370 4140 De
1392 4097 1501 4154 qua
1525 4083 1641 4153 ipse
1667 4096 1830 4154 spon-

230 4186 324 4229 sus
349 4173 406 4229 in
430 4172 657 4231 Cantico
684 4174 1025 4232 canticorum
1051 4173 1127 4231 ait
1156 4192 1172 4230 :
1207 4192 1229 4228 ‹
1259 4171 1556 4247 Sexaginta
1577 4181 1706 4230 sunt
1738 4187 1827 4229 re-

229 4262 394 4337 ginae,
419 4269 475 4321 et
497 4264 773 4335 octoginta
793 4264 1142 4334 concubinae;
1168 4280 1279 4322 una
1302 4273 1389 4324 est
1407 4263 1657 4322 columba
1682 4279 1827 4333 mea,

229 4352 472 4429 perlecta
509 4369 656 4424 mea,
694 4369 805 4412 una
844 4362 929 4412 est
956 4354 1149 4412 matris
1191 4369 1303 4412 suae
1365 4355 1537 4411 electa
1577 4352 1831 4427 genitrici

232 4460 390 4503 sum:
426 4447 684 4503 viderunt
734 4461 854 4503 eam
907 4446 1062 4514 filiae,
1110 4454 1165 4502 et
1214 4445 1586 4502 beatissimam
1636 4443 1831 4514 praedi-

232 4546 524 4607 caverunt;
575 4537 779 4611 reginae
830 4545 887 4595 et
926 4538 1242 4596 concubina
1292 4536 1655 4592 laudaverunt
1705 4547 1829 4590 eam

230 4626 411 4703 (Cant.
434 4628 533 4703 Vl).
568 4649 589 4685 ι

307 4741 329 4776 ι
360 4722 497 4779 Erat
529 4723 694 4779 etiam
719 4724 911 4779 virtuti
936 4723 1161 4780 castitas
1187 4721 1472 4792 adjuncta,
1512 4719 1589 4776 ita
1621 4726 1685 4776 ut
1716 4732 1825 4775 non

238 4832 259 4869 ι
291 4822 647 4888 cognosceret
682 4815 863 4872 virum
904 4814 1157 4871 omnibus
1199 4814 1392 4871 diebus
1432 4813 1560 4868 vitae
1601 4825 1714 4869 suae
1756 4825 1827 4867 ex

237 4924 257 4959 ‹
289 4920 398 4977 quo
437 4905 723 4963 defunctus
750 4914 855 4973 _est
892 4906 1170 4963 Manasses
1208 4905 1295 4961 vir
1334 4904 1470 4975 ejus.
1521 4923 1542 4957 ι
1593 4901 1830 4959 Castitas

232 5011 363 5069 ergo
401 4996 658 5053 Ecclesiae
697 4996 1033 5055 admirabilis
1069 5006 1187 5065 est,
1225 5004 1284 5053 et
1317 4996 1474 5052 valde
1518 4993 1827 5062 laudabilis,

231 5105 354 5163 quae
388 5098 678 5161 postquam
710 5104 921 5162 pompae
948 5090 1148 5146 diaboli
1186 5097 1245 5146 et
1270 5086 1585 5147 idololatriae
1613 5086 1830 5144 abdica-

231 5191 411 5251 verat,
435 5190 492 5240 et
506 5180 663 5252 juxta
689 5180 933 5255 Apostoli
956 5181 1283 5239 sententiam
1306 5179 1541 5236 mundus
1566 5177 1668 5234 sibi
1699 5192 1827 5233 cru-

178 5326 183 5330 .
232 5276 429 5334 citixus
451 5284 557 5343 est,
584 5277 809 5347 ipsaque
848 5276 1082 5342 mundo;
1126 5285 1470 5344 nequaquam
1495 5268 1640 5325 ultra
1664 5281 1827 5341 passa

231 5376 321 5427 est
360 5368 430 5424 ad
467 5368 753 5424 illecebras
784 5367 1082 5424 carnalium
1110 5364 1447 5436 voluptatum
1465 5403 1481 5429 ,
1515 5370 1679 5432 atque
1714 5358 1827 5431 pri-

232 5462 405 5522 stinas
431 5463 620 5519 sordes
652 5468 1000 5534 peccatorum
1030 5460 1225 5523 relabi,
1268 5458 1363 5515 sed
1401 5457 1618 5513 lavacro
1660 5467 1827 5509 sacra:

233 5553 666 5629 regenerationis
704 5552 886 5608 abluta
924 5560 1085 5620 atque
1124 5560 1336 5614 renata,
1375 5550 1519 5617 quod
1556 5546 1826 5616 reliquum

230 5657 320 5707 est
344 5648 630 5722 temporis,
677 5647 731 5703 in
757 5646 863 5703 ﬁde
883 5645 1018 5700 vivit
1042 5643 1164 5699 Filii
1190 5641 1310 5706 Dei,
1334 5641 1419 5697 cui
1465 5654 1561 5710 per
1598 5635 1826 5692 Paulum

235 5740 486 5800 dicitur:
534 5759 554 5792 ι
588 5740 771 5797 Eratis
807 5748 988 5795 autem
1035 5736 1323 5805 aliquando
1370 5734 1635 5796 tenebrae,
1683 5740 1827 5785 nunc

238 5842 423 5893 autem
444 5833 536 5888 lux
564 5832 618 5887 in
644 5832 898 5895 Domino,
923 5838 983 5885 ut
1007 5830 1143 5887 lucis
1172 5827 1264 5883 filii
1294 5825 1587 5882 ambulate.
1622 5843 1642 5876 ι

318 5945 338 5987 t
374 5926 509 5986 Erat
536 5938 718 5985 autem
747 5924 938 5984 diebus
979 5922 1133 5981 festis
1165 5919 1463 5989 procedens
1499 5931 1619 5975 cum
1656 5915 1826 5989 gloria

1852 3308 1901 3375 C

1850 4685 1906 4748 D

1925 2054 2076 2112 addit
2099 2071 2273 2127 usque
2314 2057 2384 2113 ad
2424 2071 2595 2114 cornu
2641 2058 2852 2127 altaris,
2897 2060 3256 2132 prohibentur
3294 2062 3523 2123 forsitan

1924 2148 2113 2223 aliqui,
2143 2150 2290 2221 quod
2310 2148 2499 2208 multis
2527 2151 2583 2208 in
2614 2166 2716 2208 usu
2744 2161 2861 2219 est,
2910 2152 3098 2208 audita
3134 2153 3412 2226 Evangelii
3439 2155 3521 2215 le-

1926 2242 2107 2300 ctione
2128 2241 2491 2309 deseendere;
2527 2256 2637 2299 non
2672 2243 2819 2300 enim
2846 2241 2916 2300 ad
2944 2257 3119 2300 cornu
3150 2242 3341 2301 altaris
3367 2258 3528 2305 acce-

1926 2337 2093 2403 dunt,
2148 2335 2242 2408 qui
2286 2335 2795 2394 communicationis
2838 2336 3015 2410 gratia
3060 2351 3172 2393 non
3218 2336 3521 2409 replentur.

1926 2427 2043 2485 Hoc
2071 2429 2136 2485 de
2175 2429 2281 2485 isto
2317 2427 2480 2484 altari
2507 2427 2739 2495 visuali,
2771 2436 2834 2485 ut
2866 2426 3001 2484 mihi
3034 2427 3270 2492 videtur,
3304 2442 3526 2501 compe-

1926 2530 2104 2579 tenter
2131 2521 2450 2592 accipimus,
2479 2535 2587 2592 quo
2615 2534 2817 2593 corpus
2855 2527 2912 2577 et
2942 2518 3165 2593 sanguis
3193 2518 3408 2577 Domini
3434 2535 3527 2577 so-

1924 2612 2092 2670 lemni
2136 2612 2574 2686 frequentatione
2623 2613 2805 2669 datur.
2859 2607 2993 2668 Illud
3043 2624 3174 2669 vero
3220 2610 3397 2668 altare
3442 2616 3531 2669 est

1926 2714 2055 2763 ante
2080 2714 2435 2779 conspectum
2464 2705 2717 2774 Domini,
2747 2705 2840 2762 ubi
2873 2703 3178 2777 puriﬁcatis
3206 2704 3403 2761 animis
3428 2718 3530 2776 per

1926 2799 2441 2870 contemplationem
2476 2797 2545 2853 ad
2572 2807 2763 2854 sancta
2784 2796 3045 2868 jubemur
3077 2795 3358 2863 accedere,
3383 2804 3446 2852 ut
3472 2794 3530 2852 in

1927 2891 2034 2949 hac
2058 2890 2258 2948 actuali
2298 2890 2643 2973 solemnitate
2683 2888 2815 2945 illud
2850 2903 3071 2962 semper
3100 2889 3396 2946 debeamus
3438 2887 3527 2945 iu-

1926 2982 2157 3055 spicere.

1962 3104 1965 3105 ν
2004 3090 2026 3126 ι
2068 3072 2269 3130 Mansit
2312 3080 2495 3130 autem
2539 3074 2596 3129 in
2630 3073 2793 3129 domo
2831 3070 2936 3128 viri
2976 3069 3062 3127 sui
3104 3085 3283 3129 annos
3308 3079 3532 3128 centum

1934 3180 1956 3216 ε
1991 3163 2264 3235 quisque,
2294 3173 2350 3219 et
2382 3163 2588 3220 dimisit
2628 3163 2834 3219 Abram
2873 3178 3026 3220 suam
3062 3163 3312 3219 liberam.
3360 3183 3380 3216 ι
3425 3163 3533 3221 Do-

1930 3269 2080 3310 mum
2124 3254 2229 3311 viri
2274 3263 2597 3327 praesentem
2632 3254 2894 3310 mundum
2941 3269 3229 3325 possumus
3259 3253 3531 3323 accipere,

1930 3347 1985 3403 in
2032 3360 2142 3417 quo
2183 3345 2287 3402 sub
2326 3353 2465 3402 aestu
2510 3342 2926 3400 tribulationum
2972 3343 3203 3400 desudat
3249 3342 3533 3410 Ecclesia,

1930 3437 2055 3507 quia
2084 3447 2373 3510 postquam
2401 3437 2675 3494 abdicavit
2695 3435 2891 3502 errori,
2919 3435 3005 3492 cui
3031 3442 3190 3490 antea
3220 3436 3320 3490 sub
3344 3432 3534 3503 gentili

1929 3528 2342 3585 conversatione
2366 3527 2711 3585 deserviebat
2726 3567 2741 3593 ,
2773 3527 2959 3583 statim
2985 3524 3248 3580 molestia:
3269 3536 3533 3595 persecu-

1930 3623 2139 3677 tionum
2177 3621 2230 3677 ei
2270 3627 2648 3678 accreverunt.
2691 3617 2794 3675 Ubi
2834 3632 3007 3674 annos
3044 3624 3262 3674 centum
3290 3615 3536 3687 quinque

1930 3712 2219 3780 manebat,
2250 3713 2379 3785 quia
2409 3711 2527 3783 lege
2550 3710 2651 3766 Dei
2684 3708 2926 3765 militans
2952 3722 3051 3779 pro
3075 3716 3282 3764 aeterna
3304 3704 3535 3786 beatitu-

1930 3804 2057 3862 dine
2087 3804 2439 3877 adipiscenda
2466 3802 2798 3861 decertabat.
2842 3799 3094 3871 Quinque
3130 3812 3264 3869 ergo
3292 3795 3417 3856 libri
3455 3795 3536 3854 le-

1929 3894 2013 3969 gis
2039 3895 2236 3953 divinae
2275 3903 2433 3962 sunt,
2468 3894 2524 3951 in
2566 3892 2765 3964 quibus
2806 3890 2969 3946 unius
3007 3889 3102 3945 Dei
3133 3887 3345 3945 cultura
3384 3902 3536 3945 com-

1929 3990 2239 4056 mendatur,
2277 3998 2333 4044 et
2366 3987 2609 4044 omnium
2638 3984 2906 4041 idolorum
2936 3981 3171 4037 servitus
3202 3979 3420 4051 penitus
3449 3979 3535 4036 in-

1931 4082 2237 4138 terdicitur.
2289 4079 2519 4136 Centum
2570 4091 2725 4149 ergo,
2771 4074 2900 4147 quia
2953 4074 3019 4131 de
3063 4072 3199 4128 laeva
3243 4085 3531 4129 numerum

1931 4173 2195 4230 transfert
2240 4172 2296 4228 in
2340 4169 2645 4235 dexteram,
2691 4177 2954 4224 aeternam
3001 4162 3423 4230 beatitudinem,
3470 4169 3533 4218 ut

1930 4264 2191 4330 diximus,
2231 4261 2427 4318 merito
2473 4260 2743 4332 designat.
2791 4256 2862 4314 Et
2907 4255 3115 4312 dimisit
3143 4253 3347 4312 Abram
3374 4267 3532 4311 suam
3640 4280 3643 4283 ν

1932 4356 2182 4422 liberam,
2206 4368 2332 4411 cum
2357 4352 2656 4410 carnalium
2686 4347 3176 4415 conversationem,
3200 4361 3322 4418 quae
3349 4344 3534 4402 timori

1929 4461 2148 4516 semper
2172 4445 2407 4503 obnoxia
2434 4453 2551 4510 est,
2579 4444 2637 4499 in
2666 4442 2973 4498 libertatem
3010 4437 3201 4513 gratiae
3227 4447 3286 4493 et
3322 4436 3531 4494 securi-

1932 4546 2101 4593 tatem
2142 4535 2428 4592 charitatis
2469 4533 2736 4600 docendo,
2772 4531 3130 4597 exhortando,
3173 4538 3338 4602 atque
3372 4528 3533 4587 bonis

1931 4627 2194 4700 exemplis
2219 4626 2555 4685 meliorando
2580 4624 2832 4697 perducit
2858 4641 2872 4678 :
2900 4630 2962 4679 ut
2979 4621 3092 4693 jam
3117 4622 3280 4687 bona,
3314 4634 3434 4691 quae
3464 4618 3532 4676 ti-

1929 4734 2083 4777 more
2110 4733 2394 4792 puenarum
2427 4731 2529 4790 pro
2554 4723 2709 4787 parte
2722 4714 2958 4789 gerebat
2987 4715 3043 4770 in
3086 4728 3234 4784 spem
3269 4711 3522 4784 praemio-

1929 4825 2075 4878 rum,
2118 4820 2176 4865 et
2218 4821 2405 4864 amore
2442 4806 2617 4880 ipsius
2654 4805 2781 4864 boni
2820 4804 3065 4875 perfecto
3099 4816 3261 4873 agere
3284 4800 3525 4858 studeat.

1931 4901 2091 4969 Quia,
2115 4907 2177 4955 ut
2204 4897 2464 4964 Joannes,
2485 4897 2563 4952 ait
2596 4915 2617 4948 ι
2652 4895 2858 4961 Timor,
2884 4892 2977 4964 qui
2998 4905 3191 4963 poenas
3211 4891 3394 4956 habet,
3420 4905 3530 4946 non

1930 5000 2016 5050 est
2042 4992 2096 5048 in
2123 4991 2410 5057 charitate,
2442 4987 2537 5044 sed
2565 4984 2804 5059 perfecta
2830 4982 3071 5041 charitas
3091 4980 3239 5037 foras
3268 4980 3437 5036 mittit
3464 4980 3532 5036 ti-

1931 5098 2140 5142 morem
2168 5082 2223 5155 (Ι
2246 5080 2407 5137 Ιοαη.
2442 5079 2540 5155 1v).
2577 5099 2598 5134 ι
2630 5076 2787 5135 Unde
2810 5073 3009 5140 timidi,
3038 5087 3343 5139 servorum,
3367 5082 3435 5128 et
3448 5069 3533 5128 di-

1931 5176 2165 5234 lectione
2196 5175 2342 5246 pleni
2376 5174 2671 5229 liberorum
2695 5166 3070 5225 assimilantur
3098 5161 3418 5222 conditioni.

2007 5287 2027 5323 ι
2068 5267 2137 5323 Et
2171 5264 2427 5322 defuncta
2450 5270 2538 5319 est
2564 5276 2631 5317 ac
2669 5256 2878 5331 sepulta
2905 5270 3031 5313 cum
3056 5255 3175 5311 viro
3200 5267 3300 5311 suo
3335 5251 3393 5308 in
3426 5250 3529 5308 Be-

1937 5379 1957 5414 ι
1998 5360 2187 5418 thulia.
2220 5378 2241 5412 ι
2273 5355 2596 5414 Defunctam
2641 5367 2707 5408 ac
2753 5348 3016 5423 sepultam
3057 5346 3188 5405 dicit
3226 5343 3530 5402 Eeclesiam

1930 5470 2000 5512 ex
2040 5459 2198 5524 parte
2241 5447 2610 5508 membrorum
2655 5443 2799 5515 ejus,
2843 5456 2966 5514 quae
3004 5440 3073 5497 ab
3116 5437 3274 5496 initio
3314 5433 3530 5510 peccati

1931 5542 2249 5618 protoplasti
2294 5538 2537 5613 parentis
2583 5536 2756 5593 nostri
2801 5549 2972 5605 usque
3019 5533 3088 5588 ad
3131 5531 3295 5587 ﬁnem
3339 5526 3527 5584 mundi
3573 5549 3576 5553 ν

1934 5634 2127 5693 mortis
2158 5645 2436 5704 corporeae
2462 5644 2571 5685 non
2597 5635 2850 5699 poterant
2881 5624 3007 5695 jura
3035 5620 3294 5693 effugere,
3323 5620 3392 5675 de
3414 5631 3527 5689 quo

1932 5742 2032 5799 per
2052 5725 2380 5797 Prophetam
2403 5720 2602 5777 dicitur
2631 5736 2643 5775 :
2678 5740 2695 5770 ε
2729 5718 2861 5786 Quis
2880 5725 2967 5773 est
2985 5714 3150 5771 homo
3174 5711 3266 5783 qui
3290 5708 3446 5799 vivit,
3469 5714 3528 5767 ct

1933 5798 2040 5874 non
2090 5816 2293 5873 videbit
2334 5812 2598 5871 mortem?
2640 5827 2660 5862 υ
2711 5808 2972 5866 Morietur
3012 5805 3179 5863 etiam
3225 5798 3524 5858 secundum

1931 5910 2279 5979 Ecclesiastis
2317 5906 2636 5963 sententiam
2655 5944 2672 5975 ,
2705 5900 2926 5979 sapiens
2957 5902 3017 5954 et
3051 5892 3338 5973 insipiens,
3368 5896 3428 5950 et
3451 5888 3522 5960 ad
