3882 6620
358 396 460 454 591

1004 393 1065 447 Β.
1104 389 1359 448 RABANI
1399 390 1621 449 MAURI
1658 387 1983 471 ARCHIEP.
2024 385 2336 446 MOGUNT.
2376 383 2666 443 OPERUM
2703 380 2888 441 PARS
2922 381 2963 438 l.

3534 384 3646 441 593

359 525 529 566 unum
557 506 718 563 linem
749 513 1044 578 properant
1070 505 1283 571 omnia;
1316 514 1461 561 terra
1473 505 1649 560 etiam
1676 504 1953 574 sepultura
1979 506 2032 567 Α
2058 501 2256 557 festum
2284 510 2396 567 est,
2430 499 2576 571 quod
2603 498 2784 554 nullus
2809 497 3013 554 electos
3048 496 3145 553 Dei
3185 496 3239 552 in
3266 497 3529 569 praesenti
3558 498 3661 554 Ee-

361 599 664 657 communis
708 604 792 653 est
835 597 1097 651 bonorum
1148 604 1202 651 et
1250 596 1535 651 malorum.
1588 594 1714 651 Sive
1761 594 1953 650 altiore

359 705 525 747 sensu
574 687 823 744 defuncta
873 703 937 742 ac
986 687 1195 757 sepulta
1242 685 1425 742 Iudith
1474 701 1597 741 cum
1648 685 1766 741 viro
1816 700 1964 753 suo,

360 778 578 852 quando
620 777 862 834 Ecclesia
894 778 948 832 in
982 776 1309 847 baptismate
1337 776 1690 831 commoritur
1712 773 1952 841 Christo,

344 868 422 932 ἰιι
446 880 694 946 resurgat
717 888 841 928 eum
882 872 1018 942 ipso.
1061 871 1214 927 Unde
1240 870 1370 927 dicit
1394 869 1726 940 Apostolus:
1760 887 1779 920 ι
1816 868 1957 925 Con-

360 964 555 1037 sepulti
582 964 726 1019 enim
753 977 1090 1039 sumus'cum
1118 961 1209 1016 illo
1229 976 1327 1031 per
1357 958 1686 1032 baptismum
1725 960 1781 1016 in
1810 975 1957 1016 mor-

358 1065 499 1123 tem;
548 1064 609 1111 ut
648 1056 919 1127 quomodo
958 1055 1258 1111 resurrexit
1287 1052 1537 1110 Christus
1580 1069 1612 1108 a
1641 1061 1816 1109 morte
1859 1068 1959 1123 per

360 1149 591 1219 gloriam
630 1147 841 1214 Patris,
886 1147 962 1203 ita
997 1153 1053 1201 et
1092 1161 1192 1201 nos
1224 1145 1281 1200 in
1324 1146 1565 1201 novitate
1604 1145 1729 1206 vitae
1769 1145 1959 1201 ambu-

361 1242 536 1298 lemus
562 1241 742 1313 (Rom.
768 1240 869 1313 γι).
908 1260 928 1293 ι

442 1354 459 1385 ι
497 1333 769 1404 Luxitque
800 1333 946 1389 illam
976 1334 1153 1390 omnis
1193 1332 1424 1404 populus
1453 1330 1643 1387 diebus
1672 1337 1897 1400 septem.
1933 1349 1953 1383 ι

365 1425 507 1493 Quid
546 1432 629 1480 est
673 1425 818 1495 quod
863 1425 1040 1481 omnis
1064 1424 1292 1495 populus
1321 1439 1422 1494 pro
1451 1430 1626 1478 morte
1652 1420 1838 1477 Judith
1881 1420 1962 1477 lu-

365 1526 490 1590 geat
517 1517 707 1574 diebus
746 1526 979 1589 septem,
1022 1519 1126 1573 nisi
1156 1516 1298 1588 quod
1338 1516 1493 1572 electi
1533 1517 1628 1571 Dei
1668 1531 1767 1587 per
1802 1531 1963 1572 omne

364 1614 580 1679 tempus
605 1608 889 1679 praesentis
908 1608 1053 1675 vitae,
1077 1610 1221 1679 quod
1246 1623 1340 1680 per
1362 1607 1726 1679 septenarium
1750 1606 1961 1662 dierum

364 1715 650 1755 numerum
677 1701 878 1767 currit,
908 1710 1133 1774 propter
1157 1702 1648 1773 percgrinationem
1679 1702 1963 1772 prmsentis

364 1787 620 1845 Ecclesiae
649 1788 705 1844 in
731 1790 916 1846 dolore
940 1798 994 1846 et
1017 1792 1220 1863 gemitu
1245 1808 1305 1847 se
1330 1791 1591 1865 aﬂligunt,
1622 1793 1793 1848 donec
1819 1792 1963 1863 aspi-

2058 594 2219 649 clesia
2250 607 2445 647 nocere
2472 590 2713 647 funditus
2733 590 2933 662 possit;
2965 589 3019 644 id
3037 586 3147 650 est,-
3161 605 3333 661 usque
3364 582 3435 643 ad
3462 588 3663 645 anima

2058 687 2334 744 interitum
2357 685 2683 759 pertingere.
2712 683 2868 741 Unde
2895 684 3012 754 ipsa
3032 682 3247 739 Veritas
3272 683 3328 737 in
3354 681 3662 753 Evangelia

2060 779 2136 832 ait
2168 796 2181 832 :
2218 797 2238 830 σ
2273 777 2445 833 Omne
2478 777 2623 847 quod
2653 775 2801 831 dedit
2824 774 2960 831 mihi
2999 772 3182 840 Pater,
3218 775 3290 831 ad
3328 789 3423 830 me
3455 775 3664 840 παύει,

2059 879 2115 927 et
2158 885 2283 926 eum
2321 871 2414 941 qui
2452 870 2603 925 venit
2647 869 2716 926 ad
2756 882 2864 935 me,
2910 882 3021 923 non
3064 866 3280 937 eiiciam
3319 867 3499 924 foras.
3540 887 3563 920 ι
3606 868 3672 924 Et

2046 956 2232 1017 item:
2272 981 2291 1013 ι
2326 960 2429 1030 Qui
2456 960 2683 1016 verbum
2724 974 2907 1015 meum
2946 957 3128 1026 audit,
3173 967 3230 1015 et
3269 959 3450 1016 credit
3484 960 3541 1016 ei
3584 962 3671 1033 qui

2060 1066 2150 1107 ine
2176 1051 2344 1117 misit,
2375 1051 2540 1111 habet
2567 1052 2734 1107 vitam
2760 1059 3020 1111 aeternam
3039 1092 3054 1117 ,
3082 1058 3142 1107 et
3175 1051 3230 1108 in
3250 1051 3539 1123 judicium
3568 1069 3672 1108 non

2059 1143 2231 1209 venit,
2258 1140 2355 1198 sed
2383 1141 2612 1198 transiet
2636 1157 2669 1199 a
2694 1150 2869 1199 morte
2903 1142 2959 1198 in
2992 1142 3180 1198 vitam.
3217 1162 3237 1197 ι
3272 1141 3420 1200 Hinc
3454 1152 3518 1200 et
3538 1144 3675 1215 Apo-

2063 1238 2233 1294 stolus
2263 1238 2339 1292 ait
2367 1254 2381 1292 :
2426 1256 2444 1288 ι
2479 1236 2625 1305 Quos
2651 1245 2833 1291 autem
2868 1236 3304 1308 praedestinavit,
3352 1238 3471 1293 hos
3502 1246 3565 1293 et
3590 1254 3677 1295 vo-

2064 1332 2236 1398 cavit;
2270 1339 2323 1409 et
2360 1345 2497 1402 quos
2523 1330 2767 1395 vocavit,
2795 1328 2898 1384 hos
2921 1336 2978 1384 et
3012 1326 3370 1397 justificavit;
3402 1343 3559 1399 quos
3591 1344 3678 1384 an-

2064 1434 2173 1480 tem
2191 1421 2533 1492 justificavit,
2566 1420 2685 1477 illos
2715 1428 2771 1477 et
2794 1419 3135 1493 gloriﬁcavit.
3176 1420 3233 1476 Si
3263 1420 3421 1476 Deus
3452 1436 3564 1491 pro
3590 1437 3679 1476 no-

2064 1517 2184 1584 bis,
2228 1517 2350 1587 quis
2392 1524 2586 1572 contra
2634 1530 2736 1571 nos
2783 1513 2961 1587 (Rom.
3004 1513 3165 1585 vni)?
3200 1536 3219 1568 ι
3264 1513 3516 1571 Cunctis
3560 1531 3679 1588 ergo

2066 1609 2279 1675 diebus,
2305 1608 2500 1679 quibus
2528 1606 2772 1664 Ecclesia
2810 1606 2867 1665 in
2906 1604 3143 1663 incolatu
3173 1605 3338 1661 istius
3369 1605 3575 1659 mundi
3598 1621 3681 1674 pe-

2067 1700 2397 1772 regrinatur,
2445 1697 2605 1754 electi
2649 1696 2745 1751 filii
2772 1696 2890 1768 ejus
2932 1696 3033 1751 sub
3078 1696 3271 1751 umbra
3319 1694 3558 1750 alarum
3599 1695 3681 1749 Dei

2065 1806 2237 1862 usque
2263 1791 2332 1846 ad
2363 1790 2526 1846 finem
2552 1796 2909 1862 proteguntur
2936 1787 3106 1844 illaesi.
3132 1787 3201 1843 Et
3230 1788 3277 1843 si
3312 1787 3375 1842 in
3405 1787 3531 1843 hoc
3562 1795 3683 1842 tm-

364 1872 451 1934 ret
479 1881 613 1945 dies,
644 1889 700 1934 et
730 1880 1054 1938 inclinentur
1091 1884 1316 1939 umbrae.
1357 1883 1464 1940 Sed
1490 1884 1669 1941 luctus
1714 1885 1816 1941 iste
1853 1901 1961 1940 non
1990 1873 2039 1934 B
2066 1900 2200 1958 pore
2236 1883 2513 1940 doloribus
2540 1890 2596 1937 et
2642 1880 2908 1954 angustiis
2949 1880 3265 1951 plenissimo
3307 1879 3441 1935 sine
3494 1879 3683 1935 datam

364 1987 431 2024 ex
463 1972 861 2043 desperatione,
892 1974 987 2028 sed
1020 1975 1191 2044 magis
1229 1975 1389 2030 taedio
1416 1977 1789 2046 praesentium,
1814 1984 1869 2032 et
1895 1992 1966 2032 ex

365 2062 561 2119 all'ectu
594 2063 896 2119 futurorum
916 2107 930 2131 ,
972 2082 1135 2135 quem
1162 2066 1380 2124 assidue
1407 2068 1611 2123 habent
1634 2069 1830 2132 sancti,
1869 2084 1965 2124 na-

365 2154 555 2210 scitur.
598 2153 678 2209 Ex
705 2170 935 2224 quorum
963 2170 1196 2226 persona
1239 2156 1507 2228 Propheta
1539 2157 1594 2213 in
1629 2158 1853 2229 psalmis
1886 2159 1966 2215 lo-

362 2247 549 2316 quitur
573 2245 760 2302 dicens
788 2265 801 2301 :
839 2266 859 2299 ‹
895 2246 1073 2318 Super
1100 2247 1322 2304 ﬂumina
1348 2249 1639 2321 Babylonis
1666 2249 1793 2321 illuc
1815 2251 1963 2306 sedi-

364 2351 486 2391 mus
512 2344 568 2392 et
596 2335 866 2405 ﬂevimus,
895 2339 1022 2395 dum
1055 2341 1471 2397 recurdaremur
1496 2342 1594 2409 tui,
1627 2342 1757 2398 Sion
1788 2342 1962 2416 (Psal.

364 2428 575 2496 xxxvi).
615 2448 634 2479 ι
672 2429 739 2483 Et
770 2429 935 2498 item,
972 2448 991 2481 ι
1028 2430 1239 2498 Sitivit,
1281 2452 1299 2484 ι
1339 2432 1539 2503 inquit,
1579 2452 1598 2485 ‹
1637 2416 1816 2489 anima
1845 2450 1967 2491 mea

364 2516 432 2571 ad
480 2516 651 2572 Deum
680 2519 894 2590 vivum,
932 2524 1149 2591 quando
1183 2524 1396 2578 veniam
1427 2533 1483 2579 et
1529 2526 1801 2595 apparebo
1841 2534 1969 2582 ante

365 2609 559 2665 faciem
589 2611 719 2666 Dei?
764 2611 1007 2669 Fuerunt
1037 2614 1169 2671 mihi
1216 2616 1467 2687 lacrynne
1510 2632 1644 2672 mea:
1682 2633 1850 2687 panes
1880 2618 1968 2672 die

367 2715 431 2755 ac
467 2709 648 2768 nocte,
683 2702 810 2757 dum
842 2704 1040 2759 dicitur
1086 2706 1217 2761 mihi
1248 2706 1526 2776 quotidie:
1561 2707 1662 2763 Ubi
1702 2717 1788 2763 est
1824 2707 1967 2763 Deus

363 2798 490 2847 tuus
518 2790 693 2865 (Paul.
722 2794 873 2869 xu)?
903 2816 922 2850 ι
966 2797 1110 2870 Ergo
1135 2807 1195 2854 ut
1227 2798 1487 2865 diximus,
1518 2799 1767 2870 planctus
1794 2801 1967 2856 eccle-

364 2881 570 2939 siastici
595 2885 866 2944 solemnes
891 2898 1040 2955 sunt,
1067 2905 1174 2944 non
1204 2890 1481 2961 lugubres.
1521 2890 1674 2947 Unde
1711 2892 1762 2945 in
1791 2891 1968 2946 Evan-

362 2974 505 3044 gelio
541 2975 757 3047 legitur,
786 2980 932 3050 quod
972 2998 992 3032 ι
1028 2980 1234 3037 Rachel
1275 2982 1517 3053 ploraret
1562 2982 1701 3039 ﬁlios
1729 3000 1878 3051 suos,
1913 2994 1968 3041 et

362 3063 529 3119 nollet
558 3067 862 3136 consolari,
891 3071 1019 3142 quia
1062 3088 1170 3128 non
1214 3082 1341 3128 sunt
1371 3073 1586 3147 (Matth.
1620 3074 1705 3147 ιι).
1736 3095 1761 3127 ›
1798 3076 1969 3132 Cura—
2002 3056 2008 3061 ⁸

359 3168 557 3213 verunt
579 3158 682 3214 viri
719 3160 958 3218 timorati
990 3162 1358 3235 Stephanum,
1398 3175 1453 3221 et
1482 3167 1834 3223 confecerunt
1877 3185 1968 3224 su-

336 3262 458 3318 °per
481 3265 604 3306 eum
633 3252 910 3323 planctum
938 3271 1215 3328 magnum.
1254 3259 1404 3313 Beati
1447 3260 1538 3329 qui
1586 3259 1772 3328 lugent
1800 3276 1963 3328 nunc,
1995 3236 2040 3297 (ἶ

330 3370 331 3373 η
359 3342 614 3410 quoniam
652 3343 753 3415 ipsi
780 3347 1226 3404 consolabuntur.
1268 3350 1312 3405 E
1340 3352 1619 3407 contrario
1644 3360 1857 3421 autem,
1887 3370 1970 3407 va:

359 3433 465 3489 illis
508 3438 600 3505 qui
651 3455 794 3495 nunc
823 3442 1024 3508 rident,
1065 3444 1321 3513 quoniam
1365 3444 1590 3500 llebunt.
1638 3446 1792 3500 Flent
1836 3462 1968 3518 ergo

330 3526 521 3580 'rnodo
555 3528 730 3582 sancti
761 3527 858 3584 Dei
899 3550 917 3582 ‹
954 3542 1146 3588 euntes
1176 3543 1232 3588 et
1270 3536 1549 3591 mittentes
1576 3538 1783 3591 semina
1832 3555 1959 3603 sua;

360 3617 642 3673 venientes
681 3628 862 3674 autem
903 3623 1124 3677 venient
1169 3624 1223 3679 in
1278 3625 1641 3683 exsultatione
1682 3636 1965 3700 portantes

332 3709 667 3780 'manipulos
697 3725 824 3766 suos
853 3710 1025 3783 (Paul.
1055 3714 1237 3787 cxxv).
1279 3737 1297 3767 ι

441 3821 460 3853 ι
504 3802 561 3857 In
594 3804 741 3858 omni
776 3814 957 3861 autem
1003 3810 1179 3878 spatio
1211 3809 1336 3864 vita:
1375 3811 1493 3881 ejus
1536 3827 1645 3867 non
1690 3812 1826 3880 fuit,
1870 3814 1963 3882 qui

368 3913 388 3944 ι
422 3896 765 3964 perturbaret
790 3895 974 3963 Israel,
1008 3906 1062 3954 et
1085 3909 1206 3970 post
1232 3911 1465 3957 mortem
1497 3900 1614 3972 ejus
1637 3903 1794 3958 annis
1825 3902 1963 3959 mul-

367 4002 386 4035 ι
427 3983 513 4037 tis.
549 4001 568 4035 ›
603 3983 885 4050 Quomodo
927 3997 1108 4043 autem
1150 3990 1351 4047 dicitur
1378 3994 1521 4063 quod
1551 3995 1606 4048 in
1638 3997 1810 4063 spatio
1840 3996 1962 4050 vita:

361 4072 546 4130 Juditb
577 4075 754 4132 nullus
794 4081 1141 4148 perturbaret
1180 4085 1364 4151 Israel,
1408 4102 1531 4141 cuin
1581 4096 1691 4142 tota
1738 4089 1958 4143 humani

362 4172 580 4242 generis
615 4172 725 4227 vita
759 4177 981 4232 tentatio
1019 4178 1090 4235 sit
1118 4195 1281 4251 super
1312 4189 1535 4236 terram.
1583 4180 1689 4237 Sed
1733 4183 1960 4237 forsitan

363 4262 428 4317 de
457 4263 609 4319 clade
637 4264 874 4322 hostium
918 4267 1221 4327 forinsecus
1249 4271 1411 4340 dicit,
1444 4273 1589 4344 quod
1632 4282 1755 4345 post
1802 4289 1959 4329 acce-

362 4364 513 4426 ptam
551 4374 649 4429 per
675 4358 860 4416 Juditli
898 4363 1182 4419 victoriam
1219 4366 1399 4421 minus
1427 4366 1641 4422 molesti
1667 4366 1869 4439 fuerint
1896 4365 1965 4420 ad

363 4455 578 4523 tempus
624 4452 773 4525 genti
817 4450 1149 4513 Iudaeorum.
1201 4457 1517 4530 Mysterium
1564 4468 1746 4514 autem
1793 4456 1969 4510 mani-

2067 1976 2257 2035 salutis
2293 1990 2405 2031 sua:
2440 1980 2853 2039 conservantur,
2895 1978 3100 2043 quanto
3133 1970 3312 2043 magis
3357 1979 3502 2041 post
3537 1970 3683 2026 ﬁnem

2068 2070 2224 2127 istius
2254 2069 2378 2125 vita:
2422 2068 2541 2125 sine
2586 2068 2737 2123 omni
2779 2067 3052 2137 angustia,
3099 2065 3302 2137 gemitu
3337 2073 3401 2120 et
3444 2066 3684 2136 pen'eub

2066 2162 2464 2228 custodiuntur,
2495 2159 2588 2215 ubi
2617 2159 2771 2217 dolor
2791 2160 2876 2216 vel
2906 2161 3139 2232 gemitus
3164 2159 3411 2230 amplius
3428 2159 3563 2230 jam
3588 2176 3685 2215 na

2067 2256 2175 2311 erit
2196 2254 2360 2312 ullus.
2393 2253 2461 2309 Et
2485 2252 2589 2309 boc
2618 2261 2700 2309 est
2726 2253 2872 2323 quod
2901 2253 3101 2308 dicitur
3125 2261 3251 2324 post
3291 2261 3555 2308 mortem
3584 2252 3685 2322 cjm

2068 2346 2226 2401 annis
2267 2343 2485 2410 multis;
2538 2344 2665 2415 quia
2700 2352 2824 2415 post
2869 2344 3079 2400 obitum
3124 2344 3423 2415 pmsentis
3453 2345 3597 2400 vita:
3642 2345 3687 2400 in

2068 2437 2326 2493 saeculum
2362 2435 2546 2492 saeculi
2572 2435 2699 2489 anni
2728 2436 2845 2506 ejus
2880 2443 3045 2501 sunt,
3074 2434 3272 2506 quibus
3299 2450 3439 2492 cum
3470 2434 3690 2492 Christe

2070 2528 2300 2584 feliciter
2325 2528 2489 2593 vivit,
2520 2533 2576 2581 et
2603 2533 2795 2596 regnat
2822 2525 2876 2580 in
2901 2533 3184 2580 aeternum.

2145 2639 2163 2671 ι
2200 2602 2326 2674 Dies
2356 2626 2537 2673 autem
2565 2616 2809 2672 victoriae
2852 2613 3016 2684 htijus
3061 2614 3406 2681 festivitatis,
3458 2616 3541 2675 ab
3584 2615 3690 2671 Ile.

2076 2731 2095 2763 ι
2132 2713 2293 2768 bracis
2335 2710 2390 2766 in
2434 2724 2663 2765 numero
2698 2715 3011 2763 sanctorum
3053 2707 3264 2763 dierum
3284 2707 3608 2778 accipitur,
3642 2716 3691 2762 et

2077 2827 2095 2858 ι
2134 2807 2333 2863 colitur
2379 2820 2410 2861 a
2455 2803 2657 2860 Iudaeis
2701 2820 2771 2859 ex
2808 2803 2904 2858 illo
2948 2811 3215 2874 tempore,
3252 2819 3439 2875 usque
3467 2804 3530 2858 in
3561 2820 3692 2875 pra-

2077 2918 2095 2950 ‹
2133 2906 2340 2953 sentem
2384 2897 2549 2952 diem.
2586 2914 2605 2948 ι
2638 2894 2833 2951 Merito
2865 2894 3033 2966 igitur
3077 2893 3346 2952 festivitas
3400 2894 3577 2964 hujus
3622 2898 3694 2950 vi-

2070 2990 2258 3045 ctoriae
2285 2987 2354 3044 ab
2384 2988 2647 3054 Hebraeis,
2675 2987 2782 3044 hoc
2808 2995 2912 3054 est,
2946 2987 3342 3054 transitoribus,
3373 2988 3434 3042 in
3460 3004 3692 3044 numen

2073 3082 2284 3138 dierum
2313 3089 2628 3137 sanctorum
2657 3079 2927 3150 accipitur
2951 3088 3008 3136 et
3032 3078 3231 3135 colitur
3261 3093 3295 3133 a
3326 3076 3573 3144 lacteis,
3598 3081 3695 3138 he:

2072 3178 2173 3236 est,
2206 3170 2630 3237 confessoribus,
2658 3184 2727 3225 ex
2759 3170 2853 3226 illo
2881 3178 3131 3241 tempore
3156 3184 3333 3241 usque
3363 3170 3426 3225 in
3457 3185 3694 3244 praesen-

2075 3272 2185 3318 tem
2215 3263 2390 3331 diem;
2422 3264 2549 3334 quia
2581 3278 2770 3319 omnes
2800 3264 2893 3333 qui
2937 3263 2993 3318 in
3035 3262 3121 3317 via
3174 3260 3338 3335 hujus
3363 3266 3504 3322 vita:
3535 3266 3695 3337 positi

2074 3356 2311 3412 transire
2340 3358 2566 3427 cupiunt
2594 3357 2662 3411 ad
2701 3369 2926 3427 regnum
2966 3354 3221 3424 celeste,
3256 3366 3320 3413 et
3354 3357 3695 3414 coalitam:

2073 3448 2304 3515 Domino
2330 3448 2761 3503 misericordiam
2799 3445 2941 3517 ejus.
2985 3458 3039 3505 et
3068 3448 3345 3504 mirabilia
3376 3448 3504 3519 ejus
3534 3464 3697 3520 super

2072 3539 2212 3595 ﬁlios
2239 3540 2542 3605 hominum,
2565 3538 2710 3592 nullo
2740 3538 2902 3596 modo
2928 3540 3175 3596 oblivisci
3201 3548 3470 3610 poterunt
3497 3541 3695 3596 solem-

2070 3631 2264 3685 nitatis
2305 3631 2492 3696 istius,
2528 3629 2623 3684 sed
2654 3629 2712 3686 in
2749 3646 2979 3687 numero
3005 3641 3322 3687 sanctorum
3351 3630 3580 3688 dierum
3609 3645 3693 3686 ac-

2070 3723 2280 3794 cipiunt
2320 3722 2503 3791 illam,
2548 3726 2765 3795 quando
2800 3726 2941 3780 hanc
2990 3724 3162 3780 solam
3211 3724 3266 3778 in
3314 3724 3529 3793 gaudio
3576 3723 3693 3775 uni-

2068 3832 2352 3874 versarum
2408 3820 2811 3875 solemnitatum
2862 3833 3082 3874 suarum
3127 3816 3433 3872 celebrant.
3491 3812 3580 3868 Ex
3628 3829 3691 3870 eo

2069 3907 2283 3965 scilicet
2330 3919 2594 3980 tempore,
2644 3924 2752 3978 quo
2798 3908 3034 3977 primum
3076 3918 3174 3975 per
3227 3902 3574 3974 baptismum
3626 3904 3690 3961 de

2069 4006 2276 4061 inimici
2326 4011 2620 4060 evaserunt
2666 4006 2969 4072 potestate;
3022 4012 3193 4067 usque
3238 3996 3295 4052 in
3348 4009 3691 4065 paeantem

2067 4095 2237 4160 diem,
2270 4096 2323 4149 id
2353 4103 2459 4161 est,
2490 4095 2663 4148 donec
2691 4105 2933 4162 prtesens
2967 4087 3225 4145 smculum
3260 4085 3518 4143 finiatur.
3550 4088 3685 4144 Cum

2069 4197 2251 4239 autem
2285 4184 2466 4239 futura
2500 4183 2710 4239 venerit
2736 4182 2871 4247 vita,
2899 4187 3027 4235 tunc
3053 4178 3168 4250 jam
3197 4176 3479 4233 festivitas
3508 4177 3682 4237 stabi-

2068 4277 2136 4333 lis
2166 4279 2272 4332 erit
2308 4286 2472 4347 atque
2503 4277 2767 4347 perfecta,
2800 4274 3017 4345 quando
3046 4270 3320 4327 videbitur
3363 4269 3520 4325 Deus
3562 4270 3688 4325 dm-

2072 4384 2195 4422 rum
2227 4370 2283 4423 in
2331 4368 2484 4431 Sion,
2529 4376 2586 4421 et
2630 4366 2806 4421 sancti
2842 4363 2959 4435 ejus
2993 4361 3301 4436 regnabant
3338 4375 3476 4419 cum
3518 4374 3591 4418 eo
3630 4359 3686 4416 in

2074 4458 2273 4513 saecula
2299 4457 2641 4513 sccculorum.
