3882 6468
87 398 184 456 ὶΓΙ

844 396 937 450 AD
973 394 1479 479 EXPOSITIONEM
1517 394 1585 450 IN
1623 395 1883 453 LIBRUM
1919 395 2165 454 JUDITH
2203 398 2565 456 APPENDIX.

3257 404 3364 463 618

85 512 374 569 ικίειίιηιιι
388 508 690 571 historiam,
712 521 832 561 cum
854 518 1032 577 tamen
1054 508 1154 561 sub
1173 505 1318 561 Josia
1346 514 1401 559 et
1430 505 1675 577 Manasse
1703 509 1751 568 Α
1779 505 2000 575 angelus
2055 506 2109 561 in
2158 522 2316 576 quem
2372 509 2513 564 Deus
2565 509 2861 566 vindictam
2918 510 3224 577 exercebat,
3271 523 3367 570 aut

86 580 252 653 itque
290 582 424 636 aliis
457 578 941 653 pragdecessoribus
982 575 1239 653 Josiaa,_si
1272 591 1512 653 unquam
1544 576 1676 653 alias

85 644 169 707 vel
207 644 477 706 maxime
498 644 797 704 idololatria
827 648 989 702 etiam
1017 647 1069 701 in
1100 648 1241 701 tribu
1263 645 1397 699 Juda
1426 645 1673 716 viguerit.

85 739 98 775 ι
128 723 537 791 Ειερεαθιιιιιε
575 717 803 791 humiles
843 717 1262 791 consolationem
1309 716 1424 791 ejus
1455 755 1470 780 ,
1501 736 1540 791 ι-
1568 726 1673 770 etc.

85 785 299 849 Similis
338 799 429 846 est
455 790 606 844 locus
637 788 724 843 ille
758 787 955 841 Psalmi
985 805 997 840 :
1034 805 1052 836 ι
1084 786 1348 856 Exspecta
1390 785 1674 856 Dominum

84 873 127 917 ει
159 862 407 917 viriliter
433 873 551 929 age,
576 866 631 929 et
651 858 915 929 custodiet
948 866 1000 911 te
1024 854 1299 929 Dominus.
1330 876 1350 907 ι
1417 854 1565 929 Unde
1593 862 1677 929 est

83 942 130 987 at
156 932 299 986 illud
331 924 635 986 Salvatoris
666 947 678 981 :
713 948 730 978 ι
759 928 860 994 Qui
888 927 1310 997 perseveraverit
1334 941 1503 995 usque
1529 926 1582 979 in
1612 924 1676 978 ti-

87 1019 231 1066 nem,
264 1001 360 1056 hic
387 999 570 1055 salvus
596 999 719 1053 erit.
750 1017 769 1049 ι

153 1092 174 1123 ι
208 1064 282 1126 Et
311 1084 478 1131 nunc,
506 1068 721 1133 fratres,
753 1066 844 1136 qui
873 1066 1006 1122 estis
1045 1066 1099 1119 in
1141 1065 1337 1135 populo
1365 1064 1483 1129 Dei,
1524 1072 1579 1119 et
1606 1080 1673 1119 ex

83 1162 92 1191 l
128 1142 298 1197 vobis
329 1140 528 1210 pendet
552 1143 731 1210 anima
751 1138 985 1210 illorum,
1015 1158 1033 1187 ι
1065 1145 1171 1190 etc.
1212 1136 1671 1210 Nuneadsacer-

84 1213 255 1275 lotes,
290 1205 354 1265 ut
382 1217 507 1280 pote
526 1209 710 1278 populi
736 1208 984 1280 doctores
1005 1221 1306 1280 sermonem
1329 1205 1528 1275 dirigit,
1560 1220 1675 1259 mo—

88 1297 216 1336 nens
256 1296 354 1336 eos
382 1276 477 1334 'sui
517 1276 676 1333 uilicii
702 1286 759 1332 et
778 1278 982 1341 oneris,
1026 1292 1131 1347 quo
1171 1276 1392 1330 reddere
1425 1284 1674 1347 tenentur

82 1353 351 1405 rationem
407 1350 649 1405 omnium
708 1346 1057 1404 subditorum
1096 1361 1316 1401 suorum
1374 1346 1669 1400 secundum

88 1421 206 1475 llud
243 1422 467 1475 Hieron.
499 1419 568 1473 39
598 1438 610 1473 :
640 1419 739 1473 Fili
773 1416 1437 1487 bominis,speculatorcm_
1462 1425 1513 1469 te
1546 1414 1669 1469 dedi

81 1492 265 1545 lomui
295 1490 485 1554 Israel,
518 1488 563 1543 si
586 1505 672 1544 mc
703 1490 913 1543 dicente
939 1488 1007 1542 ad
1036 1484 1281 1557 impium,
1309 1484 1476 1557 lmpic
1497 1495 1671 1540 morte

82 1562 360 1626 non-ieris,
398 1576 505 1615 non
544 1558 709 1614 fueris
744 1560 971 1620 locutus,
1006 1567 1066 1612 ut
1090 1556 1151 1611 se
1178 1556 1446 1615 custodiat
1475 1556 1673 1625 impius

80 1649 97 1685 ι
148 1634 240 1687 via
289 1647 410 1696 sua,
461 1631 774 1701 sanguinem
817 1628 933 1701 ejus
970 1628 1036 1701 de
1071 1642 1230 1701 manu
1259 1635 1349 1680 tua
1376 1627 1667 1701 requiram,

80 1712 179 1756 rte.
236 1697 769 1771 Cujusmodi'etiam
814 1700 884 1753 ad
923 1699 1144 1753 verbum
1192 1697 1308 1752 fere
1356 1698 1542 1752 videre
1587 1705 1671 1752 est

79 1774 215 1842 ιριιά
252 1770 508 1826 eumdem
539 1770 858 1842 pr0phetam
889 1784 1005 1838 cap.
1040 1785 1120 1842 ιιι.

146 1862 167 1894 ι
201 1843 273 1898 Ut
304 1838 576 1896 memores
608 1838 737 1904 sint,
765 1840 888 1909 quia
918 1839 1105 1892 tentati
1138 1846 1267 1893 sunt
1296 1846 1478 1907 patres
1504 1838 1670 1894 vestri

79 1934 87 1963 ι
124 1922 187 1966 ιιι
216 1915 604 1982 probarentur,
636 1912 681 1966 si
716 1927 839 1966 vere
864 1909 1103 1982 colerent
1124 1910 1311 1974 Deum,
1335 1930 1353 1962 ι
1381 1917 1487 1982 etc.
1512 1909 1668 1977 Quali

86 1980 239 2037 nodo
259 1981 429 2036 (nonda
462 1983 697 2050 ipsorum
726 1982 934 2051 erigere
959 1980 1169 2051 possint
1207 1981 1513 2034 sacerdotes
1545 1996 1671 2050 pau-

78 2054 151 2108 :is
186 2061 396 2108 monet.
431 2052 527 2106 Est
554 2060 733 2107 autem
755 2050 945 2106 similis
969 2050 1118 2105 locus
1142 2050 1298 2105 Deut.
1329 2066 1446 2114 xm,
1480 2052 1566 2105 ubi
1591 2050 1670 2105 di-

78 2125 219 2177 ritur
249 2141 263 2176 :
303 2141 323 2173 ι
348 2122 548 2177 Tentat
582 2138 677 2177 vos
710 2120 969 2175 Dominus
999 2121 1141 2175 Deus
1178 2129 1376 2184 veSter,
1405 2129 1465 2173 ut
1490 2121 1666 2189 palam

77 2195 168 2248 fiat
212 2201 419 2263 utrum,
448 2193 683 2263 diligatis
723 2193 889 2245 Deum
932 2207 1000 2263 an
1038 2206 1168 2263 nou.
1195 2210 1213 2243 ι
1256 2190 1551 2263 Utrobique
1573 2207 1669 2245 au-

77 2280 180 2318 .em
213 2262 520 2318 ostenditur
545 2260 755 2325 Euodus,
796 2277 904 2330 quo
946 2261 1084 2315 Deus
1126 2260 1402 2315 hominem
1457 2269 1669 2316 tentare

77 2334 294 2396 licitur,
324 2342 383 2387 ut
412 2341 621 2387 tentare
655 2333 747 2387 Dei
783 2330 928 2386 aliud
966 2330 1096 2384 nihil
1126 2331 1217 2395 sit,
1251 2345 1412 2399 quam
1438 2331 1669 2400 probare

75 2403 200 2458 iide.
259 2404 414 2458 Unde
445 2402 583 2473 Aug.
619 2402 860 2457 alludens
894 2402 960 2456 ad
989 2401 1164 2473 locum
1188 2400 1373 2455 Jacobi
1402 2416 1443 2465 ι,
1477 2420 1495 2451 ι
1526 2402 1668 2473 Deus

75 2473 220 2526 enim
250 2471 556 2529 intentatur
577 2473 841 2528 malorum
872 2481 973 2534 est,
1002 2491 1022 2523 ι
1063 2471 1117 2525 id
1139 2479 1242 2535 est,
1272 2486 1377 2525 non
1403 2479 1574 2527 tentat
1598 2472 1668 2527 ad

75 2543 278 2596 malum
318 2543 652 2613 quempiam;
700 2544 815 2612 ipse
856 2541 1001 2613 enim
1044 2542 1314 2613 neminem
1354 2550 1543 2596 tentat.
1587 2542 1664 2598 De

75 2613 267 2668 Verbis
300 2611 509 2668 Domitii
538 2631 551 2666 :
582 2613 677 2668 Est
703 2611 952 2676 tentatio,
979 2611 1173 2681 inquit,
1197 2612 1455 2666 inducens
1476 2628 1667 2681 peccao

75 2694 209 2748 tum,
246 2699 351 2753 qua
383 2683 526 2737 Deus
555 2684 826 2738 neminem
863 2692 1064 2753 tentat;
1093 2691 1179 2737 est
1200 2691 1256 2737 et
1283 2683 1508 2737 tentatio
1537 2699 1665 2753 pro-

75 2754 211 2824 bans
258 2752 445 2818 tidem,
496 2769 602 2823 qua
639 2763 850 2824 tentare
885 2752 1159 2824 hominem
1215 2754 1357 2807 Deus
1392 2752 1663 2824 dignatur.

73 2822 170 2877 Cui
198 2824 393 2879 similia
420 2822 546 2878 sunt
571 2832 629 2878 et
649 2824 754 2878 alia
787 2823 901 2878 loca
927 2822 1069 2893 apud
1093 2822 1319 2893 August.
1347 2822 1507 2893 epist.
1537 2823 1660 2889 156,

73 2896 141 2947 ad
165 2894 543 2950 Constantium
587 2893 680 2949 lib.
724 2908 786 2949 ιιι
823 2894 893 2948 de
934 2892 1210 2963 peccator.
1245 2892 1455 2948 meritis
1488 2901 1544 2948 et
1584 2908 1666 2949 re-

73 2965 224 3043 miss.
248 2980 371 3043 cap.
398 2965 474 3043 ἧς
518 2972 601 3043 et;
607 2964 675 3018 de
717 2965 859 3019 bono
885 2972 1288 3043 perseverant;
1331 2977 1451 3043 cap.
1493 2963 1545 3029 6,
1572 2964 1665 3019 ubi

73 3041 277 3090 tractat
302 3034 472 3090 illud:
503 3052 523 3086 ι
561 3034 629 3089 Ει
652 3050 719 3088 ne
743 3050 843 3089 nos
884 3034 1107 3089 inducas
1135 3034 1189 3087 in
1232 3034 1606 3098 tentationem,
1638 3053 1657 3086 ι

73 3107 360 3174 quamdam
382 3105 567 3175 utilem
610 3106 976 3175 tentationem‘
993 3104 1331 3175 distinguens
1368 3106 1664 3175 secundum

71 3172 215 3244 quod
238 3176 465 3231 dicitur:
485 3174 689 3230 «Proba
704 3190 809 3240 me,
830 3172 1073 3239 Domine,
1090 3184 1145 3228 et
1166 3172 1313 3244 tenta
1337 3189 1442 3241 me,
1461 3174 1662 3230 Psalm.

71 3221 206 3312 ἶιν,
230 3265 249 3299 ι
278 3247 439 3301 aliam
468 3245 707 3311 noxiam,
738 3221 842 3315 quia
882 3221 1175 3315 secundum
1203 3221 1464 3315 Iacobum
1490 3221 1664 3315 nerui:-
1690 3221 1734 3284 Ο

71 3332 200 3371 nem
232 3318 373 3373 Deus
402 3325 596 3380 tentat,
639 3324 724 3371 est
749 3313 911 3385 uuam
960 3314 1235 3385 signiﬁcat
1279 3313 1589 3385 Apostolus.
1621 3315 1660 3370 Ι.

71 3384 320 3442 Thessal.
349 3403 409 3441 ιιι
435 3405 449 3441 :
480 3405 499 3438 ι
528 3385 606 3443 Ne
630 3384 779 3441 forte
792 3384 1084 3442 teutavcrit
1108 3400 1202 3440 vos
1225 3384 1273 3439 is
1299 3384 1392 3454 qui
1419 3392 1609 3451 tentat,
1639 3407 1658 3440 ι

71 3457 324 3512 diabolus
344 3472 551 3527 nempe.

152 3545 169 3576 ι
202 3526 483 3583 Μειιιοιειέ
509 3543 629 3584 esse
680 3526 898 3593 debent,
956 3526 1226 3597 quomodo
1276 3533 1430 3596 pater
1480 3534 1665 3597 noster

71 3615 91 3646 ι
124 3594 394 3652 Abraham
423 3606 657 3653 tentatus
682 3606 786 3662 est,
834 3607 938 3654 etc.
973 3594 1049 3653 Et
1091 3594 1288 3652 omnes
1326 3597 1418 3666 qui
1447 3594 1665 3667 placu'e-

72 3684 94 3716 ε
128 3676 254 3738 runt
296 3668 421 3731 Deo,
469 3683 567 3738 per
596 3668 792 3723 multas
823 3669 1194 3738 tribulatioues
1235 3667 1572 3738 transierunt
1602 3668 1665 3720 ti-

72 3755 94 3789 (
131 3737 295 3805 deles,
324 3758 343 3789 ι
368 3737 484 3793 etc.
506 3738 710 3794 Similis
737 3748 821 3793 est
855 3740 1004 3795 locus
1048 3739 1116 3793 ad
1136 3737 1391 3792 Timoth:
1420 3756 1438 3789 ι
1464 3737 1663 3792 Omnes

71 3809 168 3890 qui
190 3810 275 3879 pie
313 3809 789 3890 voluntjivercin
832 3809 1073 3890 Christo,
1103 3808 1536 3890 persecutionem
1568 3823 1663 3890 pa:

71 3878 291 3933 tieatur.
317 3900 336 3932 ι
371 3878 576 3935 Similis
619 3890 702 3934 est
724 3880 876 3935 locus
922 3880 1074 3935 Pauli
1106 3879 1173 3933 ad
1215 3878 1490 3941 Hebraeos,
1521 3894 1575 3932 xi
1606 3885 1664 3932 et

71 3964 152 4002 xu
178 3968 189 4002 :
220 3950 284 4004 Et
320 3950 513 4006 iterum
537 3951 796 4019 apertior,
827 3952 1171 4006 vehementer
1198 3964 1293 4004 eos
1320 3948 1661 4018 increpantes

71 4028 130 4071 et
155 4020 425 4076 dicentes:
481 4020 645 4075 Obliti
698 4022 829 4076 estis
881 4019 1286 4084 consolationis,
1340 4034 1470 4089 quae
1508 4019 1660 4073 vobis

71 4098 325 4160 tauquam
361 4090 485 4145 ﬁliis
518 4093 694 4145 locuta
722 4091 978 4147 Proverb.
1017 4105 1207 4160 nempe
1250 4106 1339 4145 m:
1366 4088 1473 4160 tiF
1480 4089 1532 4142 ili
1563 4090 1657 4160 mi,

71 4158 477 4232 noli’negligere
518 4162 856 4231 disciplinam
904 4158 1360 4232 Domini,__ineque
1396 4158 1659 4232 fatigeris,

71 4230 201 4302 dum
225 4230 374 4287 abeo
400 4230 667 4302 argueris.
689 4232 860 4299 Quem
902 4233 1046 4302 enim
1091 4230 1266 4299 diligit
1294 4230 1551 4302 Dominus
1572 4244 1662 4283 ca«

71 4300 254 4375 stigat,
286 4300 719 4375 ﬂagellatautcm
743 4317 955 4355 onlnem
998 4301 1165 4375 tilium
1196 4316 1355 4375 quem
1385 4300 1595 4375 recipit.
1634 4320 1652 4351 ι

71 4370 243 4442 ᾼίΐιειι
267 4370 442 4429 autem
488 4373 792 4442 exemplum
828 4373 1144 4426 tentationis
1185 4371 1437 4437 Abrahze,
1482 4370 1655 4435 Isaac,

71 4440 256 4514 {apol},
295 4453 349 4498 et
390 4444 579 4514 Moysi.
608 4440 869 4497 Teutalus
889 4451 987 4514 est
1012 4442 1164 4514 enim_
1194 4442 1465 4494 Abraham
1494 4455 1659 4514 super

71 4510 188 4565 tilio
210 4511 376 4585 Isaac,
401 4509 565 4585 super
594 4515 676 4568 sui
717 4513 1085 4585 immolatione
1113 4511 1262 4585 _G_en.
1290 4527 1419 4585 μίξει
1444 4528 1457 4576 ;
1488 4509 1657 4564 Iacob

1781 577 2016 652 esitialis
2044 579 2302 652 quaedam
2321 578 2411 632 Dei
2444 580 2702 652 potci'itia,
2733 591 2788 635 et
2806 580 2976 635 virtus
3004 592 3222 652 peccata
3250 585 3366 638 vin-

1781 646 1967 723 dicans
1996 647 2338 716 intelligenda
2364 649 2506 723 venit
2530 666 2544 713 ;
2575 649 2641 723 de
2670 651 2955 723 posteriori
2996 646 3175 723 alitem
3205 655 3365 723 puni-

1780 717 1926 788 tione
1963 731 2061 785 per
2086 726 2360 787 serpentes
2391 718 2586 788 ignitos
2612 717 2761 776 locus
2789 730 2871 775 est
2918 722 3086 776 Exodi
3119 717 3234 788 xxi,
3274 723 3367 779 ubi

1778 786 1884 841 late
1916 786 2198 841 tractatur.

1854 875 1872 907 ι
1904 857 2093 932 Etnos
2120 872 2247 927 ergo
2290 872 2398 912 non
2448 857 2777 932 ulciscamur
2823 875 2921 915 nos
2971 876 3071 931 pro
3112 862 3200 918 bis
3245 877 3368 932 qua:

1782 945 1803 976 ι
1831 929 2088 1002 patimur,
2121 946 2141 1002 ι
2172 937 2303 1002 et_c.,
2348 930 2711 997 retorquendo
2754 945 2945 1002 nempe
2973 929 3196 1000 “pcenas,
3230 929 3368 1002 quas

1776 998 2106 1052 sustinemus
2128 997 2382 1068 inADeumA
2427 1006 2482 1053 et
2526 997 2913 1054 murmurando
2940 997 3128 1056 contra
3172 997 3365 1068 Deum,

1776 1068 1881 1122 nisi
1902 1068 2146 1122 dicamus
2174 1066 2606 1142 fuis_se_l_‘ortassis
2627 1078 2790 1142 tanta:
2814 1070 3031 1142 malitia:
3060 1066 3364 1142 quospiam,

1776 1146 1839 1191 ut
1865 1146 2117 1209 tanquam
2140 1138 2469 1209 exvindicta
2504 1140 2736 1207 quadam
2764 1153 2831 1193 ex
2874 1138 3215 1209 impatientia
3239 1158 3368 1198 con-

1775 1214 1856 1280 tra
1891 1208 2056 1280 Deum
2089 1208 2226 1262 tradi
2264 1208 2535 1280 noluerint
2576 1209 2851 1280 civitatem
2890 1208 3166 1280 Bethuliae,
3213 1213 3368 1280 quasi

1778 1277 1832 1350 in
1858 1277 2337 1350 ultionemucontra
2360 1278 2646 1350 Deum._eo
2688 1279 2831 1350 quod
2863 1279 3092 1333 multum
3139 1277 3365 1350 periculi

1776 1347 2081 1420 immineret
2125 1348 2217 1420 [ιρι
2252 1348 2424 1403 cultui
2472 1348 2528 1403 in
2559 1347 2896 1406 Hierusalem
2934 1350 3038 1405 hac
3061 1347 3219 1420 capta
3241 1352 3371 1407 civi-

1778 1426 1887 1473 tate
1908 1419 1977 1472 ab
2007 1417 2271 1472 hostibus.

1849 1507 1873 1562 ι
1897 1487 2005 1562 Sed
2033 1497 2348 1557 reputantes
2375 1489 2616 1562 peccatis
2636 1491 2838 1546 nostris
2862 1490 2980 1545 haec
2999 1490 3367 1562 ipsarsuppli-

1780 1576 1809 1631 ι
1827 1558 1925 1631 cia_
1934 1559 2142 1631 minora
2163 1573 2304 1613 esse.
2330 1579 2349 1610 ι
2383 1558 2589 1614 Alludit
2626 1575 2849 1631 prorsus
2877 1562 2943 1615 ad
2976 1558 3105 1615 illud
3132 1558 3363 1631 Sapien—

1773 1629 1866 1693 tis,
1894 1628 2151 1685 Proverb.
2192 1644 2251 1682 ιιι
2282 1644 2444 1698 supra
2472 1628 2717 1685 citatum.
2757 1630 2855 1685 Est
2881 1639 3061 1686 autem
3091 1628 3367 1686 simillima

1773 1699 1931 1769 plane
1960 1708 2014 1754 et
2033 1698 2272 1823 pulchra
2296 1700 2605 1779 eithortatio
2632 1700 3152 1783 diviChrysostomi,
3176 1701 3363 1781 homil.

1774 1771 1842 1823 ad
1873 1785 1996 1823 non.
2084 1769 2283 1823 nttoch.
2316 1769 2392 1823 Ne
2420 1770 2698 1823 cadamus.
2732 1780 2927 1823 mouit.
2975 1788 3029 1823 ιιι
3063 1770 3363 1823 tribulatio-

1774 1768 1842 1841 ad
1873 1785 1996 1840 pop.
2033 1768 2283 1841 Antioch.
2306 1769 2392 1841 ~Ne
2420 1770 2698 1832 cadamus.
2732 1768 2927 1841 inquit,
2975 1772 3029 1825 in
3063 1770 3369 1841 tribulatio-

1706 1867 1747 1926 Β
1776 1839 1956 1926 nibus,
1965 1840 2070 1926 sed
2089 1841 2143 1895 in
2174 1839 2676 1926 omnibusagamus
2690 1839 2911 1923 gratias,
2943 1848 3004 1895 ut
3030 1840 3368 1926 aliquidma-

1773 1913 1863 1979 gni
1893 1910 2188 1976 lucremur,
2216 1918 2276 1964 ut
2296 1910 2436 1979 apud
2461 1910 2627 1965 Deum
2663 1910 3004 1980 inveniamur
3029 1910 3367 1980 prebabiles,

1768 1981 1861 2050 qui
1890 1980 2264 2036 tribulationes
2304 1981 2592 2051 permittit.
2639 1980 2885 2051 Ipsorum
2923 1979 3134 2051 lucrum
3163 1980 3367 2036 Paulus

1768 2049 1918 2105 novit
1945 2049 2327 2132 inpeccaput,
2349 2050 2495 2132 loco
2527 2049 2711 2115 citato,
2745 2051 2877 2132 dicit
2905 2051 2973 2106 ad
3011 2049 3245 2132 Doman.
3272 2066 3369 2107 oo—

1770 2133 1913 2176 tavo.
1945 2120 2244 2177 Tribulatio
2273 2121 2588 2190 patientiam
2628 2128 2903 2191 Operatur,
2934 2120 3195 2191 patientia
3231 2136 3364 2177 vero

1768 2192 2164 2261 probationem,
2209 2190 2455 2261 probatio
2486 2190 2681 2245 autcm’
2713 2206 2883 2260 spem,
2930 2190 3053 2261 spes
3095 2206 3228 2247 vero
3254 2207 3365 2248 non

1766 2260 2133 2317 Contunditur.
2164 2261 2363 2316 Alludit
2389 2269 2572 2317 autem
2615 2261 2669 2315 in
2697 2260 2803 2317 ﬁne
2839 2260 3061 2317 suorum
3090 2261 3363 2317 dictorum

1766 2333 1930 2387 etiam
1974 2333 2043 2387 ad
2090 2332 2237 2396 illud,
2278 2331 2419 2387 Deus
2464 2348 2571 2386 non
2619 2331 2734 2387 vult
2778 2340 3008 2387 mortem
3036 2332 3363 2403 peccatoris,

1768 2403 1862 2458 sed
1888 2410 1948 2455 ut
1974 2409 2325 2457 convertatur
2352 2409 2408 2455 et
2436 2402 2603 2457 vivat.

1848 2490 1867 2523 ι
1895 2473 1965 2527 Ει
1990 2473 2243 2527 dixerunt
2285 2472 2362 2526 illi
2408 2470 2568 2543 Ozias
2614 2479 2669 2525 et
2709 2470 3032 2543 presbyteri,
3068 2479 3174 2543 etc.
3208 2470 3365 2543 Nune

1779 2560 1798 2593 ι
1828 2558 1957 2614 ergo
1981 2558 2078 2614 ora
2100 2558 2198 2612 pro
2226 2543 2383 2614 nobis
2424 2541 2735 2614 Dominum,
2767 2560 2787 2595 ι
2819 2541 2923 2597 etc.
2957 2542 3185 2614 Ponitur
3225 2541 3361 2614 atl‘e-

1744 2612 2182 2684 rctus'gratiosus
2209 2613 2471 2684 orationis
2496 2612 2705 2684 Judith,
2746 2628 2908 2682 quam
2944 2612 3008 2667 ad
3033 2626 3127 2667 eos
3151 2612 3360 2677 habuit,

1766 2682 1839 2737 ita
1865 2682 2150 2765 utipsam,
2177 2691 2237 2736 ut
2257 2698 2353 2765 pro
2378 2683 2459 2765 eis
2486 2694 2624 2765 oret,
2655 2683 3018 2765 deprecentur
3040 2697 3062 2762 ;'
3096 2698 3363 2765 concepe-

1766 2762 1891 2808 rant
1936 2752 2081 2809 enim
2110 2760 2224 2807 tum
2257 2752 2321 2807 in
2364 2753 2495 2818 vita,
2543 2762 2656 2809 tum
2682 2767 2750 2807 ex
2798 2753 2978 2808 verbis
3017 2752 3133 2821 ejus
3161 2753 3364 2808 sanctis
3412 2776 3417 2783 ι

1765 2823 1998 2895 gratiam
2025 2823 2120 2878 Dei
2148 2823 2205 2895 iu
2230 2838 2294 2878 ea
2317 2838 2456 2895 esse.
2487 2823 2916 2895 ldeo_respondit
2941 2821 3165 2895 Juditb‘:

1842 2913 1860 2946 ι
1890 2893 2046 2949 Sicut
2068 2893 2209 2964 quod
2232 2894 2381 2964 potui
2424 2893 2569 2964 loqui
2606 2893 2699 2947 Dei
2728 2891 2861 2964 esse
2898 2891 3241 2963 cognoscitis,
3287 2892 3363 2946 ita

1770 2980 1791 3015 ι
1818 2965 1961 3033 quod
2006 2963 2189 3020 facere
2234 2963 2747 3033 disposui’prohate
2793 2963 2837 3018 si
2885 2976 2952 3016 ex
3002 2964 3112 3018 Deo
3160 2971 3259 3028 est,
3305 2971 3364 3016 et

1772 3052 1791 3085 ι
1820 3032 1995 3099 orate,
2026 3054 2045 3088 ι
2091 3043 2197 3104 etc.
2231 3032 2348 3088 Non
2396 3032 2540 3104 quod
2568 3033 2696 3088 velit
2747 3048 2842 3104 eos
2870 3033 3031 3104 anxie
3076 3033 3355 3104 inquirere

1766 3105 1909 3174 quod
1936 3113 2122 3175 postea
2154 3102 2365 3158 factura
2388 3101 2491 3171 est,
2534 3120 2663 3175 nam
2692 3103 2833 3159 infra
2874 3102 3025 3175 dicit,
3056 3121 3075 3154 ι
3106 3101 3358 3175 Noloac-

1768 3171 1881 3230 tum
1908 3171 2087 3230 meum
2116 3175 2455 3240 scmtemini,
2483 3195 2502 3227 ι
2530 3175 2625 3230 sed
2653 3174 2794 3229 idem
2822 3188 2886 3228 ac
2907 3173 2954 3227 si
2984 3174 3128 3228 dicat
3152 3191 3166 3226 :
3205 3171 3364 3227 Sicut

1763 3246 1908 3316 quod
1932 3245 2106 3316 locuta
2135 3260 2253 3300 sum
2283 3245 2377 3299 Dei
2403 3259 2527 3316 esse
2548 3243 2896 3316 cognoscitis,
2941 3243 3363 3316 _si_c_exspe_ctat_e

1765 3311 2020 3374 eventum
2052 3314 2312 3379 futurum,
2356 3323 2412 3369 et
2446 3311 2697 3370 videbitis
2726 3313 2871 3385 quod
2900 3314 3000 3385 ubi,
3020 3311 3362 3385 factal‘uerit

1799 3387 1943 3456 Opuli
1968 3385 2233 3458 liberatio,
2284 3399 2351 3458 es
2366 3386 2489 3458 Deo
2537 3398 2657 3458 esse
2698 3382 3134 3458 quod___cogit_avi_
3159 3383 3357 3458 facere.

1788 3452 1858 3512 Est
1890 3456 2105 3511 interim
2124 3456 2300 3511 etiam
2325 3455 2414 3510 hic
2440 3456 2678 3511 notanda
2703 3452 2981 3509 humilitas
3014 3453 3222 3518 Judith,
3252 3466 3359 3521 qua

1764 3542 1871 3582 non
1901 3526 2005 3582 sibi
2044 3526 2165 3591 soli,
2212 3540 2312 3580 nec
2359 3526 2715 3589 orationibus,
2746 3532 2800 3580 et
2838 3522 3047 3594 jejunio
3075 3524 3187 3579 suis
3230 3521 3361 3594 solis

1763 3597 1989 3663 conlisa,
2040 3598 2133 3653 sed
2172 3598 2338 3652 etiam
2380 3595 2683 3651 orationem
2732 3592 2916 3665 prose
2949 3594 3063 3649 ﬁeri
3094 3592 3356 3665 postulet.
3386 3610 3399 3617 ί

1763 3676 1877 3722 tum
1908 3684 1938 3721 a
1985 3666 2374 3731 sacerdotibus,
2418 3673 2529 3720 tum
2574 3682 2604 3720 a
2646 3663 2885 3735 populo;
2936 3663 3178 3719 unde'et
3210 3663 3359 3735 sub-

1754 3738 1963 3808 jungit:
1992 3756 2010 3789 ι
2059 3737 2203 3794 Nihil
2233 3737 2375 3808 aliud
2410 3736 2505 3790 tiat
2533 3733 2662 3808 nisi
2687 3733 2874 3808 oratio
2887 3749 2987 3808 pro
3011 3750 3108 3808 me
3153 3734 3221 3788 ad
3249 3733 3360 3787 Do-

1762 3806 1991 3873 minum,
2017 3829 2034 3861 ι
2070 3819 2178 3864 etc.
2206 3807 2358 3863 Unde
2382 3815 2440 3861 et
2469 3806 2775 3861 valedieens
2821 3806 2897 3860 illi
2940 3806 3193 3875 princeps
3234 3818 3359 3858 cum

1760 3878 2154 3944 sacerdotibus,
2182 3896 2200 3929 ι
2256 3877 2656 3947 Vade,inquit,
2700 3878 2751 3930 in
2796 3891 2959 3947 pace,
3002 3876 3263 3947 Dominus
3290 3875 3361 3927 sit

1762 3958 1964 4014 tecum,
1992 3969 2011 4002 ι
2047 3960 2150 4006 etc.
2183 3963 2289 4016 ;ac
2314 3947 2361 4001 si
2400 3944 2588 4003 dicat:
2638 3944 2811 4001 Prout
2858 3946 3062 4016 petisti,
3108 3944 3361 3999 nolumus

1760 4018 1994 4090 amplius
2026 4032 2208 4075 actum
2253 4026 2404 4072 tuum
2427 4018 2658 4090 scrutari
2684 4026 2788 4090 ;7tu
2817 4016 2961 4086 quod
2985 4016 3184 4070 bonum
3212 4016 3361 4069 vide-

1761 4086 1926 4155 bitur,
1954 4099 2011 4145 et
2038 4090 2358 4161 inspiratam
2387 4103 2418 4143 a
2447 4089 2557 4144 Deo
2586 4086 2772 4155 fuerit,
2800 4101 3117 4158 exsequere.

2385 4198 2615 4256 CAPUT
2655 4197 2746 4253 IX.

1758 4272 1945 4327 Iudith
1982 4272 2273 4324 oratorium
2305 4271 2567 4339 ingressa,
2603 4268 2775 4322 cilicio
2814 4268 2998 4339 induta
3031 4277 3080 4321 et
3106 4275 3262 4336 caput
3288 4266 3359 4319 ci-

1830 4358 1950 4424 ucre
1972 4356 2271 4411 conspersa,
2303 4337 2469 4393 Deum
2493 4347 2607 4394 orat
2628 4354 2722 4409 pro
2748 4337 2941 4409 populo
2967 4353 3062 4391 suo
3084 4345 3352 4406 prostrata

1838 4421 1893 4466 in
1926 4421 2145 4465 terram.

1837 4524 1856 4555 ι
1890 4502 2095 4571 Quibus
2122 4501 2555 4564 abscedentibus,
2584 4499 2771 4571 Iudith
2802 4499 3153 4571 ingressauest
3178 4504 3358 4571 orato-

71 4596 235 4650 snper
257 4566 377 4656 fuga
402 4566 799 4656 persecutionis
835 4584 1019 4656 fratris
1045 4583 1128 4637 sui
1160 4571 1317 4656 Esau,
1345 4566 1484 4656 Gen.
1507 4596 1655 4635 xxvii
1683 4575 1736 4634 D
1765 4594 1785 4656 ε
1823 4566 1963 4629 rium
1983 4589 2166 4656 suum,
2196 4571 2590 4656 etinduens‘sc
2619 4566 3358 4656 cilico,mi;etc..t3uurl‘lolot

71 4662 130 4727 et
154 4652 349 4721 xxvm‘;
380 4652 589 4727 Moyses
617 4663 795 4727 autem
824 4654 913 4708 ubi
940 4661 1175 4708 tentatus
1220 4652 1402 4716 fuerit,
1437 4667 1542 4705 non
1570 4660 1657 4705 at-

73 4724 281 4792 tingunt
318 4724 734 4791 commentarii;
765 4725 993 4779 fortasse
1039 4733 1217 4778 tamen
1249 4732 1393 4777 recte
1424 4729 1658 4776 tentatus

72 4794 297 4866 dicetur,
349 4797 562 4865 quando
613 4797 714 4866 ipsi
767 4797 819 4849 in
873 4796 1011 4866 rubo
1054 4808 1340 4866 apparens,
1379 4794 1480 4847 tria
1511 4793 1658 4847 dedit

74 4864 226 4930 signa
253 4864 444 4935 quibus
473 4864 741 4937 populum,
759 4864 1015 4937 lsrae|_ad
1037 4865 1366 4937 credendum
1390 4870 1652 4937 moveret,

75 4945 127 4985 et
162 4932 328 4990 tamen
376 4932 490 5006 ipse
515 4932 829 5007 respondit:
866 4954 885 4985 ι
928 4934 1173 5007 Domine,
1209 4949 1318 4988 non
1348 4934 1523 4988 solum
1550 4932 1662 4987 elo-

73 5021 242 5074 quens
267 5008 331 5061 ab
363 5008 519 5062 hodie
538 5017 593 5061 et
608 5006 811 5060 nudius
841 5006 1050 5067 tertius,
1083 5025 1101 5056 ι
1126 5014 1232 5059 etc.

157 5095 172 5124 ι
208 5077 281 5131 Illi
324 5088 527 5142 autem,
566 5077 658 5148 qui
711 5076 1038 5131 tentationes
1086 5090 1214 5148 suas
1253 5088 1360 5129 non
1408 5088 1665 5148 suscepe-

81 5165 100 5196 ι
152 5148 250 5201 rint
277 5164 394 5202 cum
427 5143 619 5202 timore
642 5147 874 5212 Domini,
908 5165 927 5198 ι
972 5154 1081 5200 etc.
1115 5144 1267 5199 Sicut
1289 5143 1536 5213 exemplo
1565 5148 1662 5195 bo-

78 5229 262 5271 norum
300 5219 594 5283 admoneri,
640 5218 712 5270 ita
751 5218 1015 5270 malorum
1048 5215 1296 5285 exemplo
1321 5215 1512 5285 terreri
1552 5213 1663 5266 vult

77 5289 339 5355 populum,
368 5288 556 5342 alludit
597 5296 776 5341 autem
823 5288 893 5340 ad
938 5286 1088 5351 illud,
1132 5284 1291 5340 Num.
1327 5300 1387 5349 ιι,
1419 5284 1508 5355 ubi
1531 5299 1662 5355 pro-

80 5354 197 5426 pter
222 5373 458 5413 murmur
493 5357 674 5426 populi
722 5358 899 5411 adhuc
942 5355 1200 5411 carnibus
1227 5354 1584 5426 existentibus
1605 5354 1661 5408 in

82 5424 319 5483 dentibus
338 5424 526 5484 eorum
557 5424 708 5481 furor
735 5427 944 5480 Domini
970 5427 1270 5480 concitatus
1295 5427 1348 5483 in
1378 5424 1651 5496 populum,

83 5500 337 5566 percussit
365 5513 487 5554 eum
516 5498 671 5568 plaga
698 5513 890 5568 magna
927 5498 1108 5561 nimis,
1142 5507 1234 5550 aut
1266 5498 1333 5550 ad
1372 5510 1491 5568 cap.
1538 5510 1651 5559 xrv,

86 5568 173 5622 ubi
201 5569 364 5639 agitur
392 5570 458 5625 de
495 5567 757 5623 seditione
795 5567 852 5621 et
898 5582 1174 5622 murmure
1201 5568 1268 5639 ad
1299 5567 1529 5621 reditum
1554 5580 1653 5639 es:

80 5634 395 5710 ploraton
435 5641 492 5710 in
520 5649 662 5693 terra
698 5639 975 5710 Chanaan,
1021 5646 1113 5690 aut
1142 5637 1221 5710 ad
1249 5652 1370 5710 cap.
1402 5652 1537 5710 χιιι,
1564 5634 1654 5689 ubi

82 5706 151 5764 {le
176 5709 425 5764 seditione
472 5709 682 5763 Dathan
729 5715 784 5761 et
834 5706 1039 5761 Abiron
1070 5708 1267 5774 agitur.
1321 5707 1387 5759 Et
1416 5706 1515 5769 sic,
1547 5715 1656 5759 tam

84 5779 171 5833 hic
199 5794 349 5848 quam
378 5780 395 5833 Ι
426 5778 550 5834 Cor.
583 5794 634 5841 χ,
668 5778 756 5831 ubi
778 5777 1027 5831 similiter
1055 5777 1289 5848 dicitur:
1326 5796 1343 5826 ι
1380 5776 1456 5848 Et
1475 5776 1653 5845 perie-

85 5846 294 5904 runt—ab
314 5850 734 5906 cxterminatore
758 5864 772 5913 ;
800 5868 818 5898 ι
846 5846 1286 5902 exterminatoris
1319 5847 1535 5902 nomine
1565 5853 1658 5900 aut

475 5940 751 6003 PATROL.
800 5936 963 6001 CIX.

1760 4646 1941 4701 fernes
1982 4644 2070 4715 ille
2096 4643 2294 4715 (inquit
2328 4642 2762 4715 Augustaserm.
2808 4638 2935 4705 228,
2987 4640 3051 4694 (lc
3089 4639 3355 4706 tempore)

1761 4716 1992 4788 ﬁliorum
2010 4712 2215 4788 lsrael,
2260 4713 2342 4788 sui
2386 4712 2536 4785 exitii
2569 4712 2859 4788 inimicus,“
2887 4717 3195 4788 exterarum
3214 4722 3355 4788 geu-

1763 4788 1893 4842 tium
1921 4786 2022 4840 sibi
2045 4784 2135 4853 jus
2159 4779 2479 4847 vindicaret,
2508 4792 2669 4853 atque
2690 4781 2994 4853 obsidione,
3019 4779 3185 4833 armis
3214 4779 3354 4853 igni-

1766 4859 1976 4926 busque
2032 4849 2315 4926 pugnaret,
2366 4868 2468 4926 nec
2516 4849 2622 4907 non
2667 4862 2722 4907 et
2766 4851 3057 4926 multarum
3110 4849 3351 4919 gentium

1768 4919 2213 4999 caniposgcanis
2249 4925 2513 4979 messibus
2561 4931 2843 4999 oneratos,
2893 4920 2946 4973 in
2994 4919 3232 4999 cinerem
3264 4930 3357 4984 pa-

1771 4989 1958 5053 scen'te
1992 4989 2210 5050 ﬂamma
2240 5002 2606 5059 converteret,
2644 4992 2828 5047 Judith
2856 4989 3218 5049 sanctissima,
3258 5000 3357 5038 cu-

1764 5068 1858 5138 jus
1890 5066 2139 5138 precibus
2156 5065 2334 5138 patuit
2360 5064 2579 5128 cmlum,
2611 5060 2875 5138 orationis
2909 5068 3034 5112 ante
3063 5070 3212 5111 arma
3235 5069 3361 5138 sus-

1769 5132 1988 5202 citavit,
2033 5132 2229 5206 quibus
2269 5135 2495 5206 adversa
2525 5132 2874 5206 conﬂigeret,
2913 5138 2969 5183 et
2991 5133 3354 5206 pavescentes

1767 5210 1914 5264 viros
1944 5193 2145 5263 l'émina
2172 5204 2569 5269 vindicaretur;
2612 5193 2719 5257 non
2746 5193 2892 5256 enim
2919 5193 3247 5277 suil‘eceruut
3276 5193 3351 5277 illi

1766 5294 1957 5349 preces
1994 5277 2222 5331 aliorum
2262 5282 2471 5329 tantum
2511 5281 2775 5349 quotquot
2811 5269 3068 5349 _erant_iu
3110 5269 3351 5349 civitate,

1766 5336 1870 5404 nisi
1902 5359 1956 5403 et
2001 5349 2117 5416 ipsa
2159 5362 2217 5401 se
2264 5336 2546 5417 quantum?
2570 5336 2765 5417 potuit,
2811 5339 3118 5417 humilians
3146 5336 3351 5417 eisdem

1766 5435 1988 5489 operam
2019 5408 2544 5489 daret,sciensillud
2571 5408 2715 5489 Eccl.
2733 5426 2909 5489 uxxva
2931 5430 2948 5460 ι
2972 5408 3158 5489 Oratio
3178 5408 3354 5487 humi-

1762 5478 1945 5544 liantis
1973 5504 2031 5543 se
2055 5478 2298 5558 penetrat
2326 5488 2515 5539 nubes.
2554 5503 2571 5535 ι
2606 5483 2795 5540 Cilicio
2821 5490 3002 5536 autem
3032 5478 3231 5558 dicitur
3263 5478 3346 5558 in-

1762 5563 1890 5617 duta
1923 5545 2085 5613 etiam
2117 5556 2392 5619 exterius;
2426 5569 2551 5628 nam
2582 5561 2642 5628 ut
2668 5568 2831 5624 supra
2854 5550 3089 5628 praeced.
3120 5561 3241 5628 cap.
3269 5545 3349 5598 di-

1764 5641 1910 5687 ctum
1940 5637 2044 5693 est,
2071 5628 2279 5682 habens
2294 5638 2456 5693 super
2479 5623 2691 5680 lumbos
2710 5622 2839 5679 suos
2858 5622 3118 5684 icilicium,
3138 5622 3348 5686 jejuna-

1764 5703 1858 5757 bat
1884 5699 2137 5755 omnibus
2168 5695 2358 5750 diebus
2383 5695 2507 5750 vita:
2538 5710 2667 5750 suae.
2983 5761 3003 5765 _
3194 5756 3226 5765 μ
3261 5752 3316 5765 η,

1841 5752 1858 5820 ζ
1893 5752 2121 5823 Domine
2151 5766 2295 5820 Deus
2320 5766 2491 5834 patris
2521 5767 2626 5820 mei
2656 5764 2899 5821 Simeon.
2935 5781 2953 5813 ι
2983 5756 3235 5834 lntelligit
3260 5752 3318 5834 Si
3343 5782 3349 5792 -

1766 5853 2012 5897 meonem
2035 5825 2432 5908 patriarcham;
2461 5836 2599 5892 unde
2619 5845 2673 5893 et
2693 5849 2860 5905 supra
2880 5847 2999 5902 cap.
3017 5825 3341 5900 prwcedent.

2866 5923 2945 5983 20
