3882 6492
165 443 294 500 6'2!

967 439 1058 495 AD
1097 437 1598 496 EXPOSITIONEM
1640 436 1708 492 IN
1745 435 2004 493 LIBRUM
2041 435 2282 494 JUDITII
2320 436 2688 493 APPENDIX.

3345 443 3449 497 6:22

166 554 353 611 caede
399 553 774 624 Holopbernis.
825 553 1058 609 Causam
1105 559 1284 606 autem
1337 565 1446 605 suae
1499 550 1774 621 petitionis
1800 556 1850 614 Α
1879 549 2182 624 [ῖοβὶεείιηίε
2233 549 2524 614 intextum,
2558 551 2738 624 _vu_lgo
2760 552 3113 624 Abracoicllcn
3168 570 3444 612 vocamus.

171 624 422 687 subdit,
443 625 631 680 dicens
662 641 676 678 :

269 713 292 744 ι
320 693 441 748 Erit
459 694 603 749 enim
634 694 736 748 hoc
761 691 1073 747 memoriale
1103 690 1335 745 nominis
1371 689 1468 755 tui,
1500 710 1517 743 ι
1545 699 1649 745 etc.
1697 689 1776 745 Ac

168 766 230 820 si
286 764 462 827 dicat,
509 778 633 818 cum
661 779 759 833 per
807 761 1058 817 feminam
1107 761 1566 833 istud__patratum
1613 759 1777 814 fuerit

166 850 344 904 opus
385 829 806 904 tam__mirabile,
841 840 896 886 et
919 846 1078 904 se;th
1125 829 1328 904 fragilis
1362 838 1569 884 tantum
1611 844 1776 904 ausus

173 899 390 967 fuerit,
444 902 543 957 soli
571 902 664 956 tibi
692 903 800 956 Deo
830 901 1128 956 ascribetur
1155 899 1322 968 gleria
1343 939 1357 962 ,
1407 915 1507 954 nec
1546 899 1688 953 enim
1722 899 1774 952 in

177 973 550 1028 multitudine
576 980 662 1027 est
681 971 854 1026 virtus
881 980 972 1025 tua
992 971 1117 1036 sita,
1139 985 1264 1025 eum
1292 969 1408 1025 solo
1444 969 1621 1038 possis
1643 978 1801 1034 nutu_

171 1047 544 1100 subvertere.

273 1133 296 1162 ι
318 1111 449 1168 -Nec
492 1109 708 1181 superbi
746 1110 814 1164 ab
840 1110 992 1164 initio
1026 1109 1347 1181 placuerunt
1388 1107 1482 1181 tibi
1503 1107 1645 1181 ,sed
1679 1107 1778 1161 hu-

181 1200 212 1234 c
243 1183 468 1238 milium
496 1177 984 1235 et'mansuetorum
1013 1177 1225 1249 semper
1251 1179 1343 1233 tibi
1367 1179 1565 1248 placuit
1587 1177 1778 1249 depreg

179 1271 212 1303 e
247 1253 427 1314 catiu,
459 1271 477 1304 ι
517 1262 622 1305 etc.
673 1251 907 1305 Rursum
956 1248 1260 1314 superbiam
1320 1249 1549 1303 hostium
1601 1255 1654 1301 et
1696 1248 1776 1302 sui

177 1323 411 1394 populi,
455 1335 715 1394 suamque
737 1321 992 1394 prtedicat
1024 1317 1400 1394 humilitatem,
1427 1319 1604 1394 sciens
1636 1317 1778 1386 quod

183 1389 354 1448 De‘us
399 1389 646 1462 superbis
679 1391 916 1462 resistat,
962 1389 1252 1462 humilibus
1301 1397 1480 1442 autem
1519 1389 1612 1462 dat
1650 1403 1778 1458 gra-

181 1463 361 1540 _tiam.
385 1457 655 1540 In};ch
691 1460 908 1540 interim
935 1461 1120 1540 codice
1141 1457 1449 1540 plurasmit
1469 1459 1632 1540 verba
1661 1457 1776 1540 ipa:

177 1531 379 1600 iorem
409 1531 656 1600 affectum
699 1529 1074 1600 exprimentia,
1117 1526 1196 1584 sic
1231 1527 1647 1600 enimﬁlegitur;
1673 1526 1780 1600 _Sed

181 1595 491 1658 humilium
529 1615 589 1655 es
619 1595 878 1656 Dominus
903 1608 958 1655 et
984 1601 1301 1654 miserorum
1331 1595 1562 1667 adjut'or,
1598 1595 1781 1651 defen-

182 1688 294 1729 sor
337 1671 736 1740 impotentium,
776 1670 1177 1740 desperantium
1219 1678 1512 1738 protector,
1561 1682 1655 1740 spe
1685 1683 1778 1721 ca-

185 1739 446 1798 rentium
494 1739 750 1796 salvator.
779 1759 799 1792 ι
855 1739 1194 1796 Concludens
1247 1748 1427 1794 autem
1481 1739 1778 1793 orationem

181 1827 362 1867 suam
397 1829 411 1865 ε
433 1853 436 1856 -

277 1901 297 1934 σ
338 1879 852 1971 asseram",
883 1879 1128 1971 90mins
1163 1878 1593 1971 serratim:
1624 1896 1641 1930 ³
1668 1887 1776 1971 εὶς-
1810 1912 1856 1971 Β

187 1952 279 2008 Ac
306 1953 356 2007 si
382 1951 526 2006 dicat
553 1969 568 2004 :
599 1950 658 2006 Si
687 1949 832 2006 tuam
883 1951 1022 2004 hanc
1055 1949 1481 2004 misericordiam
1527 1964 1634 2004 non
1668 1963 1783 2002 me-

191 2030 432 2077 reantur
467 2030 651 2076 nostra
688 2021 880 2075 merita
925 2027 1020 2074 aut
1048 2019 1322 2074 humilitas
1364 2027 1568 2084 nostra,
1603 2035 1787 2074 recor-

187 2093 340 2146 dare
366 2091 744 2162 promissionis
774 2090 888 2160 jam
931 2091 1062 2162 olim
1101 2089 1296 2162 factm,
1326 2091 1450 2162 etsi
1481 2090 1784 2162 nobis_non

192 2159 409 2232 parcis,
453 2177 645 2232 parcas
669 2159 858 2216 saltem
899 2160 1066 2216 cultui
1096 2161 1330 2232 nominis
1356 2161 1459 2232 tui,
1488 2169 1542 2214 et
1583 2159 1786 2216 efﬁcias

193 2230 274 2289 ite
295 2230 704 2302 blasphemetur
731 2245 928 2286 nomen
962 2240 1112 2284 tuum
1146 2230 1198 2284 in
1225 2230 1494 2303 gentibus.

830 2321 1058 2379 CAPUT
1093 2321 1164 2376 Χ.

193 2413 396 2469 Iudith
415 2414 730 2470 ornamentis
771 2423 998 2483 compta,
1028 2413 1207 2467 urbem
1245 2411 1508 2483 eqreditur
1534 2429 1650 2466 cum
1693 2431 1790 2468 an-

273 2485 426 2555 cilla,
477 2501 596 2555 qua:
630 2485 694 2538 ab
739 2484 1155 2555 exploratoribus
1186 2493 1402 2548 retenta,
1458 2483 1670 2537 ducitur
1719 2484 1788 2538 ad

279 2554 692 2625 Holophemem.

284 2665 304 2695 ι
343 2643 569 2698 Factum
615 2653 700 2699 est
735 2652 916 2699 autem
961 2658 1086 2698 cum
1126 2651 1396 2699 cessasset
1438 2643 1674 2699 clamare
1722 2643 1792 2699 ad

209 2733 232 2766 ι
263 2715 575 2796 Dominum,
592 2715 840 2796 'surrexit
885 2713 953 2768 de
984 2713 1103 2769 loco
1123 2714 1222 2796 ,λη
1259 2729 1366 2783 quo
1395 2713 1643 2796 jacuerat
1669 2731 1790 2796 pro-

208 2805 232 2838 ε
268 2793 439 2840 strata
481 2785 548 2838 ad
591 2784 898 2845 Dominum,
936 2803 954 2837 ι
990 2793 1095 2838 etc.
1147 2785 1436 2853 Postquam
1484 2784 1710 2838 munivit
1735 2799 1794 2841 se

209 2854 387 2910 armis
412 2853 700 2920 orationis,
732 2855 919 2924 incipit
945 2869 1004 2908 se
1033 2869 1338 2925 praeparare
1385 2855 1451 2910 ad
1494 2856 1796 2910 exsecutio-

209 2940 339 2980 nem
377 2940 566 2995 eorum
599 2940 721 2994 qua:
754 2932 1140 2995 proposuerat,
1182 2933 1482 2994 vocataque
1517 2925 1649 2979 abra
1676 2941 1793 2992 sua,

211 2997 268 3050 id
295 3003 382 3050 est
428 2994 646 3064 juniore
694 2994 944 3050 ancillula
974 2995 1219 3065 (idenim
1259 2995 1569 3064 significare
1613 2995 1798 3050 dicunt

209 3065 478 3138 Craacam
511 3080 700 3138 vocem
748 3066 866 3138 ejus
913 3065 1106 3134 lingua:
1149 3065 1727 3138 periti),desccndens
1757 3080 1797 3138 7e

211 3135 504 3206 superiori,
553 3136 700 3206 quod
727 3135 830 3191 sibi
860 3143 1086 3206 amorte
1136 3135 1241 3190 viri
1283 3135 1598 3200 aediﬁcarat,
1646 3137 1798 3190 cubi-

214 3205 368 3271 culo,
397 3206 549 3260 exuit
573 3205 650 3261 se
678 3206 733 3260 in
782 3206 972 3277 primis
1015 3205 1193 3262 cilicio
1241 3214 1295 3262 et
1338 3207 1578 3262 vestibus
1623 3206 1796 3261 vidui-

215 3277 370 3332 tatis.

297 3345 588 3418 rEt‘lavit
635 3360 831 3418 corpus
861 3353 918 3402 ct
949 3345 1104 3418 unxit
1143 3360 1202 3401 se
1235 3356 1428 3418 myrto
1473 3346 1695 3417 optimo,
1735 3354 1792 3418 et

225 3435 248 3468 ι
285 3416 675 3472 discriminavit
704 3417 909 3471 crinem
932 3417 1124 3486 capitis
1164 3417 1268 3480 sui,
1307 3416 1362 3471 et
1399 3416 1651 3486 imposuit
1691 3416 1794 3471 mi-

231 3506 250 3538 ι
282 3495 416 3542 tram
443 3501 603 3556 super
627 3495 810 3556 caput,
843 3507 860 3538 ι
897 3499 1003 3542 etc.
1047 3487 1234 3542 Latius
1258 3488 1491 3557 explicat
1519 3495 1790 3550 ornatum,

223 3573 332 3628 quo
369 3573 428 3612 se
474 3557 714 3620 ornavit;
757 3572 958 3628 proice
989 3566 1169 3612 autem
1209 3557 1350 3628 quod
1397 3573 1496 3612 nos
1531 3558 1796 3612 habemus

229 3627 460 3698 (myrto
510 3628 744 3698 Optimo,
780 3646 800 3678 ι
845 3627 1065 3682 Grmc'us
1106 3629 1274 3682 codex
1311 3627 1438 3698 legit
1485 3637 1797 3698 «unguento

225 3697 424 3768 pingui,
459 3697 732 3768 ninterim
780 3698 920 3752 redit
965 3707 1250 3767 utrumque
1295 3698 1348 3752 in
1370 3697 1626 3754 eumdem
1675 3713 1799 3768 sen-

226 3767 363 3832 sum,
401 3775 458 3820 et
483 3767 773 3822 diversitas
807 3777 926 3822 orta
963 3768 1176 3822 videtur
1217 3784 1282 3822 ex
1317 3769 1594 3823 vicinitate
1629 3767 1802 3822 nomi-

229 3853 382 3908 num;
420 3853 608 3908 myron
646 3837 791 3892 enim
819 3847 1148 3908 unguentum
1180 3840 1247 3892 ab
1289 3838 1522 3893 Homero
1555 3848 1797 3892 vocatur.

230 3905 512 3978 siautem
542 3905 785 3978 legamus
831 3905 916 3978 ut'
939 3916 1125 3963 noster
1176 3918 1374 3973 textus,
1423 3908 1802 3978 intelLigendns

227 3977 333 4033 erit
355 3975 422 4032 de
448 3975 723 4048 unguento
771 3977 1047 4050 confecto,
1089 3987 1183 4050 aut
1210 3995 1275 4032 ex
1308 3981 1557 4050 myrrha,
1601 3975 1696 4050 aut
1735 3993 1803 4032 ex

233 4055 424 4119 myrto,
451 4063 576 4119 cum
603 4056 832 4119 utraque
880 4049 950 4119 sit
999 4048 1164 4103 herba
1202 4048 1471 4104 odorifera
1519 4049 1660 4104 unde
1703 4064 1801 4102 un-

233 4117 421 4189 guenta
443 4117 636 4189 conﬁci
658 4117 852 4189 solent.
875 4118 1032 4174 Mitra
1065 4130 1245 4172 autem
1295 4119 1609 4176 muliebrem
1638 4133 1801 4189 coro-

237 4187 355 4260 nam
383 4187 652 4260 significat
695 4187 764 4243 ad
812 4200 1062 4244 ornatum
1099 4191 1312 4259 capitis,
1355 4205 1460 4260 qua
1503 4189 1579 4244 uti
1626 4188 1805 4244 solent

237 4258 656 4330 adolescentium,
687 4273 753 4313 ex
785 4274 886 4329 qua
916 4258 1221 4329 pendebant
1251 4258 1505 4322 fasciola},
1528 4274 1647 4330 qua:
1669 4260 1802 4329 phy-

239 4328 357 4383 lara'.
395 4329 730 4400 dicebantur,
781 4328 1036 4400 quoniam
1086 4329 1274 4384 florum
1317 4331 1489 4384 instar
1534 4328 1802 4400 depende-

242 4409 370 4454 rcnt.
419 4399 580 4454 Ponit
627 4399 812 4454 autem
854 4405 908 4453 et
955 4401 1097 4454 inter
1143 4401 1459 4454 ornamenta
1512 4399 1797 4454 mulierum

243 4470 398 4524 multa
421 4469 588 4526 Isaias
605 4470 787 4540 capite
813 4469 1091 4540 tertioubi
1127 4481 1180 4524 ct
1202 4469 1353 4540 plura
1386 4469 1490 4524 alia
1513 4477 1798 4525 enumerat

239 4549 567 4605 (rnamenta,
597 4539 826 4610 quarum
854 4540 942 4610 hic
972 4539 1032 4594 fit
1057 4541 1276 4594 mentio.

1879 618 2058 690 Utitur
2084 627 2266 690 autem
2303 634 2368 674 ea
2395 634 2525 690 voce
2553 618 2724 690 Julius
2750 619 3102 690 Capitolinus,
3154 641 3276 679 cum
3311 627 3447 680 scri-

1873 689 1953 744 bit
1982 687 2362 742 Maximianum
2387 689 2578 758 pollice
2607 689 2773 746 fuisse
2805 687 2913 745 tam
2951 701 3122 758 vasto,
3167 704 3226 748 ut
3256 697 3444 750 uxoris

1873 758 2249 835 dextrocherio
2289 775 2386 828 pro
2425 759 2622 813 annulo
2669 768 2942 835 uteretur;
2976 762 3108 835 facit
3119 775 3316 835 autem
3346 781 3445 835 pro

1874 829 2158 905 posteriori
2190 830 2292 883 hoc
2337 844 2630 905 sensu_v_ox
2670 829 2855 905 Graeca
2887 842 2940 886 ta
2980 832 3183 905 psellt'a,
3216 829 3450 905 quae-vel

1874 897 2162 953 Ammonio
2209 906 2346 970 teste
2389 897 2628 970 armillas
2655 900 2942 970 significat.
2980 897 3452 961 'Armillae'autem

1874 981 1973 1038 pro
2017 969 2353 1044 ornamentis
2397 968 2742 1044 brachiorum
2776 985 2816 1044 _a
2857 972 3129 1042 plerisque
3175 977 3452 1044 accipiun-

1878 1037 1988 1102 tur,
2019 1053 2120 1093 nec
2161 1038 2511 1108 obstatiquod
2549 1037 2812 1107 ejusmodi
2847 1037 3166 1098 ornamenta
3193 1037 3319 1099 olin't
3349 1045 3452 1099 viri

1875 1109 2141 1163 militares
2163 1108 2266 1162 sibi
2313 1107 2822 1176 abimperatoribus
2861 1113 3058 1165 donata
3089 1128 3194 1167 non
3237 1114 3291 1168 in
3321 1114 3457 1168 dex-

1876 1177 2135 1252 _tris,_s_ed_
2165 1177 2401 1232 sinistris
2421 1177 2665 1252 brachiis
2693 1177 2835 1234 lerrc
2862 1183 3282 1252 consueverint,
3330 1198 3452 1252 quae

1877 1248 2172 1303 brachialia
2203 1257 2372 1318 vocat
2411 1247 2736 1318 Cyprianus,
2783 1249 2908 1318 quia
2937 1249 3191 1306 mulieres
3221 1253 3275 1306 in
3305 1247 3457 1307 utro-

1876 1333 1980 1387 que
2031 1317 2254 1373 brachio
2295 1327 2350 1373 et
2397 1317 2733 1386 petissimum
2786 1317 2977 1373 dextro
3023 1320 3090 1373 iis
3143 1330 3451 1376 uterentur.

1877 1387 2011 1442 Lilia
2041 1397 2219 1442 autem
2247 1389 2501 1444 videntur
2547 1403 2666 1444 esse
2698 1389 2934 1444 fasciolte
2963 1389 3066 1443 illae
3101 1405 3132 1444 a
3170 1392 3329 1445 mitra
3360 1393 3451 1447 de-

1876 1459 2191 1530 pendentes!
2204 1459 2271 1514 de
2295 1459 2491 1530 quibus
2511 1473 2692 1530 supra,
2711 1474 2831 1530 quae
2853 1459 3091 1530 phylarze
3113 1460 3452 1526 dicebantur,

1877 1526 2129 1598 quoniam
2161 1526 2351 1584 florum
2379 1529 2552 1583 instar
2576 1526 2975 1598 dependebant,
3023 1538 3116 1584 aut
3155 1530 3208 1585 in
3237 1531 3453 1587 illarum

1877 1599 2222 1654 extremitate
2249 1598 2462 1668 bullulas
2491 1614 2668 1654 aureae
2695 1599 3056 1668 dependentes
3085 1601 3138 1654 in
3169 1601 3243 1654 [ili
3267 1602 3458 1656 simili-

1881 1669 2139 1731 tudinem;
2196 1667 2352 1738 quale
2395 1669 2523 1737 quid
2575 1667 2828 1724 videntur
2861 1667 3028 1724 fuisse
3073 1670 3273 1725 Iiniulae
3326 1671 3450 1734 illm,

1879 1753 2106 1864 gnarum)
2135 1739 2460 1794 mentionem
2494 1738 2622 1794 facit
2642 1739 2808 1794 Isaias
2839 1755 2958 1810 cap.
2993 1741 3118 1796 dict.
3149 1742 3453 1798 secundum

1901 1834 1906 1836 -
1931 1825 2099 1864 teron.

1901 1825 2099 1865 'IIel'Oﬂ.

1959 1898 1976 1930 ε
2013 1880 2079 1933 Ει
2105 1879 2356 1934 omnibus
2401 1878 2737 1933 ornamentis
2779 1879 2892 1934 suis
2939 1881 3152 1935 ornavit
3187 1897 3267 1948 se,
3302 1902 3320 1934 ι
3350 1889 3456 1936 etc.

1886 1950 2047 2004 Addit
2068 1949 2236 2004 codex
2280 1948 2522 2012 Graecus,
2555 1968 2574 2000 ‹
2609 1950 2803 2018 quibus
2847 1951 3144 2005 ornabatur
3185 1953 3237 2006 in
3267 1953 3460 2008 diebus

1887 2019 2145 2090 vitmrviri
2188 2019 2625 2090 suirllanasse.)
2661 2019 2938 2090 Diuturnis
2992 2021 3156 2090 igitur
3204 2023 3458 2078 mmrori-

1886 2090 1990 2162 bus
2015 2089 2034 2160 (
2059 2090 2232 2162 inquit
2273 2089 2523 2162 Ambros.
2553 2088 2650 2162 lib:
2685 2088 3090 2162 deAViduisiet
3133 2093 3462 2162 quotidianis

1889 2157 2147 2215 roborata
2163 2159 2380 2229 jejuniis
2406 2167 2594 2214 sancta
2621 2157 2825 2230 Iudith,
2855 2157 3180 2230 qum'szecnl'i
3219 2163 3460 2218 oblecta-

1888 2239 2067 2284 menta
2096 2245 2203 2284 non
2242 2237 2534 2303 quaereret,
2564 2229 2792 2300 periculi
2819 2229 3117 2302 negligens,
3166 2234 3465 2303 mortisque

1887 2309 2197 2370 contemptu
2235 2299 2445 2370 fortior,
2485 2299 2699 2370 utnon
2757 2299 2938 2356 mente
2969 2299 3219 2357 'strueret
3256 2299 3462 2369 dolum,

1889 2369 2121 2426 vestenr
2147 2370 2291 2424 illam
2315 2369 2694 2438 jucunditatis,
2719 2383 2824 2438 qua
2873 2371 3084 2426 vivente
3127 2373 3244 2426 viro
3276 2373 3466 2427 vestiri

1890 2441 2117 2505 solebat,
2150 2455 2209 2496 se
2251 2441 2454 2505 induit,
2487 2439 2640 2511 quasi
2687 2439 2953 2511 placitura
2982 2442 3120 2504 viro,
3154 2442 3198 2496 si
3230 2443 3462 2511 patriam

1890 2511 2167 2573 liberaret,
2199 2511 2294 2566 sed
2315 2511 2490 2564 virum
2533 2509 2698 2564 alium
2731 2509 2944 2581 videbat
2968 2511 3054 2565 cui
3080 2509 3292 2581 placere
3317 2528 3462 2581 qua:-

1894 2583 2066 2646 rehat,
2121 2581 2290 2644 illum,
2335 2581 2524 2650 utique
2551 2581 2616 2650 de
2641 2595 2748 2649 quo
2769 2579 2972 2634 dictum
3002 2579 3110 2648 esti,
3147 2601 3164 2632 ‹
3198 2579 3349 2637 Post
3377 2598 3464 2636 me

1892 2652 2040 2706 venit
2064 2650 2170 2716 vir,
2198 2652 2290 2720 qui
2322 2649 2560 2720 anteme
2586 2649 2761 2705 factus
2790 2659 2892 2705 est.
2927 2671 2944 2702 ι
2989 2651 3094 2706 Sed
3124 2668 3336 2707 rursum
3369 2652 3463 2707 Iih.

1895 2737 1932 2777 ιι
1960 2721 2026 2776 de
2061 2719 2408 2792 Virginibus:
2443 2719 2648 2784 Judith,
2675 2721 2870 2792 inquit,
2901 2736 2957 2776 se
2993 2730 3052 2775 ut
3073 2722 3317 2792 adultero
3345 2722 3434 2792 pla

1894 2801 2062 2856 ceret,
2095 2791 2309 2862 ornavit
2333 2807 2346 2856 ;
2375 2806 2495 2861 qua:
2533 2799 2711 2844 tamen
2739 2791 2864 2860 quia
2889 2861 2892 2862 ν
2913 2792 3014 2862 hoc
3042 2791 3322 2862 religione,
3347 2791 3470 2847 non

1893 2877 2102 2928 amore,
2145 2859 2408 2926 faciebat,
2451 2877 2611 2915 nemo
2662 2859 2782 2914 eam
2833 2859 3468 2928 adulteram'judicabat,

1894 2931 2032 2986 bene
2052 2932 2284 3002 sumpsit
2329 2931 2669 3002 exemplum;
2711 2945 2836 2984 nam
2869 2931 2914 2984 si
2946 2931 3032 3002 illa
3059 2946 3178 3000 quae
3218 2947 3276 2985 se
3327 2947 3474 2986 com-

1897 3002 2047 3056 misit
2075 2999 2352 3072 religioni,
2389 3009 2458 3072 iet
2482 2999 2741 3070 pudorem
2781 3001 3016 3072 servavit
3055 2999 3109 3056 et
3139 3002 3388 3071 gratiam,
3419 3011 3476 3056 ct

1898 3088 1997 3126 nos
2035 3070 2298 3126 servando
2327 3071 2642 3141 religionem
2684 3070 3022 3141 servabimus
3055 3070 3469 3141 eteastitatcm.

1899 3142 2052 3210 Quod
2079 3142 2124 3196 si
2150 3141 2332 3223 Iudith
2361 3139 2675 3223 pudicitiam
2717 3140 2960 3209 religioni
2991 3140 3246 3223 prarfcrre
3274 3141 3474 3195 voluis-

1902 3220 2007 3278 set,
2035 3220 2089 3266 ct
2105 3213 2419 3281 pudicitiam
2449 3211 2776 3281 perdidisset
2799 3221 2851 3264 ct
2873 3211 3124 3279 patriam.

1975 3302 1994 3334 ‹
2023 3280 2121 3336 Cui
2143 3283 2306 3336 etiam
2327 3281 2581 3336 Dominus
2603 3280 2828 3335 contulit
2845 3281 3205 3348 splendorem,
3221 3280 3476 3350 quoniam

1901 3371 1919 3403 ι
1963 3352 2141 3407 omnis
2180 3352 2284 3406 ista
2313 3351 2633 3420 compositio
2657 3367 2762 3405 non
2790 3364 2854 3404 cx
2886 3350 3126 3415 libidine,
3153 3352 3245 3404 sed
3275 3366 3340 3404 ex
3371 3351 3477 3404 vir-

1900 3441 1919 3473 1
1959 3430 2074 3476 tute
2123 3422 2413 3491 pendebat.
2447 3441 2465 3473 ι
2512 3429 2618 3476 etc.
2679 3420 2760 3475 Ad
2819 3421 3153 3475 intellectum
3217 3420 3376 3490 hujus
3425 3431 3480 3474 et

1895 3492 2338 3563 praecedentium,
2388 3499 2550 3561 atque
2599 3491 2760 3545 etiam
2792 3491 3478 3563 sequentiumnotandum

1898 3561 2166 3632 duplicem
2191 3563 2279 3616 hic
2301 3575 2420 3616 esse
2449 3561 2918 3632 commentarium,
2945 3561 3480 3632 quibusdamdicen-

1898 3625 2046 3702 tibus
2065 3632 2416 3702 affectionem
2454 3630 2598 3686 illam
2643 3631 2710 3685 ad
2761 3625 3100 3686 liberandum
3134 3625 3474 3702 pqpulum'in

1899 3701 2082 3758 Juditb
2101 3703 2316 3773 licitam
2346 3701 2513 3756 fuisse
2544 3710 2597 3773 et
2621 3703 2926 3767 honestam,
2951 3717 3047 3773 per
3077 3701 3478 3773 simulationem

1899 3789 2031 3828 vero
2063 3772 2178 3843 ejus
2213 3771 2525 3843 aﬂ'ectionis
2560 3771 2774 3837 fecisse,
2805 3783 2860 3827 et
2902 3771 3124 3838 dixisse,
3161 3780 3216 3827 et
3259 3771 3482 3843 petiisse

1901 3841 2147 3913 quaedam
2171 3842 2376 3904 illicita,
2405 3852 2460 3913 et
2489 3857 2554 3913 eo
2581 3843 2740 3896 modo
2766 3843 2987 3913 petiisse
3014 3841 3266 3913 ardorem
3303 3841 3480 3896 libidi-

1903 3912 1989 3969 nis
2013 3914 2238 3968 excitari
2265 3913 2320 3967 in
2349 3912 2782 3982 Holophernem,’
2808 3929 2978 3982 eaque
3011 3912 3076 3968 de
3107 3927 3270 3968 causa
3301 3927 3359 3966 se
3387 3926 3476 3982 or-

1904 3999 2084 4046 nasse,
2139 3991 2194 4038 et
2233 3983 2389 4054 plura
2436 3981 2533 4052 per
2572 3983 2853 4054 mendacia
2895 3981 3232 4054 Ilolophcrni
3265 3989 3320 4036 et
3367 3981 3481 4054 suis

1943 4051 2330 4130 raesumpsisse,
2380 4051 2600 4130 propter
2643 4055 2793 4124 prius
2825 4053 3008 4130 itaque
3047 4051 3178 4130 iliud
3221 4051 3482 4130 ipsurpin

1902 4069 2330 4179 praesumpsrsse,
2380 4069 2600 4124 propter
2643 4069 2793 4124 pl‘lllS
2825 4069 3008 4122 itaque
3049 4069 3178 4107 tuna
3221 4069 3394 4121 ipsum
3426 4069 3482 4104 ιιι

1946 4125 2188 4195 criptura
2235 4123 2722 4195 commendari,iet
2749 4125 3022 4195 orationes
3061 4123 3173 4192 ejus
3199 4122 3484 4195 exauditus

1901 4203 1956 4248 et
1982 4193 2436 4264 pulchritudinem
2466 4194 2583 4264 ejus
2620 4193 2877 4264 divinitus
2923 4200 3354 4264 augmentatam,_
3383 4193 3485 4246 sic-

1900 4273 1962 4318 ut
1984 4261 2159 4318 Exodi
2204 4263 2380 4332 primo
2408 4261 2728 4318 obstetrices
2757 4261 3206 4318 commendantur
3236 4263 3301 4317 de
3342 4261 3484 4314 bona

1900 4333 2214 4398 affectione,
2246 4347 2407 4402 quam
2453 4333 2760 4387 habuerunt
2801 4333 2868 4385 ad
2911 4333 3235 4402 servandum
3283 4346 3482 4402 pueros

1901 4400 2278 4466 Hebrmorum,
2303 4417 2405 4456 non
2432 4413 2614 4456 autem
2657 4403 2721 4455 dc
2751 4417 2848 4455 suo
2887 4401 3200 4465 mendacio;
3258 4409 3312 4472 et
3351 4400 3474 4454 aliis

1899 4484 2084 4529 contra
2115 4473 2434 4544 negantibus
2465 4472 2608 4525 illam
2642 4472 2693 4525 in
2718 4471 2896 4544 aliqua
2937 4473 3024 4526 hic
3054 4484 3310 4540 peccasse
3330 4510 3343 4532 ,
3370 4485 3478 4544 nec

1899 4545 1953 4598 in
1986 4539 2230 4600 oration'e
2275 4541 2550 4614 prtedicta,
2592 4557 2691 4597 nec
2720 4542 2770 4596 in
2799 4539 2877 4596 Sili
2917 4539 3130 4614 ornatu,
3164 4557 3265 4596 nec
3311 4539 3481 4614 etiam

315 4611 427 4683 gEt
479 4609 652 4683 induit
701 4609 942 4683 sandalia
995 4611 1220 4683 pedibus
1278 4610 1392 4666 suis
1423 4651 1438 4675 ,
1501 4609 1873 4683 assumpsitD
1900 4615 1954 4670 in
2005 4614 2208 4679 verbis,
2251 4609 2371 4683 qua:
2398 4613 2649 4683 videntur
2690 4614 2969 4683 mendacia
3014 4612 3066 4665 in
3103 4610 3478 4683 sequentibus2

254 4716 269 4731 .
303 4680 640 4745 dextrariola,
671 4688 724 4734 et
751 4680 891 4746 lilia,
921 4690 975 4735 et
999 4681 1248 4744 inaures,
1285 4689 1338 4735 et
1362 4681 1606 4744 annulos,
1639 4700 1657 4732 ι
1687 4691 1792 4736 etc.

247 4749 486 4823 §andalia
510 4767 684 4823 genus
707 4750 1010 4823 calceorum
1041 4751 1174 4806 dicit
1191 4767 1309 4806 esse
1328 4751 1570 4823 Lyranus
1605 4760 1797 4823 testua-

249 4819 392 4883 lium,
431 4819 537 4890 qui
565 4823 716 4877 corio
754 4821 1284 4892 desuperrnonisunt
1324 4819 1578 4877 contecti.
1615 4821 1801 4892 Variat

250 4898 410 4962 autem
441 4899 496 4946 et
521 4892 610 4946 hic
639 4891 902 4948 nonnihil
917 4891 1085 4946 codex
1117 4891 1356 4955 Graecus,
1390 4893 1532 4962 quod
1564 4906 1670 4962 non
1708 4891 1800 4944 fiat

253 4959 319 5015 ibi
351 4962 548 5016 mentio
571 4963 826 5026 liliorum,
858 4976 955 5017 nec
985 4962 1346 5016 sandaliorum
1365 5002 1380 5026 ,
1408 4959 1508 5017 sed
1547 4961 1626 5016 sic
1656 4961 1801 5032 lcga-

255 5041 352 5094 tur,
378 5048 394 5081 ι
422 5033 488 5086 Et
529 5033 701 5087 induit
737 5033 1081 5086 brachiorum
1109 5040 1429 5087 ornamenta
1450 5072 1464 5094 ,
1496 5040 1552 5087 et
1585 5032 1808 5086 dextra-‘

255 5100 372 5156 viola
406 5111 462 5158 et
510 5102 779 5166 inauresn
821 5111 928 5157 etc.
963 5102 1114 5158 Unde
1153 5101 1385 5156 fortasse
1424 5115 1532 5156 non
1581 5101 1802 5156 omnino

256 5171 380 5226 male
407 5172 622 5245 colligat
649 5173 934 5245 quispiam,
973 5173 1150 5245 primo
1174 5173 1296 5245 ioco
1324 5172 1447 5245 poni
1487 5171 1800 5240 explicatio-

259 5256 387 5326 pcm‘
407 5242 724 5326 posterioris
740 5283 754 5308 ,
775 5242 854 5298 ἰιι
879 5242 1220 5326 ΔάοιὲΙξι-ωῆυῑιι
1243 5242 1640 5326 _intelligantin-
1684 5256 1806 5295 esse

259 5312 582 5383 brachiorum
611 5321 947 5368 ornamenta.
989 5312 1142 5379 Quod
1169 5312 1318 5383 enim
1343 5320 1435 5366 aut
1455 5312 1617 5383 quale
1643 5327 1808 5367 orna-

263 5381 404 5438 menti
433 5399 600 5454 genus
642 5399 705 5439 ea
736 5399 833 5438 vox
862 5383 1160 5454 signiticet,
1203 5381 1358 5437 valde
1393 5381 1660 5454 incertum
1686 5389 1806 5454 .est,

263 5467 374 5524 nam
411 5453 551 5524 apud
594 5454 887 5524 scriptores
934 5453 1239 5524 invenimus
1279 5453 1494 5522 quidem
1523 5453 1809 5522 usurpatas

264 5522 350 5576 bas
388 5522 563 5588 voces,
595 5522 837 5579 dextrale
871 5531 926 5578 et
969 5523 1427 5586 dextrochcrium,
1476 5537 1664 5577 verum
1709 5537 1813 5576 vox

265 5608 368 5664 qua:
389 5592 473 5664 hic
517 5595 754 5664 ponitur,
795 5610 864 5648 an
893 5592 1228 5664 apudrullum
1253 5593 1482 5664 inveniri
1524 5592 1695 5664 possit
1725 5608 1816 5664 ne:

267 5661 380 5746 scio.
422 5661 605 5746 Potest
651 5665 834 5735 itaque
882 5661 1074 5746 accipi,
1109 5662 1193 5718 vel
1227 5679 1327 5746 pr_o
1369 5661 1618 5727 dextrali,
1667 5663 1813 5746 quod

271 5732 463 5802 dextera
497 5742 581 5789 est
617 5732 998 5790 ornamentum
1038 5743 1146 5788 tam
1194 5732 1329 5788 viris
1363 5748 1526 5802 quam
1576 5732 1814 5787 mulieri-

274 5801 378 5865 bus,
403 5812 492 5857 aut
519 5819 618 5874 pro
639 5802 1036 5874 dextrocberio,
1069 5803 1212 5874 quod
1245 5801 1505 5858 muliebre
1542 5811 1630 5874 est
1653 5819 1815 5858 orna—

276 5881 486 5928 mentum
522 5872 591 5928 ex
618 5888 752 5929 auro
783 5875 836 5930 in
866 5873 1046 5928 annuli
1074 5873 1164 5929 lati
1191 5872 1417 5929 formam
1442 5873 1667 5942 gemmis
1693 5888 1814 5943 pre-

1902 4686 2096 4740 Dicunt
2129 4678 2284 4740 enim'
2321 4682 2478 4753 quod
2514 4681 2698 4738 Judith
2743 4681 2888 4753 aliud
2939 4678 3280 4753 intendebat,
3319 4678 3483 4753 aliud

1901 4756 2249 4824 providebat;
2301 4749 2612 4808 intendebat
2662 4752 2936 4824 enimsic
2963 4752 3078 4824 fieri
3125 4761 3278 4824 grata
3319 4749 3482 4804 l-Iolo-

1901 4821 2120 4896 pberni,
2158 4834 2216 4878 ut
2243 4840 2364 4896 cum
2397 4839 2461 4878 eo
2489 4823 2861 4896 conversale
2914 4821 3257 4896 familiariter
3301 4827 3486 4890 posset

1901 4893 1969 4950 ad
1994 4897 2196 4950 caedem
2220 4895 2386 4964 ipsius
2408 4894 2733 4964 pertingere,
2766 4893 2862 4964 sed
2893 4893 3220 4962 prmvidcbat
3245 4905 3490 4944 amorem

1904 4966 2056 5020 illum
2113 4963 2357 5020 illicitum
2411 4963 2769 5034 IIolopbernis
2817 4963 2960 5018 circa
3009 4976 3254 5034 se,_ncc
3304 4968 3487 5014 tamen

1911 5043 2195 5111 propterea
2238 5034 2421 5111 debuit
2452 5031 2784 5104 propositum
2816 5048 2923 5086 non
2960 5031 3276 5111 complere,‘
3300 5043 3492 5098 quem-

1913 5101 2201 5160 admodum
2229 5120 2331 5159 nec
2361 5101 2502 5160 Deus
2545 5101 2884 5174 peccatorctn
2921 5101 3098 5174 minus
3130 5101 3313 5174 punit,
3336 5114 3405 5152 ex
3430 5111 3494 5174 eo

1913 5175 2056 5244 quod
2087 5175 2337 5244 praesciat
2363 5167 2561 5244 ipsum'
2584 5175 2663 5228 sic
2695 5173 2941 5244 pejorcm
2963 5167 3245 5244 cflici,’_vel
3271 5169 3352 5224 sic
3383 5167 3492 5244 sal-

1916 5238 2023 5300 tem
2055 5238 2328 5300 ambiebat
2376 5238 2798 5298 familiaritatem
2847 5239 3202 5310 Ilol0phcrnis
3242 5248 3300 5294 ttt
3337 5238 3498 5294 vellet

1916 5331 1976 5371 se
2007 5315 2062 5369 in
2099 5315 2331 5385 rigorem
2365 5315 2585 5389 ducere,
2615 5325 2672 5389 et
2700 5313 2780 5367 sic
2819 5312 3498 5389 opparttmitatemcnspe-

1917 5394 2093 5442 ctaret
2119 5380 2490 5455 pcrpctrandge
2517 5383 2679 5438 catdis
2703 5400 2716 5446 ;
2738 5399 2863 5455 _ncc
2893 5381 3340 5455 talisintcrfcctio
3365 5380 3499 5433 insi-

1919 5457 2070 5510 diosa
2114 5450 2394 5524 peccatum
2436 5453 2556 5518 fuit,
2583 5468 2707 5524 nam
2736 5453 2788 5506 in
2836 5451 3154 5524 beilojusto
3179 5450 3501 5524 licitumcst

1919 5518 2130 5580 insidiis
2159 5526 2257 5588 uti,
2305 5532 2364 5578 ut
2404 5532 2556 5592 patet
2582 5521 2694 5578 los.
2727 5538 2843 5576 vm.
2893 5518 3097 5576 Bellum
3137 5530 3317 5592 autem
3365 5518 3501 5573 ﬁlio-

1920 5611 2040 5649 rum
2071 5594 2235 5650 Israel
2269 5591 2890 5664 contraﬂolopherncm
2917 5599 3038 5664 erat
3056 5591 3414 5664 iustissimum
3443 5596 3502 5640 ut

1919 5674 2045 5737 pote
2073 5681 2188 5737 _pro
2213 5663 2359 5720 cultu
2373 5663 2502 5737 _i)ei.
2531 5659 2708 5737 Atque
2737 5662 2880 5737 istud
2898 5659 3070 5737 valde
3107 5659 3386 5737 conforrnc
3414 5672 3501 5737 es:

1920 5727 2045 5807 bnic
2073 5727 2214 5807 lbco,
2259 5743 2317 5788 et
2356 5733 2514 5788 dictis
2563 5727 2742 5788 verbis
2789 5732 3087 5807 Ambrosii,
3131 5745 3252 5800 quae
3303 5727 3502 5807 alioqui

1919 5803 2055 5859 falsa
2103 5805 2434 5867 viderentur,
2488 5819 2556 5857 an
2587 5819 2717 5858 vero
2758 5803 2922 5858 simili
2967 5802 3126 5857 modo
3151 5797 3502 5853 mendacium

1918 5873 2037 5944 ejus
2063 5875 2133 5932 sit
2155 5873 2546 5939 excusandum,
2576 5889 2798 5945 agemus
2825 5872 2982 5927 infra.
