  <div class='ocr_page' id='page_1' title='image "/cluster/home/n/w/nwhite01/storage/ocr_20150623/109/hvd.32044015466857/315.png"; bbox 0 0 3882 6458; ppageno 0'>
   <div class='ocr_carea' id='block_1_1' title="bbox 397 390 501 446">
    <p class='ocr_par' dir='ltr' id='par_1_1' title="bbox 397 390 501 446">
     <span class='ocr_line' id='line_1_1' title="bbox 397 390 501 446; baseline 0.01 -1"><span class='ocrx_word' id='word_1_1' title='bbox 397 390 501 446; x_wconf 64' lang='lat'><strong>623</strong></span> 
     </span>
    </p>
   </div>
   <div class='ocr_carea' id='block_1_2' title="bbox 1031 378 2971 441">
    <p class='ocr_par' dir='ltr' id='par_1_2' title="bbox 1031 378 2971 441">
     <span class='ocr_line' id='line_1_2' title="bbox 1031 378 2971 441; baseline -0.003 0"><span class='ocrx_word' id='word_1_2' title='bbox 1031 385 1091 441; x_wconf 84' lang='grc' dir='ltr'><strong>Β.</strong></span> <span class='ocrx_word' id='word_1_3' title='bbox 1131 385 1383 441; x_wconf 76' lang='lat' dir='ltr'><strong>RABANI</strong></span> <span class='ocrx_word' id='word_1_4' title='bbox 1424 381 1639 440; x_wconf 69' lang='lat' dir='ltr'><strong>MAURI</strong></span> <span class='ocrx_word' id='word_1_5' title='bbox 1678 379 1995 438; x_wconf 75' lang='lat' dir='ltr'><strong>ARCHIEP.</strong></span> <span class='ocrx_word' id='word_1_6' title='bbox 2039 379 2346 437; x_wconf 72' lang='lat' dir='ltr'><strong>MUGUNT.</strong></span> <span class='ocrx_word' id='word_1_7' title='bbox 2389 378 2672 436; x_wconf 74' lang='lat' dir='ltr'><strong>OPERUM</strong></span> <span class='ocrx_word' id='word_1_8' title='bbox 2712 380 2892 436; x_wconf 74' lang='lat' dir='ltr'><strong>PARS</strong></span> <span class='ocrx_word' id='word_1_9' title='bbox 2931 379 2971 435; x_wconf 86' lang='grc' dir='ltr'><strong>Ι.</strong></span> 
     </span>
    </p>
   </div>
   <div class='ocr_carea' id='block_1_3' title="bbox 3553 386 3657 444">
    <p class='ocr_par' dir='ltr' id='par_1_3' title="bbox 3553 386 3657 444">
     <span class='ocr_line' id='line_1_3' title="bbox 3553 386 3657 444; baseline 0 -3"><span class='ocrx_word' id='word_1_10' title='bbox 3553 386 3657 444; x_wconf 60' lang='grc'><strong>626</strong></span> 
     </span>
    </p>
   </div>
   <div class='ocr_carea' id='block_1_4' title="bbox 473 492 3660 573">
    <p class='ocr_par' dir='ltr' id='par_1_4' title="bbox 473 492 3660 573">
     <span class='ocr_line' id='line_1_4' title="bbox 473 492 3660 573; baseline -0.003 -20"><span class='ocrx_word' id='word_1_11' title='bbox 473 523 488 553; x_wconf 79' lang='grc' dir='ltr'><strong>ι</strong></span> <span class='ocrx_word' id='word_1_12' title='bbox 518 503 775 573; x_wconf 81' lang='lat' dir='ltr'><strong>imposuit</strong></span> <span class='ocrx_word' id='word_1_13' title='bbox 808 510 987 573; x_wconf 76' lang='lat' dir='ltr'><strong>itaque</strong></span> <span class='ocrx_word' id='word_1_14' title='bbox 1005 500 1160 573; x_wconf 75' lang='lat' dir='ltr'><strong>alme</strong></span> <span class='ocrx_word' id='word_1_15' title='bbox 1198 514 1307 553; x_wconf 82' lang='lat' dir='ltr'><strong>suae</strong></span> <span class='ocrx_word' id='word_1_16' title='bbox 1345 514 1592 569; x_wconf 89' lang='lat' dir='ltr'><strong>ascopam</strong></span> <span class='ocrx_word' id='word_1_17' title='bbox 1624 498 1752 551; x_wconf 89' lang='lat' dir='ltr'><strong>vini.</strong></span> <span class='ocrx_word' id='word_1_18' title='bbox 1794 517 1810 549; x_wconf 77' lang='grc' dir='ltr'><strong>ι</strong></span> <span class='ocrx_word' id='word_1_19' title='bbox 1849 496 1969 549; x_wconf 73' lang='lat' dir='ltr'><strong>Exi-</strong></span> <span class='ocrx_word' id='word_1_20' title='bbox 1996 498 2046 557; x_wconf 77' lang='grc' dir='ltr'>Α</span> <span class='ocrx_word' id='word_1_21' title='bbox 2073 509 2233 573; x_wconf 76' lang='lat' dir='ltr'><strong>renes</strong></span> <span class='ocrx_word' id='word_1_22' title='bbox 2257 503 2309 550; x_wconf 88' lang='lat' dir='ltr'><strong>et</strong></span> <span class='ocrx_word' id='word_1_23' title='bbox 2339 495 2607 573; x_wconf 71' lang='lat' dir='ltr'><strong>debellare</strong></span> <span class='ocrx_word' id='word_1_24' title='bbox 2646 494 2900 573; x_wconf 72' lang='lat' dir='ltr'><strong>victores,</strong></span> <span class='ocrx_word' id='word_1_25' title='bbox 2936 492 3219 573; x_wconf 67' lang='lat' dir='ltr'><strong>sollicitati]</strong></span> <span class='ocrx_word' id='word_1_26' title='bbox 3252 494 3558 573; x_wconf 58' lang='lat' dir='ltr'><strong>defendere</strong></span> <span class='ocrx_word' id='word_1_27' title='bbox 3584 502 3660 554; x_wconf 68' lang='lat' dir='ltr'><strong>ci-</strong></span> 
     </span>
    </p>
   </div>
   <div class='ocr_carea' id='block_1_5' title="bbox 400 569 1962 642">
    <p class='ocr_par' dir='ltr' id='par_1_5' title="bbox 400 569 1962 642">
     <span class='ocr_line' id='line_1_5' title="bbox 400 569 1962 642; baseline -0.007 -12"><span class='ocrx_word' id='word_1_28' title='bbox 400 575 561 630; x_wconf 80' lang='lat' dir='ltr'><strong>stimo</strong></span> <span class='ocrx_word' id='word_1_29' title='bbox 579 569 806 642; x_wconf 71' lang='lat' dir='ltr'><strong>prorsus</strong></span> <span class='ocrx_word' id='word_1_30' title='bbox 832 569 1113 638; x_wconf 81' lang='lat' dir='ltr'><strong>legendum</strong></span> <span class='ocrx_word' id='word_1_31' title='bbox 1134 584 1468 642; x_wconf 82' lang='lat' dir='ltr'><strong>ascoperam,</strong></span> <span class='ocrx_word' id='word_1_32' title='bbox 1495 584 1618 622; x_wconf 89' lang='lat' dir='ltr'><strong>cum</strong></span> <span class='ocrx_word' id='word_1_33' title='bbox 1646 582 1962 637; x_wconf 78' lang='lat' dir='ltr'><strong>cori-espou-</strong></span> 
     </span>
    </p>
   </div>
   <div class='ocr_carea' id='block_1_6' title="bbox 397 638 1965 719">
    <p class='ocr_par' dir='ltr' id='par_1_6' title="bbox 397 638 1965 719">
     <span class='ocr_line' id='line_1_6' title="bbox 397 638 1965 719; baseline -0.006 -20"><span class='ocrx_word' id='word_1_34' title='bbox 397 647 520 699; x_wconf 83' lang='lat' dir='ltr'><strong>deat</strong></span> <span class='ocrx_word' id='word_1_35' title='bbox 551 638 744 719; x_wconf 36' lang='lat' dir='ltr'><strong>textus.</strong></span> <span class='ocrx_word' id='word_1_36' title='bbox 768 639 992 719; x_wconf 67' lang='lat' dir='ltr'><strong>Graccus</strong></span> <span class='ocrx_word' id='word_1_37' title='bbox 1028 646 1083 693; x_wconf 89' lang='lat' dir='ltr'><strong>et</strong></span> <span class='ocrx_word' id='word_1_38' title='bbox 1122 638 1239 719; x_wconf 72' lang='lat' dir='ltr'><strong>ejus</strong></span> <span class='ocrx_word' id='word_1_39' title='bbox 1283 638 1628 719; x_wconf 88' lang='lat' dir='ltr'><strong>interpretes,</strong></span> <span class='ocrx_word' id='word_1_40' title='bbox 1672 646 1725 691; x_wconf 88' lang='lat' dir='ltr'><strong>et</strong></span> <span class='ocrx_word' id='word_1_41' title='bbox 1763 653 1865 717; x_wconf 67' lang='lat' dir='ltr'><strong>vox</strong></span> <span class='ocrx_word' id='word_1_42' title='bbox 1901 650 1965 719; x_wconf 74' lang='lat' dir='ltr'><strong>ea</strong></span> 
     </span>
    </p>
   </div>
   <div class='ocr_carea' id='block_1_7' title="bbox 398 707 1966 781">
    <p class='ocr_par' dir='ltr' id='par_1_7' title="bbox 398 707 1966 781">
     <span class='ocr_line' id='line_1_7' title="bbox 398 707 1966 781; baseline -0.004 -14"><span class='ocrx_word' id='word_1_43' title='bbox 398 722 651 781; x_wconf 85' lang='lat' dir='ltr'><strong>usurpata</strong></span> <span class='ocrx_word' id='word_1_44' title='bbox 703 711 773 765; x_wconf 85' lang='lat' dir='ltr'><strong>sit</strong></span> <span class='ocrx_word' id='word_1_45' title='bbox 816 725 914 779; x_wconf 88' lang='lat' dir='ltr'><strong>pro</strong></span> <span class='ocrx_word' id='word_1_46' title='bbox 944 717 1062 763; x_wconf 88' lang='lat' dir='ltr'><strong>utre</strong></span> <span class='ocrx_word' id='word_1_47' title='bbox 1089 709 1345 777; x_wconf 87' lang='lat' dir='ltr'><strong>pelliceo,</strong></span> <span class='ocrx_word' id='word_1_48' title='bbox 1383 707 1504 781; x_wconf 86' lang='lat' dir='ltr'><strong>_sive</strong></span> <span class='ocrx_word' id='word_1_49' title='bbox 1565 707 1856 781; x_wconf 85' lang='lat' dir='ltr'><strong>marsupio,</strong></span> <span class='ocrx_word' id='word_1_50' title='bbox 1898 708 1966 761; x_wconf 88' lang='lat' dir='ltr'><strong>ab</strong></span> 
     </span>
    </p>
   </div>
   <div class='ocr_carea' id='block_1_8' title="bbox 397 777 1963 849">
    <p class='ocr_par' dir='ltr' id='par_1_8' title="bbox 397 777 1963 849">
     <span class='ocr_line' id='line_1_8' title="bbox 397 777 1963 849; baseline -0.005 -12"><span class='ocrx_word' id='word_1_51' title='bbox 397 777 590 844; x_wconf 72' lang='lat' dir='ltr'><strong>asmds,</strong></span> <span class='ocrx_word' id='word_1_52' title='bbox 616 782 758 849; x_wconf 87' lang='lat' dir='ltr'><strong>quod</strong></span> <span class='ocrx_word' id='word_1_53' title='bbox 788 777 927 839; x_wconf 79' lang='lat' dir='ltr'><strong>nter,</strong></span> <span class='ocrx_word' id='word_1_54' title='bbox 977 788 1032 832; x_wconf 93' lang='lat' dir='ltr'><strong>et</strong></span> <span class='ocrx_word' id='word_1_55' title='bbox 1072 795 1224 849; x_wconf 78' lang='lat' dir='ltr'><strong>pyra,</strong></span> <span class='ocrx_word' id='word_1_56' title='bbox 1257 778 1397 847; x_wconf 88' lang='lat' dir='ltr'><strong>quod</strong></span> <span class='ocrx_word' id='word_1_57' title='bbox 1434 791 1617 846; x_wconf 89' lang='lat' dir='ltr'><strong>peram</strong></span> <span class='ocrx_word' id='word_1_58' title='bbox 1652 777 1963 849; x_wconf 75' lang='lat' dir='ltr'><strong>_signiticat;</strong></span> 
     </span>
    </p>
   </div>
   <div class='ocr_carea' id='block_1_9' title="bbox 398 847 1964 911">
    <p class='ocr_par' dir='ltr' id='par_1_9' title="bbox 398 847 1964 911">
     <span class='ocr_line' id='line_1_9' title="bbox 398 847 1964 911; baseline -0.004 -5"><span class='ocrx_word' id='word_1_59' title='bbox 398 866 463 906; x_wconf 85' lang='lat' dir='ltr'><strong>eo</strong></span> <span class='ocrx_word' id='word_1_60' title='bbox 485 847 664 904; x_wconf 73' lang='lat' dir='ltr'><strong>autem</strong></span> <span class='ocrx_word' id='word_1_61' title='bbox 693 848 949 903; x_wconf 86' lang='lat' dir='ltr'><strong>vocabulo</strong></span> <span class='ocrx_word' id='word_1_62' title='bbox 977 855 1032 903; x_wconf 89' lang='lat' dir='ltr'><strong>et</strong></span> <span class='ocrx_word' id='word_1_63' title='bbox 1061 847 1349 902; x_wconf 88' lang='lat' dir='ltr'><strong>Suetonius</strong></span> <span class='ocrx_word' id='word_1_64' title='bbox 1380 863 1509 902; x_wconf 91' lang='lat' dir='ltr'><strong>usus</strong></span> <span class='ocrx_word' id='word_1_65' title='bbox 1537 856 1621 901; x_wconf 88' lang='lat' dir='ltr'><strong>est</strong></span> <span class='ocrx_word' id='word_1_66' title='bbox 1649 847 1701 900; x_wconf 92' lang='lat' dir='ltr'><strong>in</strong></span> <span class='ocrx_word' id='word_1_67' title='bbox 1732 848 1964 911; x_wconf 78' lang='lat' dir='ltr'><strong>Nerone,</strong></span> 
     </span>
    </p>
   </div>
   <div class='ocr_carea' id='block_1_10' title="bbox 400 916 1967 988">
    <p class='ocr_par' dir='ltr' id='par_1_10' title="bbox 400 916 1967 988">
     <span class='ocr_line' id='line_1_10' title="bbox 400 916 1967 988; baseline -0.003 -14"><span class='ocrx_word' id='word_1_68' title='bbox 400 920 622 975; x_wconf 73' lang='lat' dir='ltr'><strong>alterius</strong></span> <span class='ocrx_word' id='word_1_69' title='bbox 661 919 983 988; x_wconf 77' lang='lat' dir='ltr'><strong>(inquiens)</strong></span> <span class='ocrx_word' id='word_1_70' title='bbox 1036 918 1173 972; x_wconf 89' lang='lat' dir='ltr'><strong>collo</strong></span> <span class='ocrx_word' id='word_1_71' title='bbox 1219 932 1475 985; x_wconf 87' lang='lat' dir='ltr'><strong>ascopera</strong></span> <span class='ocrx_word' id='word_1_72' title='bbox 1527 916 1781 985; x_wconf 79' lang='lat' dir='ltr'><strong>deligata,</strong></span> <span class='ocrx_word' id='word_1_73' title='bbox 1834 917 1967 988; x_wconf 84' lang='lat' dir='ltr'><strong>nihil</strong></span> 
     </span>
    </p>
   </div>
   <div class='ocr_carea' id='block_1_11' title="bbox 399 987 1965 1060">
    <p class='ocr_par' dir='ltr' id='par_1_11' title="bbox 399 987 1965 1060">
     <span class='ocr_line' id='line_1_11' title="bbox 399 987 1965 1060; baseline -0.002 -18"><span class='ocrx_word' id='word_1_74' title='bbox 399 991 580 1060; x_wconf 84' lang='lat' dir='ltr'><strong>itaque</strong></span> <span class='ocrx_word' id='word_1_75' title='bbox 609 990 752 1044; x_wconf 82' lang='lat' dir='ltr'><strong>aliud</strong></span> <span class='ocrx_word' id='word_1_76' title='bbox 796 1004 1053 1059; x_wconf 78' lang='lat' dir='ltr'><strong>ascopcra</strong></span> <span class='ocrx_word' id='word_1_77' title='bbox 1090 987 1221 1053; x_wconf 82' lang='lat' dir='ltr'><strong>vini,</strong></span> <span class='ocrx_word' id='word_1_78' title='bbox 1257 1002 1417 1056; x_wconf 87' lang='lat' dir='ltr'><strong>quam</strong></span> <span class='ocrx_word' id='word_1_79' title='bbox 1446 994 1620 1041; x_wconf 90' lang='lat' dir='ltr'><strong>utrem</strong></span> <span class='ocrx_word' id='word_1_80' title='bbox 1650 988 1759 1042; x_wconf 90' lang='lat' dir='ltr'><strong>vini</strong></span> <span class='ocrx_word' id='word_1_81' title='bbox 1796 987 1965 1057; x_wconf 85' lang='lat' dir='ltr'><strong>signi--</strong></span> 
     </span>
    </p>
   </div>
   <div class='ocr_carea' id='block_1_12' title="bbox 400 1059 547 1116">
    <p class='ocr_par' dir='ltr' id='par_1_12' title="bbox 400 1059 547 1116">
     <span class='ocr_line' id='line_1_12' title="bbox 400 1059 547 1116; baseline -0.014 -2"><span class='ocrx_word' id='word_1_82' title='bbox 400 1059 547 1116; x_wconf 80' lang='lat' dir='ltr'><strong>heat.</strong></span> 
     </span>
    </p>
   </div>
   <div class='ocr_carea' id='block_1_13' title="bbox 477 1125 1965 1197">
    <p class='ocr_par' dir='ltr' id='par_1_13' title="bbox 477 1125 1965 1197">
     <span class='ocr_line' id='line_1_13' title="bbox 477 1125 1965 1197; baseline -0.001 -17"><span class='ocrx_word' id='word_1_83' title='bbox 477 1150 495 1180; x_wconf 84' lang='grc'><em>‹</em></span> <span class='ocrx_word' id='word_1_84' title='bbox 527 1130 593 1183; x_wconf 79' lang='lat' dir='ltr'><strong>Et</strong></span> <span class='ocrx_word' id='word_1_85' title='bbox 620 1144 713 1183; x_wconf 83' lang='lat' dir='ltr'><strong>vas</strong></span> <span class='ocrx_word' id='word_1_86' title='bbox 742 1128 866 1189; x_wconf 81' lang='lat' dir='ltr'><strong>olei,</strong></span> <span class='ocrx_word' id='word_1_87' title='bbox 918 1136 973 1180; x_wconf 88' lang='lat' dir='ltr'><strong>et</strong></span> <span class='ocrx_word' id='word_1_88' title='bbox 997 1125 1291 1197; x_wconf 74' lang='lat' dir='ltr'><strong>palentam,</strong></span> <span class='ocrx_word' id='word_1_89' title='bbox 1332 1134 1385 1181; x_wconf 90' lang='lat' dir='ltr'><strong>et</strong></span> <span class='ocrx_word' id='word_1_90' title='bbox 1414 1126 1639 1195; x_wconf 87' lang='lat' dir='ltr'><strong>lapates,</strong></span> <span class='ocrx_word' id='word_1_91' title='bbox 1681 1135 1736 1179; x_wconf 89' lang='lat' dir='ltr'><strong>et</strong></span> <span class='ocrx_word' id='word_1_92' title='bbox 1775 1141 1965 1195; x_wconf 87' lang='lat' dir='ltr'><strong>panes,</strong></span> 
     </span>
    </p>
   </div>
   <div class='ocr_carea' id='block_1_14' title="bbox 407 1197 1966 1266">
    <p class='ocr_par' dir='ltr' id='par_1_14' title="bbox 407 1197 1966 1266">
     <span class='ocr_line' id='line_1_14' title="bbox 407 1197 1966 1266; baseline -0.001 -16"><span class='ocrx_word' id='word_1_93' title='bbox 407 1219 425 1250; x_wconf 73' lang='grc' dir='ltr'><strong>ι</strong></span> <span class='ocrx_word' id='word_1_94' title='bbox 460 1208 514 1253; x_wconf 87' lang='lat' dir='ltr'><strong>e‘t</strong></span> <span class='ocrx_word' id='word_1_95' title='bbox 555 1214 793 1259; x_wconf 87' lang='lat' dir='ltr'><strong>caseum,</strong></span> <span class='ocrx_word' id='word_1_96' title='bbox 826 1206 880 1252; x_wconf 88' lang='lat' dir='ltr'><strong>ct</strong></span> <span class='ocrx_word' id='word_1_97' title='bbox 906 1198 1141 1266; x_wconf 78' lang='lat' dir='ltr'><strong>profecta</strong></span> <span class='ocrx_word' id='word_1_98' title='bbox 1172 1207 1323 1251; x_wconf 49' lang='lat' dir='ltr'><strong>est»</strong></span> <span class='ocrx_word' id='word_1_99' title='bbox 1364 1197 1528 1251; x_wconf 85' lang='lat' dir='ltr'><strong>Paulo</strong></span> <span class='ocrx_word' id='word_1_100' title='bbox 1574 1198 1730 1250; x_wconf 81' lang='lat' dir='ltr'><strong>aliter</strong></span> <span class='ocrx_word' id='word_1_101' title='bbox 1774 1197 1966 1266; x_wconf 82' lang='lat' dir='ltr'><strong>iterum</strong></span> 
     </span>
    </p>
   </div>
   <div class='ocr_carea' id='block_1_15' title="bbox 403 1265 1965 1339">
    <p class='ocr_par' dir='ltr' id='par_1_15' title="bbox 403 1265 1965 1339">
     <span class='ocr_line' id='line_1_15' title="bbox 403 1265 1965 1339; baseline -0.003 -16"><span class='ocrx_word' id='word_1_102' title='bbox 403 1270 494 1324; x_wconf 89' lang='lat' dir='ltr'><strong>hic</strong></span> <span class='ocrx_word' id='word_1_103' title='bbox 522 1268 649 1339; x_wconf 80' lang='lat' dir='ltr'><strong>legit</strong></span> <span class='ocrx_word' id='word_1_104' title='bbox 674 1269 843 1322; x_wconf 81' lang='lat' dir='ltr'><strong>codex</strong></span> <span class='ocrx_word' id='word_1_105' title='bbox 877 1267 1115 1339; x_wconf 58' lang='grc' dir='ltr'><strong>(ἐι-(ραις,</strong></span> <span class='ocrx_word' id='word_1_106' title='bbox 1153 1286 1169 1316; x_wconf 76' lang='grc' dir='ltr'><strong>ι</strong></span> <span class='ocrx_word' id='word_1_107' title='bbox 1208 1267 1481 1339; x_wconf 82' lang='lat' dir='ltr'><strong>Etperatn</strong></span> <span class='ocrx_word' id='word_1_108' title='bbox 1511 1267 1747 1336; x_wconf 89' lang='lat' dir='ltr'><strong>implevit</strong></span> <span class='ocrx_word' id='word_1_109' title='bbox 1773 1265 1965 1339; x_wconf 81' lang='lat' dir='ltr'><strong>farina,</strong></span> 
     </span>
    </p>
   </div>
   <div class='ocr_carea' id='block_1_16' title="bbox 404 1336 1971 1407">
    <p class='ocr_par' dir='ltr' id='par_1_16' title="bbox 404 1336 1971 1407">
     <span class='ocr_line' id='line_1_16' title="bbox 404 1336 1971 1407; baseline -0.003 -15"><span class='ocrx_word' id='word_1_110' title='bbox 404 1348 459 1392; x_wconf 83' lang='lat' dir='ltr'><strong>et</strong></span> <span class='ocrx_word' id='word_1_111' title='bbox 499 1336 709 1406; x_wconf 69' lang='lat' dir='ltr'><strong>patatlrt</strong></span> <span class='ocrx_word' id='word_1_112' title='bbox 760 1346 813 1391; x_wconf 85' lang='lat' dir='ltr'><strong>et</strong></span> <span class='ocrx_word' id='word_1_113' title='bbox 848 1337 1081 1407; x_wconf 75' lang='lat' dir='ltr'><strong>panibus</strong></span> <span class='ocrx_word' id='word_1_114' title='bbox 1128 1338 1372 1402; x_wconf 80' lang='lat' dir='ltr'><strong>mundis;</strong></span> <span class='ocrx_word' id='word_1_115' title='bbox 1415 1358 1433 1388; x_wconf 75' lang='grc' dir='ltr'><strong>ι</strong></span> <span class='ocrx_word' id='word_1_116' title='bbox 1485 1354 1549 1391; x_wconf 79' lang='lat' dir='ltr'><strong>ex</strong></span> <span class='ocrx_word' id='word_1_117' title='bbox 1603 1354 1710 1407; x_wconf 90' lang='lat' dir='ltr'><strong>quo</strong></span> <span class='ocrx_word' id='word_1_118' title='bbox 1760 1336 1971 1407; x_wconf 79' lang='lat' dir='ltr'><strong>videtur</strong></span> 
     </span>
    </p>
   </div>
   <div class='ocr_carea' id='block_1_17' title="bbox 408 1405 1967 1477">
    <p class='ocr_par' dir='ltr' id='par_1_17' title="bbox 408 1405 1967 1477">
     <span class='ocr_line' id='line_1_17' title="bbox 408 1405 1967 1477; baseline -0.002 -16"><span class='ocrx_word' id='word_1_119' title='bbox 408 1405 572 1461; x_wconf 82' lang='lat' dir='ltr'><strong>fuisse</strong></span> <span class='ocrx_word' id='word_1_120' title='bbox 604 1405 865 1477; x_wconf 81' lang='lat' dir='ltr'><strong>ascopcra</strong></span> <span class='ocrx_word' id='word_1_121' title='bbox 891 1408 1048 1462; x_wconf 83' lang='lat' dir='ltr'><strong>simul</strong></span> <span class='ocrx_word' id='word_1_122' title='bbox 1091 1417 1371 1477; x_wconf 86' lang='lat' dir='ltr'><strong>cumutrc,</strong></span> <span class='ocrx_word' id='word_1_123' title='bbox 1408 1408 1570 1460; x_wconf 84' lang='lat' dir='ltr'><strong>etiam</strong></span> <span class='ocrx_word' id='word_1_124' title='bbox 1616 1405 1967 1474; x_wconf 82' lang='lat' dir='ltr'><strong>marsupium,</strong></span> 
     </span>
    </p>
   </div>
   <div class='ocr_carea' id='block_1_18' title="bbox 407 1476 1972 1548">
    <p class='ocr_par' dir='ltr' id='par_1_18' title="bbox 407 1476 1972 1548">
     <span class='ocr_line' id='line_1_18' title="bbox 407 1476 1972 1548; baseline -0.004 -15"><span class='ocrx_word' id='word_1_125' title='bbox 407 1480 460 1533; x_wconf 92' lang='lat' dir='ltr'><strong>in</strong></span> <span class='ocrx_word' id='word_1_126' title='bbox 482 1494 587 1548; x_wconf 88' lang='lat' dir='ltr'><strong>quo</strong></span> <span class='ocrx_word' id='word_1_127' title='bbox 607 1476 756 1532; x_wconf 84' lang='lat' dir='ltr'><strong>cibos</strong></span> <span class='ocrx_word' id='word_1_128' title='bbox 784 1477 925 1532; x_wconf 86' lang='lat' dir='ltr'><strong>ferre</strong></span> <span class='ocrx_word' id='word_1_129' title='bbox 954 1478 1154 1533; x_wconf 83' lang='lat' dir='ltr'><strong>liceret.</strong></span> <span class='ocrx_word' id='word_1_130' title='bbox 1190 1476 1287 1531; x_wconf 85' lang='lat' dir='ltr'><strong>Est</strong></span> <span class='ocrx_word' id='word_1_131' title='bbox 1309 1486 1487 1532; x_wconf 89' lang='lat' dir='ltr'><strong>autem</strong></span> <span class='ocrx_word' id='word_1_132' title='bbox 1532 1478 1655 1548; x_wconf 64' lang='lat' dir='ltr'><strong>luce</strong></span> <span class='ocrx_word' id='word_1_133' title='bbox 1694 1476 1872 1537; x_wconf 88' lang='lat' dir='ltr'><strong>lectio,</strong></span> <span class='ocrx_word' id='word_1_134' title='bbox 1913 1482 1972 1527; x_wconf 90' lang='lat' dir='ltr'><strong>ut</strong></span> 
     </span>
    </p>
   </div>
   <div class='ocr_carea' id='block_1_19' title="bbox 317 1546 1969 1617">
    <p class='ocr_par' dir='ltr' id='par_1_19' title="bbox 317 1546 1969 1617">
     <span class='ocr_line' id='line_1_19' title="bbox 317 1546 1969 1617; baseline -0.002 -18"><span class='ocrx_word' id='word_1_135' title='bbox 317 1583 325 1596; x_wconf 84' lang='lat'><strong>.</strong></span> <span class='ocrx_word' id='word_1_136' title='bbox 406 1546 641 1612; x_wconf 73' lang='lat' dir='ltr'><strong>videtur,</strong></span> <span class='ocrx_word' id='word_1_137' title='bbox 671 1548 1015 1616; x_wconf 73' lang='lat' dir='ltr'><strong>probabilior,</strong></span> <span class='ocrx_word' id='word_1_138' title='bbox 1041 1548 1179 1617; x_wconf 88' lang='lat' dir='ltr'><strong>quod</strong></span> <span class='ocrx_word' id='word_1_139' title='bbox 1203 1548 1535 1601; x_wconf 74' lang='lat' dir='ltr'><strong>commodius</strong></span> <span class='ocrx_word' id='word_1_140' title='bbox 1559 1546 1779 1608; x_wconf 69' lang='lat' dir='ltr'><strong>faciunt,</strong></span> <span class='ocrx_word' id='word_1_141' title='bbox 1810 1559 1969 1613; x_wconf 88' lang='lat' dir='ltr'><strong>quam</strong></span> 
     </span>
    </p>
   </div>
   <div class='ocr_carea' id='block_1_20' title="bbox 406 1616 1971 1688">
    <p class='ocr_par' dir='ltr' id='par_1_20' title="bbox 406 1616 1971 1688">
     <span class='ocr_line' id='line_1_20' title="bbox 406 1616 1971 1688; baseline -0.004 -15"><span class='ocrx_word' id='word_1_142' title='bbox 406 1619 449 1673; x_wconf 88' lang='lat' dir='ltr'><strong>si</strong></span> <span class='ocrx_word' id='word_1_143' title='bbox 477 1619 746 1688; x_wconf 79' lang='lat' dir='ltr'><strong>polentam</strong></span> <span class='ocrx_word' id='word_1_144' title='bbox 783 1619 993 1672; x_wconf 76' lang='lat' dir='ltr'><strong>deferre</strong></span> <span class='ocrx_word' id='word_1_145' title='bbox 1020 1616 1201 1672; x_wconf 85' lang='lat' dir='ltr'><strong>secum</strong></span> <span class='ocrx_word' id='word_1_146' title='bbox 1233 1617 1463 1688; x_wconf 80' lang='lat' dir='ltr'><strong>licuerit,</strong></span> <span class='ocrx_word' id='word_1_147' title='bbox 1496 1627 1550 1671; x_wconf 93' lang='lat' dir='ltr'><strong>et</strong></span> <span class='ocrx_word' id='word_1_148' title='bbox 1579 1630 1794 1670; x_wconf 81' lang='lat' dir='ltr'><strong>rursum</strong></span> <span class='ocrx_word' id='word_1_149' title='bbox 1825 1616 1876 1667; x_wconf 89' lang='lat' dir='ltr'><strong>in</strong></span> <span class='ocrx_word' id='word_1_150' title='bbox 1905 1628 1971 1688; x_wconf 78' lang='lat' dir='ltr'><strong>eo</strong></span> 
     </span>
    </p>
   </div>
   <div class='ocr_carea' id='block_1_21' title="bbox 406 1683 1972 1758">
    <p class='ocr_par' dir='ltr' id='par_1_21' title="bbox 406 1683 1972 1758">
     <span class='ocr_line' id='line_1_21' title="bbox 406 1683 1972 1758; baseline -0.004 -16"><span class='ocrx_word' id='word_1_151' title='bbox 406 1683 547 1758; x_wconf 79' lang='lat' dir='ltr'><strong>quod</strong></span> <span class='ocrx_word' id='word_1_152' title='bbox 572 1689 710 1757; x_wconf 83' lang='lat' dir='ltr'><strong>legat</strong></span> <span class='ocrx_word' id='word_1_153' title='bbox 740 1689 976 1755; x_wconf 64' lang='lat' dir='ltr'><strong>palatina,</strong></span> <span class='ocrx_word' id='word_1_154' title='bbox 1014 1688 1228 1741; x_wconf 60' lang='lat' dir='ltr'><strong>videtur</strong></span> <span class='ocrx_word' id='word_1_155' title='bbox 1266 1689 1410 1740; x_wconf 87' lang='lat' dir='ltr'><strong>enim</strong></span> <span class='ocrx_word' id='word_1_156' title='bbox 1434 1687 1484 1740; x_wconf 92' lang='lat' dir='ltr'><strong>in</strong></span> <span class='ocrx_word' id='word_1_157' title='bbox 1509 1696 1695 1758; x_wconf 86' lang='lat' dir='ltr'><strong>nostro</strong></span> <span class='ocrx_word' id='word_1_158' title='bbox 1722 1691 1868 1758; x_wconf 76' lang='lat' dir='ltr'><strong>textu</strong></span> <span class='ocrx_word' id='word_1_159' title='bbox 1897 1683 1972 1736; x_wconf 84' lang='lat' dir='ltr'><strong>vi-</strong></span> 
     </span>
    </p>
   </div>
   <div class='ocr_carea' id='block_1_22' title="bbox 404 1756 1972 1827">
    <p class='ocr_par' dir='ltr' id='par_1_22' title="bbox 404 1756 1972 1827">
     <span class='ocr_line' id='line_1_22' title="bbox 404 1756 1972 1827; baseline -0.002 -17"><span class='ocrx_word' id='word_1_160' title='bbox 404 1756 542 1814; x_wconf 85' lang='lat' dir='ltr'><strong>tiose</strong></span> <span class='ocrx_word' id='word_1_161' title='bbox 587 1756 830 1827; x_wconf 84' lang='lat' dir='ltr'><strong>prorsum</strong></span> <span class='ocrx_word' id='word_1_162' title='bbox 859 1758 959 1825; x_wconf 78' lang='lat' dir='ltr'><strong>legi</strong></span> <span class='ocrx_word' id='word_1_163' title='bbox 991 1758 1210 1827; x_wconf 69' lang='lat' dir='ltr'><strong>laptiles,</strong></span> <span class='ocrx_word' id='word_1_164' title='bbox 1244 1758 1335 1811; x_wconf 86' lang='lat' dir='ltr'><strong>sed</strong></span> <span class='ocrx_word' id='word_1_165' title='bbox 1363 1757 1540 1826; x_wconf 81' lang='lat' dir='ltr'><strong>potius</strong></span> <span class='ocrx_word' id='word_1_166' title='bbox 1567 1756 1848 1826; x_wconf 83' lang='lat' dir='ltr'><strong>legendum</strong></span> <span class='ocrx_word' id='word_1_167' title='bbox 1876 1771 1972 1824; x_wconf 82' lang='lat' dir='ltr'><strong>pa-</strong></span> 
     </span>
    </p>
   </div>
   <div class='ocr_carea' id='block_1_23' title="bbox 406 1827 1968 1896">
    <p class='ocr_par' dir='ltr' id='par_1_23' title="bbox 406 1827 1968 1896">
     <span class='ocr_line' id='line_1_23' title="bbox 406 1827 1968 1896; baseline -0.003 -15"><span class='ocrx_word' id='word_1_168' title='bbox 406 1828 602 1893; x_wconf 88' lang='lat' dir='ltr'><strong>latbas,</strong></span> <span class='ocrx_word' id='word_1_169' title='bbox 633 1844 752 1882; x_wconf 86' lang='lat' dir='ltr'><strong>eum</strong></span> <span class='ocrx_word' id='word_1_170' title='bbox 793 1844 893 1881; x_wconf 75' lang='lat' dir='ltr'><strong>vox</strong></span> <span class='ocrx_word' id='word_1_171' title='bbox 925 1828 1010 1881; x_wconf 87' lang='lat' dir='ltr'><strong>illa</strong></span> <span class='ocrx_word' id='word_1_172' title='bbox 1046 1827 1399 1895; x_wconf 83' lang='lat' dir='ltr'><strong>scriptoribus</strong></span> <span class='ocrx_word' id='word_1_173' title='bbox 1424 1842 1643 1896; x_wconf 82' lang='lat' dir='ltr'><strong>prorsus</strong></span> <span class='ocrx_word' id='word_1_174' title='bbox 1676 1827 1856 1896; x_wconf 84' lang='lat' dir='ltr'><strong>ignota</strong></span> <span class='ocrx_word' id='word_1_175' title='bbox 1880 1827 1968 1880; x_wconf 87' lang='lat' dir='ltr'><strong>sit.</strong></span> 
     </span>
    </p>
   </div>
   <div class='ocr_carea' id='block_1_24' title="bbox 409 1896 1977 1967">
    <p class='ocr_par' dir='ltr' id='par_1_24' title="bbox 409 1896 1977 1967">
     <span class='ocr_line' id='line_1_24' title="bbox 409 1896 1977 1967; baseline -0.001 -16"><span class='ocrx_word' id='word_1_176' title='bbox 409 1896 1021 1952; x_wconf 77' lang='lat' dir='ltr'><strong>Palati&#39;vero‘.llesichio</strong></span> <span class='ocrx_word' id='word_1_177' title='bbox 1056 1906 1190 1951; x_wconf 72' lang='lat' dir='ltr'><strong>teste</strong></span> <span class='ocrx_word' id='word_1_178' title='bbox 1219 1911 1450 1950; x_wconf 86' lang='lat' dir='ltr'><strong>massam</strong></span> <span class='ocrx_word' id='word_1_179' title='bbox 1479 1897 1747 1967; x_wconf 85' lang='lat' dir='ltr'><strong>significat</strong></span> <span class='ocrx_word' id='word_1_180' title='bbox 1774 1896 1977 1967; x_wconf 86' lang='lat' dir='ltr'><strong>rarica-</strong></span> 
     </span>
    </p>
   </div>
   <div class='ocr_carea' id='block_1_25' title="bbox 407 1966 1982 2036">
    <p class='ocr_par' dir='ltr' id='par_1_25' title="bbox 407 1966 1982 2036">
     <span class='ocr_line' id='line_1_25' title="bbox 407 1966 1982 2036; baseline -0.001 -15"><span class='ocrx_word' id='word_1_181' title='bbox 407 1983 527 2021; x_wconf 86' lang='lat' dir='ltr'><strong>rum</strong></span> <span class='ocrx_word' id='word_1_182' title='bbox 575 1977 630 2022; x_wconf 89' lang='lat' dir='ltr'><strong>et</strong></span> <span class='ocrx_word' id='word_1_183' title='bbox 660 1968 909 2032; x_wconf 57' lang='lat' dir='ltr'><strong>“frenum;</strong></span> <span class='ocrx_word' id='word_1_184' title='bbox 965 1966 1163 2022; x_wconf 78' lang='lat' dir='ltr'><strong>dicitur</strong></span> <span class='ocrx_word' id='word_1_185' title='bbox 1211 1974 1387 2020; x_wconf 90' lang='lat' dir='ltr'><strong>autem</strong></span> <span class='ocrx_word' id='word_1_186' title='bbox 1429 1966 1581 2036; x_wconf 84' lang='lat' dir='ltr'><strong>quasi</strong></span> <span class='ocrx_word' id='word_1_187' title='bbox 1643 1966 1785 2020; x_wconf 88' lang='lat' dir='ltr'><strong>inter</strong></span> <span class='ocrx_word' id='word_1_188' title='bbox 1831 1966 1982 2036; x_wconf 86' lang='lat' dir='ltr'><strong>palas</strong></span> 
     </span>
    </p>
   </div>
   <div class='ocr_carea' id='block_1_26' title="bbox 408 2035 1982 2107">
    <p class='ocr_par' dir='ltr' id='par_1_26' title="bbox 408 2035 1982 2107">
     <span class='ocr_line' id='line_1_26' title="bbox 408 2035 1982 2107; baseline 0 -18"><span class='ocrx_word' id='word_1_189' title='bbox 408 2038 1045 2107; x_wconf 73' lang='lat' dir='ltr'><strong>compres5a.‘Eamdem</strong></span> <span class='ocrx_word' id='word_1_190' title='bbox 1099 2038 1261 2090; x_wconf 83' lang='lat' dir='ltr'><strong>etiam</strong></span> <span class='ocrx_word' id='word_1_191' title='bbox 1313 2035 1495 2107; x_wconf 83' lang='lat' dir='ltr'><strong>vocem</strong></span> <span class='ocrx_word' id='word_1_192' title='bbox 1550 2037 1790 2106; x_wconf 87' lang='lat' dir='ltr'><strong>reperire</strong></span> <span class='ocrx_word' id='word_1_193' title='bbox 1815 2046 1895 2090; x_wconf 89' lang='lat' dir='ltr'><strong>est</strong></span> <span class='ocrx_word' id='word_1_194' title='bbox 1941 2035 1982 2089; x_wconf 91' lang='lat' dir='ltr'><strong>ll</strong></span> 
     </span>
    </p>
   </div>
   <div class='ocr_carea' id='block_1_27' title="bbox 404 2106 1979 2178">
    <p class='ocr_par' dir='ltr' id='par_1_27' title="bbox 404 2106 1979 2178">
     <span class='ocr_line' id='line_1_27' title="bbox 404 2106 1979 2178; baseline 0 -18"><span class='ocrx_word' id='word_1_195' title='bbox 404 2106 653 2178; x_wconf 55' lang='lat' dir='ltr'><strong>ﬂeglxvt</strong></span> <span class='ocrx_word' id='word_1_196' title='bbox 687 2126 698 2159; x_wconf 92' lang='lat'><strong>:</strong></span> <span class='ocrx_word' id='word_1_197' title='bbox 736 2127 753 2155; x_wconf 77' lang='grc' dir='ltr'><strong>ι</strong></span> <span class='ocrx_word' id='word_1_198' title='bbox 784 2107 1214 2177; x_wconf 63' lang='grc' dir='ltr'><strong>Αριιίινιιὶιήεόἒίιίι</strong></span> <span class='ocrx_word' id='word_1_199' title='bbox 1250 2121 1380 2176; x_wconf 90' lang='lat' dir='ltr'><strong>puer</strong></span> <span class='ocrx_word' id='word_1_200' title='bbox 1411 2106 1854 2178; x_wconf 67' lang='lat' dir='ltr'><strong>Miphilroscthiu</strong></span> <span class='ocrx_word' id='word_1_201' title='bbox 1885 2122 1979 2160; x_wconf 87' lang='lat' dir='ltr'><strong>oc—</strong></span> 
     </span>
    </p>
   </div>
   <div class='ocr_carea' id='block_1_28' title="bbox 408 2176 1985 2247">
    <p class='ocr_par' dir='ltr' id='par_1_28' title="bbox 408 2176 1985 2247">
     <span class='ocr_line' id='line_1_28' title="bbox 408 2176 1985 2247; baseline -0.001 -17"><span class='ocrx_word' id='word_1_202' title='bbox 408 2176 627 2231; x_wconf 76' lang='lat' dir='ltr'><strong>cursum</strong></span> <span class='ocrx_word' id='word_1_203' title='bbox 662 2176 971 2232; x_wconf 23' lang='lat' dir='ltr'><strong>David’cum</strong></span> <span class='ocrx_word' id='word_1_204' title='bbox 1008 2180 1214 2233; x_wconf 82' lang='lat' dir='ltr'><strong>duobus</strong></span> <span class='ocrx_word' id='word_1_205' title='bbox 1247 2178 1434 2240; x_wconf 84' lang='lat' dir='ltr'><strong>asinis,</strong></span> <span class='ocrx_word' id='word_1_206' title='bbox 1467 2179 1557 2247; x_wconf 90' lang='lat' dir='ltr'><strong>qui</strong></span> <span class='ocrx_word' id='word_1_207' title='bbox 1586 2176 1795 2231; x_wconf 87' lang='lat' dir='ltr'><strong>onerati</strong></span> <span class='ocrx_word' id='word_1_208' title='bbox 1825 2185 1985 2230; x_wconf 88' lang='lat' dir='ltr'><strong>erant</strong></span> 
     </span>
    </p>
   </div>
   <div class='ocr_carea' id='block_1_29' title="bbox 408 2248 1980 2317">
    <p class='ocr_par' dir='ltr' id='par_1_29' title="bbox 408 2248 1980 2317">
     <span class='ocr_line' id='line_1_29' title="bbox 408 2248 1980 2317; baseline 0 -16"><span class='ocrx_word' id='word_1_209' title='bbox 408 2249 653 2302; x_wconf 88' lang='lat' dir='ltr'><strong>ducentis</strong></span> <span class='ocrx_word' id='word_1_210' title='bbox 676 2248 948 2317; x_wconf 83' lang='lat' dir='ltr'><strong>panibus,</strong></span> <span class='ocrx_word' id='word_1_211' title='bbox 980 2255 1033 2300; x_wconf 91' lang='lat' dir='ltr'><strong>et</strong></span> <span class='ocrx_word' id='word_1_212' title='bbox 1057 2257 1274 2303; x_wconf 82' lang='lat' dir='ltr'><strong>centum</strong></span> <span class='ocrx_word' id='word_1_213' title='bbox 1314 2248 1613 2317; x_wconf 76' lang='lat' dir='ltr'><strong>alligatoris</strong></span> <span class='ocrx_word' id='word_1_214' title='bbox 1644 2263 1758 2301; x_wconf 70' lang='lat' dir='ltr'><strong>uva:</strong></span> <span class='ocrx_word' id='word_1_215' title='bbox 1786 2262 1980 2317; x_wconf 65' lang='lat' dir='ltr'><strong>passae,</strong></span> 
     </span>
    </p>
   </div>
   <div class='ocr_carea' id='block_1_30' title="bbox 405 2316 1981 2387">
    <p class='ocr_par' dir='ltr' id='par_1_30' title="bbox 405 2316 1981 2387">
     <span class='ocr_line' id='line_1_30' title="bbox 405 2316 1981 2387; baseline 0.002 -19"><span class='ocrx_word' id='word_1_216' title='bbox 405 2326 462 2370; x_wconf 79' lang='lat' dir='ltr'><strong>et</strong></span> <span class='ocrx_word' id='word_1_217' title='bbox 490 2316 915 2386; x_wconf 69' lang='lat' dir='ltr'><strong>septentnxass‘is</strong></span> <span class='ocrx_word' id='word_1_218' title='bbox 941 2318 1347 2387; x_wconf 63' lang='lat' dir='ltr'><strong>palathartnu,»</strong></span> <span class='ocrx_word' id='word_1_219' title='bbox 1384 2316 1481 2387; x_wconf 87' lang='lat' dir='ltr'><strong>pro</strong></span> <span class='ocrx_word' id='word_1_220' title='bbox 1523 2333 1631 2386; x_wconf 93' lang='lat' dir='ltr'><strong>quo</strong></span> <span class='ocrx_word' id='word_1_221' title='bbox 1654 2318 1781 2386; x_wconf 80' lang='lat' dir='ltr'><strong>legit</strong></span> <span class='ocrx_word' id='word_1_222' title='bbox 1809 2316 1981 2371; x_wconf 73' lang='lat' dir='ltr'><strong>Gra-ci</strong></span> 
     </span>
    </p>
   </div>
   <div class='ocr_carea' id='block_1_31' title="bbox 408 2387 1983 2457">
    <p class='ocr_par' dir='ltr' id='par_1_31' title="bbox 408 2387 1983 2457">
     <span class='ocr_line' id='line_1_31' title="bbox 408 2387 1983 2457; baseline 0.001 -19"><span class='ocrx_word' id='word_1_223' title='bbox 408 2389 611 2442; x_wconf 83' lang='lat' dir='ltr'><strong>codicis</strong></span> <span class='ocrx_word' id='word_1_224' title='bbox 664 2389 962 2456; x_wconf 85' lang='lat' dir='ltr'><strong>interpres,</strong></span> <span class='ocrx_word' id='word_1_225' title='bbox 1022 2389 1217 2442; x_wconf 89' lang='lat' dir='ltr'><strong>ticuum</strong></span> <span class='ocrx_word' id='word_1_226' title='bbox 1271 2387 1620 2451; x_wconf 73' lang='lat' dir='ltr'><strong>:estivalinm;</strong></span> <span class='ocrx_word' id='word_1_227' title='bbox 1676 2402 1983 2457; x_wconf 84' lang='lat' dir='ltr'><strong>quanquam</strong></span> 
     </span>
    </p>
   </div>
   <div class='ocr_carea' id='block_1_32' title="bbox 409 2457 1983 2527">
    <p class='ocr_par' dir='ltr' id='par_1_32' title="bbox 409 2457 1983 2527">
     <span class='ocr_line' id='line_1_32' title="bbox 409 2457 1983 2527; baseline 0.001 -19"><span class='ocrx_word' id='word_1_228' title='bbox 409 2457 554 2509; x_wconf 89' lang='lat' dir='ltr'><strong>enim</strong></span> <span class='ocrx_word' id='word_1_229' title='bbox 608 2459 824 2527; x_wconf 86' lang='lat' dir='ltr'><strong>proprie</strong></span> <span class='ocrx_word' id='word_1_230' title='bbox 862 2473 1095 2511; x_wconf 84' lang='lat' dir='ltr'><strong>massam</strong></span> <span class='ocrx_word' id='word_1_231' title='bbox 1144 2459 1408 2526; x_wconf 70' lang='lat' dir='ltr'><strong>integrann</strong></span> <span class='ocrx_word' id='word_1_232' title='bbox 1461 2458 1731 2526; x_wconf 82' lang='lat' dir='ltr'><strong>signiticet</strong></span> <span class='ocrx_word' id='word_1_233' title='bbox 1786 2458 1983 2511; x_wconf 84' lang='lat' dir='ltr'><strong>licnum</strong></span> 
     </span>
    </p>
   </div>
   <div class='ocr_carea' id='block_1_33' title="bbox 412 2527 1985 2597">
    <p class='ocr_par' dir='ltr' id='par_1_33' title="bbox 412 2527 1985 2597">
     <span class='ocr_line' id='line_1_33' title="bbox 412 2527 1985 2597; baseline 0.003 -19"><span class='ocrx_word' id='word_1_234' title='bbox 412 2527 700 2597; x_wconf 84' lang='lat' dir='ltr'><strong>siccarum,</strong></span> <span class='ocrx_word' id='word_1_235' title='bbox 746 2529 858 2581; x_wconf 91' lang='lat' dir='ltr'><strong>sive</strong></span> <span class='ocrx_word' id='word_1_236' title='bbox 891 2529 1205 2589; x_wconf 87' lang='lat' dir='ltr'><strong>raricarum,</strong></span> <span class='ocrx_word' id='word_1_237' title='bbox 1257 2528 1540 2595; x_wconf 79' lang='lat' dir='ltr'><strong>utrobique</strong></span> <span class='ocrx_word' id='word_1_238' title='bbox 1586 2535 1763 2581; x_wconf 83' lang='lat' dir='ltr'><strong>tamen</strong></span> <span class='ocrx_word' id='word_1_239' title='bbox 1814 2527 1985 2597; x_wconf 86' lang='lat' dir='ltr'><strong>accipi</strong></span> 
     </span>
    </p>
   </div>
   <div class='ocr_carea' id='block_1_34' title="bbox 411 2596 1982 2667">
    <p class='ocr_par' dir='ltr' id='par_1_34' title="bbox 411 2596 1982 2667">
     <span class='ocr_line' id='line_1_34' title="bbox 411 2596 1982 2667; baseline 0.003 -21"><span class='ocrx_word' id='word_1_240' title='bbox 411 2596 626 2667; x_wconf 71' lang='lat' dir='ltr'><strong>videtur</strong></span> <span class='ocrx_word' id='word_1_241' title='bbox 658 2613 768 2667; x_wconf 84' lang='lat' dir='ltr'><strong>pro</strong></span> <span class='ocrx_word' id='word_1_242' title='bbox 786 2596 938 2665; x_wconf 66' lang='lat' dir='ltr'><strong>“ipsis</strong></span> <span class='ocrx_word' id='word_1_243' title='bbox 960 2598 1162 2651; x_wconf 73' lang='lat' dir='ltr'><strong>ﬁnibus</strong></span> <span class='ocrx_word' id='word_1_244' title='bbox 1188 2613 1337 2663; x_wconf 89' lang='lat' dir='ltr'><strong>usus,</strong></span> <span class='ocrx_word' id='word_1_245' title='bbox 1375 2600 1498 2651; x_wconf 90' lang='lat' dir='ltr'><strong>etin</strong></span> <span class='ocrx_word' id='word_1_246' title='bbox 1522 2596 1723 2664; x_wconf 85' lang='lat' dir='ltr'><strong>plurali</strong></span> <span class='ocrx_word' id='word_1_247' title='bbox 1746 2598 1982 2666; x_wconf 86' lang='lat' dir='ltr'><strong>ponitur.</strong></span> 
     </span>
    </p>
   </div>
   <div class='ocr_carea' id='block_1_35' title="bbox 489 2665 1987 2738">
    <p class='ocr_par' dir='ltr' id='par_1_35' title="bbox 489 2665 1987 2738">
     <span class='ocr_line' id='line_1_35' title="bbox 489 2665 1987 2738; baseline 0.003 -23"><span class='ocrx_word' id='word_1_248' title='bbox 489 2684 506 2715; x_wconf 74' lang='grc' dir='ltr'><strong>ι</strong></span> <span class='ocrx_word' id='word_1_249' title='bbox 529 2665 876 2721; x_wconf 61' lang='grc' dir='ltr'><strong>Νἰιιίῐιίιιιιριι</strong></span> <span class='ocrx_word' id='word_1_250' title='bbox 906 2670 1300 2738; x_wconf 79' lang='lat' dir='ltr'><strong>interrogantes</strong></span> <span class='ocrx_word' id='word_1_251' title='bbox 1323 2683 1441 2722; x_wconf 88' lang='lat' dir='ltr'><strong>eam</strong></span> <span class='ocrx_word' id='word_1_252' title='bbox 1465 2665 1790 2738; x_wconf 75' lang='lat' dir='ltr'><strong>dimiserunt</strong></span> <span class='ocrx_word' id='word_1_253' title='bbox 1812 2676 1987 2720; x_wconf 86' lang='lat' dir='ltr'><strong>trans-</strong></span> 
     </span>
    </p>
   </div>
   <div class='ocr_carea' id='block_1_36' title="bbox 414 2735 1986 2807">
    <p class='ocr_par' dir='ltr' id='par_1_36' title="bbox 414 2735 1986 2807">
     <span class='ocr_line' id='line_1_36' title="bbox 414 2735 1986 2807; baseline 0.003 -21"><span class='ocrx_word' id='word_1_254' title='bbox 414 2753 436 2786; x_wconf 72' lang='grc' dir='ltr'><strong>ι</strong></span> <span class='ocrx_word' id='word_1_255' title='bbox 477 2735 578 2807; x_wconf 86' lang='lat' dir='ltr'><strong>ire,</strong></span> <span class='ocrx_word' id='word_1_256' title='bbox 613 2755 631 2787; x_wconf 78' lang='grc' dir='ltr'><strong>ι</strong></span> <span class='ocrx_word' id='word_1_257' title='bbox 663 2747 767 2791; x_wconf 86' lang='lat' dir='ltr'><strong>etc.</strong></span> <span class='ocrx_word' id='word_1_258' title='bbox 794 2735 1183 2807; x_wconf 80' lang='lat' dir='ltr'><strong>Obteaiperant</strong></span> <span class='ocrx_word' id='word_1_259' title='bbox 1210 2739 1491 2801; x_wconf 88' lang='lat' dir='ltr'><strong>mamlato,</strong></span> <span class='ocrx_word' id='word_1_260' title='bbox 1519 2738 1660 2806; x_wconf 87' lang='lat' dir='ltr'><strong>quod</strong></span> <span class='ocrx_word' id='word_1_261' title='bbox 1691 2737 1821 2807; x_wconf 85' lang='lat' dir='ltr'><strong>ipsis</strong></span> <span class='ocrx_word' id='word_1_262' title='bbox 1850 2752 1986 2807; x_wconf 68' lang='lat' dir='ltr'><strong>prte-</strong></span> 
     </span>
    </p>
   </div>
   <div class='ocr_carea' id='block_1_37' title="bbox 411 2806 1984 2877">
    <p class='ocr_par' dir='ltr' id='par_1_37' title="bbox 411 2806 1984 2877">
     <span class='ocr_line' id='line_1_37' title="bbox 411 2806 1984 2877; baseline 0.002 -19"><span class='ocrx_word' id='word_1_263' title='bbox 411 2806 527 2859; x_wconf 90' lang='lat' dir='ltr'><strong>ced.</strong></span> <span class='ocrx_word' id='word_1_264' title='bbox 557 2821 674 2876; x_wconf 89' lang='lat' dir='ltr'><strong>cap.</strong></span> <span class='ocrx_word' id='word_1_265' title='bbox 728 2806 1058 2876; x_wconf 73' lang='lat' dir='ltr'><strong>injnnxcrat,</strong></span> <span class='ocrx_word' id='word_1_266' title='bbox 1107 2822 1173 2861; x_wconf 82' lang='lat' dir='ltr'><strong>ne</strong></span> <span class='ocrx_word' id='word_1_267' title='bbox 1224 2808 1363 2862; x_wconf 89' lang='lat' dir='ltr'><strong>facta</strong></span> <span class='ocrx_word' id='word_1_268' title='bbox 1403 2806 1526 2877; x_wconf 69' lang='lat' dir='ltr'><strong>ejus</strong></span> <span class='ocrx_word' id='word_1_269' title='bbox 1568 2806 1984 2871; x_wconf 71' lang='lat' dir='ltr'><strong>scrutarentur;</strong></span> 
     </span>
    </p>
   </div>
   <div class='ocr_carea' id='block_1_38' title="bbox 411 2877 1988 2932">
    <p class='ocr_par' dir='ltr' id='par_1_38' title="bbox 411 2877 1988 2932">
     <span class='ocr_line' id='line_1_38' title="bbox 411 2877 1988 2932; baseline 0.002 -4"><span class='ocrx_word' id='word_1_270' title='bbox 411 2885 652 2930; x_wconf 84' lang='lat' dir='ltr'><strong>tractans</strong></span> <span class='ocrx_word' id='word_1_271' title='bbox 697 2887 877 2932; x_wconf 85' lang='lat' dir='ltr'><strong>autem</strong></span> <span class='ocrx_word' id='word_1_272' title='bbox 915 2878 1099 2931; x_wconf 87' lang='lat' dir='ltr'><strong>locum</strong></span> <span class='ocrx_word' id='word_1_273' title='bbox 1139 2878 1283 2932; x_wconf 88' lang='lat' dir='ltr'><strong>lume</strong></span> <span class='ocrx_word' id='word_1_274' title='bbox 1298 2878 1628 2932; x_wconf 66' lang='lat' dir='ltr'><strong>Ambrosius</strong></span> <span class='ocrx_word' id='word_1_275' title='bbox 1662 2877 1799 2931; x_wconf 89' lang='lat' dir='ltr'><strong>libro</strong></span> <span class='ocrx_word' id='word_1_276' title='bbox 1830 2877 1988 2931; x_wconf 90' lang='lat' dir='ltr'><strong>tertio</strong></span> 
     </span>
    </p>
   </div>
   <div class='ocr_carea' id='block_1_39' title="bbox 413 2944 1989 3017">
    <p class='ocr_par' dir='ltr' id='par_1_39' title="bbox 413 2944 1989 3017">
     <span class='ocr_line' id='line_1_39' title="bbox 413 2944 1989 3017; baseline 0.003 -19"><span class='ocrx_word' id='word_1_277' title='bbox 413 2944 719 3001; x_wconf 81' lang='lat' dir='ltr'><strong>Otiiciorum</strong></span> <span class='ocrx_word' id='word_1_278' title='bbox 765 2962 883 3016; x_wconf 85' lang='lat' dir='ltr'><strong>cap.</strong></span> <span class='ocrx_word' id='word_1_279' title='bbox 919 2949 1076 3001; x_wconf 84' lang='lat' dir='ltr'><strong>tertio</strong></span> <span class='ocrx_word' id='word_1_280' title='bbox 1106 2965 1119 3001; x_wconf 91' lang='lat'><em>:</em></span> <span class='ocrx_word' id='word_1_281' title='bbox 1155 2952 1439 3014; x_wconf 56' lang='lat' dir='ltr'><strong>«Quanto,</strong></span> <span class='ocrx_word' id='word_1_282' title='bbox 1468 2949 1661 3017; x_wconf 87' lang='lat' dir='ltr'><strong>inquit,</strong></span> <span class='ocrx_word' id='word_1_283' title='bbox 1692 2948 1989 3002; x_wconf 82' lang='lat' dir='ltr'><strong>honestatis</strong></span> 
     </span>
    </p>
   </div>
   <div class='ocr_carea' id='block_1_40' title="bbox 413 3017 1986 3080">
    <p class='ocr_par' dir='ltr' id='par_1_40' title="bbox 413 3017 1986 3080">
     <span class='ocr_line' id='line_1_40' title="bbox 413 3017 1986 3080; baseline 0.002 -13"><span class='ocrx_word' id='word_1_284' title='bbox 413 3017 731 3080; x_wconf 88' lang='lat' dir='ltr'><strong>auctoritas,</strong></span> <span class='ocrx_word' id='word_1_285' title='bbox 765 3027 824 3072; x_wconf 93' lang='lat' dir='ltr'><strong>ut</strong></span> <span class='ocrx_word' id='word_1_286' title='bbox 864 3017 1145 3071; x_wconf 83' lang='lat' dir='ltr'><strong>consilium</strong></span> <span class='ocrx_word' id='word_1_287' title='bbox 1190 3019 1254 3073; x_wconf 87' lang='lat' dir='ltr'><strong>de</strong></span> <span class='ocrx_word' id='word_1_288' title='bbox 1298 3020 1524 3072; x_wconf 88' lang='lat' dir='ltr'><strong>summis</strong></span> <span class='ocrx_word' id='word_1_289' title='bbox 1575 3018 1735 3072; x_wconf 82' lang='lat' dir='ltr'><strong>rebus</strong></span> <span class='ocrx_word' id='word_1_290' title='bbox 1787 3018 1986 3071; x_wconf 82' lang='lat' dir='ltr'><strong>femina</strong></span> 
     </span>
    </p>
   </div>
   <div class='ocr_carea' id='block_1_41' title="bbox 413 3086 1982 3157">
    <p class='ocr_par' dir='ltr' id='par_1_41' title="bbox 413 3086 1982 3157">
     <span class='ocr_line' id='line_1_41' title="bbox 413 3086 1982 3157; baseline 0.003 -19"><span class='ocrx_word' id='word_1_291' title='bbox 413 3086 514 3157; x_wconf 84' lang='lat' dir='ltr'><strong>sibi</strong></span> <span class='ocrx_word' id='word_1_292' title='bbox 550 3087 880 3150; x_wconf 87' lang='lat' dir='ltr'><strong>vcndicaret,</strong></span> <span class='ocrx_word' id='word_1_293' title='bbox 914 3103 977 3141; x_wconf 89' lang='lat' dir='ltr'><strong>ac</strong></span> <span class='ocrx_word' id='word_1_294' title='bbox 1005 3087 1337 3157; x_wconf 89' lang='lat' dir='ltr'><strong>principibus</strong></span> <span class='ocrx_word' id='word_1_295' title='bbox 1370 3088 1549 3157; x_wconf 88' lang='lat' dir='ltr'><strong>populi</strong></span> <span class='ocrx_word' id='word_1_296' title='bbox 1590 3088 1982 3142; x_wconf 87' lang='lat' dir='ltr'><strong>committeret!</strong></span> 
     </span>
    </p>
   </div>
   <div class='ocr_carea' id='block_1_42' title="bbox 413 3156 1986 3228">
    <p class='ocr_par' dir='ltr' id='par_1_42' title="bbox 413 3156 1986 3228">
     <span class='ocr_line' id='line_1_42' title="bbox 413 3156 1986 3228; baseline 0.004 -21"><span class='ocrx_word' id='word_1_297' title='bbox 413 3156 627 3221; x_wconf 80' lang='lat' dir='ltr'><strong>Quanta</strong></span> <span class='ocrx_word' id='word_1_298' title='bbox 682 3157 979 3211; x_wconf 84' lang='lat' dir='ltr'><strong>honestatis</strong></span> <span class='ocrx_word' id='word_1_299' title='bbox 1008 3156 1322 3212; x_wconf 78' lang='lat' dir='ltr'><strong>auctoritas</strong></span> <span class='ocrx_word' id='word_1_300' title='bbox 1361 3156 1626 3213; x_wconf 25' lang='lat' dir='ltr'><strong>ut’Deum</strong></span> <span class='ocrx_word' id='word_1_301' title='bbox 1684 3158 1986 3228; x_wconf 80' lang='lat' dir='ltr'><strong>adjutorem</strong></span> 
     </span>
    </p>
   </div>
   <div class='ocr_carea' id='block_1_43' title="bbox 414 3228 1796 3298">
    <p class='ocr_par' dir='ltr' id='par_1_43' title="bbox 414 3228 1796 3298">
     <span class='ocr_line' id='line_1_43' title="bbox 414 3228 1796 3298; baseline 0.001 -19"><span class='ocrx_word' id='word_1_302' title='bbox 414 3235 786 3298; x_wconf 69' lang='lat' dir='ltr'><strong>prmsnmeret,</strong></span> <span class='ocrx_word' id='word_1_303' title='bbox 818 3237 1017 3297; x_wconf 84' lang='lat' dir='ltr'><strong>quanta</strong></span> <span class='ocrx_word' id='word_1_304' title='bbox 1054 3228 1227 3298; x_wconf 85' lang='lat' dir='ltr'><strong>gratia</strong></span> <span class='ocrx_word' id='word_1_305' title='bbox 1262 3238 1319 3283; x_wconf 92' lang='lat' dir='ltr'><strong>nt</strong></span> <span class='ocrx_word' id='word_1_306' title='bbox 1346 3229 1613 3282; x_wconf 84' lang='lat' dir='ltr'><strong>inveniret</strong></span> <span class='ocrx_word' id='word_1_307' title='bbox 1636 3229 1796 3282; x_wconf 86' lang='lat' dir='ltr'><strong>eum!</strong></span> 
     </span>
    </p>
   </div>
   <div class='ocr_carea' id='block_1_44' title="bbox 489 3295 1987 3353">
    <p class='ocr_par' dir='ltr' id='par_1_44' title="bbox 489 3295 1987 3353">
     <span class='ocr_line' id='line_1_44' title="bbox 489 3295 1987 3353; baseline 0.005 -7"><span class='ocrx_word' id='word_1_308' title='bbox 489 3314 508 3345; x_wconf 72' lang='grc' dir='ltr'><strong>ι</strong></span> <span class='ocrx_word' id='word_1_309' title='bbox 542 3295 765 3351; x_wconf 84' lang='lat' dir='ltr'><strong>Factum</strong></span> <span class='ocrx_word' id='word_1_310' title='bbox 814 3295 897 3352; x_wconf 83' lang='lat' dir='ltr'><strong>est</strong></span> <span class='ocrx_word' id='word_1_311' title='bbox 946 3295 1122 3352; x_wconf 70' lang='lat' dir='ltr'><strong>autem</strong></span> <span class='ocrx_word' id='word_1_312' title='bbox 1176 3315 1298 3353; x_wconf 88' lang='lat' dir='ltr'><strong>cum</strong></span> <span class='ocrx_word' id='word_1_313' title='bbox 1352 3299 1701 3353; x_wconf 82' lang='lat' dir='ltr'><strong>descenderet</strong></span> <span class='ocrx_word' id='word_1_314' title='bbox 1748 3306 1987 3353; x_wconf 85' lang='lat' dir='ltr'><strong>montem</strong></span> 
     </span>
    </p>
   </div>
   <div class='ocr_carea' id='block_1_45' title="bbox 418 3367 1985 3432">
    <p class='ocr_par' dir='ltr' id='par_1_45' title="bbox 418 3367 1985 3432">
     <span class='ocr_line' id='line_1_45' title="bbox 418 3367 1985 3432; baseline 0 -11"><span class='ocrx_word' id='word_1_315' title='bbox 418 3384 437 3414; x_wconf 71' lang='grc' dir='ltr'><strong>ε</strong></span> <span class='ocrx_word' id='word_1_316' title='bbox 471 3367 614 3421; x_wconf 88' lang='lat' dir='ltr'><strong>circa</strong></span> <span class='ocrx_word' id='word_1_317' title='bbox 646 3377 824 3421; x_wconf 87' lang='lat' dir='ltr'><strong>ortum</strong></span> <span class='ocrx_word' id='word_1_318' title='bbox 856 3368 985 3432; x_wconf 89' lang='lat' dir='ltr'><strong>diei,</strong></span> <span class='ocrx_word' id='word_1_319' title='bbox 1025 3387 1043 3419; x_wconf 75' lang='grc' dir='ltr'><strong>ι</strong></span> <span class='ocrx_word' id='word_1_320' title='bbox 1075 3378 1178 3423; x_wconf 88' lang='lat' dir='ltr'><strong>etc.</strong></span> <span class='ocrx_word' id='word_1_321' title='bbox 1212 3368 1329 3423; x_wconf 83' lang='lat' dir='ltr'><strong>.lam</strong></span> <span class='ocrx_word' id='word_1_322' title='bbox 1376 3369 1615 3422; x_wconf 86' lang='lat' dir='ltr'><strong>narratio</strong></span> <span class='ocrx_word' id='word_1_323' title='bbox 1662 3368 1985 3431; x_wconf 90' lang='lat' dir='ltr'><strong>instituitur,</strong></span> 
     </span>
    </p>
   </div>
   <div class='ocr_carea' id='block_1_46' title="bbox 412 3437 1989 3507">
    <p class='ocr_par' dir='ltr' id='par_1_46' title="bbox 412 3437 1989 3507">
     <span class='ocr_line' id='line_1_46' title="bbox 412 3437 1989 3507; baseline 0.003 -19"><span class='ocrx_word' id='word_1_324' title='bbox 412 3437 678 3504; x_wconf 88' lang='lat' dir='ltr'><strong>quontodo</strong></span> <span class='ocrx_word' id='word_1_325' title='bbox 702 3438 753 3492; x_wconf 91' lang='lat' dir='ltr'><strong>in</strong></span> <span class='ocrx_word' id='word_1_326' title='bbox 776 3454 968 3493; x_wconf 87' lang='lat' dir='ltr'><strong>manus</strong></span> <span class='ocrx_word' id='word_1_327' title='bbox 986 3439 1218 3492; x_wconf 85' lang='lat' dir='ltr'><strong>hostium</strong></span> <span class='ocrx_word' id='word_1_328' title='bbox 1233 3437 1423 3491; x_wconf 85' lang='lat' dir='ltr'><strong>Jndith</strong></span> <span class='ocrx_word' id='word_1_329' title='bbox 1446 3438 1747 3504; x_wconf 74' lang='lat' dir='ltr'><strong>devenerit,</strong></span> <span class='ocrx_word' id='word_1_330' title='bbox 1770 3453 1989 3507; x_wconf 86' lang='lat' dir='ltr'><strong>egressa</strong></span> 
     </span>
    </p>
   </div>
   <div class='ocr_carea' id='block_1_47' title="bbox 413 3507 1991 3562">
    <p class='ocr_par' dir='ltr' id='par_1_47' title="bbox 413 3507 1991 3562">
     <span class='ocr_line' id='line_1_47' title="bbox 413 3507 1991 3562; baseline 0.003 -4"><span class='ocrx_word' id='word_1_331' title='bbox 413 3514 497 3559; x_wconf 86' lang='lat' dir='ltr'><strong>est</strong></span> <span class='ocrx_word' id='word_1_332' title='bbox 544 3514 724 3561; x_wconf 87' lang='lat' dir='ltr'><strong>autem</strong></span> <span class='ocrx_word' id='word_1_333' title='bbox 790 3509 933 3562; x_wconf 86' lang='lat' dir='ltr'><strong>circa</strong></span> <span class='ocrx_word' id='word_1_334' title='bbox 986 3518 1161 3562; x_wconf 90' lang='lat' dir='ltr'><strong>ortum</strong></span> <span class='ocrx_word' id='word_1_335' title='bbox 1215 3508 1320 3561; x_wconf 89' lang='lat' dir='ltr'><strong>diei</strong></span> <span class='ocrx_word' id='word_1_336' title='bbox 1373 3516 1430 3561; x_wconf 88' lang='lat' dir='ltr'><strong>ut</strong></span> <span class='ocrx_word' id='word_1_337' title='bbox 1484 3507 1620 3561; x_wconf 89' lang='lat' dir='ltr'><strong>clam</strong></span> <span class='ocrx_word' id='word_1_338' title='bbox 1675 3509 1991 3562; x_wconf 88' lang='lat' dir='ltr'><strong>custodibus</strong></span> 
     </span>
    </p>
   </div>
   <div class='ocr_carea' id='block_1_48' title="bbox 414 3577 1987 3646">
    <p class='ocr_par' dir='ltr' id='par_1_48' title="bbox 414 3577 1987 3646">
     <span class='ocr_line' id='line_1_48' title="bbox 414 3577 1987 3646; baseline 0.003 -18"><span class='ocrx_word' id='word_1_339' title='bbox 414 3590 633 3645; x_wconf 80' lang='lat' dir='ltr'><strong>egressa</strong></span> <span class='ocrx_word' id='word_1_340' title='bbox 680 3579 1014 3641; x_wconf 83' lang='lat' dir='ltr'><strong>crcleretur,</strong></span> <span class='ocrx_word' id='word_1_341' title='bbox 1058 3588 1113 3633; x_wconf 91' lang='lat' dir='ltr'><strong>et</strong></span> <span class='ocrx_word' id='word_1_342' title='bbox 1161 3578 1241 3631; x_wconf 87' lang='lat' dir='ltr'><strong>sic</strong></span> <span class='ocrx_word' id='word_1_343' title='bbox 1283 3577 1492 3632; x_wconf 86' lang='lat' dir='ltr'><strong>facilius</strong></span> <span class='ocrx_word' id='word_1_344' title='bbox 1532 3578 1614 3632; x_wconf 89' lang='lat' dir='ltr'><strong>eis</strong></span> <span class='ocrx_word' id='word_1_345' title='bbox 1650 3578 1987 3646; x_wconf 83' lang='lat' dir='ltr'><strong>imponeret;</strong></span> 
     </span>
    </p>
   </div>
   <div class='ocr_carea' id='block_1_49' title="bbox 422 3645 1992 3719">
    <p class='ocr_par' dir='ltr' id='par_1_49' title="bbox 422 3645 1992 3719">
     <span class='ocr_line' id='line_1_49' title="bbox 422 3645 1992 3719; baseline 0.002 -19"><span class='ocrx_word' id='word_1_346' title='bbox 422 3645 598 3700; x_wconf 86' lang='lat' dir='ltr'><strong>solent</strong></span> <span class='ocrx_word' id='word_1_347' title='bbox 643 3648 787 3701; x_wconf 87' lang='lat' dir='ltr'><strong>enim</strong></span> <span class='ocrx_word' id='word_1_348' title='bbox 832 3648 945 3703; x_wconf 87' lang='lat' dir='ltr'><strong>fere</strong></span> <span class='ocrx_word' id='word_1_349' title='bbox 984 3648 1072 3702; x_wconf 89' lang='lat' dir='ltr'><strong>illa</strong></span> <span class='ocrx_word' id='word_1_350' title='bbox 1124 3649 1254 3702; x_wconf 88' lang='lat' dir='ltr'><strong>hora</strong></span> <span class='ocrx_word' id='word_1_351' title='bbox 1305 3663 1364 3702; x_wconf 90' lang='lat' dir='ltr'><strong>se</strong></span> <span class='ocrx_word' id='word_1_352' title='bbox 1405 3648 1473 3702; x_wconf 89' lang='lat' dir='ltr'><strong>ad</strong></span> <span class='ocrx_word' id='word_1_353' title='bbox 1518 3645 1765 3703; x_wconf 87' lang='lat' dir='ltr'><strong>somnum</strong></span> <span class='ocrx_word' id='word_1_354' title='bbox 1801 3648 1992 3719; x_wconf 83' lang='lat' dir='ltr'><strong>vigiles</strong></span> 
     </span>
    </p>
   </div>
   <div class='ocr_carea' id='block_1_50' title="bbox 355 3731 760 3785">
    <p class='ocr_par' dir='ltr' id='par_1_50' title="bbox 355 3731 760 3785">
     <span class='ocr_line' id='line_1_50' title="bbox 355 3731 760 3785; baseline 0.012 -20"><span class='ocrx_word' id='word_1_355' title='bbox 355 3760 359 3764; x_wconf 80' lang='lat'><strong>.</strong></span> <span class='ocrx_word' id='word_1_356' title='bbox 414 3731 760 3785; x_wconf 60' lang='lat' dir='ltr'><strong>componere.</strong></span> 
     </span>
    </p>
   </div>
   <div class='ocr_carea' id='block_1_51' title="bbox 493 3786 1988 3857">
    <p class='ocr_par' dir='ltr' id='par_1_51' title="bbox 493 3786 1988 3857">
     <span class='ocr_line' id='line_1_51' title="bbox 493 3786 1988 3857; baseline 0.003 -19"><span class='ocrx_word' id='word_1_357' title='bbox 493 3806 510 3837; x_wconf 75' lang='grc' dir='ltr'><strong>ι</strong></span> <span class='ocrx_word' id='word_1_358' title='bbox 555 3786 679 3840; x_wconf 82' lang='lat' dir='ltr'><strong>ideo</strong></span> <span class='ocrx_word' id='word_1_359' title='bbox 709 3786 946 3857; x_wconf 83' lang='lat' dir='ltr'><strong>ego&#39;fngi</strong></span> <span class='ocrx_word' id='word_1_360' title='bbox 979 3804 1008 3842; x_wconf 94' lang='lat' dir='ltr'><strong>a</strong></span> <span class='ocrx_word' id='word_1_361' title='bbox 1045 3787 1180 3842; x_wconf 85' lang='lat' dir='ltr'><strong>facie</strong></span> <span class='ocrx_word' id='word_1_362' title='bbox 1227 3803 1413 3841; x_wconf 90' lang='lat' dir='ltr'><strong>eorum</strong></span> <span class='ocrx_word' id='word_1_363' title='bbox 1449 3788 1703 3857; x_wconf 83' lang='lat' dir='ltr'><strong>quoniam</strong></span> <span class='ocrx_word' id='word_1_364' title='bbox 1751 3786 1988 3843; x_wconf 90' lang='lat' dir='ltr'><strong>futurum</strong></span> 
     </span>
    </p>
   </div>
   <div class='ocr_carea' id='block_1_52' title="bbox 420 3858 1988 3934">
    <p class='ocr_par' dir='ltr' id='par_1_52' title="bbox 420 3858 1988 3934">
     <span class='ocr_line' id='line_1_52' title="bbox 420 3858 1988 3934; baseline 0.001 -17"><span class='ocrx_word' id='word_1_365' title='bbox 420 3859 708 3934; x_wconf 48' lang='lat' dir='ltr'><strong>geogoovi,</strong></span> <span class='ocrx_word' id='word_1_366' title='bbox 725 3860 864 3931; x_wconf 75' lang='lat' dir='ltr'><strong>quod</strong></span> <span class='ocrx_word' id='word_1_367' title='bbox 886 3861 1079 3918; x_wconf 77' lang='lat' dir='ltr'><strong>dentur</strong></span> <span class='ocrx_word' id='word_1_368' title='bbox 1102 3858 1250 3916; x_wconf 67' lang='lat' dir='ltr'><strong>vehis</strong></span> <span class='ocrx_word' id='word_1_369' title='bbox 1271 3858 1325 3915; x_wconf 80' lang='lat' dir='ltr'><strong>iu</strong></span> <span class='ocrx_word' id='word_1_370' title='bbox 1347 3859 1824 3934; x_wconf 68' lang='lat' dir='ltr'><strong>ilcprazdationcm,</strong></span> <span class='ocrx_word' id='word_1_371' title='bbox 1846 3879 1863 3910; x_wconf 77' lang='grc' dir='ltr'><strong>ι</strong></span> <span class='ocrx_word' id='word_1_372' title='bbox 1883 3870 1988 3918; x_wconf 76' lang='lat' dir='ltr'><strong>etc.</strong></span> 
     </span>
    </p>
   </div>
   <div class='ocr_carea' id='block_1_53' title="bbox 415 3930 1993 4003">
    <p class='ocr_par' dir='ltr' id='par_1_53' title="bbox 415 3930 1993 4003">
     <span class='ocr_line' id='line_1_53' title="bbox 415 3930 1993 4003; baseline 0.002 -19"><span class='ocrx_word' id='word_1_373' title='bbox 415 3930 620 4003; x_wconf 10' lang='lat' dir='ltr'><strong>lrltec&#39;et</strong></span> <span class='ocrx_word' id='word_1_374' title='bbox 649 3930 928 4003; x_wconf 81' lang='lat' dir='ltr'><strong>sequentia</strong></span> <span class='ocrx_word' id='word_1_375' title='bbox 977 3933 1136 3989; x_wconf 90' lang='lat' dir='ltr'><strong>verba</strong></span> <span class='ocrx_word' id='word_1_376' title='bbox 1175 3950 1244 3988; x_wconf 87' lang='lat' dir='ltr'><strong>an</strong></span> <span class='ocrx_word' id='word_1_377' title='bbox 1286 3930 1591 3989; x_wconf 77' lang='lat' dir='ltr'><strong>excusanda</strong></span> <span class='ocrx_word' id='word_1_378' title='bbox 1630 3936 1739 3989; x_wconf 87' lang='lat' dir='ltr'><strong>sint</strong></span> <span class='ocrx_word' id='word_1_379' title='bbox 1767 3948 1797 3987; x_wconf 88' lang='lat' dir='ltr'><strong>a</strong></span> <span class='ocrx_word' id='word_1_380' title='bbox 1826 3949 1993 3990; x_wconf 79' lang='lat' dir='ltr'><strong>.tncn-</strong></span> 
     </span>
    </p>
   </div>
   <div class='ocr_carea' id='block_1_54' title="bbox 412 4002 1129 4073">
    <p class='ocr_par' dir='ltr' id='par_1_54' title="bbox 412 4002 1129 4073">
     <span class='ocr_line' id='line_1_54' title="bbox 412 4002 1129 4073; baseline 0.001 -16"><span class='ocrx_word' id='word_1_381' title='bbox 412 4002 567 4073; x_wconf 87' lang='lat' dir='ltr'><strong>daeio</strong></span> <span class='ocrx_word' id='word_1_382' title='bbox 595 4002 835 4059; x_wconf 84' lang='lat' dir='ltr'><strong>dicemus</strong></span> <span class='ocrx_word' id='word_1_383' title='bbox 866 4020 983 4073; x_wconf 81' lang='lat' dir='ltr'><strong>cap.</strong></span> <span class='ocrx_word' id='word_1_384' title='bbox 1012 4020 1129 4073; x_wconf 84' lang='lat' dir='ltr'><strong>seq.</strong></span> 
     </span>
    </p>
   </div>
   <div class='ocr_carea' id='block_1_55' title="bbox 491 4072 1987 4140">
    <p class='ocr_par' dir='ltr' id='par_1_55' title="bbox 491 4072 1987 4140">
     <span class='ocr_line' id='line_1_55' title="bbox 491 4072 1987 4140; baseline 0.002 -15"><span class='ocrx_word' id='word_1_385' title='bbox 491 4090 508 4120; x_wconf 79' lang='grc' dir='ltr'><strong>ι</strong></span> <span class='ocrx_word' id='word_1_386' title='bbox 546 4072 613 4125; x_wconf 81' lang='lat' dir='ltr'><strong>Et</strong></span> <span class='ocrx_word' id='word_1_387' title='bbox 643 4074 896 4129; x_wconf 73' lang='lat' dir='ltr'><strong>dixerunt</strong></span> <span class='ocrx_word' id='word_1_388' title='bbox 922 4072 987 4129; x_wconf 81' lang='lat' dir='ltr'><strong>ad</strong></span> <span class='ocrx_word' id='word_1_389' title='bbox 1007 4072 1128 4129; x_wconf 87' lang='lat' dir='ltr'><strong>eam</strong></span> <span class='ocrx_word' id='word_1_390' title='bbox 1153 4093 1164 4126; x_wconf 94' lang='lat'><strong>:</strong></span> <span class='ocrx_word' id='word_1_391' title='bbox 1191 4073 1529 4130; x_wconf 85' lang='lat' dir='ltr'><strong>Conservasti</strong></span> <span class='ocrx_word' id='word_1_392' title='bbox 1554 4074 1788 4128; x_wconf 85' lang='lat' dir='ltr'><strong>animam</strong></span> <span class='ocrx_word' id='word_1_393' title='bbox 1812 4081 1987 4140; x_wconf 86' lang='lat' dir='ltr'><strong>tuam;</strong></span> 
     </span>
    </p>
   </div>
   <div class='ocr_carea' id='block_1_56' title="bbox 421 4142 1984 4214">
    <p class='ocr_par' dir='ltr' id='par_1_56' title="bbox 421 4142 1984 4214">
     <span class='ocr_line' id='line_1_56' title="bbox 421 4142 1984 4214; baseline 0.001 -18"><span class='ocrx_word' id='word_1_394' title='bbox 421 4159 439 4190; x_wconf 75' lang='grc' dir='ltr'><strong>ι</strong></span> <span class='ocrx_word' id='word_1_395' title='bbox 477 4142 849 4214; x_wconf 76' lang='lat' dir='ltr'><strong>duxeruntque</strong></span> <span class='ocrx_word' id='word_1_396' title='bbox 871 4144 1011 4198; x_wconf 86' lang='lat' dir='ltr'><strong>illam</strong></span> <span class='ocrx_word' id='word_1_397' title='bbox 1038 4146 1106 4199; x_wconf 91' lang='lat' dir='ltr'><strong>ad</strong></span> <span class='ocrx_word' id='word_1_398' title='bbox 1140 4144 1545 4199; x_wconf 90' lang='lat' dir='ltr'><strong>tabernaculum</strong></span> <span class='ocrx_word' id='word_1_399' title='bbox 1573 4144 1984 4214; x_wconf 60' lang='lat' dir='ltr'><strong>llolophernis,»</strong></span> 
     </span>
    </p>
   </div>
   <div class='ocr_carea' id='block_1_57' title="bbox 412 4211 1989 4270">
    <p class='ocr_par' dir='ltr' id='par_1_57' title="bbox 412 4211 1989 4270">
     <span class='ocr_line' id='line_1_57' title="bbox 412 4211 1989 4270; baseline 0.003 -6"><span class='ocrx_word' id='word_1_400' title='bbox 412 4220 518 4265; x_wconf 86' lang='lat' dir='ltr'><strong>etc.</strong></span> <span class='ocrx_word' id='word_1_401' title='bbox 539 4211 702 4267; x_wconf 85' lang='lat' dir='ltr'><strong>Paulo</strong></span> <span class='ocrx_word' id='word_1_402' title='bbox 729 4211 884 4267; x_wconf 81' lang='lat' dir='ltr'><strong>latius</strong></span> <span class='ocrx_word' id='word_1_403' title='bbox 914 4216 1014 4269; x_wconf 89' lang='lat' dir='ltr'><strong>hoc</strong></span> <span class='ocrx_word' id='word_1_404' title='bbox 1042 4224 1226 4268; x_wconf 89' lang='lat' dir='ltr'><strong>narrat</strong></span> <span class='ocrx_word' id='word_1_405' title='bbox 1251 4214 1419 4268; x_wconf 71' lang='lat' dir='ltr'><strong>codex</strong></span> <span class='ocrx_word' id='word_1_406' title='bbox 1445 4214 1664 4270; x_wconf 68' lang='lat' dir='ltr'><strong>Grazcus</strong></span> <span class='ocrx_word' id='word_1_407' title='bbox 1692 4211 1755 4267; x_wconf 62' lang='grc' dir='ltr'><strong>ί(</strong></span> <span class='ocrx_word' id='word_1_408' title='bbox 1786 4215 1849 4268; x_wconf 84' lang='lat' dir='ltr'><strong>Et</strong></span> <span class='ocrx_word' id='word_1_409' title='bbox 1877 4215 1989 4269; x_wconf 85' lang='lat' dir='ltr'><strong>elc-</strong></span> 
     </span>
    </p>
   </div>
   <div class='ocr_carea' id='block_1_58' title="bbox 413 4284 1989 4354">
    <p class='ocr_par' dir='ltr' id='par_1_58' title="bbox 413 4284 1989 4354">
     <span class='ocr_line' id='line_1_58' title="bbox 413 4284 1989 4354; baseline 0.002 -19"><span class='ocrx_word' id='word_1_410' title='bbox 413 4291 607 4351; x_wconf 82' lang='lat' dir='ltr'><strong>geruut</strong></span> <span class='ocrx_word' id='word_1_411' title='bbox 630 4300 703 4354; x_wconf 79' lang='lat' dir='ltr'><strong>ex</strong></span> <span class='ocrx_word' id='word_1_412' title='bbox 735 4284 813 4338; x_wconf 91' lang='lat' dir='ltr'><strong>eis</strong></span> <span class='ocrx_word' id='word_1_413' title='bbox 847 4284 990 4339; x_wconf 88' lang='lat' dir='ltr'><strong>viros</strong></span> <span class='ocrx_word' id='word_1_414' title='bbox 1019 4295 1233 4339; x_wconf 89' lang='lat' dir='ltr'><strong>centum</strong></span> <span class='ocrx_word' id='word_1_415' title='bbox 1261 4294 1315 4339; x_wconf 90' lang='lat' dir='ltr'><strong>et</strong></span> <span class='ocrx_word' id='word_1_416' title='bbox 1350 4300 1582 4339; x_wconf 83' lang='lat' dir='ltr'><strong>currum.</strong></span> <span class='ocrx_word' id='word_1_417' title='bbox 1591 4285 1885 4354; x_wconf 80' lang='lat' dir='ltr'><strong>junxerunt</strong></span> <span class='ocrx_word' id='word_1_418' title='bbox 1917 4286 1989 4347; x_wconf 93' lang='lat' dir='ltr'><strong>ci,</strong></span> 
     </span>
    </p>
   </div>
   <div class='ocr_carea' id='block_1_59' title="bbox 411 4352 1994 4424">
    <p class='ocr_par' dir='ltr' id='par_1_59' title="bbox 411 4352 1994 4424">
     <span class='ocr_line' id='line_1_59' title="bbox 411 4352 1994 4424; baseline 0.003 -19"><span class='ocrx_word' id='word_1_419' title='bbox 411 4361 468 4424; x_wconf 84' lang='lat' dir='ltr'><strong>et</strong></span> <span class='ocrx_word' id='word_1_420' title='bbox 502 4352 709 4409; x_wconf 64' lang='lat' dir='ltr'><strong>ancillae</strong></span> <span class='ocrx_word' id='word_1_421' title='bbox 756 4354 891 4424; x_wconf 88' lang='lat' dir='ltr'><strong>ejus,</strong></span> <span class='ocrx_word' id='word_1_422' title='bbox 935 4363 989 4410; x_wconf 89' lang='lat' dir='ltr'><strong>et</strong></span> <span class='ocrx_word' id='word_1_423' title='bbox 1034 4356 1319 4419; x_wconf 75' lang='lat' dir='ltr'><strong>duxerunt,</strong></span> <span class='ocrx_word' id='word_1_424' title='bbox 1357 4375 1375 4406; x_wconf 71' lang='grc' dir='ltr'><strong>ι</strong></span> <span class='ocrx_word' id='word_1_425' title='bbox 1412 4365 1514 4410; x_wconf 90' lang='lat' dir='ltr'><strong>etc.</strong></span> <span class='ocrx_word' id='word_1_426' title='bbox 1545 4352 1732 4409; x_wconf 82' lang='lat' dir='ltr'><strong>Prodit</strong></span> <span class='ocrx_word' id='word_1_427' title='bbox 1775 4355 1994 4423; x_wconf 83' lang='lat' dir='ltr'><strong>(inquit</strong></span> 
     </span>
    </p>
   </div>
   <div class='ocr_carea' id='block_1_60' title="bbox 410 4421 1990 4495">
    <p class='ocr_par' dir='ltr' id='par_1_60' title="bbox 410 4421 1990 4495">
     <span class='ocr_line' id='line_1_60' title="bbox 410 4421 1990 4495; baseline 0.004 -21"><span class='ocrx_word' id='word_1_428' title='bbox 410 4421 548 4495; x_wconf 77' lang='lat' dir='ltr'><strong>Aug.</strong></span> <span class='ocrx_word' id='word_1_429' title='bbox 578 4421 826 4480; x_wconf 81' lang='lat' dir='ltr'><strong>sermone</strong></span> <span class='ocrx_word' id='word_1_430' title='bbox 847 4425 973 4489; x_wconf 67' lang='lat'><strong>228,</strong></span> <span class='ocrx_word' id='word_1_431' title='bbox 996 4426 1060 4479; x_wconf 82' lang='lat' dir='ltr'><strong>de</strong></span> <span class='ocrx_word' id='word_1_432' title='bbox 1092 4425 1362 4495; x_wconf 89' lang='lat' dir='ltr'><strong>tempore)</strong></span> <span class='ocrx_word' id='word_1_433' title='bbox 1392 4440 1581 4479; x_wconf 89' lang='lat' dir='ltr'><strong>secura</strong></span> <span class='ocrx_word' id='word_1_434' title='bbox 1614 4426 1772 4479; x_wconf 88' lang='lat' dir='ltr'><strong>unius</strong></span> <span class='ocrx_word' id='word_1_435' title='bbox 1799 4421 1990 4493; x_wconf 72' lang='lat' dir='ltr'><strong>puclla:</strong></span> 
     </span>
    </p>
   </div>
   <div class='ocr_carea' id='block_1_61' title="bbox 412 4493 1988 4566">
    <p class='ocr_par' dir='ltr' id='par_1_61' title="bbox 412 4493 1988 4566">
     <span class='ocr_line' id='line_1_61' title="bbox 412 4493 1988 4566; baseline 0.002 -20"><span class='ocrx_word' id='word_1_436' title='bbox 412 4493 668 4566; x_wconf 87' lang='lat' dir='ltr'><strong>comitatu</strong></span> <span class='ocrx_word' id='word_1_437' title='bbox 695 4505 962 4560; x_wconf 87' lang='lat' dir='ltr'><strong>contenta,</strong></span> <span class='ocrx_word' id='word_1_438' title='bbox 991 4504 1045 4548; x_wconf 92' lang='lat' dir='ltr'><strong>et</strong></span> <span class='ocrx_word' id='word_1_439' title='bbox 1074 4493 1308 4549; x_wconf 74' lang='lat' dir='ltr'><strong>hostium</strong></span> <span class='ocrx_word' id='word_1_440' title='bbox 1337 4493 1542 4549; x_wconf 75' lang='lat' dir='ltr'><strong>Securis</strong></span> <span class='ocrx_word' id='word_1_441' title='bbox 1564 4495 1838 4566; x_wconf 82' lang='lat' dir='ltr'><strong>gressibus</strong></span> <span class='ocrx_word' id='word_1_442' title='bbox 1861 4510 1988 4563; x_wconf 80' lang='lat' dir='ltr'><strong>pro-</strong></span> 
     </span>
    </p>
   </div>
   <div class='ocr_carea' id='block_1_62' title="bbox 412 4564 1987 4630">
    <p class='ocr_par' dir='ltr' id='par_1_62' title="bbox 412 4564 1987 4630">
     <span class='ocr_line' id='line_1_62' title="bbox 412 4564 1987 4630; baseline 0.003 -14"><span class='ocrx_word' id='word_1_443' title='bbox 412 4564 621 4630; x_wconf 85' lang='lat' dir='ltr'><strong>peravit</strong></span> <span class='ocrx_word' id='word_1_444' title='bbox 649 4565 702 4617; x_wconf 92' lang='lat' dir='ltr'><strong>in</strong></span> <span class='ocrx_word' id='word_1_445' title='bbox 737 4575 935 4619; x_wconf 83' lang='lat' dir='ltr'><strong>castra.</strong></span> <span class='ocrx_word' id='word_1_446' title='bbox 972 4566 1114 4618; x_wconf 89' lang='lat' dir='ltr'><strong>Intra</strong></span> <span class='ocrx_word' id='word_1_447' title='bbox 1162 4582 1346 4620; x_wconf 87' lang='lat' dir='ltr'><strong>umros</strong></span> <span class='ocrx_word' id='word_1_448' title='bbox 1376 4564 1601 4621; x_wconf 77' lang='lat' dir='ltr'><strong>sollicita</strong></span> <span class='ocrx_word' id='word_1_449' title='bbox 1634 4565 1754 4629; x_wconf 92' lang='lat' dir='ltr'><strong>fuit,</strong></span> <span class='ocrx_word' id='word_1_450' title='bbox 1797 4581 1987 4620; x_wconf 88' lang='lat' dir='ltr'><strong>secura</strong></span> 
     </span>
    </p>
   </div>
   <div class='ocr_carea' id='block_1_63' title="bbox 414 4630 1988 4703">
    <p class='ocr_par' dir='ltr' id='par_1_63' title="bbox 414 4630 1988 4703">
     <span class='ocr_line' id='line_1_63' title="bbox 414 4630 1988 4703; baseline 0.004 -20"><span class='ocrx_word' id='word_1_451' title='bbox 414 4630 477 4703; x_wconf 79' lang='lat' dir='ltr'><strong>fit</strong></span> <span class='ocrx_word' id='word_1_452' title='bbox 505 4647 627 4686; x_wconf 89' lang='lat' dir='ltr'><strong>cum</strong></span> <span class='ocrx_word' id='word_1_453' title='bbox 666 4634 732 4703; x_wconf 88' lang='lat' dir='ltr'><strong>ad</strong></span> <span class='ocrx_word' id='word_1_454' title='bbox 778 4634 1012 4688; x_wconf 84' lang='lat' dir='ltr'><strong>timenda</strong></span> <span class='ocrx_word' id='word_1_455' title='bbox 1040 4636 1335 4703; x_wconf 55' lang='lat' dir='ltr'><strong>.pervenit;</strong></span> <span class='ocrx_word' id='word_1_456' title='bbox 1379 4636 1431 4689; x_wconf 93' lang='lat' dir='ltr'><strong>in</strong></span> <span class='ocrx_word' id='word_1_457' title='bbox 1471 4650 1577 4703; x_wconf 89' lang='lat' dir='ltr'><strong>qua</strong></span> <span class='ocrx_word' id='word_1_458' title='bbox 1617 4634 1815 4688; x_wconf 81' lang='lat' dir='ltr'><strong>femina</strong></span> <span class='ocrx_word' id='word_1_459' title='bbox 1856 4635 1988 4689; x_wconf 87' lang='lat' dir='ltr'><strong>insi-</strong></span> 
     </span>
    </p>
   </div>
   <div class='ocr_carea' id='block_1_64' title="bbox 416 4699 1991 4770">
    <p class='ocr_par' dir='ltr' id='par_1_64' title="bbox 416 4699 1991 4770">
     <span class='ocr_line' id='line_1_64' title="bbox 416 4699 1991 4770; baseline 0.004 -17"><span class='ocrx_word' id='word_1_460' title='bbox 416 4699 579 4770; x_wconf 68' lang='lat' dir='ltr'><strong>diosa:</strong></span> <span class='ocrx_word' id='word_1_461' title='bbox 608 4702 1020 4770; x_wconf 89' lang='lat' dir='ltr'><strong>pulchritudinis</strong></span> <span class='ocrx_word' id='word_1_462' title='bbox 1048 4699 1337 4758; x_wconf 81' lang='lat' dir='ltr'><strong>novitatem</strong></span> <span class='ocrx_word' id='word_1_463' title='bbox 1372 4699 1580 4760; x_wconf 84' lang='lat' dir='ltr'><strong>hostilis</strong></span> <span class='ocrx_word' id='word_1_464' title='bbox 1608 4704 1880 4759; x_wconf 73' lang='lat' dir='ltr'><strong>exercitus</strong></span> <span class='ocrx_word' id='word_1_465' title='bbox 1903 4720 1991 4760; x_wconf 90' lang='lat' dir='ltr'><strong>vc-</strong></span> 
     </span>
    </p>
   </div>
   <div class='ocr_carea' id='block_1_65' title="bbox 414 4768 1992 4844">
    <p class='ocr_par' dir='ltr' id='par_1_65' title="bbox 414 4768 1992 4844">
     <span class='ocr_line' id='line_1_65' title="bbox 414 4768 1992 4844; baseline 0.003 -21"><span class='ocrx_word' id='word_1_466' title='bbox 414 4768 697 4826; x_wconf 81' lang='lat' dir='ltr'><strong>hementcr</strong></span> <span class='ocrx_word' id='word_1_467' title='bbox 724 4773 962 4844; x_wconf 77' lang='lat' dir='ltr'><strong>expavit,</strong></span> <span class='ocrx_word' id='word_1_468' title='bbox 991 4782 1049 4827; x_wconf 91' lang='lat' dir='ltr'><strong>nt</strong></span> <span class='ocrx_word' id='word_1_469' title='bbox 1096 4774 1148 4827; x_wconf 87' lang='lat' dir='ltr'><strong>in</strong></span> <span class='ocrx_word' id='word_1_470' title='bbox 1186 4772 1301 4842; x_wconf 91' lang='lat' dir='ltr'><strong>ejns</strong></span> <span class='ocrx_word' id='word_1_471' title='bbox 1323 4776 1581 4844; x_wconf 85' lang='lat' dir='ltr'><strong>obsequio</strong></span> <span class='ocrx_word' id='word_1_472' title='bbox 1614 4775 1755 4828; x_wconf 89' lang='lat' dir='ltr'><strong>vires</strong></span> <span class='ocrx_word' id='word_1_473' title='bbox 1778 4776 1992 4828; x_wconf 88' lang='lat' dir='ltr'><strong>amitte-</strong></span> 
     </span>
    </p>
   </div>
   <div class='ocr_carea' id='block_1_66' title="bbox 414 4842 1990 4912">
    <p class='ocr_par' dir='ltr' id='par_1_66' title="bbox 414 4842 1990 4912">
     <span class='ocr_line' id='line_1_66' title="bbox 414 4842 1990 4912; baseline 0.004 -21"><span class='ocrx_word' id='word_1_474' title='bbox 414 4848 556 4904; x_wconf 90' lang='lat' dir='ltr'><strong>rent,</strong></span> <span class='ocrx_word' id='word_1_475' title='bbox 583 4858 732 4896; x_wconf 88' lang='lat' dir='ltr'><strong>arma</strong></span> <span class='ocrx_word' id='word_1_476' title='bbox 780 4842 1124 4912; x_wconf 88' lang='lat' dir='ltr'><strong>projicerent,</strong></span> <span class='ocrx_word' id='word_1_477' title='bbox 1156 4853 1210 4897; x_wconf 88' lang='lat' dir='ltr'><strong>et</strong></span> <span class='ocrx_word' id='word_1_478' title='bbox 1232 4845 1378 4899; x_wconf 79' lang='lat' dir='ltr'><strong>colla</strong></span> <span class='ocrx_word' id='word_1_479' title='bbox 1420 4842 1729 4899; x_wconf 75' lang='lat' dir='ltr'><strong>curvarent.</strong></span> <span class='ocrx_word' id='word_1_480' title='bbox 1764 4844 1990 4899; x_wconf 85' lang='lat' dir='ltr'><strong>Deduci-</strong></span> 
     </span>
    </p>
   </div>
   <div class='ocr_carea' id='block_1_67' title="bbox 416 4912 1991 4983">
    <p class='ocr_par' dir='ltr' id='par_1_67' title="bbox 416 4912 1991 4983">
     <span class='ocr_line' id='line_1_67' title="bbox 416 4912 1991 4983; baseline 0.004 -20"><span class='ocrx_word' id='word_1_481' title='bbox 416 4917 504 4983; x_wconf 88' lang='lat' dir='ltr'><strong>tur</strong></span> <span class='ocrx_word' id='word_1_482' title='bbox 531 4912 598 4965; x_wconf 88' lang='lat' dir='ltr'><strong>ad</strong></span> <span class='ocrx_word' id='word_1_483' title='bbox 646 4916 953 4983; x_wconf 62' lang='lat' dir='ltr'><strong>praetorium</strong></span> <span class='ocrx_word' id='word_1_484' title='bbox 998 4913 1251 4983; x_wconf 81' lang='lat' dir='ltr'><strong>subjectis</strong></span> <span class='ocrx_word' id='word_1_485' title='bbox 1295 4916 1595 4981; x_wconf 88' lang='lat' dir='ltr'><strong>ordinibus,</strong></span> <span class='ocrx_word' id='word_1_486' title='bbox 1639 4916 1789 4969; x_wconf 86' lang='lat' dir='ltr'><strong>fraus</strong></span> <span class='ocrx_word' id='word_1_487' title='bbox 1833 4914 1991 4969; x_wconf 87' lang='lat' dir='ltr'><strong>llolo-</strong></span> 
     </span>
    </p>
   </div>
   <div class='ocr_carea' id='block_1_68' title="bbox 416 4982 1517 5054">
    <p class='ocr_par' dir='ltr' id='par_1_68' title="bbox 416 4982 1517 5054">
     <span class='ocr_line' id='line_1_68' title="bbox 416 4982 1517 5054; baseline 0.003 -21"><span class='ocrx_word' id='word_1_488' title='bbox 416 4982 655 5054; x_wconf 82' lang='lat' dir='ltr'><strong>pheruis,</strong></span> <span class='ocrx_word' id='word_1_489' title='bbox 682 4992 737 5038; x_wconf 90' lang='lat' dir='ltr'><strong>et</strong></span> <span class='ocrx_word' id='word_1_490' title='bbox 763 4983 991 5054; x_wconf 80' lang='lat' dir='ltr'><strong>lugentis</strong></span> <span class='ocrx_word' id='word_1_491' title='bbox 1013 4982 1238 5039; x_wconf 86' lang='lat' dir='ltr'><strong>victoria</strong></span> <span class='ocrx_word' id='word_1_492' title='bbox 1265 4986 1517 5040; x_wconf 87' lang='lat' dir='ltr'><strong>civitatis.</strong></span> 
     </span>
    </p>
   </div>
   <div class='ocr_carea' id='block_1_69' title="bbox 492 5052 1990 5123">
    <p class='ocr_par' dir='ltr' id='par_1_69' title="bbox 492 5052 1990 5123">
     <span class='ocr_line' id='line_1_69' title="bbox 492 5052 1990 5123; baseline 0.005 -22"><span class='ocrx_word' id='word_1_493' title='bbox 492 5068 509 5100; x_wconf 77' lang='grc' dir='ltr'><strong>ι</strong></span> <span class='ocrx_word' id='word_1_494' title='bbox 540 5052 780 5123; x_wconf 85' lang='lat' dir='ltr'><strong>Cumque</strong></span> <span class='ocrx_word' id='word_1_495' title='bbox 822 5052 1073 5109; x_wconf 78' lang='lat' dir='ltr'><strong>intrasset</strong></span> <span class='ocrx_word' id='word_1_496' title='bbox 1119 5064 1244 5108; x_wconf 87' lang='lat' dir='ltr'><strong>ante</strong></span> <span class='ocrx_word' id='word_1_497' title='bbox 1271 5055 1462 5109; x_wconf 87' lang='lat' dir='ltr'><strong>faciem</strong></span> <span class='ocrx_word' id='word_1_498' title='bbox 1500 5053 1635 5122; x_wconf 86' lang='lat' dir='ltr'><strong>ejus,</strong></span> <span class='ocrx_word' id='word_1_499' title='bbox 1684 5054 1865 5109; x_wconf 86' lang='lat' dir='ltr'><strong>statim</strong></span> <span class='ocrx_word' id='word_1_500' title='bbox 1902 5069 1990 5109; x_wconf 85' lang='lat' dir='ltr'><strong>ca-</strong></span> 
     </span>
    </p>
   </div>
   <div class='ocr_carea' id='block_1_70' title="bbox 421 5124 1985 5200">
    <p class='ocr_par' dir='ltr' id='par_1_70' title="bbox 421 5124 1985 5200">
     <span class='ocr_line' id='line_1_70' title="bbox 421 5124 1985 5200; baseline 0.005 -30"><span class='ocrx_word' id='word_1_501' title='bbox 421 5139 458 5200; x_wconf 60' lang='lat' dir='ltr'><strong>r</strong></span> <span class='ocrx_word' id='word_1_502' title='bbox 476 5130 600 5200; x_wconf 64' lang='lat' dir='ltr'><strong>pius</strong></span> <span class='ocrx_word' id='word_1_503' title='bbox 623 5132 707 5195; x_wconf 84' lang='lat' dir='ltr'><strong>est</strong></span> <span class='ocrx_word' id='word_1_504' title='bbox 734 5124 785 5177; x_wconf 91' lang='lat' dir='ltr'><strong>in</strong></span> <span class='ocrx_word' id='word_1_505' title='bbox 816 5124 983 5179; x_wconf 87' lang='lat' dir='ltr'><strong>oculis</strong></span> <span class='ocrx_word' id='word_1_506' title='bbox 1004 5125 1113 5200; x_wconf 83' lang='lat' dir='ltr'><strong>suis</strong></span> <span class='ocrx_word' id='word_1_507' title='bbox 1140 5124 1529 5200; x_wconf 81' lang='lat' dir='ltr'><strong>llolophcraes,</strong></span> <span class='ocrx_word' id='word_1_508' title='bbox 1566 5134 1717 5200; x_wconf 54' lang='lat' dir='ltr'><strong>rete.</strong></span> <span class='ocrx_word' id='word_1_509' title='bbox 1745 5124 1858 5200; x_wconf 81' lang='lat' dir='ltr'><strong>lloc</strong></span> <span class='ocrx_word' id='word_1_510' title='bbox 1883 5135 1985 5200; x_wconf 79' lang='lat' dir='ltr'><strong>est,</strong></span> 
     </span>
    </p>
   </div>
   <div class='ocr_carea' id='block_1_71' title="bbox 416 5193 1986 5262">
    <p class='ocr_par' dir='ltr' id='par_1_71' title="bbox 416 5193 1986 5262">
     <span class='ocr_line' id='line_1_71' title="bbox 416 5193 1986 5262; baseline 0.004 -22"><span class='ocrx_word' id='word_1_511' title='bbox 416 5193 597 5262; x_wconf 84' lang='lat' dir='ltr'><strong>statim</strong></span> <span class='ocrx_word' id='word_1_512' title='bbox 614 5193 877 5248; x_wconf 85' lang='lat' dir='ltr'><strong>accensus</strong></span> <span class='ocrx_word' id='word_1_513' title='bbox 904 5204 985 5248; x_wconf 92' lang='lat' dir='ltr'><strong>est</strong></span> <span class='ocrx_word' id='word_1_514' title='bbox 1009 5193 1360 5249; x_wconf 83' lang='lat' dir='ltr'><strong>immoderata</strong></span> <span class='ocrx_word' id='word_1_515' title='bbox 1383 5195 1815 5262; x_wconf 87' lang='lat' dir='ltr'><strong>concupiscentia</strong></span> <span class='ocrx_word' id='word_1_516' title='bbox 1850 5193 1986 5262; x_wconf 87' lang='lat' dir='ltr'><strong>ejus.</strong></span> 
     </span>
    </p>
   </div>
   <div class='ocr_carea' id='block_1_72' title="bbox 416 5261 1990 5334">
    <p class='ocr_par' dir='ltr' id='par_1_72' title="bbox 416 5261 1990 5334">
     <span class='ocr_line' id='line_1_72' title="bbox 416 5261 1990 5334; baseline 0.003 -20"><span class='ocrx_word' id='word_1_517' title='bbox 416 5261 500 5314; x_wconf 79' lang='lat' dir='ltr'><strong>An</strong></span> <span class='ocrx_word' id='word_1_518' title='bbox 530 5270 707 5316; x_wconf 89' lang='lat' dir='ltr'><strong>autem</strong></span> <span class='ocrx_word' id='word_1_519' title='bbox 736 5264 1067 5333; x_wconf 90' lang='lat' dir='ltr'><strong>concupierit</strong></span> <span class='ocrx_word' id='word_1_520' title='bbox 1095 5278 1214 5317; x_wconf 88' lang='lat' dir='ltr'><strong>eam</strong></span> <span class='ocrx_word' id='word_1_521' title='bbox 1248 5280 1344 5334; x_wconf 90' lang='lat' dir='ltr'><strong>pro</strong></span> <span class='ocrx_word' id='word_1_522' title='bbox 1372 5261 1661 5319; x_wconf 87' lang='lat' dir='ltr'><strong>concubitu</strong></span> <span class='ocrx_word' id='word_1_523' title='bbox 1698 5264 1990 5318; x_wconf 85' lang='lat' dir='ltr'><strong>fornicario</strong></span> 
     </span>
    </p>
   </div>
   <div class='ocr_carea' id='block_1_73' title="bbox 421 5333 1989 5404">
    <p class='ocr_par' dir='ltr' id='par_1_73' title="bbox 421 5333 1989 5404">
     <span class='ocr_line' id='line_1_73' title="bbox 421 5333 1989 5404; baseline 0.004 -24"><span class='ocrx_word' id='word_1_524' title='bbox 421 5338 647 5394; x_wconf 90' lang='lat' dir='ltr'><strong>tantum,</strong></span> <span class='ocrx_word' id='word_1_525' title='bbox 668 5347 745 5385; x_wconf 88' lang='lat' dir='ltr'><strong>an</strong></span> <span class='ocrx_word' id='word_1_526' title='bbox 790 5348 917 5387; x_wconf 88' lang='lat' dir='ltr'><strong>vero</strong></span> <span class='ocrx_word' id='word_1_527' title='bbox 955 5350 1053 5404; x_wconf 90' lang='lat' dir='ltr'><strong>pro</strong></span> <span class='ocrx_word' id='word_1_528' title='bbox 1090 5333 1381 5404; x_wconf 73' lang='lat' dir='ltr'><strong>coniugali,</strong></span> <span class='ocrx_word' id='word_1_529' title='bbox 1432 5350 1496 5388; x_wconf 77' lang='lat' dir='ltr'><strong>ex</strong></span> <span class='ocrx_word' id='word_1_530' title='bbox 1522 5342 1667 5388; x_wconf 77' lang='lat' dir='ltr'><strong>textu</strong></span> <span class='ocrx_word' id='word_1_531' title='bbox 1712 5349 1817 5386; x_wconf 91' lang='lat' dir='ltr'><strong>non</strong></span> <span class='ocrx_word' id='word_1_532' title='bbox 1844 5333 1989 5404; x_wconf 85' lang='lat' dir='ltr'><strong>clare</strong></span> 
     </span>
    </p>
   </div>
   <div class='ocr_carea' id='block_1_74' title="bbox 417 5403 1987 5472">
    <p class='ocr_par' dir='ltr' id='par_1_74' title="bbox 417 5403 1987 5472">
     <span class='ocr_line' id='line_1_74' title="bbox 417 5403 1987 5472; baseline 0.005 -23"><span class='ocrx_word' id='word_1_533' title='bbox 417 5406 585 5472; x_wconf 77' lang='lat' dir='ltr'><strong>patet,</strong></span> <span class='ocrx_word' id='word_1_534' title='bbox 617 5416 738 5454; x_wconf 90' lang='lat' dir='ltr'><strong>nam</strong></span> <span class='ocrx_word' id='word_1_535' title='bbox 766 5403 1045 5471; x_wconf 84' lang='lat' dir='ltr'><strong>sequentia</strong></span> <span class='ocrx_word' id='word_1_536' title='bbox 1074 5403 1361 5472; x_wconf 79' lang='lat' dir='ltr'><strong>aliquamlo</strong></span> <span class='ocrx_word' id='word_1_537' title='bbox 1400 5405 1544 5467; x_wconf 87' lang='lat' dir='ltr'><strong>huic,</strong></span> <span class='ocrx_word' id='word_1_538' title='bbox 1592 5403 1881 5472; x_wconf 80' lang='lat' dir='ltr'><strong>aliquando</strong></span> <span class='ocrx_word' id='word_1_539' title='bbox 1914 5403 1987 5457; x_wconf 91' lang='lat' dir='ltr'><strong>illi</strong></span> 
     </span>
    </p>
   </div>
   <div class='ocr_carea' id='block_1_75' title="bbox 419 5467 1990 5536">
    <p class='ocr_par' dir='ltr' id='par_1_75' title="bbox 419 5467 1990 5536">
     <span class='ocr_line' id='line_1_75' title="bbox 419 5467 1990 5536; baseline 0.004 -18"><span class='ocrx_word' id='word_1_540' title='bbox 419 5467 670 5523; x_wconf 78' lang='lat' dir='ltr'><strong>videntur</strong></span> <span class='ocrx_word' id='word_1_541' title='bbox 704 5467 884 5525; x_wconf 68' lang='lat' dir='ltr'><strong>favere</strong></span> <span class='ocrx_word' id='word_1_542' title='bbox 920 5473 1135 5536; x_wconf 85' lang='lat' dir='ltr'><strong>sensui;</strong></span> <span class='ocrx_word' id='word_1_543' title='bbox 1165 5467 1363 5528; x_wconf 64' lang='lat' dir='ltr'><strong>Stillicit</strong></span> <span class='ocrx_word' id='word_1_544' title='bbox 1390 5474 1606 5528; x_wconf 91' lang='lat' dir='ltr'><strong>interim</strong></span> <span class='ocrx_word' id='word_1_545' title='bbox 1637 5467 1868 5527; x_wconf 68' lang='lat' dir='ltr'><strong>intentio</strong></span> <span class='ocrx_word' id='word_1_546' title='bbox 1896 5472 1990 5526; x_wconf 74' lang='lat' dir='ltr'><strong>Ju-</strong></span> 
     </span>
    </p>
   </div>
   <div class='ocr_carea' id='block_1_76' title="bbox 418 5536 1989 5612">
    <p class='ocr_par' dir='ltr' id='par_1_76' title="bbox 418 5536 1989 5612">
     <span class='ocr_line' id='line_1_76' title="bbox 418 5536 1989 5612; baseline 0.006 -23"><span class='ocrx_word' id='word_1_547' title='bbox 418 5536 533 5612; x_wconf 80' lang='lat' dir='ltr'><strong>dith</strong></span> <span class='ocrx_word' id='word_1_548' title='bbox 562 5537 720 5612; x_wconf 84' lang='lat' dir='ltr'><strong>bona,</strong></span> <span class='ocrx_word' id='word_1_549' title='bbox 769 5551 828 5594; x_wconf 90' lang='lat' dir='ltr'><strong>ut</strong></span> <span class='ocrx_word' id='word_1_550' title='bbox 853 5557 1015 5611; x_wconf 87' lang='lat' dir='ltr'><strong>supra</strong></span> <span class='ocrx_word' id='word_1_551' title='bbox 1045 5541 1244 5596; x_wconf 87' lang='lat' dir='ltr'><strong>dictum</strong></span> <span class='ocrx_word' id='word_1_552' title='bbox 1284 5553 1386 5607; x_wconf 87' lang='lat' dir='ltr'><strong>est,</strong></span> <span class='ocrx_word' id='word_1_553' title='bbox 1429 5552 1486 5597; x_wconf 91' lang='lat' dir='ltr'><strong>ut</strong></span> <span class='ocrx_word' id='word_1_554' title='bbox 1530 5558 1638 5597; x_wconf 87' lang='lat' dir='ltr'><strong>non</strong></span> <span class='ocrx_word' id='word_1_555' title='bbox 1681 5543 1989 5612; x_wconf 83' lang='lat' dir='ltr'><strong>peccaverit</strong></span> 
     </span>
    </p>
   </div>
   <div class='ocr_carea' id='block_1_77' title="bbox 421 5606 1988 5683">
    <p class='ocr_par' dir='ltr' id='par_1_77' title="bbox 421 5606 1988 5683">
     <span class='ocr_line' id='line_1_77' title="bbox 421 5606 1988 5683; baseline 0.005 -24"><span class='ocrx_word' id='word_1_556' title='bbox 421 5606 473 5659; x_wconf 92' lang='lat' dir='ltr'><strong>in</strong></span> <span class='ocrx_word' id='word_1_557' title='bbox 526 5608 609 5683; x_wconf 86' lang='lat' dir='ltr'><strong>sui</strong></span> <span class='ocrx_word' id='word_1_558' title='bbox 636 5618 859 5683; x_wconf 85' lang='lat' dir='ltr'><strong>_0rnatu,</strong></span> <span class='ocrx_word' id='word_1_559' title='bbox 909 5606 1050 5683; x_wconf 77' lang='lat' dir='ltr'><strong>unde</strong></span> <span class='ocrx_word' id='word_1_560' title='bbox 1072 5612 1236 5683; x_wconf 65' lang='lat' dir='ltr'><strong>dicto</strong></span> <span class='ocrx_word' id='word_1_561' title='bbox 1279 5606 1395 5667; x_wconf 89' lang='lat' dir='ltr'><strong>loco</strong></span> <span class='ocrx_word' id='word_1_562' title='bbox 1443 5614 1519 5668; x_wconf 84' lang='lat' dir='ltr'><strong>sic</strong></span> <span class='ocrx_word' id='word_1_563' title='bbox 1544 5606 1700 5683; x_wconf 71' lang='lat' dir='ltr'><strong>Atth</strong></span> <span class='ocrx_word' id='word_1_564' title='bbox 1724 5630 1737 5666; x_wconf 89' lang='lat'><strong>:</strong></span> <span class='ocrx_word' id='word_1_565' title='bbox 1769 5632 1787 5663; x_wconf 74' lang='grc' dir='ltr'><strong>ι</strong></span> <span class='ocrx_word' id='word_1_566' title='bbox 1816 5614 1988 5679; x_wconf 79' lang='lat' dir='ltr'><strong>Quam</strong></span> 
     </span>
    </p>
   </div>
   <div class='ocr_carea' id='block_1_78' title="bbox 406 5679 1985 5750">
    <p class='ocr_par' dir='ltr' id='par_1_78' title="bbox 406 5679 1985 5750">
     <span class='ocr_line' id='line_1_78' title="bbox 406 5679 1985 5750; baseline 0.004 -21"><span class='ocrx_word' id='word_1_567' title='bbox 406 5679 788 5750; x_wconf 69' lang='lat' dir='ltr'><strong>cumvideret,</strong></span> <span class='ocrx_word' id='word_1_568' title='bbox 836 5680 1027 5749; x_wconf 87' lang='lat' dir='ltr'><strong>inquit,</strong></span> <span class='ocrx_word' id='word_1_569' title='bbox 1070 5680 1435 5750; x_wconf 72' lang='lat' dir='ltr'><strong>Uolophernes</strong></span> <span class='ocrx_word' id='word_1_570' title='bbox 1476 5679 1681 5738; x_wconf 72' lang='lat' dir='ltr'><strong>solutus</strong></span> <span class='ocrx_word' id='word_1_571' title='bbox 1703 5682 1985 5738; x_wconf 83' lang='lat' dir='ltr'><strong>estsensi-</strong></span> 
     </span>
    </p>
   </div>
   <div class='ocr_carea' id='block_1_79' title="bbox 408 5746 1986 5820">
    <p class='ocr_par' dir='ltr' id='par_1_79' title="bbox 408 5746 1986 5820">
     <span class='ocr_line' id='line_1_79' title="bbox 408 5746 1986 5820; baseline 0.005 -22"><span class='ocrx_word' id='word_1_572' title='bbox 408 5746 544 5820; x_wconf 55' lang='lat' dir='ltr'><strong>bus,</strong></span> <span class='ocrx_word' id='word_1_573' title='bbox 571 5749 805 5820; x_wconf 85' lang='lat' dir='ltr'><strong>animum</strong></span> <span class='ocrx_word' id='word_1_574' title='bbox 850 5746 970 5803; x_wconf 77' lang='lat' dir='ltr'><strong>cum</strong></span> <span class='ocrx_word' id='word_1_575' title='bbox 1001 5746 1220 5820; x_wconf 48' lang='lat' dir='ltr'><strong>capite—</strong></span> <span class='ocrx_word' id='word_1_576' title='bbox 1241 5754 1567 5820; x_wconf 85' lang='lat' dir='ltr'><strong>perditurus.</strong></span> <span class='ocrx_word' id='word_1_577' title='bbox 1622 5750 1798 5806; x_wconf 82' lang='lat' dir='ltr'><strong>Jacuit</strong></span> <span class='ocrx_word' id='word_1_578' title='bbox 1841 5752 1986 5806; x_wconf 87' lang='lat' dir='ltr'><strong>enim</strong></span> 
     </span>
    </p>
   </div>
   <div class='ocr_carea' id='block_1_80' title="bbox 411 5816 1985 5893">
    <p class='ocr_par' dir='ltr' id='par_1_80' title="bbox 411 5816 1985 5893">
     <span class='ocr_line' id='line_1_80' title="bbox 411 5816 1985 5893; baseline 0.002 -25"><span class='ocrx_word' id='word_1_579' title='bbox 411 5816 661 5873; x_wconf 75' lang='lat' dir='ltr'><strong>mulieris</strong></span> <span class='ocrx_word' id='word_1_580' title='bbox 690 5819 834 5872; x_wconf 80' lang='lat' dir='ltr'><strong>vultu</strong></span> <span class='ocrx_word' id='word_1_581' title='bbox 872 5816 1131 5891; x_wconf 70' lang='lat' dir='ltr'><strong>captivus,</strong></span> <span class='ocrx_word' id='word_1_582' title='bbox 1171 5816 1315 5874; x_wconf 80' lang='lat' dir='ltr'><strong>licuit</strong></span> <span class='ocrx_word' id='word_1_583' title='bbox 1366 5821 1575 5874; x_wconf 83' lang='lat' dir='ltr'><strong>mulieri</strong></span> <span class='ocrx_word' id='word_1_584' title='bbox 1608 5822 1871 5876; x_wconf 83' lang='lat' dir='ltr'><strong>inarmarc</strong></span> <span class='ocrx_word' id='word_1_585' title='bbox 1895 5821 1985 5893; x_wconf 86' lang='lat' dir='ltr'><strong>jn-</strong></span> 
     </span>
    </p>
   </div>
   <div class='ocr_carea' id='block_1_81' title="bbox 2018 4537 2065 4596">
    <p class='ocr_par' dir='ltr' id='par_1_81' title="bbox 2018 4537 2065 4596">
     <span class='ocr_line' id='line_1_81' title="bbox 2018 4537 2065 4596; baseline 0 0"><span class='ocrx_word' id='word_1_586' title='bbox 2018 4537 2065 4596; x_wconf 90' lang='lat' dir='ltr'>D</span> 
     </span>
    </p>
   </div>
   <div class='ocr_carea' id='block_1_82' title="bbox 2073 562 3661 629">
    <p class='ocr_par' dir='ltr' id='par_1_82' title="bbox 2073 562 3661 629">
     <span class='ocr_line' id='line_1_82' title="bbox 2073 562 3661 629; baseline 0.001 -11"><span class='ocrx_word' id='word_1_587' title='bbox 2073 565 2314 629; x_wconf 85' lang='lat' dir='ltr'><strong>vitalem,</strong></span> <span class='ocrx_word' id='word_1_588' title='bbox 2347 576 2403 619; x_wconf 89' lang='lat' dir='ltr'><strong>et</strong></span> <span class='ocrx_word' id='word_1_589' title='bbox 2432 565 2718 618; x_wconf 88' lang='lat' dir='ltr'><strong>barbarum</strong></span> <span class='ocrx_word' id='word_1_590' title='bbox 2749 565 3063 617; x_wconf 74' lang='lat' dir='ltr'><strong>subvertere</strong></span> <span class='ocrx_word' id='word_1_591' title='bbox 3100 562 3449 619; x_wconf 66' lang='lat' dir='ltr'><strong>bellatorem.</strong></span> <span class='ocrx_word' id='word_1_592' title='bbox 3483 567 3661 624; x_wconf 63' lang='lat' dir='ltr'><strong>Deceo</strong></span> 
     </span>
    </p>
   </div>
   <div class='ocr_carea' id='block_1_83' title="bbox 2072 633 3663 706">
    <p class='ocr_par' dir='ltr' id='par_1_83' title="bbox 2072 633 3663 706">
     <span class='ocr_line' id='line_1_83' title="bbox 2072 633 3663 706; baseline 0.003 -18"><span class='ocrx_word' id='word_1_593' title='bbox 2072 635 2152 706; x_wconf 89' lang='lat' dir='ltr'><strong>pit</strong></span> <span class='ocrx_word' id='word_1_594' title='bbox 2187 637 2394 690; x_wconf 90' lang='lat' dir='ltr'><strong>sincera</strong></span> <span class='ocrx_word' id='word_1_595' title='bbox 2430 646 2763 704; x_wconf 88' lang='lat' dir='ltr'><strong>corruptum,</strong></span> <span class='ocrx_word' id='word_1_596' title='bbox 2809 633 2998 706; x_wconf 79' lang='lat' dir='ltr'><strong>fefellit</strong></span> <span class='ocrx_word' id='word_1_597' title='bbox 3028 642 3180 706; x_wconf 78' lang='lat' dir='ltr'><strong>casta</strong></span> <span class='ocrx_word' id='word_1_598' title='bbox 3220 633 3518 706; x_wconf 81' lang='lat' dir='ltr'><strong>pollutum.</strong></span> <span class='ocrx_word' id='word_1_599' title='bbox 3566 640 3663 693; x_wconf 68' lang='lat' dir='ltr'><strong>Illa</strong></span> 
     </span>
    </p>
   </div>
   <div class='ocr_carea' id='block_1_84' title="bbox 2073 702 3667 763">
    <p class='ocr_par' dir='ltr' id='par_1_84' title="bbox 2073 702 3667 763">
     <span class='ocr_line' id='line_1_84' title="bbox 2073 702 3667 763; baseline 0.002 -3"><span class='ocrx_word' id='word_1_600' title='bbox 2073 702 2215 760; x_wconf 79' lang='lat' dir='ltr'><strong>enim</strong></span> <span class='ocrx_word' id='word_1_601' title='bbox 2273 714 2381 760; x_wconf 89' lang='lat' dir='ltr'><strong>tam</strong></span> <span class='ocrx_word' id='word_1_602' title='bbox 2440 702 2700 759; x_wconf 59' lang='lat' dir='ltr'><strong>barbaros</strong></span> <span class='ocrx_word' id='word_1_603' title='bbox 2754 704 2960 759; x_wconf 87' lang='lat' dir='ltr'><strong>animos</strong></span> <span class='ocrx_word' id='word_1_604' title='bbox 3025 702 3269 757; x_wconf 85' lang='lat' dir='ltr'><strong>insidiosi</strong></span> <span class='ocrx_word' id='word_1_605' title='bbox 3327 707 3421 760; x_wconf 80' lang='lat' dir='ltr'><strong>sui</strong></span> <span class='ocrx_word' id='word_1_606' title='bbox 3478 709 3667 763; x_wconf 80' lang='lat' dir='ltr'><strong>vultus</strong></span> 
     </span>
    </p>
   </div>
   <div class='ocr_carea' id='block_1_85' title="bbox 2073 773 3667 837">
    <p class='ocr_par' dir='ltr' id='par_1_85' title="bbox 2073 773 3667 837">
     <span class='ocr_line' id='line_1_85' title="bbox 2073 773 3667 837; baseline 0.003 -9"><span class='ocrx_word' id='word_1_607' title='bbox 2073 773 2260 829; x_wconf 84' lang='lat' dir='ltr'><strong>fraude</strong></span> <span class='ocrx_word' id='word_1_608' title='bbox 2282 774 2613 837; x_wconf 84' lang='lat' dir='ltr'><strong>confuderat,</strong></span> <span class='ocrx_word' id='word_1_609' title='bbox 2633 784 2693 827; x_wconf 90' lang='lat' dir='ltr'><strong>ut</strong></span> <span class='ocrx_word' id='word_1_610' title='bbox 2713 774 2960 828; x_wconf 88' lang='lat' dir='ltr'><strong>redderet</strong></span> <span class='ocrx_word' id='word_1_611' title='bbox 2989 774 3128 828; x_wconf 80' lang='lat' dir='ltr'><strong>inter</strong></span> <span class='ocrx_word' id='word_1_612' title='bbox 3150 776 3435 832; x_wconf 78' lang='lat' dir='ltr'><strong>exercitus</strong></span> <span class='ocrx_word' id='word_1_613' title='bbox 3457 779 3667 833; x_wconf 71' lang='lat' dir='ltr'><strong>victum</strong></span> 
     </span>
    </p>
   </div>
   <div class='ocr_carea' id='block_1_86' title="bbox 2073 845 2772 913">
    <p class='ocr_par' dir='ltr' id='par_1_86' title="bbox 2073 845 2772 913">
     <span class='ocr_line' id='line_1_86' title="bbox 2073 845 2772 913; baseline -0.009 -12"><span class='ocrx_word' id='word_1_614' title='bbox 2073 856 2128 901; x_wconf 87' lang='lat' dir='ltr'><strong>et</strong></span> <span class='ocrx_word' id='word_1_615' title='bbox 2149 846 2289 899; x_wconf 87' lang='lat' dir='ltr'><strong>inter</strong></span> <span class='ocrx_word' id='word_1_616' title='bbox 2313 861 2460 899; x_wconf 89' lang='lat' dir='ltr'><strong>arma</strong></span> <span class='ocrx_word' id='word_1_617' title='bbox 2484 845 2772 913; x_wconf 80' lang='lat' dir='ltr'><strong>captivum.</strong></span> 
     </span>
    </p>
   </div>
   <div class='ocr_carea' id='block_1_87' title="bbox 2150 912 3673 983">
    <p class='ocr_par' dir='ltr' id='par_1_87' title="bbox 2150 912 3673 983">
     <span class='ocr_line' id='line_1_87' title="bbox 2150 912 3673 983; baseline 0.005 -18"><span class='ocrx_word' id='word_1_618' title='bbox 2150 934 2168 965; x_wconf 71' lang='grc' dir='ltr'><strong>ι</strong></span> <span class='ocrx_word' id='word_1_619' title='bbox 2210 915 2406 969; x_wconf 70' lang='lat' dir='ltr'><strong>Videas</strong></span> <span class='ocrx_word' id='word_1_620' title='bbox 2431 912 2609 983; x_wconf 86' lang='lat' dir='ltr'><strong>itaque</strong></span> <span class='ocrx_word' id='word_1_621' title='bbox 2632 912 3241 982; x_wconf 82' lang='lat' dir='ltr'><strong>.ludithllolophernem</strong></span> <span class='ocrx_word' id='word_1_622' title='bbox 3280 917 3579 972; x_wconf 82' lang='lat' dir='ltr'><strong>sedentem</strong></span> <span class='ocrx_word' id='word_1_623' title='bbox 3610 920 3673 972; x_wconf 75' lang='lat' dir='ltr'><strong>in</strong></span> 
     </span>
    </p>
   </div>
   <div class='ocr_carea' id='block_1_88' title="bbox 2080 984 3673 1058">
    <p class='ocr_par' dir='ltr' id='par_1_88' title="bbox 2080 984 3673 1058">
     <span class='ocr_line' id='line_1_88' title="bbox 2080 984 3673 1058; baseline 0.003 -22"><span class='ocrx_word' id='word_1_624' title='bbox 2080 1005 2099 1036; x_wconf 74' lang='grc' dir='ltr'><strong>ε</strong></span> <span class='ocrx_word' id='word_1_625' title='bbox 2132 1000 2411 1058; x_wconf 60' lang='lat' dir='ltr'><strong>conoparo,</strong></span> <span class='ocrx_word' id='word_1_626' title='bbox 2450 1006 2466 1037; x_wconf 76' lang='grc' dir='ltr'><strong>ι</strong></span> <span class='ocrx_word' id='word_1_627' title='bbox 2517 995 2625 1058; x_wconf 82' lang='lat' dir='ltr'><strong>etc.</strong></span> <span class='ocrx_word' id='word_1_628' title='bbox 2668 984 3008 1058; x_wconf 82' lang='lat' dir='ltr'><strong>ln__cathcdra</strong></span> <span class='ocrx_word' id='word_1_629' title='bbox 3052 1001 3244 1053; x_wconf 85' lang='lat' dir='ltr'><strong>nempe</strong></span> <span class='ocrx_word' id='word_1_630' title='bbox 3280 1003 3454 1056; x_wconf 84' lang='lat' dir='ltr'><strong>supra</strong></span> <span class='ocrx_word' id='word_1_631' title='bbox 3497 1005 3673 1058; x_wconf 78' lang='lat' dir='ltr'><strong>quam</strong></span> 
     </span>
    </p>
   </div>
   <div class='ocr_carea' id='block_1_89' title="bbox 2076 1055 3674 1126">
    <p class='ocr_par' dir='ltr' id='par_1_89' title="bbox 2076 1055 3674 1126">
     <span class='ocr_line' id='line_1_89' title="bbox 2076 1055 3674 1126; baseline 0 -17"><span class='ocrx_word' id='word_1_632' title='bbox 2076 1057 2142 1109; x_wconf 84' lang='lat' dir='ltr'><strong>ad</strong></span> <span class='ocrx_word' id='word_1_633' title='bbox 2168 1056 2616 1126; x_wconf 77' lang='lat' dir='ltr'><strong>magniﬁcentiam</strong></span> <span class='ocrx_word' id='word_1_634' title='bbox 2646 1055 2788 1107; x_wconf 83' lang='lat' dir='ltr'><strong>sedis</strong></span> <span class='ocrx_word' id='word_1_635' title='bbox 2826 1055 3128 1126; x_wconf 80' lang='lat' dir='ltr'><strong>appositum</strong></span> <span class='ocrx_word' id='word_1_636' title='bbox 3161 1064 3281 1109; x_wconf 88' lang='lat' dir='ltr'><strong>erat</strong></span> <span class='ocrx_word' id='word_1_637' title='bbox 3308 1055 3674 1126; x_wconf 56' lang='lat' dir='ltr'><strong>cenopa&#39;mm,</strong></span> 
     </span>
    </p>
   </div>
   <div class='ocr_carea' id='block_1_90' title="bbox 2075 1124 3677 1197">
    <p class='ocr_par' dir='ltr' id='par_1_90' title="bbox 2075 1124 3677 1197">
     <span class='ocr_line' id='line_1_90' title="bbox 2075 1124 3677 1197; baseline 0.002 -20"><span class='ocrx_word' id='word_1_638' title='bbox 2075 1126 2303 1197; x_wconf 86' lang='lat' dir='ltr'><strong>cortina,</strong></span> <span class='ocrx_word' id='word_1_639' title='bbox 2334 1125 2569 1197; x_wconf 77' lang='lat' dir='ltr'><strong>inquam,</strong></span> <span class='ocrx_word' id='word_1_640' title='bbox 2592 1125 2768 1177; x_wconf 81' lang='lat' dir='ltr'><strong>instar</strong></span> <span class='ocrx_word' id='word_1_641' title='bbox 2788 1124 3073 1197; x_wconf 79' lang='lat' dir='ltr'><strong>papilionis</strong></span> <span class='ocrx_word' id='word_1_642' title='bbox 3101 1124 3151 1177; x_wconf 94' lang='lat' dir='ltr'><strong>in</strong></span> <span class='ocrx_word' id='word_1_643' title='bbox 3174 1127 3398 1179; x_wconf 85' lang='lat' dir='ltr'><strong>modum</strong></span> <span class='ocrx_word' id='word_1_644' title='bbox 3423 1124 3677 1197; x_wconf 49' lang='grc' dir='ltr'><strong>ρξ’ωωί-</strong></span> 
     </span>
    </p>
   </div>
   <div class='ocr_carea' id='block_1_91' title="bbox 2075 1195 3679 1267">
    <p class='ocr_par' dir='ltr' id='par_1_91' title="bbox 2075 1195 3679 1267">
     <span class='ocr_line' id='line_1_91' title="bbox 2075 1195 3679 1267; baseline 0.002 -20"><span class='ocrx_word' id='word_1_645' title='bbox 2075 1195 2158 1249; x_wconf 89' lang='lat' dir='ltr'><strong>dis</strong></span> <span class='ocrx_word' id='word_1_646' title='bbox 2181 1196 2338 1267; x_wconf 85' lang='lat' dir='ltr'><strong>facta.</strong></span> <span class='ocrx_word' id='word_1_647' title='bbox 2367 1195 2606 1267; x_wconf 73' lang='lat' dir='ltr'><strong>Priimun</strong></span> <span class='ocrx_word' id='word_1_648' title='bbox 2635 1202 2811 1267; x_wconf 81' lang='lat' dir='ltr'><strong>autem</strong></span> <span class='ocrx_word' id='word_1_649' title='bbox 2847 1195 3146 1267; x_wconf 81' lang='lat' dir='ltr'><strong>institutum</strong></span> <span class='ocrx_word' id='word_1_650' title='bbox 3183 1205 3268 1249; x_wconf 90' lang='lat' dir='ltr'><strong>est</strong></span> <span class='ocrx_word' id='word_1_651' title='bbox 3307 1197 3359 1250; x_wconf 90' lang='lat' dir='ltr'><strong>id</strong></span> <span class='ocrx_word' id='word_1_652' title='bbox 3388 1195 3576 1267; x_wconf 77' lang='lat' dir='ltr'><strong>genus</strong></span> <span class='ocrx_word' id='word_1_653' title='bbox 3606 1200 3679 1251; x_wconf 78' lang='lat' dir='ltr'><strong>ad</strong></span> 
     </span>
    </p>
   </div>
   <div class='ocr_carea' id='block_1_92' title="bbox 2076 1264 3681 1328">
    <p class='ocr_par' dir='ltr' id='par_1_92' title="bbox 2076 1264 3681 1328">
     <span class='ocr_line' id='line_1_92' title="bbox 2076 1264 3681 1328; baseline 0.002 -11"><span class='ocrx_word' id='word_1_654' title='bbox 2076 1266 2363 1318; x_wconf 88' lang='lat' dir='ltr'><strong>arcendum</strong></span> <span class='ocrx_word' id='word_1_655' title='bbox 2396 1264 2596 1318; x_wconf 90' lang='lat' dir='ltr'><strong>culices</strong></span> <span class='ocrx_word' id='word_1_656' title='bbox 2639 1278 2668 1315; x_wconf 91' lang='lat' dir='ltr'><strong>a</strong></span> <span class='ocrx_word' id='word_1_657' title='bbox 2709 1264 2897 1328; x_wconf 86' lang='lat' dir='ltr'><strong>thoro;</strong></span> <span class='ocrx_word' id='word_1_658' title='bbox 2944 1264 3082 1317; x_wconf 86' lang='lat' dir='ltr'><strong>unde</strong></span> <span class='ocrx_word' id='word_1_659' title='bbox 3121 1278 3188 1318; x_wconf 91' lang='lat' dir='ltr'><strong>eo</strong></span> <span class='ocrx_word' id='word_1_660' title='bbox 3219 1264 3473 1320; x_wconf 72' lang='lat' dir='ltr'><strong>maxime</strong></span> <span class='ocrx_word' id='word_1_661' title='bbox 3508 1278 3681 1321; x_wconf 85' lang='lat' dir='ltr'><strong>utun-</strong></span> 
     </span>
    </p>
   </div>
   <div class='ocr_carea' id='block_1_93' title="bbox 2077 1333 3682 1403">
    <p class='ocr_par' dir='ltr' id='par_1_93' title="bbox 2077 1333 3682 1403">
     <span class='ocr_line' id='line_1_93' title="bbox 2077 1333 3682 1403; baseline 0.001 -16"><span class='ocrx_word' id='word_1_662' title='bbox 2077 1345 2163 1387; x_wconf 88' lang='lat' dir='ltr'><strong>tur</strong></span> <span class='ocrx_word' id='word_1_663' title='bbox 2186 1334 2565 1399; x_wconf 73' lang='lat' dir='ltr'><strong>Alexandrini,</strong></span> <span class='ocrx_word' id='word_1_664' title='bbox 2612 1334 2757 1403; x_wconf 85' lang='lat' dir='ltr'><strong>quod</strong></span> <span class='ocrx_word' id='word_1_665' title='bbox 2785 1349 2848 1387; x_wconf 88' lang='lat' dir='ltr'><strong>co</strong></span> <span class='ocrx_word' id='word_1_666' title='bbox 2875 1333 3090 1403; x_wconf 74' lang='lat' dir='ltr'><strong>ex_l\&#39;ilo</strong></span> <span class='ocrx_word' id='word_1_667' title='bbox 3127 1334 3329 1391; x_wconf 86' lang='lat' dir='ltr'><strong>culices</strong></span> <span class='ocrx_word' id='word_1_668' title='bbox 3357 1336 3682 1399; x_wconf 73' lang='lat' dir='ltr'><strong>confluant,</strong></span> 
     </span>
    </p>
   </div>
   <div class='ocr_carea' id='block_1_94' title="bbox 2076 1401 3685 1472">
    <p class='ocr_par' dir='ltr' id='par_1_94' title="bbox 2076 1401 3685 1472">
     <span class='ocr_line' id='line_1_94' title="bbox 2076 1401 3685 1472; baseline 0.003 -17"><span class='ocrx_word' id='word_1_669' title='bbox 2076 1419 2211 1472; x_wconf 90' lang='lat' dir='ltr'><strong>quos</strong></span> <span class='ocrx_word' id='word_1_670' title='bbox 2246 1404 2418 1458; x_wconf 68' lang='lat' dir='ltr'><strong>(lucet</strong></span> <span class='ocrx_word' id='word_1_671' title='bbox 2450 1401 2674 1472; x_wconf 66' lang='lat' dir='ltr'><strong>conopes</strong></span> <span class='ocrx_word' id='word_1_672' title='bbox 2710 1402 2913 1456; x_wconf 86' lang='lat' dir='ltr'><strong>dicunt.</strong></span> <span class='ocrx_word' id='word_1_673' title='bbox 2946 1401 3123 1457; x_wconf 84' lang='lat' dir='ltr'><strong>Possit</strong></span> <span class='ocrx_word' id='word_1_674' title='bbox 3151 1406 3367 1459; x_wconf 85' lang='lat' dir='ltr'><strong>interim</strong></span> <span class='ocrx_word' id='word_1_675' title='bbox 3404 1422 3478 1459; x_wconf 86' lang='lat' dir='ltr'><strong>eo</strong></span> <span class='ocrx_word' id='word_1_676' title='bbox 3510 1411 3685 1461; x_wconf 77' lang='lat' dir='ltr'><strong>modo</strong></span> 
     </span>
    </p>
   </div>
   <div class='ocr_carea' id='block_1_95' title="bbox 2075 1472 3682 1546">
    <p class='ocr_par' dir='ltr' id='par_1_95' title="bbox 2075 1472 3682 1546">
     <span class='ocr_line' id='line_1_95' title="bbox 2075 1472 3682 1546; baseline 0.002 -20"><span class='ocrx_word' id='word_1_677' title='bbox 2075 1473 2413 1546; x_wconf 60' lang='lat' dir='ltr'><strong>appellatum</strong></span> <span class='ocrx_word' id='word_1_678' title='bbox 2454 1472 2671 1538; x_wconf 80' lang='lat' dir='ltr'><strong>intelligi</strong></span> <span class='ocrx_word' id='word_1_679' title='bbox 2707 1488 2754 1546; x_wconf 34' lang='lat' dir='ltr'><strong>.a</strong></span> <span class='ocrx_word' id='word_1_680' title='bbox 2796 1473 3012 1546; x_wconf 78' lang='lat' dir='ltr'><strong>Gonope</strong></span> <span class='ocrx_word' id='word_1_681' title='bbox 3059 1473 3279 1545; x_wconf 63' lang='lat' dir='ltr'><strong>Egypti</strong></span> <span class='ocrx_word' id='word_1_682' title='bbox 3332 1476 3572 1546; x_wconf 83' lang='lat' dir='ltr'><strong>oppido,</strong></span> <span class='ocrx_word' id='word_1_683' title='bbox 3629 1478 3682 1529; x_wconf 78' lang='lat' dir='ltr'><strong>id</strong></span> 
     </span>
    </p>
   </div>
   <div class='ocr_carea' id='block_1_96' title="bbox 2077 1543 3687 1618">
    <p class='ocr_par' dir='ltr' id='par_1_96' title="bbox 2077 1543 3687 1618">
     <span class='ocr_line' id='line_1_96' title="bbox 2077 1543 3687 1618; baseline 0.003 -23"><span class='ocrx_word' id='word_1_684' title='bbox 2077 1545 2217 1618; x_wconf 69' lang='lat' dir='ltr'><strong>enim</strong></span> <span class='ocrx_word' id='word_1_685' title='bbox 2251 1554 2305 1596; x_wconf 91' lang='lat' dir='ltr'><strong>et</strong></span> <span class='ocrx_word' id='word_1_686' title='bbox 2351 1543 2482 1597; x_wconf 81' lang='lat' dir='ltr'><strong>alias</strong></span> <span class='ocrx_word' id='word_1_687' title='bbox 2517 1559 2677 1618; x_wconf 80' lang='lat' dir='ltr'><strong>supra</strong></span> <span class='ocrx_word' id='word_1_688' title='bbox 2727 1543 2778 1596; x_wconf 89' lang='lat' dir='ltr'><strong>in</strong></span> <span class='ocrx_word' id='word_1_689' title='bbox 2826 1543 3092 1618; x_wconf 74' lang='lat' dir='ltr'><strong>similibus</strong></span> <span class='ocrx_word' id='word_1_690' title='bbox 3140 1543 3456 1618; x_wconf 60' lang='lat' dir='ltr'><strong>derivatur}:</strong></span> <span class='ocrx_word' id='word_1_691' title='bbox 3519 1557 3687 1618; x_wconf 66' lang='lat' dir='ltr'><strong>putat</strong></span> 
     </span>
    </p>
   </div>
   <div class='ocr_carea' id='block_1_97' title="bbox 2078 1612 3686 1683">
    <p class='ocr_par' dir='ltr' id='par_1_97' title="bbox 2078 1612 3686 1683">
     <span class='ocr_line' id='line_1_97' title="bbox 2078 1612 3686 1683; baseline 0.004 -17"><span class='ocrx_word' id='word_1_692' title='bbox 2078 1613 2322 1683; x_wconf 69' lang='lat' dir='ltr'><strong>Lyrauus</strong></span> <span class='ocrx_word' id='word_1_693' title='bbox 2359 1632 2388 1667; x_wconf 89' lang='lat' dir='ltr'><strong>a</strong></span> <span class='ocrx_word' id='word_1_694' title='bbox 2425 1628 2585 1678; x_wconf 84' lang='lat' dir='ltr'><strong>cono,</strong></span> <span class='ocrx_word' id='word_1_695' title='bbox 2629 1614 2680 1665; x_wconf 93' lang='lat' dir='ltr'><strong>in</strong></span> <span class='ocrx_word' id='word_1_696' title='bbox 2717 1628 2824 1682; x_wconf 91' lang='lat' dir='ltr'><strong>quo</strong></span> <span class='ocrx_word' id='word_1_697' title='bbox 2853 1612 3022 1667; x_wconf 84' lang='lat' dir='ltr'><strong>fusius</strong></span> <span class='ocrx_word' id='word_1_698' title='bbox 3053 1612 3686 1671; x_wconf 65' lang='lat' dir='ltr'><strong>lCI&#39;tltitlari-{tbsul‘dum</strong></span> 
     </span>
    </p>
   </div>
   <div class='ocr_carea' id='block_1_98' title="bbox 2077 1693 2178 1739">
    <p class='ocr_par' dir='ltr' id='par_1_98' title="bbox 2077 1693 2178 1739">
     <span class='ocr_line' id='line_1_98' title="bbox 2077 1693 2178 1739; baseline -0.03 0"><span class='ocrx_word' id='word_1_699' title='bbox 2077 1693 2178 1739; x_wconf 82' lang='lat' dir='ltr'><strong>est.</strong></span> 
     </span>
    </p>
   </div>
   <div class='ocr_carea' id='block_1_99' title="bbox 2677 1770 3031 1827">
    <p class='ocr_par' dir='ltr' id='par_1_99' title="bbox 2677 1770 3031 1827">
     <span class='ocr_line' id='line_1_99' title="bbox 2677 1770 3031 1827; baseline -0.003 0"><span class='ocrx_word' id='word_1_700' title='bbox 2677 1770 2905 1827; x_wconf 83' lang='lat' dir='ltr'><strong>CAPUT</strong></span> <span class='ocrx_word' id='word_1_701' title='bbox 2942 1771 3031 1826; x_wconf 79' lang='lat' dir='ltr'><strong>Xl.</strong></span> 
     </span>
    </p>
   </div>
   <div class='ocr_carea' id='block_1_100' title="bbox 2006 1847 3685 1939">
    <p class='ocr_par' dir='ltr' id='par_1_100' title="bbox 2006 1847 3685 1939">
     <span class='ocr_line' id='line_1_100' title="bbox 2006 1847 3685 1939; baseline 0.002 -22"><span class='ocrx_word' id='word_1_702' title='bbox 2006 1847 2051 1904; x_wconf 71' lang='grc' dir='ltr'><strong><em>Β</em></strong></span> <span class='ocrx_word' id='word_1_703' title='bbox 2084 1863 2413 1939; x_wconf 71' lang='lat' dir='ltr'><strong>Interrogata</strong></span> <span class='ocrx_word' id='word_1_704' title='bbox 2436 1859 2621 1915; x_wconf 71' lang='lat' dir='ltr'><strong>Juditlt</strong></span> <span class='ocrx_word' id='word_1_705' title='bbox 2752 1862 3085 1939; x_wconf 65' lang='lat' dir='ltr'><strong>Iloloplteme</strong></span> <span class='ocrx_word' id='word_1_706' title='bbox 3114 1881 3480 1939; x_wconf 30' lang='lat' dir='ltr'><strong>supernorum</strong></span> <span class='ocrx_word' id='word_1_707' title='bbox 3510 1870 3685 1939; x_wconf 57' lang='lat' dir='ltr'><strong>fuga,</strong></span> 
     </span>
    </p>
   </div>
   <div class='ocr_carea' id='block_1_101' title="bbox 2154 1931 3613 2007">
    <p class='ocr_par' dir='ltr' id='par_1_101' title="bbox 2154 1931 3613 2007">
     <span class='ocr_line' id='line_1_101' title="bbox 2154 1931 3613 2007; baseline 0.004 -20"><span class='ocrx_word' id='word_1_708' title='bbox 2154 1931 2421 1987; x_wconf 78' lang='lat' dir='ltr'><strong>rerborum</strong></span> <span class='ocrx_word' id='word_1_709' title='bbox 2453 1950 2667 1986; x_wconf 81' lang='lat' dir='ltr'><strong>suorum</strong></span> <span class='ocrx_word' id='word_1_710' title='bbox 2696 1931 2954 1987; x_wconf 77' lang='lat' dir='ltr'><strong>lenocinio</strong></span> <span class='ocrx_word' id='word_1_711' title='bbox 2989 1931 3202 2005; x_wconf 71' lang='lat' dir='ltr'><strong>pztlcltte</strong></span> <span class='ocrx_word' id='word_1_712' title='bbox 3237 1936 3320 1989; x_wconf 76' lang='lat' dir='ltr'><strong>illi</strong></span> <span class='ocrx_word' id='word_1_713' title='bbox 3349 1931 3613 2007; x_wconf 53' lang='lat' dir='ltr'><strong>impoliti</strong></span> 
     </span>
    </p>
   </div>
   <div class='ocr_carea' id='block_1_102' title="bbox 2158 2024 3689 2096">
    <p class='ocr_par' dir='ltr' id='par_1_102' title="bbox 2158 2024 3689 2096">
     <span class='ocr_line' id='line_1_102' title="bbox 2158 2024 3689 2096; baseline 0.005 -18"><span class='ocrx_word' id='word_1_714' title='bbox 2158 2047 2174 2078; x_wconf 71' lang='grc' dir='ltr'><strong>ι</strong></span> <span class='ocrx_word' id='word_1_715' title='bbox 2208 2026 2359 2080; x_wconf 82' lang='lat' dir='ltr'><strong>Tunc</strong></span> <span class='ocrx_word' id='word_1_716' title='bbox 2401 2024 2767 2094; x_wconf 86' lang='lat' dir='ltr'><strong>llolophernes</strong></span> <span class='ocrx_word' id='word_1_717' title='bbox 2806 2025 2942 2096; x_wconf 72' lang='lat' dir='ltr'><strong>dixit</strong></span> <span class='ocrx_word' id='word_1_718' title='bbox 2971 2026 3019 2080; x_wconf 87' lang='lat' dir='ltr'><strong>ei</strong></span> <span class='ocrx_word' id='word_1_719' title='bbox 3047 2025 3268 2096; x_wconf 57' lang='lat' dir='ltr'><strong>:JEquo</strong></span> <span class='ocrx_word' id='word_1_720' title='bbox 3298 2029 3502 2083; x_wconf 87' lang='lat' dir='ltr'><strong>animo</strong></span> <span class='ocrx_word' id='word_1_721' title='bbox 3527 2042 3689 2093; x_wconf 83' lang='lat' dir='ltr'><strong>esto,</strong></span> 
     </span>
    </p>
   </div>
   <div class='ocr_carea' id='block_1_103' title="bbox 2089 2094 3690 2168">
    <p class='ocr_par' dir='ltr' id='par_1_103' title="bbox 2089 2094 3690 2168">
     <span class='ocr_line' id='line_1_103' title="bbox 2089 2094 3690 2168; baseline 0.004 -20"><span class='ocrx_word' id='word_1_722' title='bbox 2089 2116 2106 2148; x_wconf 71' lang='grc' dir='ltr'><strong>ι</strong></span> <span class='ocrx_word' id='word_1_723' title='bbox 2143 2107 2198 2151; x_wconf 90' lang='lat' dir='ltr'><strong>et</strong></span> <span class='ocrx_word' id='word_1_724' title='bbox 2220 2096 2325 2151; x_wconf 90' lang='lat' dir='ltr'><strong>noli</strong></span> <span class='ocrx_word' id='word_1_725' title='bbox 2364 2112 2559 2168; x_wconf 80' lang='lat' dir='ltr'><strong>pavere</strong></span> <span class='ocrx_word' id='word_1_726' title='bbox 2589 2096 2645 2168; x_wconf 85' lang='lat' dir='ltr'><strong>in</strong></span> <span class='ocrx_word' id='word_1_727' title='bbox 2688 2094 2850 2168; x_wconf 84' lang='lat' dir='ltr'><strong>corde</strong></span> <span class='ocrx_word' id='word_1_728' title='bbox 2879 2105 2991 2168; x_wconf 75' lang='lat' dir='ltr'><strong>tuo,</strong></span> <span class='ocrx_word' id='word_1_729' title='bbox 3014 2167 3017 2168; x_wconf 15' lang='grc' dir='ltr'><em>ν</em></span> <span class='ocrx_word' id='word_1_730' title='bbox 3038 2097 3162 2166; x_wconf 88' lang='lat' dir='ltr'><strong>quia</strong></span> <span class='ocrx_word' id='word_1_731' title='bbox 3184 2094 3483 2168; x_wconf 53' lang='lat' dir='ltr'><strong>&#39;nunqnatu</strong></span> <span class='ocrx_word' id='word_1_732' title='bbox 3508 2105 3690 2156; x_wconf 68' lang='lat' dir='ltr'><strong>nouli</strong></span> 
     </span>
    </p>
   </div>
   <div class='ocr_carea' id='block_1_104' title="bbox 2089 2165 3689 2234">
    <p class='ocr_par' dir='ltr' id='par_1_104' title="bbox 2089 2165 3689 2234">
     <span class='ocr_line' id='line_1_104' title="bbox 2089 2165 3689 2234; baseline 0.006 -18"><span class='ocrx_word' id='word_1_733' title='bbox 2089 2188 2105 2216; x_wconf 73' lang='grc' dir='ltr'>α</span> <span class='ocrx_word' id='word_1_734' title='bbox 2139 2168 2279 2227; x_wconf 86' lang='lat' dir='ltr'><strong>viro,</strong></span> <span class='ocrx_word' id='word_1_735' title='bbox 2325 2166 2415 2234; x_wconf 90' lang='lat' dir='ltr'><strong>qui</strong></span> <span class='ocrx_word' id='word_1_736' title='bbox 2460 2165 2628 2218; x_wconf 87' lang='lat' dir='ltr'><strong>voluit</strong></span> <span class='ocrx_word' id='word_1_737' title='bbox 2675 2165 2879 2220; x_wconf 80' lang='lat' dir='ltr'><strong>Servire</strong></span> <span class='ocrx_word' id='word_1_738' title='bbox 2928 2165 3469 2233; x_wconf 67' lang='lat' dir='ltr'><strong>Nabuchodonosor,</strong></span> <span class='ocrx_word' id='word_1_739' title='bbox 3506 2191 3526 2220; x_wconf 74' lang='grc' dir='ltr'><strong>ι</strong></span> <span class='ocrx_word' id='word_1_740' title='bbox 3575 2184 3689 2226; x_wconf 77' lang='lat' dir='ltr'><strong>etc.</strong></span> 
     </span>
    </p>
   </div>
   <div class='ocr_carea' id='block_1_105' title="bbox 2085 2235 3687 2306">
    <p class='ocr_par' dir='ltr' id='par_1_105' title="bbox 2085 2235 3687 2306">
     <span class='ocr_line' id='line_1_105' title="bbox 2085 2235 3687 2306; baseline 0.001 -14"><span class='ocrx_word' id='word_1_741' title='bbox 2085 2239 2222 2293; x_wconf 73' lang='lat' dir='ltr'><strong>Ecce</strong></span> <span class='ocrx_word' id='word_1_742' title='bbox 2255 2237 2348 2291; x_wconf 88' lang='lat' dir='ltr'><strong>tibi</strong></span> <span class='ocrx_word' id='word_1_743' title='bbox 2377 2252 2433 2290; x_wconf 83' lang='lat' dir='ltr'><strong>se</strong></span> <span class='ocrx_word' id='word_1_744' title='bbox 2457 2235 2645 2306; x_wconf 81' lang='lat' dir='ltr'><strong>Judith</strong></span> <span class='ocrx_word' id='word_1_745' title='bbox 2673 2235 2869 2304; x_wconf 87' lang='lat' dir='ltr'><strong>(inquit</strong></span> <span class='ocrx_word' id='word_1_746' title='bbox 2898 2236 3213 2291; x_wconf 83' lang='lat' dir='ltr'><strong>Ambrosius</strong></span> <span class='ocrx_word' id='word_1_747' title='bbox 3255 2239 3349 2293; x_wconf 86' lang='lat' dir='ltr'><strong>lib.</strong></span> <span class='ocrx_word' id='word_1_748' title='bbox 3389 2237 3565 2295; x_wconf 74' lang='lat' dir='ltr'><strong>Ollio.</strong></span> <span class='ocrx_word' id='word_1_749' title='bbox 3603 2260 3687 2306; x_wconf 84' lang='grc' dir='ltr'><strong>ιιι,</strong></span> 
     </span>
    </p>
   </div>
   <div class='ocr_carea' id='block_1_106' title="bbox 2085 2304 3693 2381">
    <p class='ocr_par' dir='ltr' id='par_1_106' title="bbox 2085 2304 3693 2381">
     <span class='ocr_line' id='line_1_106' title="bbox 2085 2304 3693 2381; baseline 0.004 -20"><span class='ocrx_word' id='word_1_750' title='bbox 2085 2324 2205 2381; x_wconf 81' lang='lat' dir='ltr'><strong>cap.</strong></span> <span class='ocrx_word' id='word_1_751' title='bbox 2314 2306 2471 2381; x_wconf 75' lang='lat' dir='ltr'><strong>offet&#39;t</strong></span> <span class='ocrx_word' id='word_1_752' title='bbox 2496 2304 2779 2381; x_wconf 62' lang='lat' dir='ltr'><strong>mirabilis,</strong></span> <span class='ocrx_word' id='word_1_753' title='bbox 2813 2321 2931 2381; x_wconf 73' lang='lat' dir='ltr'><strong>qua:</strong></span> <span class='ocrx_word' id='word_1_754' title='bbox 2972 2306 3314 2381; x_wconf 76' lang='lat' dir='ltr'><strong>formidatum</strong></span> <span class='ocrx_word' id='word_1_755' title='bbox 3342 2313 3579 2381; x_wconf 84' lang='lat' dir='ltr'><strong>populis</strong></span> <span class='ocrx_word' id='word_1_756' title='bbox 3612 2304 3693 2367; x_wconf 75' lang='lat' dir='ltr'><strong>vi-</strong></span> 
     </span>
    </p>
   </div>
   <div class='ocr_carea' id='block_1_107' title="bbox 2086 2376 3695 2449">
    <p class='ocr_par' dir='ltr' id='par_1_107' title="bbox 2086 2376 3695 2449">
     <span class='ocr_line' id='line_1_107' title="bbox 2086 2376 3695 2449; baseline 0.004 -17"><span class='ocrx_word' id='word_1_757' title='bbox 2086 2376 2202 2432; x_wconf 84' lang='lat' dir='ltr'><strong>ritm</strong></span> <span class='ocrx_word' id='word_1_758' title='bbox 2229 2376 2802 2449; x_wconf 73' lang='lat' dir='ltr'><strong>llompherneni_adiit,</strong></span> <span class='ocrx_word' id='word_1_759' title='bbox 2843 2376 3186 2449; x_wconf 58' lang='lat' dir='ltr'><strong>Assyriorum</strong></span> <span class='ocrx_word' id='word_1_760' title='bbox 3222 2376 3559 2449; x_wconf 53' lang='lat' dir='ltr'><strong>triuirp&#39;hali</strong></span> <span class='ocrx_word' id='word_1_761' title='bbox 3596 2384 3695 2438; x_wconf 81' lang='lat' dir='ltr'><strong>sti-</strong></span> 
     </span>
    </p>
   </div>
   <div class='ocr_carea' id='block_1_108' title="bbox 2085 2445 3698 2519">
    <p class='ocr_par' dir='ltr' id='par_1_108' title="bbox 2085 2445 3698 2519">
     <span class='ocr_line' id='line_1_108' title="bbox 2085 2445 3698 2519; baseline 0.005 -19"><span class='ocrx_word' id='word_1_762' title='bbox 2085 2457 2267 2518; x_wconf 87' lang='lat' dir='ltr'><strong>patum</strong></span> <span class='ocrx_word' id='word_1_763' title='bbox 2320 2445 2555 2502; x_wconf 84' lang='lat' dir='ltr'><strong>caterva.</strong></span> <span class='ocrx_word' id='word_1_764' title='bbox 2607 2445 2758 2500; x_wconf 87' lang='lat' dir='ltr'><strong>Unde</strong></span> <span class='ocrx_word' id='word_1_765' title='bbox 2800 2445 2971 2519; x_wconf 79' lang='lat' dir='ltr'><strong>prima</strong></span> <span class='ocrx_word' id='word_1_766' title='bbox 3011 2446 3188 2519; x_wconf 84' lang='lat' dir='ltr'><strong>fronte</strong></span> <span class='ocrx_word' id='word_1_767' title='bbox 3223 2464 3321 2519; x_wconf 87' lang='lat' dir='ltr'><strong>per</strong></span> <span class='ocrx_word' id='word_1_768' title='bbox 3348 2445 3604 2519; x_wconf 75' lang='lat' dir='ltr'><strong>gratiam</strong></span> <span class='ocrx_word' id='word_1_769' title='bbox 3642 2467 3698 2507; x_wconf 80' lang='lat' dir='ltr'><strong>et</strong></span> 
     </span>
    </p>
   </div>
   <div class='ocr_carea' id='block_1_109' title="bbox 2087 2517 3694 2586">
    <p class='ocr_par' dir='ltr' id='par_1_109' title="bbox 2087 2517 3694 2586">
     <span class='ocr_line' id='line_1_109' title="bbox 2087 2517 3694 2586; baseline 0.006 -17"><span class='ocrx_word' id='word_1_770' title='bbox 2087 2517 2263 2572; x_wconf 79' lang='lat' dir='ltr'><strong>vultus</strong></span> <span class='ocrx_word' id='word_1_771' title='bbox 2291 2518 2539 2572; x_wconf 83' lang='lat' dir='ltr'><strong>decorem</strong></span> <span class='ocrx_word' id='word_1_772' title='bbox 2584 2532 2705 2570; x_wconf 90' lang='lat' dir='ltr'><strong>eum</strong></span> <span class='ocrx_word' id='word_1_773' title='bbox 2740 2518 2990 2586; x_wconf 86' lang='lat' dir='ltr'><strong>perculit,</strong></span> <span class='ocrx_word' id='word_1_774' title='bbox 3031 2517 3238 2573; x_wconf 71' lang='lat' dir='ltr'><strong>deinde</strong></span> <span class='ocrx_word' id='word_1_775' title='bbox 3263 2517 3559 2577; x_wconf 67' lang='lat' dir='ltr'><strong>sermonis</strong></span> <span class='ocrx_word' id='word_1_776' title='bbox 3585 2526 3694 2578; x_wconf 78' lang='lat' dir='ltr'><strong>eir-</strong></span> 
     </span>
    </p>
   </div>
   <div class='ocr_carea' id='block_1_110' title="bbox 2085 2586 3694 2659">
    <p class='ocr_par' dir='ltr' id='par_1_110' title="bbox 2085 2586 3694 2659">
     <span class='ocr_line' id='line_1_110' title="bbox 2085 2586 3694 2659; baseline 0.003 -16"><span class='ocrx_word' id='word_1_777' title='bbox 2085 2589 2380 2657; x_wconf 89' lang='lat' dir='ltr'><strong>eumsepsit</strong></span> <span class='ocrx_word' id='word_1_778' title='bbox 2426 2587 2713 2659; x_wconf 82' lang='lat' dir='ltr'><strong>elegantia.</strong></span> <span class='ocrx_word' id='word_1_779' title='bbox 2748 2586 2963 2659; x_wconf 81' lang='lat' dir='ltr'><strong>Primus</strong></span> <span class='ocrx_word' id='word_1_780' title='bbox 2994 2588 3294 2658; x_wconf 79' lang='lat' dir='ltr'><strong>triumphus</strong></span> <span class='ocrx_word' id='word_1_781' title='bbox 3334 2591 3497 2659; x_wconf 80' lang='lat' dir='ltr'><strong>quod</strong></span> <span class='ocrx_word' id='word_1_782' title='bbox 3551 2597 3694 2648; x_wconf 81' lang='lat' dir='ltr'><strong>inter</strong></span> 
     </span>
    </p>
   </div>
   <div class='ocr_carea' id='block_1_111' title="bbox 2088 2657 3697 2727">
    <p class='ocr_par' dir='ltr' id='par_1_111' title="bbox 2088 2657 3697 2727">
     <span class='ocr_line' id='line_1_111' title="bbox 2088 2657 3697 2727; baseline 0.002 -16"><span class='ocrx_word' id='word_1_783' title='bbox 2088 2674 2209 2714; x_wconf 91' lang='lat' dir='ltr'><strong>eum</strong></span> <span class='ocrx_word' id='word_1_784' title='bbox 2246 2660 2503 2727; x_wconf 86' lang='lat' dir='ltr'><strong>pudorem</strong></span> <span class='ocrx_word' id='word_1_785' title='bbox 2532 2658 2598 2711; x_wconf 89' lang='lat' dir='ltr'><strong>de</strong></span> <span class='ocrx_word' id='word_1_786' title='bbox 2627 2657 2973 2710; x_wconf 75' lang='lat' dir='ltr'><strong>tabernaculo</strong></span> <span class='ocrx_word' id='word_1_787' title='bbox 3004 2657 3173 2712; x_wconf 84' lang='lat' dir='ltr'><strong>hostis</strong></span> <span class='ocrx_word' id='word_1_788' title='bbox 3201 2657 3455 2727; x_wconf 56' lang='lat' dir='ltr'><strong>invexit;</strong></span> <span class='ocrx_word' id='word_1_789' title='bbox 3496 2678 3697 2719; x_wconf 70' lang='lat' dir='ltr'><strong>secun-</strong></span> 
     </span>
    </p>
   </div>
   <div class='ocr_carea' id='block_1_112' title="bbox 2088 2727 3698 2806">
    <p class='ocr_par' dir='ltr' id='par_1_112' title="bbox 2088 2727 3698 2806">
     <span class='ocr_line' id='line_1_112' title="bbox 2088 2727 3698 2806; baseline 0.003 -23"><span class='ocrx_word' id='word_1_790' title='bbox 2088 2730 2187 2806; x_wconf 76' lang='lat' dir='ltr'><strong>dps</strong></span> <span class='ocrx_word' id='word_1_791' title='bbox 2216 2729 2371 2806; x_wconf 74' lang='lat' dir='ltr'><strong>quod</strong></span> <span class='ocrx_word' id='word_1_792' title='bbox 2388 2727 2582 2781; x_wconf 89' lang='lat' dir='ltr'><strong>femina</strong></span> <span class='ocrx_word' id='word_1_793' title='bbox 2622 2728 2687 2806; x_wconf 71' lang='lat' dir='ltr'><strong>de</strong></span> <span class='ocrx_word' id='word_1_794' title='bbox 2727 2728 2842 2780; x_wconf 84' lang='lat' dir='ltr'><strong>viro</strong></span> <span class='ocrx_word' id='word_1_795' title='bbox 2865 2729 3157 2806; x_wconf 83' lang='lat' dir='ltr'><strong>reportavit</strong></span> <span class='ocrx_word' id='word_1_796' title='bbox 3183 2730 3506 2806; x_wconf 66' lang='lat' dir='ltr'><strong>victoriam,</strong></span> <span class='ocrx_word' id='word_1_797' title='bbox 3543 2735 3698 2806; x_wconf 76' lang='lat' dir='ltr'><strong>fuga-</strong></span> 
     </span>
    </p>
   </div>
   <div class='ocr_carea' id='block_1_113' title="bbox 2089 2796 3695 2878">
    <p class='ocr_par' dir='ltr' id='par_1_113' title="bbox 2089 2796 3695 2878">
     <span class='ocr_line' id='line_1_113' title="bbox 2089 2796 3695 2878; baseline 0.005 -26"><span class='ocrx_word' id='word_1_798' title='bbox 2089 2799 2167 2878; x_wconf 79' lang='lat' dir='ltr'><strong>vit</strong></span> <span class='ocrx_word' id='word_1_799' title='bbox 2212 2796 2466 2878; x_wconf 42' lang='lat' dir='ltr'><strong>populos“</strong></span> <span class='ocrx_word' id='word_1_800' title='bbox 2489 2796 2715 2878; x_wconf 76' lang='lat' dir='ltr'><strong>consilio</strong></span> <span class='ocrx_word' id='word_1_801' title='bbox 2758 2813 2873 2878; x_wconf 72' lang='lat' dir='ltr'><strong>sup,</strong></span> <span class='ocrx_word' id='word_1_802' title='bbox 2924 2799 3486 2878; x_wconf 64' lang='lat' dir='ltr'><strong>ltorruerutitPersa:</strong></span> <span class='ocrx_word' id='word_1_803' title='bbox 3510 2796 3695 2860; x_wconf 73' lang='lat' dir='ltr'><strong>.auda-</strong></span> 
     </span>
    </p>
   </div>
   <div class='ocr_carea' id='block_1_114' title="bbox 2088 2866 3696 2937">
    <p class='ocr_par' dir='ltr' id='par_1_114' title="bbox 2088 2866 3696 2937">
     <span class='ocr_line' id='line_1_114' title="bbox 2088 2866 3696 2937; baseline 0.003 -13"><span class='ocrx_word' id='word_1_804' title='bbox 2088 2866 2228 2924; x_wconf 87' lang='lat' dir='ltr'><strong>ciam</strong></span> <span class='ocrx_word' id='word_1_805' title='bbox 2259 2866 2396 2937; x_wconf 81' lang='lat' dir='ltr'><strong>ejus.</strong></span> <span class='ocrx_word' id='word_1_806' title='bbox 2428 2866 2580 2934; x_wconf 85' lang='lat' dir='ltr'><strong>Quod</strong></span> <span class='ocrx_word' id='word_1_807' title='bbox 2611 2878 2789 2921; x_wconf 89' lang='lat' dir='ltr'><strong>autem</strong></span> <span class='ocrx_word' id='word_1_808' title='bbox 2819 2868 2989 2923; x_wconf 89' lang='lat' dir='ltr'><strong>forma</strong></span> <span class='ocrx_word' id='word_1_809' title='bbox 3015 2868 3131 2936; x_wconf 82' lang='lat' dir='ltr'><strong>ejus</strong></span> <span class='ocrx_word' id='word_1_810' title='bbox 3164 2870 3407 2935; x_wconf 81' lang='lat' dir='ltr'><strong>illectus,</strong></span> <span class='ocrx_word' id='word_1_811' title='bbox 3444 2882 3571 2928; x_wconf 79' lang='lat' dir='ltr'><strong>tam</strong></span> <span class='ocrx_word' id='word_1_812' title='bbox 3596 2876 3696 2929; x_wconf 78' lang='lat' dir='ltr'><strong>hu-</strong></span> 
     </span>
    </p>
   </div>
   <div class='ocr_carea' id='block_1_115' title="bbox 2089 2937 3697 3015">
    <p class='ocr_par' dir='ltr' id='par_1_115' title="bbox 2089 2937 3697 3015">
     <span class='ocr_line' id='line_1_115' title="bbox 2089 2937 3697 3015; baseline 0.004 -22"><span class='ocrx_word' id='word_1_813' title='bbox 2089 2940 2324 3015; x_wconf 78' lang='lat' dir='ltr'><strong>maniter</strong></span> <span class='ocrx_word' id='word_1_814' title='bbox 2356 2954 2477 3015; x_wconf 86' lang='lat' dir='ltr'><strong>cum</strong></span> <span class='ocrx_word' id='word_1_815' title='bbox 2510 2938 2629 3015; x_wconf 78' lang='lat' dir='ltr'><strong>ipsa</strong></span> <span class='ocrx_word' id='word_1_816' title='bbox 2653 2937 2903 3015; x_wconf 76' lang='lat' dir='ltr'><strong>loquatur</strong></span> <span class='ocrx_word' id='word_1_817' title='bbox 2934 2939 3277 3015; x_wconf 85' lang='lat' dir='ltr'><strong>manifestum</strong></span> <span class='ocrx_word' id='word_1_818' title='bbox 3307 2951 3419 3015; x_wconf 75' lang='lat' dir='ltr'><strong>est,</strong></span> <span class='ocrx_word' id='word_1_819' title='bbox 3460 2953 3697 3015; x_wconf 54' lang='lat' dir='ltr'><strong>utpote.</strong></span> 
     </span>
    </p>
   </div>
   <div class='ocr_carea' id='block_1_116' title="bbox 2091 3006 3698 3079">
    <p class='ocr_par' dir='ltr' id='par_1_116' title="bbox 2091 3006 3698 3079">
     <span class='ocr_line' id='line_1_116' title="bbox 2091 3006 3698 3079; baseline 0.004 -16"><span class='ocrx_word' id='word_1_820' title='bbox 2091 3010 2224 3063; x_wconf 87' lang='lat' dir='ltr'><strong>alias</strong></span> <span class='ocrx_word' id='word_1_821' title='bbox 2250 3011 2415 3064; x_wconf 89' lang='lat' dir='ltr'><strong>etiam</strong></span> <span class='ocrx_word' id='word_1_822' title='bbox 2455 3008 2508 3061; x_wconf 88' lang='lat' dir='ltr'><strong>in</strong></span> <span class='ocrx_word' id='word_1_823' title='bbox 2532 3006 2807 3079; x_wconf 79' lang='lat' dir='ltr'><strong>subjectis</strong></span> <span class='ocrx_word' id='word_1_824' title='bbox 2852 3023 3076 3064; x_wconf 89' lang='lat' dir='ltr'><strong>securus</strong></span> <span class='ocrx_word' id='word_1_825' title='bbox 3116 3013 3258 3079; x_wconf 88' lang='lat' dir='ltr'><strong>quod</strong></span> <span class='ocrx_word' id='word_1_826' title='bbox 3291 3012 3531 3069; x_wconf 27' lang='lat' dir='ltr'><strong>tlicitrse</strong></span> <span class='ocrx_word' id='word_1_827' title='bbox 3559 3006 3698 3070; x_wconf 70' lang='lat' dir='ltr'><strong>nuo-</strong></span> 
     </span>
    </p>
   </div>
   <div class='ocr_carea' id='block_1_117' title="bbox 2092 3078 3697 3151">
    <p class='ocr_par' dir='ltr' id='par_1_117' title="bbox 2092 3078 3697 3151">
     <span class='ocr_line' id='line_1_117' title="bbox 2092 3078 3697 3151; baseline 0.006 -19"><span class='ocrx_word' id='word_1_828' title='bbox 2092 3095 2251 3148; x_wconf 85' lang='lat' dir='ltr'><strong>quam</strong></span> <span class='ocrx_word' id='word_1_829' title='bbox 2281 3080 2493 3134; x_wconf 88' lang='lat' dir='ltr'><strong>novisse</strong></span> <span class='ocrx_word' id='word_1_830' title='bbox 2518 3078 2760 3151; x_wconf 84' lang='lat' dir='ltr'><strong>impium,</strong></span> <span class='ocrx_word' id='word_1_831' title='bbox 2785 3080 2873 3151; x_wconf 88' lang='lat' dir='ltr'><strong>qui</strong></span> <span class='ocrx_word' id='word_1_832' title='bbox 2901 3080 3055 3134; x_wconf 88' lang='lat' dir='ltr'><strong>vellet</strong></span> <span class='ocrx_word' id='word_1_833' title='bbox 3080 3078 3178 3135; x_wconf 82' lang='lat' dir='ltr'><strong>suo</strong></span> <span class='ocrx_word' id='word_1_834' title='bbox 3200 3084 3413 3139; x_wconf 77' lang='lat' dir='ltr'><strong>servire</strong></span> <span class='ocrx_word' id='word_1_835' title='bbox 3436 3086 3697 3151; x_wconf 65' lang='lat' dir='ltr'><strong>donatiuo.</strong></span> 
     </span>
    </p>
   </div>
   <div class='ocr_carea' id='block_1_118' title="bbox 2095 3149 3489 3213">
    <p class='ocr_par' dir='ltr' id='par_1_118' title="bbox 2095 3149 3489 3213">
     <span class='ocr_line' id='line_1_118' title="bbox 2095 3149 3489 3213; baseline 0.003 -9"><span class='ocrx_word' id='word_1_836' title='bbox 2095 3151 2434 3204; x_wconf 86' lang='lat' dir='ltr'><strong>mendacium</strong></span> <span class='ocrx_word' id='word_1_837' title='bbox 2462 3158 2569 3213; x_wconf 89' lang='lat' dir='ltr'><strong>est,</strong></span> <span class='ocrx_word' id='word_1_838' title='bbox 2598 3149 2883 3203; x_wconf 89' lang='lat' dir='ltr'><strong>mendacio</strong></span> <span class='ocrx_word' id='word_1_839' title='bbox 2915 3166 3038 3204; x_wconf 74' lang='lat' dir='ltr'><strong>mox</strong></span> <span class='ocrx_word' id='word_1_840' title='bbox 3060 3153 3489 3208; x_wconf 82' lang='lat' dir='ltr'><strong>rctuudendum.</strong></span> 
     </span>
    </p>
   </div>
   <div class='ocr_carea' id='block_1_119' title="bbox 2169 3216 3691 3290">
    <p class='ocr_par' dir='ltr' id='par_1_119' title="bbox 2169 3216 3691 3290">
     <span class='ocr_line' id='line_1_119' title="bbox 2169 3216 3691 3290; baseline 0.008 -21"><span class='ocrx_word' id='word_1_841' title='bbox 2169 3240 2185 3269; x_wconf 71' lang='grc' dir='ltr'><strong>ι</strong></span> <span class='ocrx_word' id='word_1_842' title='bbox 2219 3219 2284 3274; x_wconf 81' lang='lat' dir='ltr'><strong>Et</strong></span> <span class='ocrx_word' id='word_1_843' title='bbox 2312 3219 2446 3273; x_wconf 80' lang='lat' dir='ltr'><strong>dixit</strong></span> <span class='ocrx_word' id='word_1_844' title='bbox 2486 3219 2558 3273; x_wconf 91' lang='lat' dir='ltr'><strong>illi</strong></span> <span class='ocrx_word' id='word_1_845' title='bbox 2599 3216 2784 3273; x_wconf 83' lang='lat' dir='ltr'><strong>Judith</strong></span> <span class='ocrx_word' id='word_1_846' title='bbox 2812 3236 2824 3271; x_wconf 90' lang='lat'><strong>:</strong></span> <span class='ocrx_word' id='word_1_847' title='bbox 2856 3220 3020 3275; x_wconf 80' lang='lat' dir='ltr'><strong>Sume</strong></span> <span class='ocrx_word' id='word_1_848' title='bbox 3067 3222 3232 3276; x_wconf 89' lang='lat' dir='ltr'><strong>verba</strong></span> <span class='ocrx_word' id='word_1_849' title='bbox 3273 3224 3495 3280; x_wconf 65' lang='lat' dir='ltr'><strong>ancillae</strong></span> <span class='ocrx_word' id='word_1_850' title='bbox 3540 3234 3691 3290; x_wconf 60' lang='lat' dir='ltr'><strong>tum,</strong></span> 
     </span>
    </p>
   </div>
   <div class='ocr_carea' id='block_1_120' title="bbox 2096 3290 3694 3358">
    <p class='ocr_par' dir='ltr' id='par_1_120' title="bbox 2096 3290 3694 3358">
     <span class='ocr_line' id='line_1_120' title="bbox 2096 3290 3694 3358; baseline 0.006 -17"><span class='ocrx_word' id='word_1_851' title='bbox 2096 3309 2118 3341; x_wconf 69' lang='grc' dir='ltr'><strong>ι</strong></span> <span class='ocrx_word' id='word_1_852' title='bbox 2153 3291 2407 3358; x_wconf 88' lang='lat' dir='ltr'><strong>quoniam</strong></span> <span class='ocrx_word' id='word_1_853' title='bbox 2450 3290 2496 3344; x_wconf 90' lang='lat' dir='ltr'><strong>si</strong></span> <span class='ocrx_word' id='word_1_854' title='bbox 2543 3299 2760 3344; x_wconf 88' lang='lat' dir='ltr'><strong>secutus</strong></span> <span class='ocrx_word' id='word_1_855' title='bbox 2810 3290 2978 3344; x_wconf 85' lang='lat' dir='ltr'><strong>fueris</strong></span> <span class='ocrx_word' id='word_1_856' title='bbox 3018 3292 3180 3346; x_wconf 88' lang='lat' dir='ltr'><strong>verba</strong></span> <span class='ocrx_word' id='word_1_857' title='bbox 3207 3293 3422 3349; x_wconf 66' lang='lat' dir='ltr'><strong>ancilla:</strong></span> <span class='ocrx_word' id='word_1_858' title='bbox 3450 3304 3592 3358; x_wconf 63' lang='lat' dir='ltr'><strong>tum,</strong></span> <span class='ocrx_word' id='word_1_859' title='bbox 3618 3299 3694 3350; x_wconf 78' lang='lat' dir='ltr'><strong>fa-</strong></span> 
     </span>
    </p>
   </div>
   <div class='ocr_carea' id='block_1_121' title="bbox 2097 3360 3688 3428">
    <p class='ocr_par' dir='ltr' id='par_1_121' title="bbox 2097 3360 3688 3428">
     <span class='ocr_line' id='line_1_121' title="bbox 2097 3360 3688 3428; baseline 0.008 -19"><span class='ocrx_word' id='word_1_860' title='bbox 2097 3382 2115 3409; x_wconf 75' lang='grc' dir='ltr'><strong>ι</strong></span> <span class='ocrx_word' id='word_1_861' title='bbox 2155 3361 2258 3414; x_wconf 88' lang='lat' dir='ltr'><strong>eiet</strong></span> <span class='ocrx_word' id='word_1_862' title='bbox 2285 3360 2858 3428; x_wconf 74' lang='lat' dir='ltr'><strong>Dominusperfeetant</strong></span> <span class='ocrx_word' id='word_1_863' title='bbox 2884 3376 2994 3413; x_wconf 86' lang='lat' dir='ltr'><strong>rem</strong></span> <span class='ocrx_word' id='word_1_864' title='bbox 3026 3370 3272 3417; x_wconf 62' lang='lat' dir='ltr'><strong>tecum.»</strong></span> <span class='ocrx_word' id='word_1_865' title='bbox 3316 3364 3400 3417; x_wconf 81' lang='lat' dir='ltr'><strong>Ae</strong></span> <span class='ocrx_word' id='word_1_866' title='bbox 3430 3367 3476 3421; x_wconf 89' lang='lat' dir='ltr'><strong>si</strong></span> <span class='ocrx_word' id='word_1_867' title='bbox 3504 3369 3688 3421; x_wconf 72' lang='lat' dir='ltr'><strong>dicat:</strong></span> 
     </span>
    </p>
   </div>
   <div class='ocr_carea' id='block_1_122' title="bbox 2092 3429 3692 3503">
    <p class='ocr_par' dir='ltr' id='par_1_122' title="bbox 2092 3429 3692 3503">
     <span class='ocr_line' id='line_1_122' title="bbox 2092 3429 3692 3503; baseline 0.004 -19"><span class='ocrx_word' id='word_1_868' title='bbox 2092 3430 2295 3503; x_wconf 58' lang='lat' dir='ltr'><strong>Faciet</strong></span> <span class='ocrx_word' id='word_1_869' title='bbox 2329 3439 2378 3485; x_wconf 91' lang='lat' dir='ltr'><strong>te</strong></span> <span class='ocrx_word' id='word_1_870' title='bbox 2432 3429 2691 3483; x_wconf 89' lang='lat' dir='ltr'><strong>Dominus</strong></span> <span class='ocrx_word' id='word_1_871' title='bbox 2732 3431 3021 3498; x_wconf 80' lang='lat' dir='ltr'><strong>pervenire</strong></span> <span class='ocrx_word' id='word_1_872' title='bbox 3046 3434 3134 3503; x_wconf 87' lang='lat' dir='ltr'><strong>ad</strong></span> <span class='ocrx_word' id='word_1_873' title='bbox 3171 3435 3520 3503; x_wconf 82' lang='lat' dir='ltr'><strong>propositum</strong></span> <span class='ocrx_word' id='word_1_874' title='bbox 3576 3455 3692 3491; x_wconf 72' lang='lat' dir='ltr'><strong>sco-</strong></span> 
     </span>
    </p>
   </div>
   <div class='ocr_carea' id='block_1_123' title="bbox 2092 3500 3690 3577">
    <p class='ocr_par' dir='ltr' id='par_1_123' title="bbox 2092 3500 3690 3577">
     <span class='ocr_line' id='line_1_123' title="bbox 2092 3500 3690 3577; baseline 0.006 -24"><span class='ocrx_word' id='word_1_875' title='bbox 2092 3516 2237 3577; x_wconf 67' lang='lat' dir='ltr'><strong>pum.</strong></span> <span class='ocrx_word' id='word_1_876' title='bbox 2265 3500 2585 3577; x_wconf 66' lang='lat' dir='ltr'><strong>Quanquam</strong></span> <span class='ocrx_word' id='word_1_877' title='bbox 2628 3509 2806 3577; x_wconf 74' lang='lat' dir='ltr'><strong>autem</strong></span> <span class='ocrx_word' id='word_1_878' title='bbox 2842 3511 2953 3554; x_wconf 83' lang='lat' dir='ltr'><strong>tam</strong></span> <span class='ocrx_word' id='word_1_879' title='bbox 2984 3500 3325 3577; x_wconf 72' lang='lat' dir='ltr'><strong>_ltic,__qua_in</strong></span> <span class='ocrx_word' id='word_1_880' title='bbox 3371 3507 3431 3560; x_wconf 84' lang='lat' dir='ltr'><strong>in</strong></span> <span class='ocrx_word' id='word_1_881' title='bbox 3478 3525 3690 3577; x_wconf 57' lang='lat' dir='ltr'><strong>pinxe-</strong></span> 
     </span>
    </p>
   </div>
   <div class='ocr_carea' id='block_1_124' title="bbox 2093 3570 3689 3643">
    <p class='ocr_par' dir='ltr' id='par_1_124' title="bbox 2093 3570 3689 3643">
     <span class='ocr_line' id='line_1_124' title="bbox 2093 3570 3689 3643; baseline 0.005 -18"><span class='ocrx_word' id='word_1_882' title='bbox 2093 3572 2237 3626; x_wconf 84' lang='lat' dir='ltr'><strong>dcnti</strong></span> <span class='ocrx_word' id='word_1_883' title='bbox 2278 3572 2451 3643; x_wconf 87' lang='lat' dir='ltr'><strong>capite</strong></span> <span class='ocrx_word' id='word_1_884' title='bbox 2479 3572 2531 3625; x_wconf 92' lang='lat' dir='ltr'><strong>in</strong></span> <span class='ocrx_word' id='word_1_885' title='bbox 2564 3570 2743 3643; x_wconf 64' lang='lat' dir='ltr'><strong>verbis</strong></span> <span class='ocrx_word' id='word_1_886' title='bbox 2778 3588 2898 3640; x_wconf 63' lang='lat' dir='ltr'><strong>qutc</strong></span> <span class='ocrx_word' id='word_1_887' title='bbox 2928 3573 2995 3624; x_wconf 89' lang='lat' dir='ltr'><strong>ad</strong></span> <span class='ocrx_word' id='word_1_888' title='bbox 3037 3570 3222 3643; x_wconf 77' lang='lat' dir='ltr'><strong>vigiles</strong></span> <span class='ocrx_word' id='word_1_889' title='bbox 3262 3575 3450 3630; x_wconf 81' lang='lat' dir='ltr'><strong>locuta</strong></span> <span class='ocrx_word' id='word_1_890' title='bbox 3478 3570 3571 3632; x_wconf 74' lang='lat' dir='ltr'><strong>est</strong></span> <span class='ocrx_word' id='word_1_891' title='bbox 3599 3598 3689 3632; x_wconf 82' lang='lat' dir='ltr'><strong>ro-</strong></span> 
     </span>
    </p>
   </div>
   <div class='ocr_carea' id='block_1_125' title="bbox 2094 3641 3686 3713">
    <p class='ocr_par' dir='ltr' id='par_1_125' title="bbox 2094 3641 3686 3713">
     <span class='ocr_line' id='line_1_125' title="bbox 2094 3641 3686 3713; baseline 0.003 -17"><span class='ocrx_word' id='word_1_892' title='bbox 2094 3651 2293 3696; x_wconf 91' lang='lat' dir='ltr'><strong>nantnr</strong></span> <span class='ocrx_word' id='word_1_893' title='bbox 2312 3641 2531 3713; x_wconf 51' lang='lat' dir='ltr'><strong>quidam</strong></span> <span class='ocrx_word' id='word_1_894' title='bbox 2550 3641 2739 3713; x_wconf 79' lang='lat' dir='ltr'><strong>.ludith</strong></span> <span class='ocrx_word' id='word_1_895' title='bbox 2762 3660 2790 3694; x_wconf 89' lang='lat' dir='ltr'><strong>a</strong></span> <span class='ocrx_word' id='word_1_896' title='bbox 2815 3641 3488 3713; x_wconf 52' lang='lat' dir='ltr'><strong>nicndario&#39;cacusare,-et</strong></span> <span class='ocrx_word' id='word_1_897' title='bbox 3519 3651 3686 3702; x_wconf 81' lang='lat' dir='ltr'><strong>verba</strong></span> 
     </span>
    </p>
   </div>
   <div class='ocr_carea' id='block_1_126' title="bbox 2094 3712 3686 3793">
    <p class='ocr_par' dir='ltr' id='par_1_126' title="bbox 2094 3712 3686 3793">
     <span class='ocr_line' id='line_1_126' title="bbox 2094 3712 3686 3793; baseline 0.004 -29"><span class='ocrx_word' id='word_1_898' title='bbox 2094 3712 2212 3781; x_wconf 80' lang='lat' dir='ltr'><strong>ejus</strong></span> <span class='ocrx_word' id='word_1_899' title='bbox 2239 3712 2518 3793; x_wconf 81' lang='lat' dir='ltr'><strong>veritatem</strong></span> <span class='ocrx_word' id='word_1_900' title='bbox 2557 3712 2757 3766; x_wconf 88' lang='lat' dir='ltr'><strong>habere</strong></span> <span class='ocrx_word' id='word_1_901' title='bbox 2794 3712 3001 3793; x_wconf 68' lang='lat' dir='ltr'><strong>possint.</strong></span> <span class='ocrx_word' id='word_1_902' title='bbox 3048 3717 3343 3793; x_wconf 70' lang='lat' dir='ltr'><strong>semiudum</strong></span> <span class='ocrx_word' id='word_1_903' title='bbox 3384 3720 3686 3793; x_wconf 57' lang='lat' dir='ltr'><strong>queramur</strong></span> 
     </span>
    </p>
   </div>
   <div class='ocr_carea' id='block_1_127' title="bbox 2094 3783 3686 3858">
    <p class='ocr_par' dir='ltr' id='par_1_127' title="bbox 2094 3783 3686 3858">
     <span class='ocr_line' id='line_1_127' title="bbox 2094 3783 3686 3858; baseline 0.009 -24"><span class='ocrx_word' id='word_1_904' title='bbox 2094 3797 2311 3858; x_wconf 78' lang='lat' dir='ltr'><strong>sensum</strong></span> <span class='ocrx_word' id='word_1_905' title='bbox 2358 3783 2669 3858; x_wconf 70' lang='lat' dir='ltr'><strong>Ittyslic&#39;t‘tm,</strong></span> <span class='ocrx_word' id='word_1_906' title='bbox 2720 3783 2842 3854; x_wconf 83' lang='lat' dir='ltr'><strong>quia</strong></span> <span class='ocrx_word' id='word_1_907' title='bbox 2891 3797 3067 3842; x_wconf 84' lang='lat' dir='ltr'><strong>tamen</strong></span> <span class='ocrx_word' id='word_1_908' title='bbox 3110 3783 3422 3845; x_wconf 63' lang='lat' dir='ltr'><strong>secundum&#39;</strong></span> <span class='ocrx_word' id='word_1_909' title='bbox 3457 3809 3686 3848; x_wconf 81' lang='lat' dir='ltr'><strong>sensum</strong></span> 
     </span>
    </p>
   </div>
   <div class='ocr_carea' id='block_1_128' title="bbox 2093 3852 3689 3931">
    <p class='ocr_par' dir='ltr' id='par_1_128' title="bbox 2093 3852 3689 3931">
     <span class='ocr_line' id='line_1_128' title="bbox 2093 3852 3689 3931; baseline 0.004 -20"><span class='ocrx_word' id='word_1_910' title='bbox 2093 3852 2428 3931; x_wconf 50' lang='lat' dir='ltr'><strong>liuet-atem;</strong></span> <span class='ocrx_word' id='word_1_911' title='bbox 2462 3852 2758 3931; x_wconf 79' lang='lat' dir='ltr'><strong>quiprituo</strong></span> <span class='ocrx_word' id='word_1_912' title='bbox 2781 3858 3022 3912; x_wconf 89' lang='lat' dir='ltr'><strong>omnium</strong></span> <span class='ocrx_word' id='word_1_913' title='bbox 3052 3871 3177 3915; x_wconf 73' lang='lat' dir='ltr'><strong>ante</strong></span> <span class='ocrx_word' id='word_1_914' title='bbox 3216 3862 3461 3931; x_wconf 86' lang='lat' dir='ltr'><strong>reliquos</strong></span> <span class='ocrx_word' id='word_1_915' title='bbox 3482 3867 3689 3918; x_wconf 70' lang='lat' dir='ltr'><strong>consti-</strong></span> 
     </span>
    </p>
   </div>
   <div class='ocr_carea' id='block_1_129' title="bbox 2090 3928 3690 4003">
    <p class='ocr_par' dir='ltr' id='par_1_129' title="bbox 2090 3928 3690 4003">
     <span class='ocr_line' id='line_1_129' title="bbox 2090 3928 3690 4003; baseline 0.003 -21"><span class='ocrx_word' id='word_1_916' title='bbox 2090 3929 2325 4003; x_wconf 80' lang='lat' dir='ltr'><strong>tuendus</strong></span> <span class='ocrx_word' id='word_1_917' title='bbox 2355 3936 2457 3993; x_wconf 87' lang='lat' dir='ltr'><strong>est,</strong></span> <span class='ocrx_word' id='word_1_918' title='bbox 2482 3943 2601 4003; x_wconf 84' lang='lat' dir='ltr'><strong>_no_n</strong></span> <span class='ocrx_word' id='word_1_919' title='bbox 2630 3928 3026 3997; x_wconf 79' lang='lat' dir='ltr'><strong>videturposse</strong></span> <span class='ocrx_word' id='word_1_920' title='bbox 3050 3928 3690 4003; x_wconf 54' lang='lat' dir='ltr'><strong>excusari,&#39;amplecten-</strong></span> 
     </span>
    </p>
   </div>
   <div class='ocr_carea' id='block_1_130' title="bbox 2096 3998 3684 4072">
    <p class='ocr_par' dir='ltr' id='par_1_130' title="bbox 2096 3998 3684 4072">
     <span class='ocr_line' id='line_1_130' title="bbox 2096 3998 3684 4072; baseline 0.004 -19"><span class='ocrx_word' id='word_1_921' title='bbox 2096 3998 2356 4072; x_wconf 62' lang='lat' dir='ltr'><strong>diluithic</strong></span> <span class='ocrx_word' id='word_1_922' title='bbox 2409 3999 2661 4072; x_wconf 74' lang='lat' dir='ltr'><strong>existimo</strong></span> <span class='ocrx_word' id='word_1_923' title='bbox 2710 4013 2898 4072; x_wconf 76' lang='lat' dir='ltr'><strong>eorum</strong></span> <span class='ocrx_word' id='word_1_924' title='bbox 2939 4000 3302 4072; x_wconf 82' lang='lat' dir='ltr'><strong>sententiam,</strong></span> <span class='ocrx_word' id='word_1_925' title='bbox 3369 3998 3481 4072; x_wconf 72' lang='lat' dir='ltr'><strong>qua</strong></span> <span class='ocrx_word' id='word_1_926' title='bbox 3521 4021 3684 4059; x_wconf 81' lang='lat' dir='ltr'><strong>meo-</strong></span> 
     </span>
    </p>
   </div>
   <div class='ocr_carea' id='block_1_131' title="bbox 2095 4068 3685 4143">
    <p class='ocr_par' dir='ltr' id='par_1_131' title="bbox 2095 4068 3685 4143">
     <span class='ocr_line' id='line_1_131' title="bbox 2095 4068 3685 4143; baseline 0.003 -19"><span class='ocrx_word' id='word_1_927' title='bbox 2095 4068 2249 4124; x_wconf 88' lang='lat' dir='ltr'><strong>daeia</strong></span> <span class='ocrx_word' id='word_1_928' title='bbox 2290 4069 2405 4123; x_wconf 72' lang='lat' dir='ltr'><strong>luce</strong></span> <span class='ocrx_word' id='word_1_929' title='bbox 2442 4069 2682 4143; x_wconf 24' lang='lat' dir='ltr'><strong>oiiic‘iosa</strong></span> <span class='ocrx_word' id='word_1_930' title='bbox 2743 4068 2910 4143; x_wconf 75' lang='lat' dir='ltr'><strong>fuisse</strong></span> <span class='ocrx_word' id='word_1_931' title='bbox 2967 4069 3273 4143; x_wconf 86' lang='lat' dir='ltr'><strong>dicuntur,</strong></span> <span class='ocrx_word' id='word_1_932' title='bbox 3326 4068 3403 4127; x_wconf 59' lang='lat' dir='ltr'><strong>et&#39;</strong></span> <span class='ocrx_word' id='word_1_933' title='bbox 3446 4076 3685 4143; x_wconf 81' lang='lat' dir='ltr'><strong>proinde</strong></span> 
     </span>
    </p>
   </div>
   <div class='ocr_carea' id='block_1_132' title="bbox 2084 4139 3683 4210">
    <p class='ocr_par' dir='ltr' id='par_1_132' title="bbox 2084 4139 3683 4210">
     <span class='ocr_line' id='line_1_132' title="bbox 2084 4139 3683 4210; baseline 0.004 -17"><span class='ocrx_word' id='word_1_934' title='bbox 2084 4149 2315 4210; x_wconf 74' lang='lat' dir='ltr'><strong>peccata</strong></span> <span class='ocrx_word' id='word_1_935' title='bbox 2374 4139 2645 4203; x_wconf 88' lang='lat' dir='ltr'><strong>venialia,</strong></span> <span class='ocrx_word' id='word_1_936' title='bbox 2701 4153 2732 4192; x_wconf 89' lang='lat' dir='ltr'><strong>a</strong></span> <span class='ocrx_word' id='word_1_937' title='bbox 2786 4139 3007 4210; x_wconf 87' lang='lat' dir='ltr'><strong>quibus</strong></span> <span class='ocrx_word' id='word_1_938' title='bbox 3039 4156 3147 4195; x_wconf 91' lang='lat' dir='ltr'><strong>non</strong></span> <span class='ocrx_word' id='word_1_939' title='bbox 3204 4142 3404 4196; x_wconf 89' lang='lat' dir='ltr'><strong>mirunt</strong></span> <span class='ocrx_word' id='word_1_940' title='bbox 3446 4139 3578 4210; x_wconf 71' lang='lat' dir='ltr'><strong>est,</strong></span> <span class='ocrx_word' id='word_1_941' title='bbox 3635 4144 3683 4200; x_wconf 81' lang='lat' dir='ltr'><strong>si</strong></span> 
     </span>
    </p>
   </div>
   <div class='ocr_carea' id='block_1_133' title="bbox 2091 4208 3683 4273">
    <p class='ocr_par' dir='ltr' id='par_1_133' title="bbox 2091 4208 3683 4273">
     <span class='ocr_line' id='line_1_133' title="bbox 2091 4208 3683 4273; baseline 0.004 -10"><span class='ocrx_word' id='word_1_942' title='bbox 2091 4208 2420 4264; x_wconf 83' lang='lat' dir='ltr'><strong>.lndithnon</strong></span> <span class='ocrx_word' id='word_1_943' title='bbox 2443 4218 2752 4273; x_wconf 74' lang='lat' dir='ltr'><strong>excusetur,</strong></span> <span class='ocrx_word' id='word_1_944' title='bbox 2791 4224 2911 4262; x_wconf 91' lang='lat' dir='ltr'><strong>cum</strong></span> <span class='ocrx_word' id='word_1_945' title='bbox 2942 4209 3106 4264; x_wconf 89' lang='lat' dir='ltr'><strong>etiam</strong></span> <span class='ocrx_word' id='word_1_946' title='bbox 3145 4211 3212 4268; x_wconf 87' lang='lat' dir='ltr'><strong>de</strong></span> <span class='ocrx_word' id='word_1_947' title='bbox 3244 4227 3304 4267; x_wconf 89' lang='lat' dir='ltr'><strong>se</strong></span> <span class='ocrx_word' id='word_1_948' title='bbox 3329 4212 3482 4268; x_wconf 83' lang='lat' dir='ltr'><strong>dicat</strong></span> <span class='ocrx_word' id='word_1_949' title='bbox 3509 4208 3683 4269; x_wconf 76' lang='lat' dir='ltr'><strong>Joan-</strong></span> 
     </span>
    </p>
   </div>
   <div class='ocr_carea' id='block_1_134' title="bbox 2094 4277 3684 4356">
    <p class='ocr_par' dir='ltr' id='par_1_134' title="bbox 2094 4277 3684 4356">
     <span class='ocr_line' id='line_1_134' title="bbox 2094 4277 3684 4356; baseline 0.005 -23"><span class='ocrx_word' id='word_1_950' title='bbox 2094 4296 2191 4333; x_wconf 84' lang='lat' dir='ltr'><strong>nes</strong></span> <span class='ocrx_word' id='word_1_951' title='bbox 2234 4277 2563 4356; x_wconf 64' lang='lat' dir='ltr'><strong>evangelista</strong></span> <span class='ocrx_word' id='word_1_952' title='bbox 2608 4278 2695 4334; x_wconf 88' lang='lat' dir='ltr'><strong>ille</strong></span> <span class='ocrx_word' id='word_1_953' title='bbox 2728 4286 2786 4356; x_wconf 69' lang='lat' dir='ltr'><strong>et</strong></span> <span class='ocrx_word' id='word_1_954' title='bbox 2827 4278 3114 4347; x_wconf 78' lang='lat' dir='ltr'><strong>Apostolus</strong></span> <span class='ocrx_word' id='word_1_955' title='bbox 3142 4282 3305 4356; x_wconf 54' lang='lat' dir='ltr'><strong>sup.)</strong></span> <span class='ocrx_word' id='word_1_956' title='bbox 3337 4284 3530 4356; x_wconf 76' lang='lat' dir='ltr'><strong>epist...</strong></span> <span class='ocrx_word' id='word_1_957' title='bbox 3560 4302 3684 4356; x_wconf 74' lang='lat' dir='ltr'><strong>cap.</strong></span> 
     </span>
    </p>
   </div>
   <div class='ocr_carea' id='block_1_135' title="bbox 2095 4348 3687 4418">
    <p class='ocr_par' dir='ltr' id='par_1_135' title="bbox 2095 4348 3687 4418">
     <span class='ocr_line' id='line_1_135' title="bbox 2095 4348 3687 4418; baseline 0.005 -15"><span class='ocrx_word' id='word_1_958' title='bbox 2095 4366 2110 4403; x_wconf 90' lang='lat' dir='ltr'>I</span> <span class='ocrx_word' id='word_1_959' title='bbox 2139 4367 2150 4401; x_wconf 87' lang='lat'><strong>:</strong></span> <span class='ocrx_word' id='word_1_960' title='bbox 2184 4369 2200 4400; x_wconf 74' lang='grc' dir='ltr'><strong>ι</strong></span> <span class='ocrx_word' id='word_1_961' title='bbox 2241 4350 2298 4405; x_wconf 88' lang='lat' dir='ltr'><strong>Si</strong></span> <span class='ocrx_word' id='word_1_962' title='bbox 2335 4349 2628 4403; x_wconf 73' lang='lat' dir='ltr'><strong>dixerimus</strong></span> <span class='ocrx_word' id='word_1_963' title='bbox 2652 4348 2776 4418; x_wconf 90' lang='lat' dir='ltr'><strong>quia</strong></span> <span class='ocrx_word' id='word_1_964' title='bbox 2811 4358 3091 4418; x_wconf 87' lang='lat' dir='ltr'><strong>peccatum</strong></span> <span class='ocrx_word' id='word_1_965' title='bbox 3122 4348 3227 4406; x_wconf 78' lang='lat' dir='ltr'><strong>non</strong></span> <span class='ocrx_word' id='word_1_966' title='bbox 3254 4348 3555 4417; x_wconf 68' lang='lat' dir='ltr'><strong>habetth</strong></span> <span class='ocrx_word' id='word_1_967' title='bbox 3588 4348 3687 4411; x_wconf 65' lang='lat' dir='ltr'><strong>nos</strong></span> 
     </span>
    </p>
   </div>
   <div class='ocr_carea' id='block_1_136' title="bbox 2096 4420 3684 4496">
    <p class='ocr_par' dir='ltr' id='par_1_136' title="bbox 2096 4420 3684 4496">
     <span class='ocr_line' id='line_1_136' title="bbox 2096 4420 3684 4496; baseline 0.005 -23"><span class='ocrx_word' id='word_1_968' title='bbox 2096 4420 2241 4496; x_wconf 83' lang='lat' dir='ltr'><strong>ipsos</strong></span> <span class='ocrx_word' id='word_1_969' title='bbox 2276 4420 2620 4496; x_wconf 64' lang='grc' dir='ltr'><strong>Δεριξιιιιὶιιιιιβ;</strong></span> <span class='ocrx_word' id='word_1_970' title='bbox 2675 4434 2777 4496; x_wconf 79' lang='lat' dir='ltr'><strong>nec</strong></span> <span class='ocrx_word' id='word_1_971' title='bbox 2820 4423 2996 4496; x_wconf 80' lang='lat' dir='ltr'><strong>obstat</strong></span> <span class='ocrx_word' id='word_1_972' title='bbox 3031 4424 3429 4496; x_wconf 85' lang='lat' dir='ltr'><strong>commendatio</strong></span> <span class='ocrx_word' id='word_1_973' title='bbox 3479 4427 3603 4496; x_wconf 83' lang='lat' dir='ltr'><strong>ejus</strong></span> <span class='ocrx_word' id='word_1_974' title='bbox 3630 4430 3684 4480; x_wconf 85' lang='lat' dir='ltr'><strong>in</strong></span> 
     </span>
    </p>
   </div>
   <div class='ocr_carea' id='block_1_137' title="bbox 2096 4489 3683 4561">
    <p class='ocr_par' dir='ltr' id='par_1_137' title="bbox 2096 4489 3683 4561">
     <span class='ocr_line' id='line_1_137' title="bbox 2096 4489 3683 4561; baseline 0.004 -17"><span class='ocrx_word' id='word_1_975' title='bbox 2096 4490 2395 4559; x_wconf 87' lang='lat' dir='ltr'><strong>Scriptura,</strong></span> <span class='ocrx_word' id='word_1_976' title='bbox 2425 4492 2669 4558; x_wconf 62' lang='lat' dir='ltr'><strong>quantum</strong></span> <span class='ocrx_word' id='word_1_977' title='bbox 2693 4490 2836 4561; x_wconf 86' lang='lat' dir='ltr'><strong>enim</strong></span> <span class='ocrx_word' id='word_1_978' title='bbox 2864 4489 2916 4543; x_wconf 89' lang='lat' dir='ltr'><strong>in</strong></span> <span class='ocrx_word' id='word_1_979' title='bbox 2939 4505 3002 4544; x_wconf 82' lang='lat' dir='ltr'><strong>ea</strong></span> <span class='ocrx_word' id='word_1_980' title='bbox 3030 4489 3527 4561; x_wconf 61' lang='lat' dir='ltr'><strong>commendantur,</strong></span> <span class='ocrx_word' id='word_1_981' title='bbox 3572 4515 3683 4551; x_wconf 76' lang='lat' dir='ltr'><strong>non</strong></span> 
     </span>
    </p>
   </div>
   <div class='ocr_carea' id='block_1_138' title="bbox 2093 4560 3682 4634">
    <p class='ocr_par' dir='ltr' id='par_1_138' title="bbox 2093 4560 3682 4634">
     <span class='ocr_line' id='line_1_138' title="bbox 2093 4560 3682 4634; baseline 0.005 -21"><span class='ocrx_word' id='word_1_982' title='bbox 2093 4571 2313 4634; x_wconf 75' lang='lat' dir='ltr'><strong>propter</strong></span> <span class='ocrx_word' id='word_1_983' title='bbox 2339 4562 2633 4634; x_wconf 79' lang='lat' dir='ltr'><strong>perfectam</strong></span> <span class='ocrx_word' id='word_1_984' title='bbox 2670 4560 2946 4634; x_wconf 75' lang='lat' dir='ltr'><strong>virtutem,</strong></span> <span class='ocrx_word' id='word_1_985' title='bbox 2974 4561 3068 4615; x_wconf 81' lang='lat' dir='ltr'><strong>sed</strong></span> <span class='ocrx_word' id='word_1_986' title='bbox 3114 4574 3345 4632; x_wconf 76' lang='lat' dir='ltr'><strong>prepter</strong></span> <span class='ocrx_word' id='word_1_987' title='bbox 3383 4560 3682 4634; x_wconf 80' lang='lat' dir='ltr'><strong>quamdam</strong></span> 
     </span>
    </p>
   </div>
   <div class='ocr_carea' id='block_1_139' title="bbox 2093 4629 3680 4701">
    <p class='ocr_par' dir='ltr' id='par_1_139' title="bbox 2093 4629 3680 4701">
     <span class='ocr_line' id='line_1_139' title="bbox 2093 4629 3680 4701; baseline 0.007 -21"><span class='ocrx_word' id='word_1_988' title='bbox 2093 4629 2307 4701; x_wconf 85' lang='lat' dir='ltr'><strong>virtutis</strong></span> <span class='ocrx_word' id='word_1_989' title='bbox 2337 4629 2587 4701; x_wconf 83' lang='lat' dir='ltr'><strong>indolctn,</strong></span> <span class='ocrx_word' id='word_1_990' title='bbox 2622 4630 2829 4701; x_wconf 87' lang='lat' dir='ltr'><strong>scilicet</strong></span> <span class='ocrx_word' id='word_1_991' title='bbox 2859 4631 2986 4698; x_wconf 90' lang='lat' dir='ltr'><strong>quia</strong></span> <span class='ocrx_word' id='word_1_992' title='bbox 3031 4629 3327 4701; x_wconf 67' lang='lat' dir='ltr'><strong>apparebat</strong></span> <span class='ocrx_word' id='word_1_993' title='bbox 3356 4629 3417 4688; x_wconf 72' lang='lat' dir='ltr'><strong>iti</strong></span> <span class='ocrx_word' id='word_1_994' title='bbox 3438 4636 3555 4691; x_wconf 82' lang='lat' dir='ltr'><strong>illis</strong></span> <span class='ocrx_word' id='word_1_995' title='bbox 3576 4642 3680 4690; x_wconf 80' lang='lat' dir='ltr'><strong>alt-</strong></span> 
     </span>
    </p>
   </div>
   <div class='ocr_carea' id='block_1_140' title="bbox 2091 4699 3682 4770">
    <p class='ocr_par' dir='ltr' id='par_1_140' title="bbox 2091 4699 3682 4770">
     <span class='ocr_line' id='line_1_140' title="bbox 2091 4699 3682 4770; baseline 0.006 -18"><span class='ocrx_word' id='word_1_996' title='bbox 2091 4700 2218 4769; x_wconf 90' lang='lat' dir='ltr'><strong>qnid</strong></span> <span class='ocrx_word' id='word_1_997' title='bbox 2271 4699 2553 4770; x_wconf 65' lang='lat' dir='ltr'><strong>laudabilis</strong></span> <span class='ocrx_word' id='word_1_998' title='bbox 2613 4700 2875 4761; x_wconf 72' lang='lat' dir='ltr'><strong>allectus,</strong></span> <span class='ocrx_word' id='word_1_999' title='bbox 2928 4717 2993 4755; x_wconf 81' lang='lat' dir='ltr'><strong>ex</strong></span> <span class='ocrx_word' id='word_1_1000' title='bbox 3043 4699 3151 4770; x_wconf 81' lang='lat' dir='ltr'><strong>quo</strong></span> <span class='ocrx_word' id='word_1_1001' title='bbox 3201 4706 3568 4761; x_wconf 78' lang='lat' dir='ltr'><strong>movebantur</strong></span> <span class='ocrx_word' id='word_1_1002' title='bbox 3613 4707 3682 4761; x_wconf 83' lang='lat' dir='ltr'><strong>ad</strong></span> 
     </span>
    </p>
   </div>
   <div class='ocr_carea' id='block_1_141' title="bbox 2091 4769 3681 4847">
    <p class='ocr_par' dir='ltr' id='par_1_141' title="bbox 2091 4769 3681 4847">
     <span class='ocr_line' id='line_1_141' title="bbox 2091 4769 3681 4847; baseline 0.005 -25"><span class='ocrx_word' id='word_1_1003' title='bbox 2091 4770 2335 4847; x_wconf 63' lang='lat' dir='ltr'><strong>quaedam</strong></span> <span class='ocrx_word' id='word_1_1004' title='bbox 2387 4769 2618 4847; x_wconf 80' lang='lat' dir='ltr'><strong>ittsolita_</strong></span> <span class='ocrx_word' id='word_1_1005' title='bbox 2660 4770 2924 4823; x_wconf 76' lang='lat' dir='ltr'><strong>facienda.</strong></span> <span class='ocrx_word' id='word_1_1006' title='bbox 2973 4770 3437 4847; x_wconf 70' lang='lat' dir='ltr'><strong>Quemadmodum</strong></span> <span class='ocrx_word' id='word_1_1007' title='bbox 3493 4778 3681 4847; x_wconf 78' lang='lat' dir='ltr'><strong>itaque</strong></span> 
     </span>
    </p>
   </div>
   <div class='ocr_carea' id='block_1_142' title="bbox 2091 4839 3677 4905">
    <p class='ocr_par' dir='ltr' id='par_1_142' title="bbox 2091 4839 3677 4905">
     <span class='ocr_line' id='line_1_142' title="bbox 2091 4839 3677 4905; baseline 0.007 -14"><span class='ocrx_word' id='word_1_1008' title='bbox 2091 4841 2411 4895; x_wconf 83' lang='lat' dir='ltr'><strong>obstetrices</strong></span> <span class='ocrx_word' id='word_1_1009' title='bbox 2453 4839 2622 4893; x_wconf 70' lang='lat' dir='ltr'><strong>Exodi</strong></span> <span class='ocrx_word' id='word_1_1010' title='bbox 2653 4856 2668 4893; x_wconf 85' lang='grc' dir='ltr'><strong>ι</strong></span> <span class='ocrx_word' id='word_1_1011' title='bbox 2702 4842 3170 4905; x_wconf 86' lang='lat' dir='ltr'><strong>commendantur,</strong></span> <span class='ocrx_word' id='word_1_1012' title='bbox 3197 4852 3253 4896; x_wconf 92' lang='lat' dir='ltr'><strong>et</strong></span> <span class='ocrx_word' id='word_1_1013' title='bbox 3272 4839 3677 4902; x_wconf 72' lang='lat' dir='ltr'><strong>commemora-</strong></span> 
     </span>
    </p>
   </div>
   <div class='ocr_carea' id='block_1_143' title="bbox 2094 4910 3679 4981">
    <p class='ocr_par' dir='ltr' id='par_1_143' title="bbox 2094 4910 3679 4981">
     <span class='ocr_line' id='line_1_143' title="bbox 2094 4910 3679 4981; baseline 0.006 -17"><span class='ocrx_word' id='word_1_1014' title='bbox 2094 4910 2292 4964; x_wconf 88' lang='lat' dir='ltr'><strong>tionem</strong></span> <span class='ocrx_word' id='word_1_1015' title='bbox 2324 4919 2671 4981; x_wconf 78' lang='lat' dir='ltr'><strong>accepcrunt,</strong></span> <span class='ocrx_word' id='word_1_1016' title='bbox 2699 4926 2763 4964; x_wconf 90' lang='lat' dir='ltr'><strong>eo</strong></span> <span class='ocrx_word' id='word_1_1017' title='bbox 2802 4910 2943 4976; x_wconf 90' lang='lat' dir='ltr'><strong>quod</strong></span> <span class='ocrx_word' id='word_1_1018' title='bbox 2981 4912 3275 4981; x_wconf 81' lang='lat' dir='ltr'><strong>timuerunt</strong></span> <span class='ocrx_word' id='word_1_1019' title='bbox 3313 4913 3521 4981; x_wconf 87' lang='lat' dir='ltr'><strong>Deum,</strong></span> <span class='ocrx_word' id='word_1_1020' title='bbox 3572 4934 3679 4973; x_wconf 80' lang='lat' dir='ltr'><strong>non</strong></span> 
     </span>
    </p>
   </div>
   <div class='ocr_carea' id='block_1_144' title="bbox 2090 4978 3680 5048">
    <p class='ocr_par' dir='ltr' id='par_1_144' title="bbox 2090 4978 3680 5048">
     <span class='ocr_line' id='line_1_144' title="bbox 2090 4978 3680 5048; baseline 0.005 -15"><span class='ocrx_word' id='word_1_1021' title='bbox 2090 4996 2155 5033; x_wconf 86' lang='lat' dir='ltr'><strong>eo</strong></span> <span class='ocrx_word' id='word_1_1022' title='bbox 2185 4981 2325 5048; x_wconf 91' lang='lat' dir='ltr'><strong>quod</strong></span> <span class='ocrx_word' id='word_1_1023' title='bbox 2351 4980 2586 5033; x_wconf 60' lang='lat' dir='ltr'><strong>mentitae</strong></span> <span class='ocrx_word' id='word_1_1024' title='bbox 2611 4990 2754 5043; x_wconf 88' lang='lat' dir='ltr'><strong>sttnt,</strong></span> <span class='ocrx_word' id='word_1_1025' title='bbox 2782 4982 2862 5034; x_wconf 90' lang='lat' dir='ltr'><strong>sic</strong></span> <span class='ocrx_word' id='word_1_1026' title='bbox 2891 4988 2946 5032; x_wconf 90' lang='lat' dir='ltr'><strong>et</strong></span> <span class='ocrx_word' id='word_1_1027' title='bbox 2971 4978 3155 5035; x_wconf 83' lang='lat' dir='ltr'><strong>.Iudith</strong></span> <span class='ocrx_word' id='word_1_1028' title='bbox 3184 4982 3438 5040; x_wconf 86' lang='lat' dir='ltr'><strong>laudatur</strong></span> <span class='ocrx_word' id='word_1_1029' title='bbox 3470 4978 3584 5043; x_wconf 75' lang='lat' dir='ltr'><strong>non</strong></span> <span class='ocrx_word' id='word_1_1030' title='bbox 3606 4990 3680 5042; x_wconf 80' lang='lat' dir='ltr'><strong>ob</strong></span> 
     </span>
    </p>
   </div>
   <div class='ocr_carea' id='block_1_145' title="bbox 2090 5050 3682 5128">
    <p class='ocr_par' dir='ltr' id='par_1_145' title="bbox 2090 5050 3682 5128">
     <span class='ocr_line' id='line_1_145' title="bbox 2090 5050 3682 5128; baseline 0.006 -25"><span class='ocrx_word' id='word_1_1031' title='bbox 2090 5050 2582 5128; x_wconf 65' lang='lat' dir='ltr'><strong>mendacium,un</strong></span> <span class='ocrx_word' id='word_1_1032' title='bbox 2614 5050 2834 5128; x_wconf 82' lang='lat' dir='ltr'><strong>mentita</strong></span> <span class='ocrx_word' id='word_1_1033' title='bbox 2853 5058 2936 5128; x_wconf 71' lang='lat' dir='ltr'><strong>est</strong></span> <span class='ocrx_word' id='word_1_1034' title='bbox 2956 5050 3304 5128; x_wconf 77' lang='lat' dir='ltr'><strong>llo|0pbern_i,</strong></span> <span class='ocrx_word' id='word_1_1035' title='bbox 3333 5058 3439 5128; x_wconf 85' lang='lat' dir='ltr'><strong>sed</strong></span> <span class='ocrx_word' id='word_1_1036' title='bbox 3455 5070 3682 5128; x_wconf 80' lang='lat' dir='ltr'><strong>propter</strong></span> 
     </span>
    </p>
   </div>
   <div class='ocr_carea' id='block_1_146' title="bbox 2090 5118 3678 5200">
    <p class='ocr_par' dir='ltr' id='par_1_146' title="bbox 2090 5118 3678 5200">
     <span class='ocr_line' id='line_1_146' title="bbox 2090 5118 3678 5200; baseline 0.008 -27"><span class='ocrx_word' id='word_1_1037' title='bbox 2090 5120 2341 5200; x_wconf 81' lang='lat' dir='ltr'><strong>atl‘ectum</strong></span> <span class='ocrx_word' id='word_1_1038' title='bbox 2370 5118 2702 5175; x_wconf 84' lang='lat' dir='ltr'><strong>liberatiouis</strong></span> <span class='ocrx_word' id='word_1_1039' title='bbox 2734 5120 2937 5189; x_wconf 89' lang='lat' dir='ltr'><strong>populi,</strong></span> <span class='ocrx_word' id='word_1_1040' title='bbox 2957 5119 3111 5188; x_wconf 88' lang='lat' dir='ltr'><strong>cujus</strong></span> <span class='ocrx_word' id='word_1_1041' title='bbox 3126 5123 3304 5191; x_wconf 79' lang='lat' dir='ltr'><strong>gratia</strong></span> <span class='ocrx_word' id='word_1_1042' title='bbox 3320 5118 3593 5193; x_wconf 68' lang='lat' dir='ltr'><strong>periculis</strong></span> <span class='ocrx_word' id='word_1_1043' title='bbox 3618 5144 3678 5184; x_wconf 80' lang='lat' dir='ltr'><strong>se</strong></span> 
     </span>
    </p>
   </div>
   <div class='ocr_carea' id='block_1_147' title="bbox 2090 5199 2354 5244">
    <p class='ocr_par' dir='ltr' id='par_1_147' title="bbox 2090 5199 2354 5244">
     <span class='ocr_line' id='line_1_147' title="bbox 2090 5199 2354 5244; baseline -0.004 0"><span class='ocrx_word' id='word_1_1044' title='bbox 2090 5199 2354 5244; x_wconf 72' lang='lat' dir='ltr'><strong>exposuit.</strong></span> 
     </span>
    </p>
   </div>
   <div class='ocr_carea' id='block_1_148' title="bbox 2156 5205 3677 5322">
    <p class='ocr_par' dir='ltr' id='par_1_148' title="bbox 2156 5205 3677 5322">
     <span class='ocr_line' id='line_1_148' title="bbox 2196 5205 2354 5244; baseline -0.006 0"><span class='ocrx_word' id='word_1_1045' title='bbox 2196 5205 2354 5244; x_wconf 84' lang='lat' dir='ltr'><strong>osutt.</strong></span> 
     </span>
     <span class='ocr_line' id='line_1_149' title="bbox 2156 5205 3677 5322; baseline 0.008 -12"><span class='ocrx_word' id='word_1_1046' title='bbox 2156 5205 2192 5310; x_wconf 52' lang='grc' dir='ltr'><strong><em>ξ</em></strong></span> <span class='ocrx_word' id='word_1_1047' title='bbox 2232 5260 2372 5313; x_wconf 70' lang='lat' dir='ltr'><strong>\‘ivit</strong></span> <span class='ocrx_word' id='word_1_1048' title='bbox 2413 5258 2557 5313; x_wconf 88' lang='lat' dir='ltr'><strong>enint</strong></span> <span class='ocrx_word' id='word_1_1049' title='bbox 2587 5257 3081 5315; x_wconf 75' lang='lat' dir='ltr'><strong>Nabuchodonosor</strong></span> <span class='ocrx_word' id='word_1_1050' title='bbox 3126 5276 3219 5315; x_wconf 83' lang='lat' dir='ltr'><strong>rex</strong></span> <span class='ocrx_word' id='word_1_1051' title='bbox 3253 5271 3412 5320; x_wconf 77' lang='lat' dir='ltr'><strong>teme</strong></span> <span class='ocrx_word' id='word_1_1052' title='bbox 3439 5277 3499 5321; x_wconf 88' lang='lat' dir='ltr'><strong>et</strong></span> <span class='ocrx_word' id='word_1_1053' title='bbox 3547 5268 3677 5322; x_wconf 82' lang='lat' dir='ltr'><strong>vivit</strong></span> 
     </span>
    </p>
   </div>
   <div class='ocr_carea' id='block_1_149' title="bbox 2096 5329 3673 5401">
    <p class='ocr_par' dir='ltr' id='par_1_149' title="bbox 2096 5329 3673 5401">
     <span class='ocr_line' id='line_1_150' title="bbox 2096 5329 3673 5401; baseline 0.008 -22"><span class='ocrx_word' id='word_1_1054' title='bbox 2096 5348 2112 5379; x_wconf 85' lang='grc'><strong><em>‹</em></strong></span> <span class='ocrx_word' id='word_1_1055' title='bbox 2148 5331 2319 5401; x_wconf 83' lang='lat' dir='ltr'><strong>virtus</strong></span> <span class='ocrx_word' id='word_1_1056' title='bbox 2353 5329 2471 5399; x_wconf 87' lang='lat' dir='ltr'><strong>ejus</strong></span> <span class='ocrx_word' id='word_1_1057' title='bbox 2498 5344 2618 5401; x_wconf 73' lang='lat' dir='ltr'><strong>qua:</strong></span> <span class='ocrx_word' id='word_1_1058' title='bbox 2647 5329 2699 5401; x_wconf 83' lang='lat' dir='ltr'><strong>in</strong></span> <span class='ocrx_word' id='word_1_1059' title='bbox 2733 5338 2783 5384; x_wconf 92' lang='lat' dir='ltr'><strong>te</strong></span> <span class='ocrx_word' id='word_1_1060' title='bbox 2808 5338 2912 5401; x_wconf 78' lang='lat' dir='ltr'><strong>est,</strong></span> <span class='ocrx_word' id='word_1_1061' title='bbox 2935 5339 3096 5394; x_wconf 69' lang='lat' dir='ltr'><strong>ete.,t</strong></span> <span class='ocrx_word' id='word_1_1062' title='bbox 3130 5340 3189 5384; x_wconf 94' lang='lat' dir='ltr'><strong>nt</strong></span> <span class='ocrx_word' id='word_1_1063' title='bbox 3206 5332 3459 5391; x_wconf 82' lang='lat' dir='ltr'><strong>fallacem</strong></span> <span class='ocrx_word' id='word_1_1064' title='bbox 3500 5338 3673 5401; x_wconf 82' lang='lat' dir='ltr'><strong>fallat,</strong></span> 
     </span>
    </p>
   </div>
   <div class='ocr_carea' id='block_1_150' title="bbox 2090 5398 3675 5474">
    <p class='ocr_par' dir='ltr' id='par_1_150' title="bbox 2090 5398 3675 5474">
     <span class='ocr_line' id='line_1_151' title="bbox 2090 5398 3675 5474; baseline 0.003 -20"><span class='ocrx_word' id='word_1_1065' title='bbox 2090 5408 2146 5454; x_wconf 88' lang='lat' dir='ltr'><strong>et</strong></span> <span class='ocrx_word' id='word_1_1066' title='bbox 2201 5398 2475 5474; x_wconf 82' lang='lat' dir='ltr'><strong>illusorem</strong></span> <span class='ocrx_word' id='word_1_1067' title='bbox 2520 5398 2745 5474; x_wconf 80' lang='lat' dir='ltr'><strong>illudut.</strong></span> <span class='ocrx_word' id='word_1_1068' title='bbox 2816 5398 3085 5474; x_wconf 64' lang='grc' dir='ltr'><strong>Ρι·ιιιιιιιιιΔ</strong></span> <span class='ocrx_word' id='word_1_1069' title='bbox 3127 5406 3411 5474; x_wconf 80' lang='lat' dir='ltr'><strong>magnifice</strong></span> <span class='ocrx_word' id='word_1_1070' title='bbox 3463 5398 3675 5463; x_wconf 75' lang='lat' dir='ltr'><strong>extotlit</strong></span> 
     </span>
    </p>
   </div>
   <div class='ocr_carea' id='block_1_151' title="bbox 2089 5469 3675 5540">
    <p class='ocr_par' dir='ltr' id='par_1_151' title="bbox 2089 5469 3675 5540">
     <span class='ocr_line' id='line_1_152' title="bbox 2089 5469 3675 5540; baseline 0.008 -20"><span class='ocrx_word' id='word_1_1071' title='bbox 2089 5470 2385 5539; x_wconf 80' lang='lat' dir='ltr'><strong>potentiam</strong></span> <span class='ocrx_word' id='word_1_1072' title='bbox 2427 5479 2534 5523; x_wconf 89' lang='lat' dir='ltr'><strong>tam</strong></span> <span class='ocrx_word' id='word_1_1073' title='bbox 2583 5469 2897 5540; x_wconf 76' lang='lat' dir='ltr'><strong>ejusquam</strong></span> <span class='ocrx_word' id='word_1_1074' title='bbox 2948 5471 3147 5524; x_wconf 84' lang='lat' dir='ltr'><strong>domini</strong></span> <span class='ocrx_word' id='word_1_1075' title='bbox 3194 5469 3393 5540; x_wconf 76' lang='lat' dir='ltr'><strong>ipsius;</strong></span> <span class='ocrx_word' id='word_1_1076' title='bbox 3436 5492 3548 5531; x_wconf 84' lang='lat' dir='ltr'><strong>non</strong></span> <span class='ocrx_word' id='word_1_1077' title='bbox 3593 5489 3675 5533; x_wconf 82' lang='lat' dir='ltr'><strong>est</strong></span> 
     </span>
    </p>
   </div>
   <div class='ocr_carea' id='block_1_152' title="bbox 2091 5537 3672 5617">
    <p class='ocr_par' dir='ltr' id='par_1_152' title="bbox 2091 5537 3672 5617">
     <span class='ocr_line' id='line_1_153' title="bbox 2091 5537 3672 5617; baseline 0.006 -26"><span class='ocrx_word' id='word_1_1078' title='bbox 2091 5537 2269 5593; x_wconf 81' lang='lat' dir='ltr'><strong>autem</strong></span> <span class='ocrx_word' id='word_1_1079' title='bbox 2315 5540 2456 5617; x_wconf 80' lang='lat' dir='ltr'><strong>istud</strong></span> <span class='ocrx_word' id='word_1_1080' title='bbox 2500 5537 2825 5593; x_wconf 66' lang='lat' dir='ltr'><strong>ceuSCndum</strong></span> <span class='ocrx_word' id='word_1_1081' title='bbox 2867 5537 3264 5617; x_wconf 68' lang='lat' dir='ltr'><strong>juramcntutti,</strong></span> <span class='ocrx_word' id='word_1_1082' title='bbox 3318 5537 3446 5617; x_wconf 34' lang='lat' dir='ltr'><strong>Cll-ll)</strong></span> <span class='ocrx_word' id='word_1_1083' title='bbox 3472 5547 3672 5617; x_wconf 85' lang='lat' dir='ltr'><strong>alioqui</strong></span> 
     </span>
    </p>
   </div>
   <div class='ocr_carea' id='block_1_153' title="bbox 2091 5609 3673 5680">
    <p class='ocr_par' dir='ltr' id='par_1_153' title="bbox 2091 5609 3673 5680">
     <span class='ocr_line' id='line_1_154' title="bbox 2091 5609 3673 5680; baseline 0.007 -19"><span class='ocrx_word' id='word_1_1084' title='bbox 2091 5624 2129 5680; x_wconf 90' lang='lat' dir='ltr'><strong>a</strong></span> <span class='ocrx_word' id='word_1_1085' title='bbox 2151 5609 2365 5680; x_wconf 84' lang='lat' dir='ltr'><strong>mortali</strong></span> <span class='ocrx_word' id='word_1_1086' title='bbox 2398 5617 2619 5680; x_wconf 84' lang='lat' dir='ltr'><strong>peccato</strong></span> <span class='ocrx_word' id='word_1_1087' title='bbox 2646 5610 2896 5680; x_wconf 73' lang='lat' dir='ltr'><strong>excusari</strong></span> <span class='ocrx_word' id='word_1_1088' title='bbox 2943 5625 3049 5664; x_wconf 88' lang='lat' dir='ltr'><strong>non</strong></span> <span class='ocrx_word' id='word_1_1089' title='bbox 3102 5613 3307 5680; x_wconf 86' lang='lat' dir='ltr'><strong>possit,</strong></span> <span class='ocrx_word' id='word_1_1090' title='bbox 3339 5616 3437 5670; x_wconf 82' lang='lat' dir='ltr'><strong>sed</strong></span> <span class='ocrx_word' id='word_1_1091' title='bbox 3466 5609 3673 5672; x_wconf 63' lang='lat' dir='ltr'><strong>tanaim</strong></span> 
     </span>
    </p>
   </div>
   <div class='ocr_carea' id='block_1_154' title="bbox 2091 5677 2735 5748">
    <p class='ocr_par' dir='ltr' id='par_1_154' title="bbox 2091 5677 2735 5748">
     <span class='ocr_line' id='line_1_155' title="bbox 2091 5677 2735 5748; baseline -0.005 -16"><span class='ocrx_word' id='word_1_1092' title='bbox 2091 5679 2315 5748; x_wconf 77' lang='lat' dir='ltr'><strong>simplex</strong></span> <span class='ocrx_word' id='word_1_1093' title='bbox 2342 5677 2461 5732; x_wconf 88' lang='lat' dir='ltr'><strong>falsi</strong></span> <span class='ocrx_word' id='word_1_1094' title='bbox 2488 5679 2735 5748; x_wconf 86' lang='lat' dir='ltr'><strong>assertio.</strong></span> 
     </span>
    </p>
   </div>
   <div class='ocr_carea' id='block_1_155' title="bbox 2165 5746 3668 5819">
    <p class='ocr_par' dir='ltr' id='par_1_155' title="bbox 2165 5746 3668 5819">
     <span class='ocr_line' id='line_1_156' title="bbox 2165 5746 3668 5819; baseline 0.007 -22"><span class='ocrx_word' id='word_1_1095' title='bbox 2165 5746 2327 5819; x_wconf 47' lang='lat' dir='ltr'><strong>{Nec</strong></span> <span class='ocrx_word' id='word_1_1096' title='bbox 2377 5749 2479 5802; x_wconf 89' lang='lat' dir='ltr'><strong>hoc</strong></span> <span class='ocrx_word' id='word_1_1097' title='bbox 2514 5747 2642 5819; x_wconf 84' lang='lat' dir='ltr'><strong>latet</strong></span> <span class='ocrx_word' id='word_1_1098' title='bbox 2666 5788 2680 5809; x_wconf 96' lang='lat'><strong>,</strong></span> <span class='ocrx_word' id='word_1_1099' title='bbox 2729 5749 2868 5814; x_wconf 89' lang='lat' dir='ltr'><strong>quod</strong></span> <span class='ocrx_word' id='word_1_1100' title='bbox 2907 5746 3114 5819; x_wconf 77' lang='lat' dir='ltr'><strong>loeutus</strong></span> <span class='ocrx_word' id='word_1_1101' title='bbox 3142 5760 3226 5804; x_wconf 91' lang='lat' dir='ltr'><strong>est</strong></span> <span class='ocrx_word' id='word_1_1102' title='bbox 3257 5752 3485 5819; x_wconf 77' lang='lat' dir='ltr'><strong>Achior,</strong></span> <span class='ocrx_word' id='word_1_1103' title='bbox 3513 5774 3532 5806; x_wconf 74' lang='grc' dir='ltr'><strong>ι</strong></span> <span class='ocrx_word' id='word_1_1104' title='bbox 3563 5766 3668 5811; x_wconf 84' lang='lat' dir='ltr'><strong>etc.</strong></span> 
     </span>
    </p>
   </div>
   <div class='ocr_carea' id='block_1_156' title="bbox 2090 5816 3665 5889">
    <p class='ocr_par' dir='ltr' id='par_1_156' title="bbox 2090 5816 3665 5889">
     <span class='ocr_line' id='line_1_157' title="bbox 2090 5816 3665 5889; baseline 0.005 -17"><span class='ocrx_word' id='word_1_1105' title='bbox 2090 5817 2163 5872; x_wconf 87' lang='lat' dir='ltr'><strong>Ut</strong></span> <span class='ocrx_word' id='word_1_1106' title='bbox 2189 5818 2373 5871; x_wconf 82' lang='lat' dir='ltr'><strong>illudut</strong></span> <span class='ocrx_word' id='word_1_1107' title='bbox 2398 5816 2590 5884; x_wconf 84' lang='lat' dir='ltr'><strong>magis,</strong></span> <span class='ocrx_word' id='word_1_1108' title='bbox 2619 5818 2781 5870; x_wconf 86' lang='lat' dir='ltr'><strong>etiam</strong></span> <span class='ocrx_word' id='word_1_1109' title='bbox 2810 5832 2931 5870; x_wconf 88' lang='lat' dir='ltr'><strong>eam</strong></span> <span class='ocrx_word' id='word_1_1110' title='bbox 2961 5817 3317 5889; x_wconf 80' lang='lat' dir='ltr'><strong>liolophernis</strong></span> <span class='ocrx_word' id='word_1_1111' title='bbox 3345 5816 3665 5881; x_wconf 75' lang='lat' dir='ltr'><strong>sententiam</strong></span> 
     </span>
    </p>
   </div>
  </div>
