3882 6462
164 435 274 491 629

912 430 1001 486 AD
1051 428 1553 486 EXPOSITIONEM
1606 430 1670 484 I.\'
1709 426 1967 483 LIBRUM
2006 427 2247 484 JUDITH
2289 428 2648 485 APPENDIX.

3318 434 3420 487 650

167 544 301 624 Illud
336 556 497 627 cxvtn
540 539 741 627 Psalm.
775 556 796 621 ε⁸
822 539 1231 627 Ανςιιερςιιίρε
1256 557 1402 627 meos
1438 558 1503 595 ne
1527 541 1737 627 videant
1773 547 1815 602 Α
1846 539 2023 623 facere
2051 558 2153 623 non
2182 543 2470 623 audebant,
2490 544 2667 627 conati
2693 553 2816 598 sunt
2838 545 3087 623 exsequi;
3114 549 3424 627 congregati

169 613 489 682 vanitatem)
525 611 647 682 linis
677 610 820 674 boni,
852 611 943 664 sed
971 610 1133 682 etiam
1174 611 1288 682 ipsa
1315 612 1593 667 referenda
1619 620 1743 682 sunt

164 685 238 739 ad
287 680 498 736 Iaudem
533 681 643 741 Dei,
675 688 894 749 propter
917 694 1036 747 quae
1062 680 1201 734 bona
1229 681 1431 736 faciunt
1461 682 1561 735 viri
1594 681 1738 735 boni.

247 775 266 804 ι
296 752 464 807 Porro
487 751 689 806 Achior
708 759 928 804 vocatus
950 750 1117 814 venit,
1145 769 1162 802 ι
1183 760 1286 805 etc.
1316 751 1429 805 Non
1456 752 1615 804 habet
1643 752 1744 804 hoc

166 823 391 877 Gneeus
428 821 806 892 paraphrastes
849 820 950 873 hoc
982 820 1116 892 loco,
1146 821 1238 892 sed
1268 823 1447 892 capite
1499 821 1743 890 sequenti

169 895 356 948 statim
383 889 506 958 post
546 889 866 958 principium
895 930 909 951 ,
964 889 1053 942 ubi
1085 891 1149 943 de
1192 889 1393 946 Acbior
1425 889 1742 953 litrtnentio,

171 963 318 1018 istud
342 960 450 1016 illis
477 960 655 1015 verbis
680 960 1018 1030 proponitur,
1041 968 1097 1014 ct
1118 970 1264 1016 certe
1302 962 1433 1017 ordo
1464 961 1551 1017 ille
1579 962 1746 1015 multo

169 1032 389 1087 videtur
415 1030 836 1086 convenientior.

247 1121 287 1153 «ε
306 1102 507 1157 Videas
531 1109 707 1155 autem
738 1100 937 1156 Achior
966 1108 1124 1171 caput
1161 1099 1536 1171 llolophernis,
1576 1117 1745 1167 angu-

177 1191 196 1224 ι
222 1173 417 1227 stiatus
441 1187 552 1242 pra:
574 1185 821 1242 pavore,»
850 1178 953 1242 etc.
983 1170 1098 1224 Non
1124 1185 1234 1239 prae
1256 1170 1452 1242 pavore
1478 1172 1749 1242 angustia-

174 1253 264 1296 tus
291 1241 412 1305 fuit,
440 1240 500 1296 ut
524 1240 648 1310 pote
676 1240 765 1295 ille
795 1241 906 1310 jam
939 1241 1195 1295 liberatus
1240 1240 1270 1294 ει
1310 1243 1501 1297 timore
1538 1240 1747 1305 mortis,

168 1313 271 1367 sed
313 1313 489 1381 potius
528 1328 639 1381 prae
684 1311 848 1381 nimio
882 1321 1100 1379 stupore
1131 1319 1184 1365 et
1230 1312 1585 1367 a-hniratione
1623 1326 1751 1364 con-

171 1380 458 1437 sternatus
498 1380 619 1447 fuit,
663 1391 726 1435 ut
762 1380 882 1436 fere.
911 1381 1025 1435 fieri
1069 1382 1340 1441 videmus.
1387 1383 1477 1436 ubi
1515 1381 1749 1435 nuntiari

172 1453 436 1523 contingit
456 1452 661 1506 subitos
686 1451 892 1520 aliquos
914 1467 1095 1523 casus,
1127 1452 1233 1521 qui.
1254 1452 1452 1505 laetitia:
1470 1467 1631 1523 causa
1654 1466 1753 1523 no-

173 1524 259 1577 bis
283 1519 391 1577 sint
413 1563 428 1586 ,
473 1522 697 1576 multum
722 1519 864 1576 enim
893 1519 1158 1580 mirabile,
1187 1537 1282 1588 per
1304 1538 1519 1575 manum
1542 1519 1752 1574 femina:

173 1601 383 1646 tantum
414 1591 623 1646 facinus
665 1599 1051 1662 perpetratum,
1078 1592 1218 1662 unzle
1256 1592 1437 1645 statim
1459 1591 1752 1662 deliquium

171 1663 442 1732 quoddam
460 1663 652 1717 anima:
686 1678 877 1733 passus
904 1670 1004 1727 est,
1040 1662 1090 1715 ἱ]
1128 1661 1270 1715 enim
1301 1661 1587 1733 significat,
1611 1661 1751 1731 quod

176 1734 468 1787 habemus:

250 1823 269 1855 ‹
304 1804 370 1856 Et
411 1803 660 1857 :estuavit
694 1802 870 1856 anima
898 1800 1032 1868 ejus,
1073 1821 1091 1853 ι
1134 1816 1232 1871 pro
1258 1817 1364 1871 quo
1394 1810 1568 1856 tamen
1602 1817 1751 1872 qua:-

171 1874 301 1929 dam
346 1874 677 1943 exemplaria
734 1874 955 1943 legunt,
1004 1873 1258 1925 hrrst'tavit
1285 1876 1644 1941 ,‘pOSIquam
1688 1872 1754 1926 ad

170 1961 232 1999 se
255 1944 430 2013 ipsum
460 1960 708 1999 reversus
732 1953 845 2009 est,
879 1944 1023 1996 velut
1072 1943 1137 1998 de
1182 1958 1372 1998 somno
1400 1943 1632 2013 quodam
1666 1943 1756 1997 ιω-

173 2016 420 2137 ιιιιιηῖθο
443 2013 872 2084 expergefactus.

249 2102 269 2135 ι
353 2086 562 2137 doravit
589 2099 708 2137 eam
741 2094 794 2137 et
829 2085 872 2137 di

249 2102 269 2135 ι
304 2084 562 2139 Adoravit
589 2099 708 2139 eam
741 2094 794 2140 et
829 2084 999 2139 dixit:
1037 2084 1321 2139 Benedicta
1355 2092 1407 2137 tu
1440 2099 1468 2137 a
1509 2084 1618 2138 Deo
1663 2093 1756 2138 tuo

176 2156 289 2208 «in
318 2155 463 2208 omni
503 2155 849 2209 tabernaculo
890 2153 1078 2217 Jaeoh,
1116 2174 1133 2206 ι
1175 2162 1279 2209 etc.
1330 2154 1590 2208 Adoravit
1633 2171 1751 2209 eam

168 2227 310 2279 sicut
358 2225 648 2279 Abraham.
679 2225 731 2279 in
764 2224 898 2279 Gen.
948 2224 1150 2279 dicitur
1194 2225 1448 2295 adorasse
1497 2225 1751 2295 populum

171 2305 351 2360 terra),
382 2310 487 2349 non
531 2295 846 2366 adcretione
875 2295 1045 2349 Iatrize
1074 2296 1270 2365 (inquit
1307 2294 1533 2366 August.
1562 2294 1751 2366 quaist.

166 2381 335 2421 scrm.
367 2366 480 2437 6|),
506 2366 600 2420 sed
634 2364 812 2431 dulice,
842 2374 899 2419 ut
930 2373 1144 2421 vocant.

760 2456 988 2513 CAPUT
1026 2457 1162 2513 XIV.

171 2545 522 2617 Holophernis
542 2547 723 2617 icnpite
750 2546 807 2601 in
842 2564 990 2600 muro
1018 2563 1289 2617 suspenso,
1336 2549 1628 2617 Aeliiorque
1654 2550 1754 2604 cir-

248 2564 522 2617 uopuerms
557 2564 619 2602 cn
658 2564 723 2601 ne
750 2564 807 2601 ιη
842 2564 990 2600 muro
1018 2564 1289 2617 suspenso,
1336 2564 1628 2617 acmorque
1654 2567 1753 2604 crr-

248 2619 494 2690 cumciso,
521 2564 703 2671 Jurﬁri
725 2618 932 2671 irruunt
962 2618 1016 2670 in
1043 2618 1283 2690 Assyrios
1305 2660 1320 2683 ,
1364 2620 1453 2690 qui
1489 2636 1607 2673 cum
1638 2619 1753 2674 Ilo-

250 2685 539 2757 lopltemem
570 2689 878 2753 excitarent,
906 2685 1168 2742 mortuum
1200 2685 1523 2743 invenerunt.

245 2798 274 2828 «ρ
302 2779 447 2833 Dixit
471 2787 648 2833 autem
679 2778 862 2834 Judith
893 2779 959 2834 ad
1000 2795 1215 2835 omnem
1242 2781 1515 2851 populum.
1560 2782 1755 2838 Audite

172 2868 194 2899 ς
229 2851 679 2919 me,.suspendite
711 2859 873 2918 caput
917 2852 1022 2906 hoc
1068 2867 1230 2919 super
1278 2868 1462 2905 muros
1503 2862 1749 2918 nostros,

172 2941 194 2971 ς
225 2920 435 2989 eritque
463 2920 804 2991 eum_cxierit
826 2919 928 2984 sol,
956 2921 1183 2990 accipiat
1208 2923 1574 2991 unusquisque
1601 2939 1752 2977 arma

172 3010 193 3062 ᾳ
225 3006 346 3062 sua,
380 3011 399 3042 ι
425 2998 538 3062 etc.
578 2989 722 3062 Post,
752 2989 1116 3060 perpetratum
1165 2989 1380 3062 necem'
1400 2989 1755 3062 Holophernis

164 3060 349 3115 Judith
371 3061 439 3116 ad
468 3060 885 3132 destructionem
916 3062 1187 3117 exercitus
1221 3060 1338 3129 ejus
1364 3060 1615 3132 populum
1654 3065 1753 3117 ad-

170 3133 447 3197 hortatur,
472 3147 691 3204 quoque
713 3131 883 3204 magis
911 3133 1144 3187 hostium
1190 3131 1399 3188 animos
1428 3131 1659 3204 frangat,
1696 3145 1753 3189 ut

169 3211 332 3273 caput
359 3216 390 3256 e
415 3202 585 3273 muris
611 3202 989 3273 suspendatur,
1009 3204 1271 3273 praecipit.
1306 3202 1578 3272 Suspenso
1606 3205 1747 3259 enim

169 3271 528 3345 IIolopheruis
549 3273 724 3345 capite
749 3272 944 3343 (inquit
966 3271 1222 3345 Ambros.
1271 3274 1336 3328 (le
1372 3271 1578 3345 Viduis)
1606 3276 1749 3344 quod

169 3343 412 3396 virorum
438 3342 658 3396 consilio
694 3359 807 3413 non
831 3343 1003 3411 potuit
1034 3345 1349 3413 excogitari,
1383 3342 1603 3398 suorum
1622 3342 1750 3400 'ere-

172 3413 253 3465 xit
280 3413 507 3475 animos,
532 3414 764 3467 hostium
790 3412 968 3482 fregit,
992 3429 1117 3469 suos
1136 3412 1340 3484 pudore
1360 3416 1627 3479 excitans,
1653 3417 1752 3470 ho-

171 3491 288 3554 stes
308 3498 520 3554 quoque
547 3486 749 3553 pudore
775 3485 1088 3553 percellens,
1113 3500 1178 3539 eo
1210 3486 1351 3554 quod
1393 3487 1515 3540 ozesi
1559 3487 1668 3540 sint
1699 3497 1753 3543 et

171 3552 492 3625 fatigattha
514 3552 668 3609 unius
693 3552 864 3608 vidua:
893 3552 1246 3623 temperantia
1276 3565 1438 3625 atque
1467 3557 1746 3622 sobrietas,

171 3639 278 3699 non
307 3623 477 3699 solum
502 3634 750 3699 naturam
777 3626 933 3699 suam
956 3625 1103 3691 vicit,
1139 3626 1232 3681 sed
1256 3623 1397 3696 quod
1419 3636 1504 3681 est
1525 3629 1753 3699 amplius

169 3692 462 3749 fecitviros
482 3694 643 3748 etiam
669 3695 940 3749 fortiores.

245 3764 850 3839 («truncexploratorcs
920 3780 1141 3839 necesse
1202 3774 1286 3821 est
1331 3775 1388 3820 ut
1439 3766 1646 3839 fugiant
1686 3772 1752 3826 ad

176 3853 195 3883 ι
230 3834 523 3906 principem
574 3851 752 3896 suum,
789 3857 806 3888 ι
840 3845 942 3890 etc.
976 3836 1041 3891 Ut
1070 3846 1193 3904 pote
1220 3839 1336 3892 sine
1379 3834 1531 3906 cujus
1560 3841 1751 3894 volun-

171 3914 283 3959 tate
311 3903 416 3958 non
443 3903 601 3962 liccat
639 3906 836 3959 bellum
874 3903 1244 3971 committere;
1275 3924 1379 3962 non
1415 3903 1586 3963 solum
1611 3912 1753 3965 enim

170 3975 372 4047 bellare
418 3975 616 4045 (inquit
660 3976 859 4033 llistor.
887 3978 952 4031 de
988 3977 1126 4032 bello
1152 3976 1421 4047 Iudaico),
1463 3979 1553 4034 sed
1590 3982 1752 4035 etiam

173 4046 386 4120 vince_re
427 4048 545 4120 sine
573 4047 726 4120 duce,
750 4049 889 4120 apud
915 4048 1185 4120 Romanos
1222 4060 1341 4104 erat
1380 4046 1750 4120 vituperabile.

194 4135 267 4188 ‹
304 4115 454 4188 Tunc
499 4117 700 4188 Acbior
725 4115 913 4173 videns
955 4119 1209 4173 virtutem
1238 4135 1398 4188 quam
1463 4115 1602 4176 D‘cus
1630 4124 1759 4177 fecit

175 4206 193 4234 ε
220 4185 402 4251 Israel,
435 4205 453 4235 ι
486 4196 571 4241 etc
616 4187 715 4241 llic
749 4189 1003 4257 primum,
1028 4196 1084 4241 ut
1121 4185 1281 4258 supra
1304 4191 1504 4245 dictum
1534 4201 1636 4257 est,
1669 4209 1755 4248 re-

170 4265 460 4329 sunnmtur
506 4272 626 4327 qua:
667 4260 844 4329 capite
888 4260 1213 4327 prmcedenti
1263 4261 1330 4315 de
1369 4260 1570 4315 Achior
1615 4265 1757 4319 dicta

166 4335 315 4399 sunt,
352 4328 549 4399 quibus
591 4329 691 4383 ista
740 4328 1166 4399 subjnnguntur;
1215 4331 1541 4385 describitur
1578 4343 1758 4387 autem

171 4398 261 4453 hic
299 4398 568 4470 qumnodo
594 4400 723 4454 visis
746 4400 1079 4456 mirabilibus
1101 4400 1298 4456 divinis
1325 4402 1536 4470 Opibus,
1570 4405 1757 4460 relicto

168 4468 485 4541 gentilitatis
520 4470 649 4534 ritu,
673 4470 779 4524 Deo
808 4472 1116 4535 crediderit,
1144 4480 1197 4525 et
1220 4468 1531 4527 circumcidi
1559 4490 1617 4527 se
1638 4474 1757 4541 jus-

170 4538 552 4612 se'rit_Achior,
585 4541 655 4593 ita
684 4549 743 4594 ut
763 4541 904 4612 inter
928 4542 1225 4612 prosclytos
1250 4544 1574 4598 constitutus
1596 4538 1758 4602 fuerit

170 4618 280 4665 tam
308 4610 422 4680 ipse
449 4624 827 4678 quamomnes
855 4611 971 4678 ejus
997 4610 1220 4680 posteri.

246 4700 264 4728 ι
304 4679 423 4734 Mox
469 4688 647 4734 autem
678 4689 736 4733 ut
767 4689 919 4754 ortus
953 4679 1035 4736 est
1068 4683 1200 4749 dies,
1234 4685 1630 4754 suspenderunt
1661 4704 1753 4741 sn-

176 4766 196 4799 ε
231 4761 732 4825 permuroseaput
763 4751 1087 4825 IIoloferuis,
1119 4773 1135 4803 ι
1173 4765 1278 4809 etc.
1305 4751 1624 4825 Interposita
1650 4760 1754 4813 cir-

169 4820 502 4875 cumcisione
530 4819 751 4886 Achior,‘
781 4824 1048 4891 quomodo
1078 4824 1326 4879 elfectum
1360 4819 1515 4881 suum
1544 4829 1614 4883 sit
1639 4845 1755 4883 sor-

169 4891 328 4969 titum
355 4892 637 4946 consilium
676 4891 862 4947 Judith
903 4896 1226 4969 explicatur,
1257 4899 1526 4966 quomodo
1565 4914 1755 4969 nempe

167 4961 347 5038 capiie
369 4976 399 5016 e
428 4977 584 5038 muro
628 4979 889 5033 suspenso
910 5005 923 5029 ,
972 4961 1213 5021 exercitu
1260 4961 1461 5038 gregali
1493 4970 1546 5023 in
1577 4961 1753 5025 castra

171 5032 407 5104 hostium
435 5032 758 5104 irrumpunt.

245 5120 264 5151 ί
295 5101 447 5177 Quod
466 5101 720 5177 _videntes
741 5106 1110 5177 exploratores
1138 5108 1204 5163 ad
1228 5108 1625 5165 tabernaculum
1653 5110 1757 5165 Ho-

176 5190 193 5221 ι
232 5171 509 5250 Iophcrnis
522 5171 900 5241 cucurrerunt,
919 5199 941 5250 ρ
973 5178 1213 5232 etclam
1244 5195 1388 5233 mors
1401 5179 1759 5250 Holophcrnis

173 5242 863 5314 manifestatur,quomodo
910 5248 1050 5303 facta
1085 5250 1156 5304 sit
1206 5242 1756 5308 describitur'codem

171 5328 367 5389 nempe
392 5315 609 5389 ordine,
624 5331 739 5384 quo
764 5317 947 5389 .ludith
975 5320 1316 5389 pratdixerat.

253 5402 283 5433 ι
307 5382 490 5462 Nullus
513 5382 665 5462 enim
682 5388 911 5462 audebat
931 5382 1233 5462 cubiculum
1263 5391 1478 5445 virtutis
1506 5390 1755 5462 Assyrio-

178 5473 198 5531 ε
240 5470 361 5531 rum
402 5455 666 5531 pulsando
699 5465 793 5511 aut
825 5458 1073 5531 intrando
1102 5462 1345 5531 aperire,
1379 5482 1396 5514 ι
1437 5469 1541 5516 etc.
1577 5455 1759 5517 Virtus

172 5525 517 5601 Assyriorum
549 5527 801 5601 princeps
830 5530 1036 5601 militia:
1069 5525 1266 5586 eorum.
1304 5533 1526 5596 dicitur,
1572 5535 1626 5587 in
1656 5550 1763 5601 quo

176 5596 345 5650 robur
383 5599 654 5651 exercitus
692 5596 986 5654 censistere
1010 5601 1413 5662 existimabant,
1431 5604 1570 5657 sicut
1593 5596 1764 5659 virtus

174 5667 762 5756 corp-(ipisnatu
777 5670 963 5756 existit
984 5672 1038 5725 in
1059 5673 1237 5756 corde.
1262 5672 1302 5727 U
1314 5674 1412 5727 nde
1426 5673 1763 5756 .V'cgetiusdc

181 5739 258 5791 Ite
274 5736 488 5815 Militari
517 5737 716 5815 :__Sicut
741 5755 836 5815 cor
853 5749 940 5815 est
951 5741 1005 5815 in
1030 5742 1204 5815 medio
1227 5744 1488 5815 corporis,
1507 5736 1585 5798 ita
1616 5746 1763 5815 priu-

178 5808 588 5884 i-eps'innicdio
614 5810 882 5884 exercitus
910 5808 1367 5884 dehetcollocari.
1397 5815 1528 5867 Cum
1581 5808 1763 5884 itaque

183 5879 676 5949 amn'opinquantes
716 5881 958 5938 viderent
1000 5882 1089 5938 isti
1135 5881 1346 5939 Judwos
1381 5884 1521 5954 quod
1563 5879 1760 5956 alioqui

1843 611 2027 679 itaque
2052 612 2338 683 principes,
2358 630 2421 665 ac
2454 614 2651 667 tribuni
2684 614 2955 667 exercitus
2977 611 3000 678 ,ί
3042 611 3424 683 cubicularios,

1841 689 1901 734 ut
1921 691 2045 754 pote
2062 682 2163 750 qui.
2181 682 2727 754 familiariusingredi
2751 692 2989 752 poSSent,
3015 687 3250 754 aggressi
3278 696 3424 742 sunt.

1918 770 1936 802 ι
1974 752 2170 827 intrate
2207 762 2261 806 et
2312 753 2543 827 excitate
2587 751 2733 827 illum
2761 751 3139 827 (inquientes'),
3172 758 3426 824 quoniam

1851 838 1869 870 ι
1898 822 2098 895 egressi
2131 838 2308 895 mines
2329 823 2668 895 deferentis
2705 822 2815 877 suis
2843 822 2959 878 ausi
2984 822 3109 879 sunt
3134 822 3431 895 provocare

1850 910 1869 941 ‹
1900 908 1994 945 nos
2016 893 2090 964 ad
2107 891 2329 964 bellum:
2345 912 2362 943 ι
2392 892 2481 946 Uti
2503 893 2674 964 vides,
2696 908 2858 961 quam
2879 891 3353 964 contempiibilitcr
3377 905 3432 951 et

1844 962 2190 1035 opprobriose
2218 963 2283 1014 de
2305 961 2501 1035 .ludzeis
2535 963 2847 1031 loquuntur,
2864 964 2967 1018 sed
2990 961 3109 1018 mox
3139 982 3325 1035 poenas
3347 967 3429 1023 sui

1846 1032 2121 1100 opprobrii
2151 1033 2347 1085 daturi.

1924 1119 1940 1150 ι
1979 1101 2129 1172 Tunc
2155 1102 2425 1170 ingressus
2444 1101 2623 1171 Vagao
2649 1102 2950 1157 cubiculum
2981 1103 3115 1172 ejus,
3149 1113 3277 1170 etc.,
3308 1122 3431 1162 cum

1855 1187 1875 1220 ι
1905 1171 2111 1243 nullum
2150 1181 2353 1243 motum
2398 1173 2627 1239 jacentis
2652 1190 2808 1227 sensu
2841 1171 3050 1243 aurium
3076 1188 3311 1243 caperet,
3339 1192 3432 1231 ac-

1856 1258 1874 1289 ι
1907 1241 2367 1310 ecssitproximus
2392 1244 2456 1297 ad
2482 1243 2745 1298 cortinam
2771 1283 2785 1307 ,
2832 1251 2883 1296 ct
2917 1241 3157 1298 elevans
3180 1260 3320 1310 eam,
3348 1247 3434 1301 vi-

1856 1329 1873 1361 ι
1902 1311 2418 1382 deusquecadaver,
2458 1333 2475 1365 ι
2507 1321 2611 1368 etc.
2653 1313 2846 1366 Paucis
2887 1313 3121 1381 explicat
3166 1317 3456 1382 quomodov

1850 1380 1915 1452 ad
1970 1380 2251 1450 imperium
2283 1382 2477 1437 ducum
2509 1384 2866 1446 exercituum,
2897 1380 3007 1451 ipse
3056 1380 3285 1452 Baques,
3319 1387 3434 1440 sive

1856 1450 2053 1522 )fagao,
2090 1460 2343 1522 tanquam
2393 1453 2600 1522 primus
2629 1450 2986 1507 cubicularius
3025 1450 3432 1509 tabernaculum

1852 1519 2209 1588 IIolophernis
2264 1519 2570 1592 ingressus,
2626 1532 2895 1577 mortuum
2947 1522 3339 1591 Iiolophernem
3380 1534 3436 1578 et

1854 1599 2101 1661 truncum
2131 1592 2361 1646 cadaver
2386 1593 2500 1646 sine
2530 1595 2701 1661 capite
2730 1592 2952 1660 reperit,
2982 1593 3145 1648 etiam
3167 1592 3350 1650 Juditb
3380 1596 3435 1650 in

1854 1658 2032 1729 fugam
2066 1676 2240 1724 versa,
2267 1662 2405 1717 unde
2426 1672 2481 1717 et
2498 1658 2822 1718 exclamavit
2853 1681 2866 1715 :

1931 1749 1949 1780 ‹
1987 1729 2098 1785 Una
2131 1731 2323 1785 mulier
2362 1732 2579 1787 Hebraea
2621 1733 2748 1787 fecit
2783 1732 3151 1790 confusionem
3184 1736 3236 1790 in
3273 1734 3435 1790 domo

1862 1799 2426 1887 igglﬂfabuc‘hodqnosor,
2459 1822 2476 1853 ι
2508 1803 2706 1887 etc.
2731 1804 2775 1857 si
2803 1804 2947 1859 dicat
2972 1804 3181 1887 :lVimis
3209 1807 3434 1887 probro-

1858 1885 1998 1943 sum
2024 1877 2111 1943 est
2156 1870 2309 1926 nobis
2352 1871 2427 1943 ita
2481 1888 2511 1926 a
2554 1874 2799 1943 muliere,
2829 1876 3167 1943 expositum;
3210 1870 3263 1929 id
3293 1875 3437 1930 enim

1860 1941 2079 2013 maximi
2099 1943 2374 2013 opprobrii
2398 1942 2513 2013 loco
2542 1958 2757 2013 semper
2781 1942 2880 1997 fuit
2903 1941 3170 1999 habitum.
3202 1944 3434 2001 Undeet

1855 2007 2103 2064 Indicum
2130 2007 2184 2064 ix
2214 2011 2527 2084 Abimelech
2572 2028 2602 2067 a
2633 2007 2857 2084 muliere
2884 2015 3077 2084 lapidis
3109 2016 3215 2069 ictu
3245 2014 3435 2069 vulne-

1857 2087 2024 2145 ratus,
2046 2096 2143 2152 per
2172 2083 2499 2152 armigerum
2528 2098 2682 2152 suum
2713 2082 2954 2150 sejussit
2978 2086 3227 2150 interfici,
3260 2100 3326 2139 ne
3349 2084 3433 2139 di-

1855 2159 2073 2205 ceretur
2093 2151 2235 2220 quod
2266 2151 2460 2207 mulier
2488 2151 2843 2209 interfecisset
2870 2169 3013 2209 eum.

1933 2239 1951 2270 ι
1972 2220 2121 2295 Quod
2136 2222 2259 2277 dum
2274 2223 2554 2295 audissent
2562 2223 2831 2294 principes
2845 2226 3056 2283 virtutis
3069 2223 3439 2295 Assyriorum,

1863 2308 1881 2342 ‹
1914 2291 2189 2347 sciderunt
2212 2307 2403 2347 manes
2422 2291 2750 2349 vestimenta
2772 2310 2886 2356 sua,
2913 2315 2932 2346 ι
2959 2305 3064 2349 etc.
3093 2291 3212 2348 .lam
3235 2295 3439 2349 descri-

1854 2362 2003 2434 bitur
2028 2361 2293 2434 confusio,
2315 2372 2368 2434 et
2398 2364 2631 2418 turbatio
2660 2364 2825 2419 totius
2854 2365 3122 2419 exercitus
3145 2364 3439 2434 IIolopher—

1853 2432 1968 2495 uis,
1992 2433 2134 2501 quod
2168 2433 2329 2486 etiam
2359 2433 2412 2487 in
2435 2448 2598 2488 causa
2630 2434 2730 2487 fuit
2749 2474 2762 2498 ,
2794 2443 2854 2488 ut
2881 2436 3057 2488 minus
3082 2449 3140 2488 se
3161 2432 3435 2502 praepara-

1855 2514 1973 2555 rent
2003 2502 2072 2556 ad
2095 2503 2452 2557 resistendum
2479 2503 2896 2573 irrumpentibus
2917 2504 3208 2566 Israelitis;
3236 2504 3434 2558 turbati

1852 2573 1996 2625 enim
2024 2574 2201 2627 minus
2249 2573 2561 2642 provident,
2603 2582 2739 2629 teste
2781 2574 3126 2642 Philosophe.
3175 2573 3435 2628 Scindere

1853 2650 2032 2715 autem
2064 2644 2408 2715 vestimenta,
2433 2643 2688 2715 usitatius
2722 2644 2887 2699 estin
2922 2644 3251 2715 scripturis;
3293 2643 3437 2715 quod

1853 2711 1970 2765 ﬁeri
2015 2712 2245 2776 solebat,
2277 2723 2387 2767 tum
2416 2715 2485 2767 ob
2526 2714 2796 2768 tristitiam
2834 2711 3080 2779 nimiam,
3120 2722 3227 2768 tam
3258 2711 3327 2768 ob
3351 2713 3436 2766 iu-

1853 2782 2239 2855 dignatiouem,
2275 2792 2385 2836 ιιιιιι
2421 2782 2491 2838 ob
2527 2785 2985 2854 perturbationem
3012 2824 3026 2848 ,
3058 2800 3223 2855 quam
3266 2793 3325 2839 ut
3347 2798 3443 2840 ex-

1852 2851 2140 2920 plicationc
2169 2853 2239 2907 sit
2264 2869 2418 2924 epus.

2453 2943 2681 3001 CAPUT
2719 2944 2835 3000 XV.

1854 3032 2089 3106 Fugiunt
2109 3035 2320 3106 Assyrii
2372 3046 2735 3106 persequentes
2758 3036 2990 3097 Jtuln'on,
3026 3036 3127 3106 qui
3156 3035 3279 3089 inde
3316 3051 3449 3104 spo-

1924 3104 1997 3158 lia
2036 3105 2328 3175 colligentes
2377 3104 2538 3159 valde?
2578 3105 2743 3159 la‘tati
2796 3115 2915 3160 sunt
2943 3147 2956 3170 ,
3020 3104 3158 3160 unde
3186 3105 3372 3158 ludit/1
3410 3121 3443 3158 a

1924 3174 2243 3245 populo,“
2289 3174 2530 3229 Joachim
2562 3193 2764 3229 summa
2812 3176 3054 3245 pontiﬁce
3100 3175 3438 3228 benedicitur.

1930 3284 1948 3317 ‹
1988 3265 2229 3335 Cumque
2268 3266 2445 3321 omnis
2495 3268 2767 3322 exercitus
2805 3265 3125 3322 deeollatum
3149 3266 3443 3336 IIolopher-

1860 3353 1878 3386 ι
1913 3352 2037 3391 nem
2067 3337 2348 3399 audisset,
2402 3337 2533 3405 fugit
2581 3354 2731 3391 mens
2770 3347 2819 3393 ct
2861 3339 3141 3392 consilium
3172 3337 3241 3391 ab
3268 3337 3380 3402 eis,
3414 3356 3432 3387 ι

1855 3415 1960 3460 etc.
1994 3406 2217 3476 Cognita
2267 3406 2622 3476 lIoIOphernis
2653 3408 3026 3471 dcccllatiou‘e,
3062 3416 3191 3463 tunc
3235 3406 3443 3462 exerci-

1858 3485 1942 3530 tus
1966 3477 2082 3546 ejus
2106 3485 2484 3548 consternatus
2511 3478 2560 3530 in
2592 3478 2770 3546 fugam
2802 3495 2857 3531 se
2884 3479 3139 3548 proripit;
3184 3486 3238 3532 et
3272 3491 3443 3545 usque

1856 3549 1990 3601 adeo
2025 3563 2165 3601 unus
2216 3547 2444 3601 alterum
2480 3549 2779 3617 praevenire
2808 3547 3138 3612 cantabatur,
3174 3557 3234 3601 ut
3258 3548 3443 3602 omnia
3481 3590 3487 3595 .

1855 3634 1949 3689 sua
1975 3630 2315 3683 ornamenta,
2348 3618 2735 3689 thesaurosque
2763 3635 2950 3674 onmes
2993 3619 3324 3689 diripiendos
3354 3634 3441 3673 re-

1856 3688 2077 3759 liquerit
2107 3689 2175 3743 ab
2200 3689 2468 3743 hostibus.

1932 3797 1952 3829 ‹
1992 3778 2245 3833 Videntes
2275 3779 2453 3848 itaque
2476 3778 2567 3832 lilii
2597 3778 2757 3833 Israel
2797 3778 3081 3849 fugientes,
3106 3776 3276 3849 secuti
3311 3785 3437 3849 sunt
3463 3806 3472 3829 ρ

1861 3869 1881 3899 ‹
1921 3850 2061 3912 illos,
2093 3846 2590 3917 descenderuntun
2622 3846 2931 3919 clangentes
2955 3851 3113 3912 tubis,
3153 3846 3432 3919 etuluian-

1866 3938 1884 3969 ε
1924 3928 2001 3974 tes
2026 3928 2145 3990 post
2172 3920 2336 3990 ipsos,
2374 3940 2394 3972 ι
2436 3928 2541 3990 etc.
2575 3918 2799 3990 Cognita
2832 3921 3012 3989 itaque
3037 3919 3158 3988 fuga
3191 3918 3443 3986 Assyrio-

1859 4006 1977 4044 rum
2010 3989 2213 4060 Judaei,
2262 4005 2455 4060 magna
2495 3989 2838 4044 festinatione
2874 3991 3019 4059 ipsos
3067 3991 3441 4060 insequuntur,

1858 4060 1923 4113 ad
1954 4059 2212 4127 majorem
2241 4058 2505 4115 terrerent
2540 4075 2748 4125 eorum,
2775 4069 2833 4114 ut
2875 4058 2927 4114 in
2971 4061 3181 4127 signum
3205 4058 3443 4127 victoria:

1861 4132 2002 4185 tubis
2029 4126 2359 4200 clangentes,
2391 4147 2708 4208 non__secus_
2736 4148 2800 4187 ac
2847 4131 2972 4185 olim
3017 4126 3439 4208 Gedeon,_.iudi§

1858 4217 1978 4255 cum
2003 4217 2120 4271 cap.
2146 4198 2240 4267 vn,
2266 4211 2453 4257 contra
2482 4201 2801 4256 Madianitas
2846 4210 3178 4271 pugnaturus
3207 4198 3368 4271 tubis,
3390 4206 3446 4253 et

1860 4270 2194 4341 lampadibus
2225 4287 2282 4326 se
2316 4287 2533 4325 armans
2563 4286 2658 4325 eos
2686 4270 2974 4325 exterritos
3000 4270 3294 4341 superavit.

1935 4340 2241 4416 c'lliisitque
2267 4341 2428 4416 Ozias
2464 4342 2682 4416 nuntios
2728 4357 2823 4410 per
2862 4356 3052 4416 omnes
3086 4340 3349 4416 _civi_tatcs
3387 4345 3482 4416 et:

1866 4432 1883 4481 ι
1921 4409 2167 4481 regiones
2186 4412 2369 4475 Israel,
2407 4431 2425 4463 ι
2454 4420 2560 4464 etc.
2595 4409 2843 4479 thuam
2866 4409 3438 4481 paucissimihostium
3464 4409 3485 4443 ῖ

1861 4478 2240 4558 ξιειῖροεξριιι
2293 4482 2557 4558 evadere,
2609 4478 2724 4558 non
2778 4478 3063 4558 contentus
3121 4479 3231 4558 suis
3289 4478 3443 4558 vibus

1861 4550 2042 4617 Ozias,
2071 4554 2138 4607 ad
2163 4568 2352 4607 omnes
2390 4552 2537 4606 misit
2572 4552 2831 4606 terminos
2860 4551 3020 4604 Israel
3053 4550 3290 4613 nuntios,
3325 4550 3444 4616 qui-

1784 4617 1834 4676 D
1861 4623 1959 4677 bus
1995 4631 2055 4677 ut
2083 4639 2176 4678 eos
2218 4632 2671 4693 persequerentur
2701 4623 3038 4676 hortabatur.
3068 4621 3146 4678 Ad
3194 4619 3480 4674 nuntimnr.

1858 4694 2039 4764 itaque
2088 4694 2256 4763 ipsius
2293 4710 2483 4748 omnes
2518 4694 2847 4764 paratissimi
2877 4694 2943 4747 ad
2972 4702 3247 4746 extremos
3274 4705 3443 4764 usque

1858 4763 1992 4818 lines
2025 4761 2290 4833 persecuti
2339 4774 2482 4818 sunt.
2517 4761 2699 4818 Latius
2729 4772 2908 4817 autem
2962 4764 3062 4817 ista
3095 4761 3444 4833 prosequitur

1857 4833 1910 4887 in
1955 4830 2098 4890 hunc
2150 4836 2364 4889 modum
2401 4835 2619 4904 (lucens
2666 4836 3048 4904 paraphraslcs
3076 4830 3108 4884 τί
3132 4850 3149 4882 ι
3185 4830 3445 4904 Etjnisit

1856 4904 2018 4960 Otias
2048 4906 2101 4959 in
2138 4906 2547 4965 Beromasthcn.
2575 4902 2629 4958 ἐι
2667 4900 2827 4965 Delie,
2857 4916 2911 4956 et
2933 4904 3136 4963 Chobe,
3161 4909 3211 4954 et
3235 4900 3365 4954 Cota
3387 4907 3468 4953 et,

1858 4975 1911 5050 in
1940 4990 2152 5030 omnem
2178 4977 2467 5029 terminum
2491 4974 3205 5050 Israeihquiannuntiarcnt
3230 4984 3293 5050 ea
3322 4984 3441 5050 qua:

1862 5044 2207 5119 facta‘erant,
2240 5055 2295 5119 et
2325 5054 2385 5100 ut
2414 5061 2603 5100 omnes
2623 5044 3045 5119 diilintderentur
3074 5054 3237 5119 super
3262 5044 3440 5119 iniiinii:

1863 5131 1956 5189 cos
2004 5116 2055 5189 in
2104 5107 2380 5189 interitum
2409 5131 2616 5189 eorum.
2674 5114 2745 5170 Ut
2794 5122 2970 5166 autem
3021 5107 3306 5189 audierunt
3348 5107 3444 5189 lilii

1862 5185 2056 5250 Israel,
2096 5187 2422 5240 unanimiter
2442 5186 2749 5240 ceciderunt
2784 5198 2878 5237 eos
2905 5196 3074 5250 usque
3103 5177 3303 5235 Chohe.
3352 5178 3441 5231 Si-

1865 5256 2062 5311 militer
2098 5267 2274 5311 autem
2306 5267 2358 5311 et
2390 5257 2482 5325 qui
2510 5270 2577 5308 ex
2602 5254 2939 5325 Hierusalem
2972 5252 3309 5325 advenerunt
3329 5291 3354 5325 ,_
3387 5258 3444 5325 et

1838 5341 1925 5380 ex
1969 5327 2220 5382 omnibus
2271 5321 2538 5380 montanis
2587 5334 2643 5378 et
2680 5323 2856 5394 quiin
2887 5322 3121 5388 Galaad,
3167 5330 3223 5377 et
3265 5321 3440 5391 quiin

1864 5396 2118 5462 Galilaea,
2167 5397 2559 5466 dissipaverunt
2606 5393 2887 5466 cosplaga
2935 5409 3125 5465 ntagna
3166 5404 3481 5463 usquequo.

1866 5471 2241 5541 [meterierunt
2262 5463 2580 5541 Damascum
2610 5474 2664 5518 et
2691 5463 2979 5541 lines_eju_s_.
3014 5463 3057 5541 ις.
3101 5533 3134 5541 __
3214 5532 3228 5541 _
3426 5527 3442 5541 ο

1945 5556 1964 5587 ‹
2000 5538 2208 5607 Reliqui
2246 5544 2433 5607 autem
2485 5536 2577 5604 qui
2626 5543 2785 5588 erant
2926 5532 3453 5607 Bethuliaingressi.

1867 5616 1992 5661 sunt
2021 5604 2212 5680 castra
2228 5606 2593 5680 Assyriorum,
2628 5623 2647 5656 ι
2689 5614 2793 5659 etc.
2833 5604 3054 5680 Residui
3104 5604 3194 5680 qui
3230 5616 3442 5680 reman-

1867 5687 2049 5732 serant
2077 5679 2134 5750 in
2184 5669 2427 5731 Bethulia
2459 5669 2724 5750 intrantes
2750 5683 2928 5730 castra
2977 5669 3444 5750 hostium,s.poliis

1866 5757 1921 5801 et
1945 5749 2122 5823 prreda
2150 5762 2343 5823 eorum
2364 5746 2549 5813 repleti
2580 5754 2732 5807 sunt;
2759 5755 2941 5799 tantus
2966 5741 3250 5823 eninufuit
3272 5741 3325 5793 in
3349 5753 3440 5823 ea:

1866 5819 1995 5871 stris
2024 5819 2257 5871 hostium
2310 5818 2629 5890 thesaurus,
2690 5826 2944 5890 tantaque
2995 5818 3233 5890 omnium
3267 5821 3444 5890 cuiius

1868 5890 2080 5958 generis
2105 5897 2547 5943 ornamentorum
2578 5876 2658 5941 vis
2684 5926 2697 5951 ,
2748 5894 2804 5939 ut
2835 5876 2998 5940 etiam
3041 5879 3290 5936 omnibus
3336 5876 3443 5931 illis
3470 5928 3479 5932 Α
