3882 6458
581 380 687 438 655

581 516 703 554 cum
726 496 918 565 Ioseph
946 510 1133 551 omnes
1160 498 1401 555 seniores
1421 499 1612 552 domus
1636 496 1934 551 Pharaonis
1953 512 2153 565 ;7vene-

584 576 813 635 runtque
836 564 900 620 ad
935 582 1085 636 aram
1112 566 1328 631 Achad,
1368 583 1486 636 qnze
1512 566 1618 621 sita
1643 576 1726 621 est
1762 575 1910 621 trans
1960 564 2151 619 Jorda-

582 653 735 702 nem;
767 638 855 690 ubi
875 635 1208 706 celebrantes
1234 635 1517 706 exsequias
1540 636 1751 705 planetu
1775 650 1970 704 magno
1991 647 2152 704 atque

579 706 882 762 vehementi
933 705 1291 775 impleverunt
1319 705 1524 775 septem
1566 707 1714 771 dies;
1745 716 1800 760 et
1830 706 2028 760 idcirco
2054 722 2148 759 vo-

577 787 758 847 catum
781 785 866 831 est
895 790 1088 830 nomen
1120 776 1222 831 loci
1274 775 1414 830 illius
1442 776 1691 847 planctus
1713 775 1955 847 Egypti.
1979 775 2152 847 Gene-

576 848 653 902 sis
678 846 887 916 ultimo,
917 847 1059 914 quod
1090 847 1217 900 etin
1243 847 1509 916 principio
1529 846 1769 915 ejusdem
1796 846 1990 916 capitis
2017 846 2153 899 dici-

577 926 665 988 tur
688 935 759 988 34c
794 914 1071 985 Flevitque
1095 914 1502 988 tumIEgypt—us
1532 914 1620 971 illa
1644 914 2089 988 septcm’diebns.
2122 933 2142 967 ι

576 985 667 1041 Sic
687 986 1042 1040 Numerorum
1067 985 1355 1056 vigesimo.
1385 1006 1402 1037 ι
1440 986 1626 1041 Omnis
1657 986 1941 1041 multitudo
1962 985 2163 1041 videns-

573 1056 891 1111 oecnbuisse
917 1056 1127 1126 Aaron,
1169 1056 1316 1110 ﬂevit
1349 1071 1522 1126 super
1550 1072 1616 1112 eo
1668 1057 1883 1126 triginta
1936 1056 2144 1126 diebus,

573 1140 673 1194 per
714 1135 939 1181 cunctas
964 1124 1194 1180 familias
1240 1141 1387 1180 suas.
1417 1124 1461 1178 ἰ
1506 1125 1598 1182 Sic
1645 1133 1698 1181 et
1746 1124 2147 1181 Deuteronomii

575 1194 807 1266 ultimo:
844 1194 1117 1266 t__Mortuo
1161 1195 1361 1266 Moyse,
1393 1196 1657 1251 ﬂeverunt
1697 1195 1859 1251 Israel
1890 1196 1956 1255 in.
1999 1210 2148 1250 cam-

572 1264 847 1386 pestribus
873 1264 1028 1346 Moab
1050 1264 1291 1347 _triginta
1338 1265 1547 1347 die-bus.
1581 1287 1600 1319 ι
1634 1267 1786 1322 Unde
1812 1267 1879 1321 de.
1917 1281 2145 1347 excessu

600 1344 757 1386 ratrls
788 1342 960 1386 camte
983 1350 1156 1386 nrlmo
1190 1336 1505 1386 Ambrosms
1545 1345 1807 1386 tractans.
1835 1352 1900 1386 an
1929 1335 2142 1386 lugendi

600 1335 757 1406 ratris
788 1334 960 1406 capite
983 1334 1163 1406 primo
1190 1336 1505 1391 Ambrosius
1545 1345 1807 1400 tractans,
1835 1352 1900 1389 an
1929 1335 2143 1406 lugendi

574 1404 683 1456 sint
711 1402 906 1458 mortui
947 1402 1028 1458 ε’(
1073 1402 1187 1459 Non
1234 1408 1409 1462 omnis
1436 1406 1788 1471 inﬁdelitatis,
1826 1402 2021 1471 inquit,
2053 1414 2145 1460 aut

573 1473 906 1528 inﬁrmitatis
948 1481 1032 1529 est
1058 1474 1231 1530 ﬂetus.
1276 1475 1427 1531 Alius
1471 1486 1555 1531 est
1601 1485 1803 1531 natura:
1829 1473 1999 1539 dolor,
2038 1474 2143 1530 alia

573 1542 1177 1616 tristitiadiﬂidentite,
1208 1555 1262 1601 et
1295 1547 1589 1616 plurimum
1631 1546 1804 1602 refert
1833 1545 2144 1601 desiderare

568 1614 712 1681 quod
735 1614 1008 1686 habueris,
1045 1614 1463 1686 etlngere'quod
1498 1617 1767 1672 amiseris.
1800 1616 2068 1670 Fecerunt
2087 1626 2143 1670 et

570 1697 821 1757 magnum
846 1683 1115 1753 planctum
1142 1683 1243 1757 sui,
1263 1683 1383 1740 cum
1405 1688 1723 1757 patriarcha:
1749 1687 2102 1757 sepelirentur
2124 1701 2155 1740 ε.

568 1750 822 1831 Ιξιιειῖ)οιῐιω
847 1750 993 1831 ergo
1033 1756 1319 1831 probitatis
1368 1750 1493 1810 sunt
1540 1758 1777 1831 indices,
1809 1750 1915 1811 non
1964 1756 2134 1811 illiciti

566 1820 786 1897 dolo'ris.
824 1843 843 1874 ι
874 1820 1012 1897 Hinc
1034 1820 1091 1897 et
1114 1824 1530 1897 Chrysostomus
1560 1820 1776 1883 homilia
1798 1837 1947 1882 sexta
1976 1841 2140 1897 super

564 1889 847 1978 Joannem.
883 1893 1046 1978 tuNon
1073 1889 1280 1977 lugere,
1305 1898 1504 1978 inquit,
1525 1899 1618 1952 sed
1655 1889 2134 1978 imprtnlenterlu-

565 1976 694 2030 gere
722 1972 863 2017 veto.
878 1962 1006 2037 Non
1030 1962 1151 2020 sum
1180 1962 1430 2022 immanis
1452 1978 1614 2037 atque
1663 1962 1935 2032 crudelis;
1976 1966 2134 2021 video

567 2040 817 2107 naturam
861 2033 1067 2107 dolere,
1108 2043 1163 2089 et
1198 2033 1563 2107 quotidianam
1600 2040 1877 2107 requirere
1905 2052 2135 2092 consue-

566 2101 803 2183 tudinem
828 2118 843 2183 ξ
873 2119 996 2183 non
1029 2104 1157 2160 licet
1203 2101 1349 2183 nullo
1375 2107 1570 2163 ail‘ectu
1601 2101 1934 2183 moverinec
1964 2108 2137 2177 lacry-

562 2173 717 2246 mari,
748 2173 1066 2246 sedgleniter
1083 2184 1137 2229 et
1160 2177 1478 2246 prudenter,
1506 2184 1704 2233 etcum
1734 2180 1830 2233 Dei
1862 2173 2091 2239 timorei
2111 2196 2131 2229 ι

560 2240 874 2329 cujusmodi
903 2246 1065 2329 etiam
1117 2240 1269 2329 plura
1304 2240 1485 2329 videre
1511 2256 1594 2303 est
1615 2249 1765 2329 apud
1791 2247 2038 2329 eumdem
2074 2248 2130 2303 in

559 2311 675 2388 line.
692 2311 926 2388 homilize
948 2311 1235 2388 trigesima;
1257 2319 1503 2372 secunda:
1531 2311 2049 2388 super-matthaeum.

630 2380 932 2458 Notandum
962 2380 1048 2458 esi
1070 2386 1287 2458 interim
1318 2388 1406 2442 hic
1432 2389 1576 2457 quod
1597 2380 1728 2443 dicit
1752 2387 1939 2443 Judith
1959 2387 2139 2458 sepul—

809 2452 1050 2540 l'leth'ulia
1075 2495 1092 2520 ,
1117 2457 1277 2540 idque
1304 2452 1491 2539 contra
1522 2452 2132 2540 totiesgrepetitams'en-

560 2522 783 2599 tentiam
811 2522 1060 2599 Zieglcri,
1086 2522 1203 2599 _a_d'
1223 2526 1274 2581 id
1310 2528 1454 2599 enim
1486 2530 1628 2599 quod
1658 2522 1839 2583 statim
1890 2529 2133 2584 diximus.

558 2587 625 2668 dc
676 2587 1056 2668 destructione
1085 2587 1650 2668 llierosolymte,'tuni
1702 2599 1885 2654 statim
1940 2607 2126 2654 secuta

557 2665 800 2738 tempora
837 2663 1005 2740 ipsius
1028 2664 1209 2730 Josize,
1236 2663 1429 2736 qumrit
1451 2668 1561 2740 ipse
1580 2668 1841 2740 ell'ugium
1861 2710 1876 2734 ,
1901 2670 2129 2740 dicendo

552 2734 724 2803 ipsam
760 2734 1023 2789 mansisse
1051 2751 1173 2790 cum
1195 2734 1308 2792 suis
1325 2734 1737 2803 contribulibus,
1767 2739 1908 2793 sicut
1930 2748 1986 2794 et
2014 2739 2131 2794 alia:

554 2798 737 2857 multa:
759 2803 999 2875 reliquie:
1025 2806 1208 2863 decem
1232 2808 1469 2862 tribuum
1506 2798 1897 2865 remanserant.
1932 2810 2131 2865 Verum

1214 373 1275 430 Β.
1316 374 1569 433 RABANI
1607 375 1825 433 MAUlll
1860 373 2180 431 ABClllEP.

2221 373 2530 431 uocum.
2571 373 2857 431 orenuu
2896 374 3075 432 rans
3105 375 3146 430 l.
3655 389 3716 446 εί

2181 503 2227 562 Α
2256 509 2468 548 rursum
2492 493 2692 556 obstat,
2715 492 2858 561 quod
2879 492 3434 565 captallierosotyma
3460 499 3715 558 Nam

2256 577 2683 643 nosorjomnem
2731 562 3013 643 populum"
3044 562 3099 617 in
3135 562 3501 643 captivitatem
3537 578 3718 643 transtulit

2251 634 2491 701 exceptis
2513 632 2879 702 paucissimis,
2904 633 3099 701 quibus
3129 632 3408 688 Godoliam
3435 636 3557 692 (ilius
3579 642 3715 701 Αιὼω

2251 705 2553 775 prmfucrat,
2581 703 2679 775 ipsi
2714 718 2820 757 non
2856 704 3159 775 diu_postea
3188 706 3440 759 timentes
3464 707 3715 775 Galihogh

2250 772 2573 848 @gyptum__
2590 773 2910 848 migrarunt.
2948 773 3148 848 Deinde
3175 775 3513 848 positquuod
3538 772 3715 848 partitum

2250 842 2439 897 fuisset
2464 842 2782 913 quibusdam
2813 843 3053 912 reliquiis
3077 846 3260 899 decem
3295 842 3717 913 tribunmfhincmu

2250 913 2320 986 {it
2350 912 2457 967 ullo
2486 912 2660 986 pacto
2713 913 3194 986 verisimile._qnod
3246 915 3502 971 Bcthnlia:
3542 923 3717 986 partitus

2250 928 2310 966 nt
2350 928 2457 967 uno
2505 928 2660 1037 lli)an
2713 928 3029 973 vensuntte.
3055 928 3194 983 quou
3246 928 3502 971 uctlmna:
3542 928 3717 986 parum

2249 982 2513 1067 nuisset”
2574 999 2735 1067 quam
2766 991 2970 1065 tantam
2996 984 3203 1067 cladem
3229 987 3520 1067 accepisset
3541 989 3718 1067 ιρις-θέης»

2248 1054 2369 1107 dem
2406 1054 2946 1108 Nabuchodonosoris
2978 1055 3276 1117 exercitus;
3328 1054 3417 1110 hic
3465 1054 3577 1113 vero
3597 1054 3718 1116 dicitur

2247 1123 2536 1201 sepultam
2568 1123 2811 1201 Bethulia
2836 1142 2849 1176 :
2881 1125 3323 1201 possetjnterim
3353 1126 3578 1201 fortassis
3606 1132 3717 1201 clitth

2246 1191 2374 1261 quid
2404 1191 2598 1248 ad'ista
2625 1191 2894 1266 reperire,
2920 1195 3014 1249 sed
3043 1194 3200 1264 plane
3223 1196 3345 1266 ejus
3370 1200 3646 1254 sententiam
3664 1191 3718 1255 lil-

2245 1278 2360 1317 sam
2399 1266 2595 1334 arguit,
2625 1264 2771 1334 quod
2801 1265 3082 1333 sequitur:

2320 1350 2353 1382 ι».
2373 1333 2523 1409 Tunc
2548 1333 2724 1409 autem
2771 1335 2917 1409 omni
2946 1335 3119 1404 spatio
3143 1335 3265 1390 vita:
3288 1335 3410 1405 ejus
3446 1352 3545 1409 non
3565 1336 3653 1400 fuit,
3666 1343 3721 1409 qui

2250 1419 2269 1452 ι
2304 1405 2645 1475 perturbaret
2689 1403 2884 1469 lsrael,
2927 1403 2986 1459 et
3038 1414 3162 1474 post
3206 1403 3443 1461 mortem
3487 1406 3585 1475 ejus

2250 1490 2270 1523 ι
2313 1473 2514 1547 multis.
2545 1492 2573 1547 Δι
2602 1474 2885 1547 Quomodo
2898 1473 3052 1547 enim
3073 1491 3179 1547 non
3202 1473 3717 1547 censebitur-perturba-

2244 1553 2330 1597 tus
2352 1543 2520 1616 Israel
2542 1544 2595 1598 in
2632 1553 2779 1616 tanta
2811 1544 3098 1616 aﬂlictione
3124 1545 3178 1599 in
3214 1543 3538 1616 Babylonem
3573 1550 3719 1603 transl:-

2244 1620 2349 1676 tus,
2380 1614 2525 1687 quod
2563 1615 2853 1687 contigisse
2894 1614 3241 1687 manifestum
3296 1614 3405 1681 est,
3433 1634 3530 1672 nou
3570 1620 3719 1687 amplos

2240 1699 2401 1806 quam
2441 1684 2512 1737 42
2569 1684 2731 1739 annis
2765 1702 2794 1739 a
2828 1694 3070 1755 tempore
3094 1684 3276 1740 Josite.
3315 1687 3377 1741 Si
3415 1703 3536 1743 vero
3559 1684 3718 1741 nosinn

2278 1768 2309 1806 e
2342 1753 2501 1806 Dario
2530 1754 2796 1806 Hvstasne
2837 1769 3127 1806 seuuamur
3155 1757 3502 1806 sententiam.
3531 1772 3614 1806 non
3632 1759 3718 1806 inn»

2278 1768 2309 1825 e
2342 1753 2501 1808 Dario
2530 1754 2796 1825 Hystaspe
2837 1753 3127 1825 sequamur
3155 1757 3502 1822 sententiam,
3530 1772 3614 1812 non
3631 1759 3719 1813 imr-

2242 1824 2440 1896 nimusi
2471 1824 2843 1893 perturbatum
2873 1824 3041 1881 fuisse
3062 1825 3222 1880 Israel
3264 1828 3337 1881 ad
3382 1836 3596 1896 tempora
3618 1844 3718 1896 ιιεφκ

2240 1892 2666 1965 Machahzeorum
2712 1896 2813 1949 sub
2863 1896 3159 1961 Antiocho;
3213 1913 3343 1950 nam
3399 1892 3531 1965 quod
3570 1892 3721 1951 vetuerit

2232 1965 2395 2018 etiam
2420 1965 2542 2036 ipso
2554 1964 2775 2021 Philone
2797 1974 2934 2021 teste
2954 1977 3077 2033 post
3092 1974 3322 2020 mortem
3343 1964 3649 2036 “Olophernis
3666 1984 3718 2021 ao-

2235 2043 2349 2089 ster
2402 2034 2732 2090 Artaxerxes
2779 2036 2891 2090 sive
2920 2036 3424 2091 Nabuchodonosor
3450 2034 3607 2105 perlici
3639 2048 3718 2091 tea-

2234 2105 2407 2174 plum,
2440 2106 2782 2176 paucissimis
2829 2107 2986 2161 anuis
3023 2106 3074 2159 id
3113 2106 3354 2171 duravit,
3390 2123 3566 2176 nempe
3589 2116 3717 2160 tantum

2243 2175 2534 2248 usquead
2576 2176 2858 2248 imperium
2916 2176 3065 2231 Darii
3119 2175 3465 2248 Longimani.
3514 2175 3716 2232 Uudemx

2241 2245 2574 2300 perturbatio
2605 2261 2729 2300 vere
2748 2246 2852 2301 dici
2876 2255 3076 2316 posset.

2315 2334 2333 2366 ι
2370 2316 2493 2370 Dies
2517 2324 2695 2369 autem
2727 2314 2965 2372 victoriae
2985 2315 3142 2385 hujus
3163 2316 3472 2372 festivitatis
3487 2316 3547 2371 ab
3564 2314 3719 2370 "elatis

2246 2404 2265 2457 ι
2305 2386 2357 2440 in
2405 2401 2633 2441 numero
2660 2395 2991 2457 sanctorum
3034 2389 3240 2441 dierum
3298 2387 3574 2457 recipitur,
3610 2395 3715 2438 ten.

2242 2456 2488 2525 Magnam
2534 2455 2915 2527 gratitudinem
2962 2457 3145 2527 populi
3171 2455 3458 2512 lsraelitiei
3484 2456 3718 2527 ostendito!»

2241 2528 2526 2580 victoriam
2543 2525 2592 2580 *ιι
2622 2526 2733 2580 Deo
2768 2535 2875 2581 tam
2900 2525 3200 2582 mirabilem
3226 2542 3558 2587 concessam.
3582 2525 3717 2579 antiret

2230 2596 2651 2651 anniversariam
2676 2594 2793 2664 ejus
2813 2597 3128 2651 memoriam
3146 2598 3515 2653 instituerunt.
3528 2596 3725 2662 Quom

2230 2674 2288 2721 et
2310 2666 2506 2741 Esther
2526 2682 2645 2741 cap.
2663 2682 2724 2741 ιιΔ
2744 2668 3046 2723 institutum
3059 2676 3177 2741 est,
3191 2677 3252 2741 ut
3273 2677 3519 2741 quartam
3538 2666 3725 2741 decimae

2235 2744 2289 2792 et
2318 2737 2564 2803 quintam
2612 2737 2878 2793 decimam
2910 2738 3113 2794 mensis
3153 2737 3285 2794 Athe
3329 2754 3430 2809 pro
3461 2737 3590 2793 festis

2234 2815 2441 2878 perent.

3635 2936 3715 2955 -ι

1128 3060 1704 3181 ΒΕΔΤῙ
1778 3066 2127 3181 BA!

2226 3069 2535 3181 AN!
2602 3067 3227 3182 MAURI

1250 3256 1634 3315 FULDENSIS
1672 3257 1964 3315 ABBATIS
2001 3257 2092 3314 ET
2127 3256 2510 3315 MOGUNTINI
2543 3257 3063 3316 ARClllEPlSCOPl

1042 3407 1797 3526 EXPOSITIO
1884 3412 2030 3526 IN
2112 3411 2647 3528 LIBRUM
2731 3412 3297 3531 ESTHER

1945 3605 2185 3685 (ANNO
2225 3606 2391 3687 836.)

1146 3848 1518 3905 PREFATIO

1012 3957 1080 3995 AD
1104 3956 1293 3996 ιυωτιι
1323 3957 1624 3998 Αυιῑυετλιι.

613 4031 776 4088 Liber
801 4031 1018 4099 Esther,
1047 4048 1206 4102 quem
1230 4032 1436 4087 llebnei
1464 4033 1604 4087 inter
1633 4032 1995 4105 hagiographa
2015 4051 2115 4091 an-

542 4132 861 4189 numerant,
898 4123 1261 4193 multipliciter
1296 4124 1495 4178 Christi
1542 4132 1599 4177 et
1641 4123 1893 4181 Ecclesiae
1939 4141 2115 4182 saera-

541 4225 719 4269 menta
747 4215 798 4269 in
820 4215 1076 4287 mysterio
1096 4215 1371 4270 continet:
1405 4214 1530 4285 quia
1561 4214 1674 4286 ipsa
1701 4215 1900 4272 Esther
1922 4216 1978 4271 in
2011 4217 2106 4273 Ec-

537 4304 717 4360 clesiae
749 4314 873 4376 typo
918 4306 1169 4377 populum
1214 4308 1281 4360 de
1326 4304 1565 4375 pcrieulo
1604 4305 1819 4372 liberat,
1864 4318 1920 4363 et
1947 4308 2116 4364 inter-

516 4446 519 4447 ν
537 4396 679 4450 tecto
692 4396 881 4461 Aman,
899 4397 989 4466 qui
1018 4396 1404 4465 interpretatur
1425 4396 1693 4466 iniquitas,
1708 4404 1916 4467 partem
1932 4399 2117 4453 eonvi-

537 4494 608 4547 vii
631 4503 682 4547 et
711 4492 850 4546 diem
875 4491 1139 4546 celebrem
1165 4490 1330 4545 mittit
1354 4493 1405 4544 in
1428 4498 1689 4560 posteros.
1720 4489 1871 4546 Hunc
1895 4491 2113 4560 quidem

536 4585 734 4638 librmn
760 4585 953 4639 asserit
989 4600 1157 4641 sacra-
1199 4584 1439 4641 historize
1478 4586 1744 4655 interpres
1783 4586 1851 4640 de
1877 4585 2112 4641 arehivis

537 4674 885 4728 Hebraeorum
908 4675 1201 4731 relcvatum
1228 4678 1451 4732 verbum
1475 4691 1507 4729 a
1529 4676 1693 4730 verbo
1721 4677 2031 4746 expressius
2051 4693 2111 4733 se

536 4764 893 4821 transtulisse.
924 4766 1172 4821 Attamen
1202 4781 1264 4822 ea
1294 4782 1414 4837 qum
1443 4766 1495 4819 in
1521 4767 1757 4821 editione
1778 4766 1992 4838 vulgata
2028 4784 2110 4823 re—

534 4857 679 4929 perit
705 4871 812 4911 non
840 4858 1052 4927 penitus
1076 4856 1444 4928 praetermisit,
1467 4857 1559 4912 sed
1586 4856 1849 4912 llcbraica
1881 4859 2109 4914 veritate

534 4949 693 5020 plena
729 4948 833 5004 ﬁde
860 4963 1135 5019 expressa,
1165 4958 1360 5003 czetera
1386 4964 1505 5018 qua:
1540 4951 1881 5007 extrinsecus
1904 4952 2110 5008 invenit

532 5049 679 5110 juxta
721 5039 882 5095 linem
918 5039 1039 5094 libri
1070 5039 1313 5094 addendo
1343 5038 1637 5108 subjunxit.
1681 5040 1787 5096 Nos
1830 5051 2008 5097 autem
2043 5059 2105 5098 ea

531 5143 655 5197 quae
697 5144 764 5182 ex
812 5128 1159 5183 Hebraeorum
1204 5126 1351 5183 fonte
1388 5129 1597 5200 prolata
1630 5139 1771 5193 sunt,
1815 5131 2102 5203 allegorica

531 5238 691 5277 sensu
734 5221 1095 5290 exposuimus.
1133 5218 1338 5276 Cmtera
1368 5236 1517 5284 vero,
1549 5237 1669 5292 (pta:
1695 5238 1761 5276 ex
1790 5221 2101 5279 Grzecorum

532 5314 711 5383 lingua
742 5320 796 5368 et
830 5312 1023 5366 litteris
1054 5312 1270 5381 insuper
1298 5312 1475 5366 addita
1504 5321 1657 5376 sunt,
1700 5320 1756 5368 et
1782 5313 1938 5369 obelo
1964 5329 2103 5384 pra:-

531 5410 735 5467 notata,
763 5417 1031 5473 exponere
1062 5401 1504 5473 prmtermisinms
1522 5442 1536 5466 ,
1568 5403 1662 5457 sed
1692 5403 1884 5457 horum
1913 5419 2103 5460 sensus

529 5495 801 5551 studiosus
827 5494 1013 5560 lector,
1034 5511 1155 5549 cum
1181 5493 1455 5549 anteriora
1478 5495 1614 5549 bene
1644 5495 1942 5562 rimaverit,
1966 5497 2103 5551 satis

528 5605 819 5663 agnoscere
843 5590 1075 5660 lpoterit.
1105 5589 1183 5642 Tu
1223 5597 1422 5655 autem,
1462 5604 1497 5643 o
1533 5590 1863 5644 nobilissima
1891 5591 2099 5661 regina,

529 5698 652 5735 cum
680 5689 1021 5736 sacramenta
1049 5680 1227 5735 divina
1258 5681 1310 5735 in
1343 5682 1602 5752 expositis
1629 5683 1766 5737 bene
1796 5684 2100 5754 agnoveris,

531 5776 820 5831 in-caeteris
847 5774 973 5844 quid
1004 5774 1339 5830 sentiendum
1380 5776 1482 5840 sit,
1531 5777 1631 5831 rite
1662 5774 1927 5832 censebis.
1961 5773 2105 5830 Deus

2144 3860 2189 3921 C
2220 3858 2583 3928 omnipotens,
2607 3858 2697 3927 qui
2724 3858 2867 3913 illius
2896 3860 3095 3929 regi‘nze
3124 3869 3366 3917 mentem
3402 3862 3468 3917 ad
3490 3862 3709 3916 liberamus

2220 3951 2396 4020 populi
2419 3951 2500 4004 sui
2522 3950 2859 4007 calamitates
2881 3962 3151 4018 erexerat,
3183 3962 3235 4008 te
3261 3956 3425 4010 simili
3450 3955 3599 4009 studio
3617 3952 3706 4003 labo-

2219 4054 2427 4097 rantem
2457 4041 2520 4096 ad
2544 4051 2743 4097 aitcrna
2776 4043 2965 4112 gaudia
2992 4045 3286 4112 perducere
3316 4045 3565 4116 dignetur.

2736 4151 2962 4207 CAPUT
2994 4151 3283 4209 PRIMUM.

2336 4220 2410 4274 De
2431 4222 2655 4276 Assuero
2682 4238 2795 4291 rege
2818 4233 2867 4275 et
2891 4223 3241 4291 [ornosissimo
3276 4227 3396 4295 ejus
3425 4227 3630 4280 camino.

2292 4331 2313 4364 ι
2348 4312 2403 4367 ln
2436 4313 2624 4368 diebus
2652 4313 2904 4379 Assneri,
2938 4316 3029 4383 qui
3068 4318 3320 4385 regnavit
3346 4320 3414 4374 ab
3441 4319 3566 4373 ludia
3593 4326 3703 4380 usque

2221 4421 2240 4454 ι
2272 4403 2606 4474 Ᾱειιιίορίιιιιι
2648 4419 2810 4475 super
2840 4413 3056 4460 centum
3098 4407 3287 4476 viginti
3336 4418 3526 4479 septem
3559 4405 3702 4477 protin-

2220 4513 2238 4545 ι
2270 4495 2382 4549 cias
2414 4514 2425 4549 :
2458 4495 2676 4565 quando
2707 4496 2848 4551 sedit
2876 4496 2929 4550 in
2958 4496 3095 4551 solio
3124 4500 3272 4568 regni
3306 4500 3410 4555 sui.
3448 4520 3465 4552 ι
3496 4496 3700 4554 Historiam
3802 4508 3803 4517 ‘

2214 4584 2410 4639 Esther
2431 4600 2536 4639 non
2568 4584 2738 4640 solum
2766 4584 2928 4639 divini
2949 4585 3093 4649 libri,
3118 4587 3212 4641 scd
3232 4597 3287 4642 et
3307 4586 3515 4655 Iosephi
3534 4580 3699 4647 Antiqui-

2216 4684 2386 4729 tatum
2424 4675 2721 4741 continent,
2769 4675 2898 4730 licet
2927 4676 2980 4730 in
3009 4675 3278 4746 aliquibus
3310 4680 3547 4733 historica
3575 4686 3697 4727 nam.

2215 4768 2357 4821 tione
2387 4766 2654 4821 differant.
2691 4766 2795 4822 Sed
2817 4775 2873 4821 et
2899 4766 3026 4820 illud
3057 4768 3109 4821 in
3144 4770 3488 4837 quaestionem
3517 4756 3699 4819 conum“

2202 4869 2299 4914 'tur
2347 4859 2468 4929 quis
2515 4858 2602 4915 ille
2647 4858 2914 4913 Assuerus
2950 4858 3051 4912 init
3099 4860 3192 4929 qui
3240 4859 3479 4929 regnarit
3515 4856 3570 4909 ab
3602 4847 3695 4905 lilii:

2212 4964 2383 5017 usque
2408 4945 2737 5016 [Ethiopiam
2767 4962 2929 5016 super
2963 4955 3178 5001 centum
3215 4947 3400 5017 viginti
3428 4951 3599 5014 stptem
3619 4952 3695 5005 pro—

2208 5042 2443 5105 vincias;
2494 5056 2618 5094 nam
2648 5041 2790 5094 hunc
2825 5050 3156 5095 memoratus
3180 5040 3448 5111 Josephus
3489 5027 3695 5095 referta.“

2211 5147 2327 5186 rum
2371 5147 2489 5186 esse
2519 5131 2685 5185 lilium
2724 5132 2925 5186 Xerxis
2957 5132 3099 5200 regis
3119 5171 3141 5195 ,
3176 5131 3269 5202 qui
3299 5138 3416 5200 post
3442 5126 3693 5187 Dariumpa-

2134 5219 2182 5277 Ι)
2211 5233 2388 5277 trunm
2424 5238 2579 5277 suum
2622 5222 2863 5292 regnavit
2892 5222 2944 5275 in
2980 5222 3216 5277 Perside.
3249 5221 3399 5276 Hunc
3428 5231 3540 5287 ergo
3562 5212 3693 5301 Cyr"?

2207 5313 2338 5369 dicit
2377 5312 2732 5366 Artaxerxem
2777 5312 2918 5380 apud
2964 5311 3180 5367 ercos
3223 5310 3419 5375 vocari,
3445 5306 3524 5378 qui
3562 5302 3693 5364 Longr

2206 5419 2400 5458 manus
2439 5402 2940 5473 cognominabatur,
2984 5418 3207 5473 regnum
3259 5412 3437 5458 tenens
3467 5394 3692 5456 annis‘lm"

2206 5496 2481 5566 draginta;
2506 5495 2600 5550 sed
2620 5509 2719 5564 ego
2743 5511 2850 5550 non
2873 5505 3004 5565 puto
3025 5496 3223 5550 Esther
3240 5511 3306 5550 eo
3325 5502 3540 5562 tempore
3560 5481 3689 5575 ῐυίξιξςγ

2206 5602 2477 5656 nunquam
2507 5587 2651 5641 enim
2683 5587 2886 5642 Esdras
2913 5588 2979 5641 dc
3016 5588 3130 5657 ipsa
3169 5586 3429 5648 siluisset,
3458 5578 3535 5651 qui
3559 5571 3687 5657 scrib,il

2209 5680 2313 5733 hoc
2353 5685 2591 5747 tempore
2634 5676 2860 5730 Esdram
2891 5687 2947 5747 et
2985 5656 3228 5731 Mennam
3271 5686 3500 5731 reversos
3529 5677 3618 5721 esse
3643 5656 3683 5709 ⁸⁸⁸

2212 5769 2503 5840 Babylone,
2533 5778 2587 5824 et
2612 5784 2675 5823 ea
2695 5768 2946 5838 deinceps
2975 5777 3263 5823 consecuta
3284 5782 3396 5835 qua:
3418 5764 3479 5817 ab
3502 5756 3567 5814 his
3583 5755 3681 5822 695“
