3882 6502
134 394 229 449 37

1162 389 1526 448 EXPOSITIO
1575 391 1641 447 IN
1677 391 1942 448 LIBRUM
1984 389 2279 447 ESTlliiil.

3291 349 3403 451 638.

85 506 456 567 referuntur.
491 500 754 559 Eusebius
784 517 911 573 ergo
941 501 996 557 in
1025 477 1305 560 Cbrouicis
1330 503 1443 558 suis
1472 504 1701 559 arbitra-
1727 506 1779 564 Α
1804 502 1893 558 ille
1929 518 2025 558 rex
2064 502 2354 559 historicus
2382 504 2621 575 perﬁdus
2666 512 2806 576 erat,
2852 506 3005 575 quasi
3038 515 3259 579 propter
3288 511 3391 566 hoc

87 593 290 649 batur
331 593 475 648 hunc
510 591 801 647 Assuerum
856 606 976 646 esse
1017 593 1369 647 Artaxerxem
1411 601 1702 671 vocatum;

90 685 376 757 regnavit
392 698 605 754 quoque
632 690 754 752 post
788 681 1004 736 Darium
1041 676 1291 753 patruum
1327 697 1484 738 suum
1511 699 1709 755 cogno-

89 788 312 831 mento
338 774 601 839 Nothum,
632 772 788 827 annis
806 773 895 828 40.

204 889 224 920 ι
269 867 442 923 Susan
468 867 660 922 civitas
694 867 842 937 regni
878 864 994 934 ejus
1030 867 1308 923 exordium
1343 867 1463 923 fuit.
1503 890 1522 923 ι
1554 869 1708 927 Susis

93 961 443 1031 metropolis
472 968 557 1015 est
584 960 848 1024 Persidis,
879 975 1041 1030 quam
1072 960 1224 1014 aiunt
1262 961 1505 1016 historici
1545 962 1710 1017 Mem-

95 1056 292 1110 nonis
317 1052 540 1109 fratrem
567 1052 929 1122 constituisse.
968 1052 1119 1108 Dicta
1143 1063 1325 1108 autem
1362 1053 1537 1120 Susis,
1563 1054 1708 1124 quod

96 1148 411 1205 immineat
450 1146 607 1204 Susis
646 1147 827 1214 ﬂuvio,
878 1147 967 1203 ubi
1017 1148 1163 1221 regia
1208 1158 1292 1204 est
1335 1149 1482 1222 Cyri,
1534 1150 1711 1221 lapide

97 1241 356 1296 candido
377 1249 431 1296 et
456 1241 607 1296 vario
629 1281 645 1306 ,
674 1257 797 1297 cum
829 1240 1097 1296 columnis
1130 1242 1313 1297 aureis
1340 1251 1398 1297 et
1418 1242 1709 1297 lacunariis

98 1334 462 1405 gemmisque
500 1334 777 1402 distincta,
832 1336 1116 1392 continens
1151 1337 1315 1392 etiam
1358 1338 1708 1394 simulacrum

100 1428 248 1483 (ιωΙί
268 1428 444 1484 stellis
465 1429 793 1484 micantibus
812 1429 1215 1498 praesignatum,
1237 1438 1292 1485 et
1312 1438 1508 1486 caetera
1527 1431 1717 1485 buma-

104 1521 214 1576 nis
241 1520 518 1576 mentibus
546 1521 900 1576 incredibilia.
932 1520 1033 1577 Ubi
1060 1530 1114 1576 et
1138 1536 1377 1592 praesens
1410 1537 1504 1577 rex
1527 1523 1713 1578 eonvi-

97 1610 272 1665 vium
307 1610 603 1664 maximum
630 1625 752 1665 cum
782 1609 968 1680 grandi
999 1618 1281 1680 apparatu,
1317 1618 1374 1666 et
1397 1611 1709 1666 divitiarum

102 1701 283 1771 copia
325 1700 582 1770 subjectis
623 1701 834 1773 populis
880 1701 1192 1758 exhibuisse
1247 1711 1520 1757 narratur.
1560 1702 1713 1759 Unde

101 1795 375 1865 sequitur
402 1813 416 1850 :

1810 592 1954 663 regis
1993 591 2127 661 justi
2177 601 2362 664 typum
2406 602 2590 649 tenere
2632 594 2780 651 nullo
2814 596 2977 652 modo
3005 599 3179 667 possit
3225 617 3240 654 :
3283 617 3393 657 non

1809 684 1954 739 enim
2004 684 2234 738 dicimus
2270 684 2413 753 quod
2457 685 2681 755 perﬁdia
2728 702 2823 741 seu
2870 697 3094 757 peccata
3146 690 3393 761 alicujus,

1809 774 1923 829 sive
1966 773 2164 840 ﬁdelis,
2205 774 2320 832 sive
2365 777 2528 831 etiam
2578 776 2801 846 perﬁdi,
2843 778 3000 836 istius
3031 790 3185 838 actus
3208 786 3393 855 expri-

1811 873 1961 920 mant
2014 885 2032 917 «
2084 865 2185 933 Qui
2218 875 2500 935 peccatum
2531 882 2636 921 non
2690 868 2850 934 fecit,
2898 884 2998 926 nec
3024 880 3109 926 est
3138 872 3392 931 inventus

1810 954 1964 1010 dolus
1991 957 2043 1010 in
2069 970 2165 1011 ore
2200 957 2317 1027 ejus
2343 956 2393 1029 (1
2420 954 2566 1011 Petr.
2609 958 2691 1031 ιι).
2724 977 2743 1010 ›
2784 977 2802 1009 ι
2839 958 2969 1026 Qua:
2994 962 3139 1017 enim
3162 966 3396 1021 societas

1810 1042 1919 1099 luci
1943 1046 2012 1099 ad
2045 1048 2329 1113 tenebras;
2361 1056 2455 1102 aut
2479 1063 2601 1118 quae
2630 1049 2920 1104 conventio
2946 1050 3148 1108 Christi
3191 1055 3259 1110 ad
3287 1055 3392 1111 Be-

1810 1139 1900 1193 lial
1949 1139 2036 1211 (ll
2059 1140 2209 1211 ε(ἐστ’.
2238 1140 2358 1215 vn).
2393 1161 2412 1194 ι
2447 1141 2554 1197 Sed
2582 1143 2720 1198 bona
2748 1142 2891 1199 facta
2929 1160 2994 1200 ac
3014 1144 3159 1214 justa
3192 1149 3395 1219 judicia

1810 1233 2127 1305 cujusquam
2168 1236 2236 1290 ad
2274 1235 2482 1291 nullum
2523 1235 2715 1291 melius
2758 1235 3086 1301 referuntur,
3134 1256 3299 1311 quam
3329 1242 3398 1297 ad

1810 1326 1959 1381 illum
1985 1326 2053 1380 de
2073 1340 2179 1395 quo
2204 1335 2291 1382 est
2313 1341 2475 1381 omne
2501 1327 2729 1391 bonum,
2757 1327 2826 1381 de
2852 1341 2959 1396 quo
2984 1328 3243 1397 scripturn
3271 1340 3357 1387 est
3380 1350 3395 1387 τ

1817 1438 1834 1471 ι
1878 1415 2151 1472 Judicabit
2193 1417 2383 1472 orbem
2406 1425 2564 1472 terrae
2601 1417 2653 1471 in
2683 1418 2965 1488 mquitate,
3002 1427 3059 1474 et
3092 1420 3318 1489 populos
3344 1422 3398 1476 in

1814 1512 2042 1567 veritate
2069 1524 2167 1564 sua
2198 1507 2371 1580 (Psal.
2406 1509 2505 1580 rx).
2547 1528 2567 1561 ι
2611 1507 2747 1562 Nam
2772 1509 2914 1565 sicut
2944 1511 3223 1581 gentilium
3250 1526 3401 1566 erro-

1811 1616 1901 1659 res
1930 1610 2092 1673 atque
2119 1600 2285 1671 impia
2312 1599 2474 1665 facta,
2498 1601 2572 1654 ita
2597 1602 2707 1657 'nec
2739 1601 2977 1657 ﬁdelium
3014 1605 3400 1676 transgressio-

1812 1711 1909 1751 nes
1942 1703 2107 1765 atque
2149 1707 2373 1764 peccata
2404 1690 2563 1747 facile
2592 1708 2690 1764 per
2726 1693 3136 1749 similitudinem
3180 1696 3397 1751 veritati

1815 1796 2147 1860 competunt.
2195 1787 2323 1843 llaec
2363 1785 2509 1841 enim
2549 1785 2669 1841 ideo
2705 1786 2961 1853 diximus,
3008 1786 3134 1858 quia
3178 1788 3395 1858 quidam

199 1861 220 1936 ξ
260 1884 449 1940 Tertio
474 1884 637 1957 igitur
664 1900 807 1940 anno
833 1885 1044 1957 imperii
1073 1885 1154 1941 sui
1190 1884 1318 1941 fecit
1348 1887 1551 1957 grande
1587 1903 1715 1942 con-
1740 1861 1787 1921 Β
1816 1883 2095 1938 doctorum
2122 1880 2288 1935 David
2321 1879 2522 1934 factum
2554 1879 2609 1933 in
2636 1878 2821 1934 Uriam
2850 1889 2907 1935 et
2937 1895 3165 1936 uxorem
3190 1880 3309 1949 ejus
3336 1880 3399 1934 ﬁ-

114 1995 137 2027 ι
183 1976 394 2031 vivium
422 1976 760 2046 principibus
783 1976 918 2041 suis,
947 1986 1003 2032 et
1030 1977 1214 2047 pueris
1242 1975 1556 2034 fortissimis
1579 1978 1713 2034 Per-

112 2088 135 2119 ε
187 2084 373 2124 sarum
411 2077 467 2123 et
494 2067 769 2140 Medorum
800 2067 1045 2137 inclytis,
1092 2076 1150 2123 et
1184 2066 1453 2139 praefectis
1490 2070 1711 2140 provin-

112 2178 135 2210 ε
180 2159 393 2214 ciarum
444 2172 629 2214 coram
670 2173 761 2224 se,
814 2166 874 2213 ut
907 2160 1220 2213 ostenderet
1266 2159 1484 2215 divitias
1528 2161 1715 2232 gloriae

114 2270 138 2301 ι
180 2250 337 2321 regni
364 2249 467 2312 sui,
490 2249 914 2321 magnitudinem
936 2258 1098 2320 atque
1118 2248 1435 2319 jactantiam
1459 2252 1715 2320 potentia:

116 2359 139 2392 ι
186 2356 304 2396 suae
333 2341 501 2396 multo
542 2350 805 2411 tempore,
837 2348 1056 2396 centum
1080 2340 1332 2396 videlicet
1359 2349 1415 2396 et
1439 2343 1711 2413 octoginta

114 2450 139 2486 ‹
179 2434 396 2489 diebus.
445 2431 688 2504 Cumque
739 2432 1091 2503 implerentur
1122 2432 1240 2488 dies
1291 2432 1548 2498 convivii,
1584 2433 1712 2491 invi-

114 2542 137 2575 σ
183 2524 321 2578 tavit
364 2540 578 2580 omnem
620 2524 875 2595 populum
913 2524 1004 2596 qui
1056 2524 1309 2579 inventus
1352 2533 1436 2581 est
1476 2524 1651 2589 Susis,
1678 2540 1711 2579 a
1749 2561 1765 2570 ς

116 2633 139 2665 ι
190 2615 429 2671 maxime
474 2632 643 2687 usque
682 2616 751 2672 ad
801 2616 1104 2671 minimum.
1154 2616 1222 2670 Et
1270 2625 1476 2685 septem
1525 2616 1714 2672 diebus

118 2725 141 2758 ι
182 2706 352 2777 jussit
388 2708 696 2762 convivium
738 2707 1034 2777 praeparari
1076 2707 1134 2761 in
1172 2705 1438 2761 vestibulo
1476 2706 1617 2761 horti
1658 2714 1714 2762 et

114 2819 140 2855 σ
188 2802 446 2866 nemoris,
487 2801 629 2871 quod
655 2801 801 2869 regio
835 2801 980 2855 cultu
1003 2809 1052 2855 et
1088 2815 1250 2855 manu
1281 2800 1548 2855 consitum
1573 2807 1709 2855 erat.

117 2908 143 2944 ε
191 2892 263 2946 Ει
285 2893 590 2963 pendebant
617 2908 686 2947 cx
726 2892 871 2946 omni
906 2899 1061 2960 parte
1089 2891 1319 2945 tentoria
1350 2891 1487 2946 aerii
1514 2890 1712 2946 coloris

117 3000 140 3033 ι
183 2990 239 3036 et
272 2982 540 3037 carbasini
591 2998 658 3038 ac
711 2982 1045 3055 hyacinthiui
1076 3023 1091 3048 ,
1146 2988 1449 3038 sustentata
1496 2982 1714 3039 funibus

119 3093 140 3126 ι
191 3076 424 3147 byssinis
475 3084 639 3147 atque
688 3075 992 3145 purpureis,
1041 3074 1135 3145 qui
1189 3074 1445 3130 eburneis
1493 3074 1712 3132 circulis

122 3185 144 3216 ι
188 3167 378 3223 inserti
404 3176 582 3234 erant,
606 3175 662 3221 et
682 3167 947 3222 columnis
978 3165 1299 3220 marmoreis
1324 3163 1706 3221 fulciebantur.

121 3274 143 3307 ι
186 3256 389 3312 Lectuh
414 3273 630 3328 quoque
647 3257 796 3313 aurei
817 3265 873 3311 et
891 3256 1131 3324 argentei
1155 3271 1318 3326 super
1344 3257 1709 3325 pavimentum

124 3364 146 3396 ι
193 3348 534 3418 smaragdino
584 3357 640 3403 et
687 3347 844 3417 pario
911 3355 1143 3401 stratum
1195 3345 1408 3416 lapide,
1466 3345 1711 3416 dispositi

126 3457 151 3488 ι
197 3447 355 3493 erant
385 3458 399 3493 :
430 3440 571 3509 quod
598 3439 734 3494 mira
755 3439 1020 3494 varietate
1044 3438 1253 3507 pictura
1280 3436 1590 3493 decorabat.
1617 3437 1710 3490 Bi-

126 3548 148 3580 ι
200 3529 400 3584 hebant
426 3538 599 3585 autem
626 3530 718 3600 qui
748 3529 955 3584 invitati
982 3537 1160 3594 erant,
1195 3529 1374 3584 aureis
1403 3528 1629 3599 poculis,
1659 3536 1716 3584 et

124 3638 147 3674 α
197 3620 318 3675 aliis
364 3632 526 3691 atque
570 3622 692 3677 aliis
738 3621 887 3677 vasis
929 3621 1034 3677 cibi
1083 3620 1475 3677 inferebantur.
1518 3621 1713 3676 Vinum

122 3729 147 3765 ι
188 3725 424 3781 quoque,
450 3720 512 3768 ut
534 3712 933 3784 magniﬁcentia
961 3712 1107 3783 regia
1133 3710 1350 3782 dignum
1379 3723 1516 3779 erat,
1546 3714 1716 3769 abun-

130 3820 154 3858 ι
202 3803 336 3858 dans
370 3810 429 3858 et
456 3803 784 3874 praecipuum
822 3805 1140 3874 ponebatur.
1190 3802 1300 3859 Nec
1335 3814 1454 3859 erat
1491 3804 1583 3874 qui
1620 3820 1716 3861 uo-

126 3916 146 3946 ι
196 3895 369 3950 lentes
398 3903 619 3967 cogeret
643 3896 707 3950 ad
735 3895 1046 3961 bibendum,
1091 3895 1184 3951 sed
1219 3895 1361 3951 sicut
1386 3913 1476 3950 rex
1507 3904 1713 3953 statue-

126 4006 145 4036 ε
198 3994 317 4052 rat,
363 3999 683 4057 praeponens
721 3986 923 4040 mensis
971 3985 1213 4054 singulos
1266 3986 1333 4041 de
1384 3986 1716 4057 principibus

128 4095 149 4125 ι
197 4075 328 4140 suis,
358 4083 418 4130 ut
446 4084 687 4132 sumeret
728 4077 1097 4149 unusquisque
1136 4075 1280 4147 quod
1304 4076 1481 4132 vellet.
1521 4097 1539 4130 ι
1592 4077 1719 4134 Πωο

120 4167 456 4237 prasparatio
481 4166 876 4238 opulentissimi
905 4166 1162 4233 convivii,
1191 4166 1319 4222 licet
1358 4166 1718 4223 historialiter

121 4258 444 4314 divitiarum
486 4275 740 4331 pompam
776 4266 832 4314 et
877 4259 1191 4316 deliciarum
1236 4259 1397 4315 luxus
1439 4261 1582 4330 regis
1625 4278 1722 4331 po-

121 4349 296 4405 tentis
338 4350 711 4406 demonstrare
750 4350 1021 4416 videatur,
1056 4358 1235 4405 tamen
1276 4351 1573 4406 sacratiore
1608 4365 1722 4422 my-

123 4440 302 4494 sterio
348 4440 710 4511 potentissimi
764 4441 909 4512 regis
947 4441 1159 4508 nostri,
1209 4441 1459 4497 videlicet
1508 4443 1720 4498 Domini

124 4530 360 4596 Christi,
405 4530 719 4587 divitiarum
773 4532 1133 4602 spiritualium
1181 4533 1609 4604 magnitudinem
1657 4549 1799 4630 acD

129 4619 381 4675 vitalium
408 4637 572 4692 opum
601 4620 998 4689 excellentiam,
1016 4639 1152 4694 quas
1172 4622 1260 4679 ille
1282 4625 1579 4680 secundum
1606 4641 1720 4680 mo-

129 4713 265 4769 dum
293 4711 716 4785 dispensationis
755 4730 866 4770 suaa
897 4715 1187 4785 unicuique
1226 4716 1461 4771 ﬁdelium
1499 4733 1721 4773 suorum

127 4808 360 4878 largiter
408 4808 704 4875 distribuit,
754 4807 1045 4879 signiﬁcat.
1094 4807 1207 4866 Nec
1234 4810 1381 4865 enim
1419 4809 1580 4865 alicui
1626 4825 1722 4865 rex

129 4901 229 4957 ille
257 4900 579 4967 ditissimus,
614 4901 708 4973 qui
746 4901 935 4957 uxoris
963 4917 1075 4957 sua:
1103 4901 1430 4960 fidelissimae
1470 4904 1724 4974 precibus

128 5001 415 5060 exoratus,
464 4992 807 5060 Judworum,
857 5009 1017 5063 quem
1072 4995 1243 5065 iniqui
1296 4996 1720 5062 meditabantur,

130 5089 510 5144 imminentem
556 5087 790 5143 removit
830 5087 1131 5153 interitum,
1172 5103 1336 5158 quam
1377 5088 1726 5157 Redemptori

132 5185 328 5233 nostro
355 5194 452 5249 per
487 5177 713 5250 ﬁguram
743 5187 982 5249 aptatur,
1010 5179 1100 5249 qui
1124 5178 1366 5249 quotidie
1396 5186 1598 5234 sancta:
1626 5178 1726 5235 Ec-

133 5268 340 5334 clesiae,
378 5285 496 5340 qua:
530 5286 727 5340 sponsa
761 5271 935 5343 ipsius
958 5278 1043 5326 est
1070 5270 1441 5337 dilectissima,
1469 5271 1729 5327 orationi-

134 5359 242 5415 bus
290 5359 682 5433 interpellatus,
726 5362 926 5417 liberat
973 5360 1175 5416 electos
1219 5377 1346 5416 suos
1391 5363 1458 5418 de
1489 5362 1727 5419 hostium

137 5451 424 5520 manibus,
465 5461 626 5524 atque
659 5454 910 5510 inimicos
936 5469 1126 5510 eorum
1157 5454 1333 5523 digna:
1364 5454 1582 5526 subjicit
1608 5456 1728 5511 vin-

138 5546 317 5602 dictae.
354 5547 508 5615 Quod
546 5557 729 5606 autem
771 5549 970 5607 Esther
1003 5557 1188 5623 typum
1220 5550 1477 5606 Ecclesiae
1513 5560 1724 5619 teneat,

142 5638 272 5694 nulli
293 5640 514 5697 dubium
563 5652 680 5708 est;
738 5658 840 5699 nec
887 5643 1000 5713 ipsa
1048 5641 1276 5711 alicujus
1315 5658 1511 5713 sponsa
1563 5659 1726 5714 quam

144 5730 346 5787 Christi
373 5732 482 5789 ullo
518 5735 678 5791 modo
717 5734 944 5791 dicenda
970 5742 1073 5789 est.
1106 5733 1261 5790 Unde
1294 5735 1543 5806 refugere
1567 5737 1728 5808 quili-

150 5822 240 5877 bet
279 5823 419 5881 hanc
457 5825 954 5898 interpretationem
984 5842 1090 5882 non
1134 5827 1310 5894 debet,
1358 5841 1459 5897 pro
1485 5842 1550 5884 eo
1584 5829 1727 5898 quod

1813 1973 2072 2044 guraliter
2093 1971 2427 2027 transferunt
2447 1969 2512 2024 ad
2537 1967 2817 2025 Christum
2841 1980 2894 2027 et
2914 1972 3232 2027 Ecclesium.
3259 1970 3397 2038 Quid

1813 2078 1992 2119 causa:
2026 2071 2109 2118 est
2153 2070 2215 2118 ut
2252 2061 2449 2132 aliquis
2492 2060 2638 2114 dicat
2667 2059 2866 2132 hioysns
2902 2064 3290 2118 dubitationem
3330 2064 3399 2118 ad

1814 2170 2012 2225 aquam
2041 2154 2511 2219 contradictiouis,
2537 2154 2769 2210 Aaronis
2788 2154 3073 2225 ﬁctionem
3105 2157 3158 2210 in
3188 2154 3397 2212 factura

1812 2247 1990 2312 vituli,
2037 2247 2343 2303 Salomonis
2385 2247 2659 2303 libidinem
2685 2289 2700 2314 ,
2734 2247 2979 2303 Ezechiae
3008 2252 3395 2319 arrogantiam,

1811 2339 1959 2395 Petri
1998 2339 2413 2410 abuegationem
2448 2355 2513 2396 ac
2548 2340 2727 2396 Saulis
2753 2340 3142 2411 blasphemiam
3171 2341 3400 2397 Redem-

1810 2433 1956 2504 ptori
2014 2441 2206 2487 nostro
2258 2431 2557 2504 figuraliter
2609 2432 2935 2488 convenire?
2986 2432 3241 2487 Attamen
3296 2432 3401 2486 rite

1813 2523 1992 2579 nullus
2019 2523 2285 2594 denegare
2328 2531 2503 2593 potest
2533 2539 2718 2577 eorum
2762 2523 2902 2577 bona
2932 2521 3071 2577 facta
3098 2538 3163 2576 ac
3194 2531 3398 2578 rectam

1814 2615 2117 2670 doctrinam
2179 2613 2472 2685 plurimum
2529 2614 2602 2667 illi
2659 2612 3030 2669 testimonium
3085 2612 3397 2682 przebuisse.

1814 2692 1970 2761 Unde
2010 2718 2169 2760 nemo
2213 2719 2313 2760 nos
2345 2702 2743 2774 reprehendere
2769 2703 2929 2759 debet
2948 2701 3091 2772 quod
3117 2702 3262 2772 regis
3286 2717 3402 2756 ma-

1813 2797 1901 2867 gni
1941 2796 2029 2866 pia
2058 2810 2223 2867 opera
2253 2811 2318 2851 ac
2341 2796 2488 2867 justa
2524 2796 2719 2864 iudicia
2745 2796 2857 2867 regi
2887 2804 2937 2850 et
2960 2795 3128 2867 judici
3153 2796 3396 2849 onmium

1812 2886 2135 2942 szeculorum
2177 2886 2411 2957 quodam
2462 2886 2623 2942 modo
2668 2886 2953 2941 stmilanrlo
2998 2899 3396 2954 comparemus,

1811 2981 1938 3050 quia
1976 2995 2135 3035 suum
2164 2987 2249 3036 est
2269 2979 2528 3049 quidquid
2562 2980 2763 3035 bonum
2786 2987 2871 3036 est
2895 3019 2910 3045 ,
2936 2987 2993 3034 et
3016 2981 3085 3035 ab
3106 2994 3174 3034 eo
3200 2978 3400 3049 refugit

1810 3071 1988 3127 omnis
2027 3071 2305 3142 iniquitas.
2352 3070 2408 3127 Si
2456 3071 2544 3126 cui
2574 3080 2755 3127 autem
2787 3071 3001 3127 videtur
3036 3071 3395 3142 incongruum

1815 3176 1935 3217 esse
1957 3161 2100 3232 quod
2125 3162 2374 3226 dicimus,
2408 3160 2549 3232 legat
2572 3162 2768 3218 Isaiam
2792 3162 3133 3232 prophetam,
3157 3161 3249 3230 qui
3278 3160 3389 3232 Cy-

1818 3273 1936 3311 rum
1968 3271 2150 3327 regem
2171 3255 2462 3311 Persarum
2488 3255 2761 3311 hominem
2784 3255 3041 3324 gentilem
3062 3253 3400 3324 comparavit

1815 3345 2162 3416 Redemptori
2181 3346 2577 3412 nostro,dicens
2588 3360 2655 3400 ex
2670 3361 2899 3407 persona
2921 3344 3132 3401 Domini
3162 3362 3176 3398 :
3208 3364 3226 3395 ι
3248 3343 3400 3398 Dabo

1817 3441 1914 3496 tibi
1959 3441 2240 3496 thesauros
2263 3438 2608 3494 absconditos
2644 3447 2700 3493 et
2735 3454 2932 3494 arcana
2958 3447 3314 3502 secretorum,
3343 3446 3404 3490 ut

1817 3534 1958 3589 scias
1987 3532 2117 3602 quia
2145 3547 2245 3603 ego
2274 3531 2554 3597 Dominus,
2584 3532 2839 3601 quoniam
2870 3547 3004 3587 voco
3030 3544 3224 3586 nomen
3249 3542 3400 3584 tuum

1816 3624 1960 3679 Deus
1983 3623 2147 3679 Israel
2171 3664 2186 3689 ,
2226 3632 2444 3695 propter
2474 3638 2690 3678 servum
2720 3638 2898 3679 meum
2936 3621 3126 3689 Jacob,
3156 3630 3212 3680 et
3238 3621 3404 3679 Israel

1818 3716 2049 3772 electum
2078 3732 2280 3782 meum,
2313 3723 2369 3772 et
2396 3716 2586 3771 vocavi
2623 3725 2672 3772 te
2708 3715 2762 3770 in
2786 3716 3004 3771 nomine
3028 3726 3155 3781 tuo;
3196 3715 3405 3771 assimi~

1821 3807 1928 3861 lavi
1953 3816 2024 3874 te,
2065 3816 2122 3863 et
2154 3822 2263 3863 non
2289 3807 2589 3878 cognovisti
2618 3822 2722 3862 me.
2753 3807 2867 3878 Ego
2895 3807 3178 3872 Dominus,
3213 3815 3271 3862 et
3296 3822 3403 3861 non
3469 3821 3473 3825 '

1820 3905 1904 3951 est
1927 3897 2190 3967 amplius,
2235 3905 2389 3953 extra
2416 3913 2503 3953 me
2527 3914 2634 3953 non
2664 3906 2749 3953 est
2781 3898 2943 3953 Deus.
2975 3898 3197 3953 Accinxi
3224 3906 3277 3954 te
3299 3939 3313 3965 ,
3348 3909 3407 3954 et

1819 4003 1927 4042 non
1969 3988 2269 4059 cognovisti
2304 4002 2392 4043 me
2418 3986 2554 4060 (Isa.
2605 3987 2750 4060 ην).
2784 4008 2806 4042 ι
2836 3989 3006 4061 Legat
3042 3996 3097 4045 et
3148 3989 3407 4059 opuscula

1819 4078 2062 4145 Patrum,
2109 4079 2201 4149 qui
2248 4086 2404 4136 actus
2445 4080 2558 4135 sive
2599 4094 2764 4136 casus
2816 4095 3005 4153 regum
3051 4081 3409 4151 reprobormn

1821 4170 2001 4227 Saulis
2036 4179 2095 4226 ct
2128 4169 2403 4227 Jechonia:
2451 4170 2797 4227 sanctissima
2825 4170 3206 4241 Redemptoris
3236 4172 3409 4227 nostri

1819 4276 1986 4331 opera
2025 4260 2323 4329 ﬁguraliter
2358 4261 2645 4331 designare
2674 4261 2933 4317 dixerunt
2964 4281 2976 4315 :
3012 4261 3194 4317 Saulis
3220 4261 3412 4317 videli-

1822 4360 1908 4408 cet
1937 4352 2083 4406 uncti
2106 4352 2161 4405 in
2188 4364 2391 4419 regem,
2421 4350 2515 4405 sed
2549 4351 2742 4406 merito
2777 4351 3045 4406 scelerum
3067 4369 3290 4407 suorum
3317 4368 3411 4407 oc-

1823 4446 1941 4512 cisi,
1969 4460 2130 4516 super
2155 4443 2358 4499 innoxii
2374 4444 2517 4513 regis
2533 4441 2731 4498 Christi
2750 4453 2925 4498 morte
2943 4444 3367 4515 interpretantes
3391 4460 3407 4510 ;

1823 4538 2098 4595 Jechonia:
2117 4551 2248 4592 vero
2275 4534 2683 4591 translationem
2705 4535 2772 4589 de
2791 4534 2925 4590 Juda
2951 4537 3005 4590 in
3032 4535 3409 4607 Babyloniam,

1825 4650 1985 4705 quam
2009 4641 2231 4705 propter
2259 4640 2482 4703 peccata
2511 4632 2787 4694 sustinuit,
2820 4632 2888 4686 ad
2910 4631 3144 4703 gratiam
3168 4629 3408 4700 ejusdem

1825 4724 2205 4803 [Redemptoris
2225 4724 2397 4778 nostri
2422 4722 2586 4794 typici
2610 4723 2929 4789 referentes,
2959 4739 3087 4794 qua,
3116 4722 3320 4778 relictis
3340 4723 3413 4778 ob

1823 4818 2107 4890 perﬁdiam
2137 4816 2361 4883 Iudaeis,
2400 4817 2469 4871 ad
2498 4816 2784 4872 salvandas
2815 4834 2910 4887 per
2948 4817 3136 4872 orbem
3165 4816 3410 4871 nationes

1827 4910 2217 4980 transmigrare
2244 4907 2499 4978 dignatus
2534 4915 2637 4962 est.
2682 4908 2784 4975 Qui
2814 4908 2957 4962 dicta
3003 4906 3085 4961 vel
3122 4914 3245 4960 aeta
3272 4905 3411 4959 Pha-

1827 5003 2013 5059 raonis
2047 5002 2162 5057 sive
2201 4999 2697 5055 Nabuchodonosor
2743 5000 2918 5070 typice
2960 5013 3124 5066 super
3167 4997 3413 5050 hostibus

1828 5093 2087 5150 Ecclesia:
2134 5091 2481 5162 intelligenda
2537 5090 2894 5145 tradiderunt.
2948 5086 3111 5142 Verbi
3161 5087 3338 5156 gratia
3395 5103 3410 5140 :

1831 5184 2042 5240 Pharao
2075 5187 2332 5256 praecepit
2359 5186 2592 5240 infantes
2615 5184 2795 5254 populi
2820 5182 2914 5238 Dei
2942 5181 3211 5237 masculos
3234 5181 3286 5234 in
3316 5180 3416 5235 ﬁu-

1831 5279 1978 5334 mine
2003 5278 2208 5344 necari,
2235 5277 2463 5333 feminas
2492 5275 2756 5331 reservari
2783 5289 2797 5327 :
2827 5272 2954 5343 quia
2985 5272 3230 5328 diabolus
3255 5271 3413 5327 fortia

1830 5371 1886 5426 in
1926 5370 2082 5426 nobis
2116 5376 2287 5441 opera
2327 5370 2694 5437 exstinguere,
2739 5365 2881 5419 fluxa
2921 5375 2975 5420 et
3011 5364 3222 5419 inﬁrma
3269 5364 3418 5434 cupit

1832 5463 2109 5527 enutrirc.
2136 5463 2268 5518 item
2305 5459 2803 5516 Nabuchodonosor
2823 5456 2990 5527 jussit
3018 5471 3207 5512 onmes
3247 5472 3418 5527 popu-

1834 5554 1915 5610 los
1944 5554 2046 5609 sibi
2071 5554 2312 5609 subditos
2338 5551 2517 5607 audita
2545 5565 2674 5606 voce
2701 5549 3145 5620 symphoniarum
3171 5554 3225 5602 et
3254 5545 3419 5601 musi-

1834 5659 2020 5700 corum
2049 5650 2349 5713 proslratos
2394 5641 2622 5695 adorare
2657 5648 2892 5694 statuam
2924 5652 3100 5693 suam.
3135 5636 3201 5691 Et
3229 5635 3417 5690 diabo-

1835 5735 1919 5791 lus
1948 5736 2147 5804 satagit
2179 5749 2348 5805 genus
2387 5734 2677 5787 humanum
2710 5748 2807 5803 per
2828 5730 3167 5787 dulcedinem
3206 5742 3417 5797 pompa:

1836 5829 2106 5888 terrestris
2144 5845 2174 5885 a
2214 5829 2541 5888 rectitudine
2578 5831 2776 5886 mentis
2812 5828 3111 5891 inﬂectere,
3155 5832 3207 5878 et
3234 5822 3299 5877 ad
3328 5837 3413 5875 se-
