3882 6456
580 374 688 445 6.39

578 579 849 641 servitus,
905 594 925 630 ο
972 576 1319 646 deceptorum
1354 576 1519 633 corda
1551 583 1881 647 pervertere.
1926 575 1984 630 Si
2027 590 2157 646 ergo

577 669 823 738 quredam
851 681 1035 737 opera,
1082 667 1165 722 vel
1187 668 1349 737 justas
1391 682 1567 737 pinna:
1615 669 1968 737 reproborum
2005 666 2059 721 in
2096 665 2158 719 ﬁ-
2250 667 2328 722 ad
2370 668 2783 723 instructionem
2816 669 2870 723 in
2903 684 2964 724 ea
3002 670 3158 739 digne
3206 672 3571 732 consistentiutn
3596 684 3691 739 nim

576 773 709 829 gnra
739 771 846 812 non
873 756 1047 813 solum
1087 757 1377 822 malorum,
1402 758 1498 813 sed
1545 765 1601 811 et
1635 756 1900 812 bonorum
1935 770 2159 827 pra-ces-

577 854 786 913 serunt,
811 863 908 903 cur
933 862 1038 901 non
1066 847 1231 902 etiam
1255 846 1384 902 boni
1424 847 1689 902 bonorum
1713 856 1867 903 actus
1891 847 2007 903 sive
2037 860 2156 902 ser-

576 953 788 1005 mones,
815 939 908 1009 qui
947 938 1001 993 in
1024 938 1343 1009 prophetico
1365 937 1639 993 volumine
1664 937 2030 1003 continentur,
2062 938 2157 992 bo-

576 1046 646 1085 na
673 1030 1014 1101 sapientium
1047 1038 1197 1100 gesta
1225 1029 1576 1102 priefigurare
1613 1030 1939 1100 potuerunt?
1972 1030 2157 1085 Virtus

577 1136 815 1192 namque
854 1120 998 1177 sacri
1035 1121 1258 1192 eloquii,
1301 1130 1361 1176 ut
1387 1122 1606 1193 quidam
1642 1123 1743 1189 ait,
1771 1123 2057 1193 aliquando
2083 1122 2161 1177 sic

579 1219 853 1269 transacta
874 1219 1084 1275 narrat,
1108 1220 1173 1267 ut
1193 1220 1421 1267 ventura
1443 1213 1715 1282 exprimat
1743 1232 1757 1268 :
1788 1214 1867 1269 sic
1902 1212 2160 1267 factorem

579 1304 864 1374 approbat,
896 1312 956 1357 ut
1006 1303 1055 1359 ei
1091 1303 1146 1357 in
1177 1303 1438 1374 mysterio
1475 1305 1812 1360 contradicat
1841 1321 1855 1370 ;
1904 1306 1984 1361 sic
2011 1312 2161 1375 gesta

579 1394 842 1461 damnat,
880 1404 941 1448 ut
967 1394 1080 1449 hch
1106 1394 1335 1465 mystice
1373 1395 1607 1465 gerenda
1642 1398 1981 1465 persuadeat.
2028 1394 2161 1450 Item

579 1486 860 1542 videamus
870 1486 1123 1556 opuscula
1147 1487 1635 1557 sanctiAugustiui,
1661 1488 1753 1558 qui
1774 1488 1943 1544 etiam
1957 1496 2159 1558 septem

581 1579 729 1634 viros
748 1578 919 1634 unius
943 1578 1186 1635 mulieris
1216 1579 1333 1636 sine
1372 1579 1501 1636 filiis
1521 1582 1828 1646 defunctos,
1871 1575 2162 1650 de'quibus

581 1670 885 1738 Sadduczei,
917 1671 1374 1727 resurrectionem
1405 1682 1685 1743 negantes,
1726 1673 2009 1727 Dominum
2040 1682 2160 1727 ten—

579 1763 811 1830 tabant,
865 1771 1073 1818 certam
1124 1764 1478 1819 ecclesiastici
1536 1764 1863 1819 sacramenti
1929 1763 2158 1835 ﬁguram

1242 367 1301 424 Β.
1340 368 1594 424 usus.“
1634 367 1852 426 unum
1893 364 2213 425 ARCHIEP.
2258 367 2565 427 uocem;
2604 336 2888 432 ereavit
2931 369 3106 426 rans
3144 370 3188 427 ι.
3634 388 3689 444 ωδ

577 487 850 559 quendam
895 483 1246 557 cupiditatem
1272 525 1287 550 ,
1339 500 1461 555 quae
1520 494 1608 541 est
1660 504 1678 536 ι
1737 483 2151 539 simulacrorum
2180 489 2228 549 Α
2254 492 2309 538 et
2357 484 2718 556 hyacinthini,
2749 506 2767 538 ι
2798 485 2927 555 quia
2954 486 3024 541 ibi
3056 495 3286 541 ornatus
3326 489 3690 571 spiritualisstsﬁ,

2257 581 2313 629 et
2337 575 2589 643 splendor
2615 575 2855 630 cwlestis
2881 577 3158 646 sapientize
3188 593 3311 632 cum
3352 578 3525 652 fulgore
3542 587 3692 650 τίηιιιτι

2257 757 2588 814 Carbasinus
2612 761 2775 814 etiam
2812 760 2959 815 color
2982 762 3216 830 speciem
3248 763 3368 817 auri
3385 762 3458 834 (ut
3478 767 3631 836 quidam
3652 791 3695 827 πρ,

2259 846 2397 918 lunt)
2422 847 2707 918 prietendit
2750 857 2805 904 et
2833 850 3027 905 merito
3068 850 3234 906 nitoﬁ
3277 865 3577 922 comparatur
3597 860 3697 918 divin

2261 938 2557 1008 sapientius,
2586 954 2706 1009 quae
2735 939 2790 994 in
2822 940 2968 995 cultu
2997 949 3057 996 et
3076 942 3338 1013 religione
3364 944 3547 1014 pietatis
3567 954 3697 1007 maxime

2262 1027 2493 1082 excellit.
2538 1045 2556 1079 t
2587 1028 2653 1082 Et
2698 1030 2811 1084 haec
2858 1031 3088 1085 tentoria
3136 1032 3374 1101 byssinis
3416 1034 3591 1093 funibus
3619 1052 3698 1110 tua

2260 1118 2543 1187 purpureis
2593 1128 2815 1175 extenta
2856 1129 3047 1187 erant,
3090 1130 3153 1177 et'
3198 1124 3457 1181 columnis
3510 1136 3701 1187 manutius

2262 1208 2638 1266 fulciebantur.
2686 1212 2883 1283 Byssus
2940 1214 3083 1268 enim
3135 1216 3573 1273 mortiﬁcationem
3608 1228 3703 1277 caras

2262 1301 2546 1371 signiﬁcat,
2592 1319 2827 1375 purpura
2861 1305 3195 1375 sanguinein
3219 1308 3482 1378 martyrii,
3506 1310 3708 1366 chortali-

2264 1400 2428 1448 tatem
2476 1394 2737 1463 corporis,
2782 1404 2838 1449 et
2871 1395 3132 1451 columine
3179 1412 3492 1453 marmorea:
3522 1400 3707 1455 firmitatis

2263 1492 2570 1538 sanctorum
2617 1485 2915 1540 doctorum.
2963 1486 3123 1540 Benc—
3151 1502 3284 1556 ergo
3318 1487 3504 1543 dicitur
3538 1492 3711 1559 quodie!-

2265 1575 2403 1629 toria
2452 1575 2649 1631 diversi
2688 1577 2890 1632 coloris
2923 1577 3161 1648 byssiuis
3205 1578 3424 1633 funibus
3450 1588 3582 1650 atque
3601 1598 3711 1651 purpl-

2265 1666 2377 1721 reis
2411 1682 2509 1737 per
2545 1667 2780 1723 circulos
2817 1668 3086 1725 eburneos
3123 1670 3174 1724 iu
3228 1670 3486 1726 columnis
3517 1679 3715 1729 marmorei

2266 1771 2525 1827 suspensa
2557 1766 2761 1823 essent,
2807 1761 2934 1829 quia
2976 1759 3139 1815 decor
3179 1770 3386 1816 sancta:
3420 1760 3635 1830 Ecclesia,
3662 1767 3715 1819 sive

582 1852 794 1908 dixerat
820 1852 1041 1909 habere.
1078 1853 1190 1910 Nec
1216 1871 1323 1910 non
1352 1864 1407 1909 et
1436 1854 1715 1911 mulierem
1738 1865 1794 1910 et
1820 1856 2160 1910 sterilitatem

2275 1846 2336 1899 sit
2379 1846 2430 1900 in
2476 1846 3135 1917 meditatione-sapientum
3162 1864 3269 1905 seu
3310 1850 3363 1904 in
3399 1848 3602 1918 profectu
3628 1854 3717 1904 una

580 1941 701 2011 ejus
743 1950 800 1997 et
828 1951 1079 2007 mortem,
1131 1944 1368 2014 ipsorum
1401 1961 1615 2015 qtmqne
1662 1947 1903 2000 virorum
1935 1954 2162 2001 mortem

582 2029 787 2101 figuras
811 2045 932 2088 esse
958 2031 1389 2087 memorabilium
1415 2049 1596 2087 rerum
1617 2034 1801 2090 docuit
1826 2075 1840 2100 ,
1880 2050 2001 2089 cum
2028 2036 2167 2091 hanc

580 2119 869 2176 historiam
915 2137 1093 2192 neque
1122 2123 1235 2193 ipse
1265 2123 1546 2189 Dominus,
1589 2140 1764 2195 neque
1807 2126 2169 2197 evangelista-

583 2227 703 2268 rum
736 2212 1022 2283 quisquam
1062 2229 1129 2269 ex
1155 2230 1250 2269 sua
1278 2230 1508 2285 persona
1544 2217 1887 2284 narraverit;
1922 2219 2016 2273 sed
2049 2234 2170 2289 qua:

581 2302 734 2373 impii
777 2303 1013 2360 nefando
1064 2320 1162 2361 ore
1213 2316 1402 2361 contra
1454 2306 1744 2363 Dominum
1793 2308 2165 2379 protulerant,

578 2395 927 2467 evangelista;
968 2407 1191 2469 propter
1226 2400 1652 2455 sacratissimum
1694 2402 1907 2457 Domini
1948 2417 2170 2472 respon-

581 2506 701 2546 sum
734 2492 847 2548 suis
880 2492 1076 2549 litteris
1097 2494 1429 2550 indiderunt.
1456 2495 1582 2551 limc
1607 2512 1736 2568 ergo
1762 2505 1819 2552 et
1850 2496 1935 2551 his
1964 2497 2162 2551 similia

583 2582 758 2639 lector
788 2584 963 2640 ﬁdelis
990 2586 1046 2640 in
1074 2594 1388 2643 sanctorum
1419 2587 1641 2643 Palmm
1672 2589 1835 2645 dictis
1865 2589 2165 2655 inveniens,

585 2689 695 2728 non
719 2674 877 2729 nobis
902 2677 1151 2745 imputet,
1177 2676 1222 2731 si
1244 2678 1315 2731 ad
1343 2692 1532 2732 eorum
1554 2678 1965 2735 similitudinem
1992 2680 2046 2735 in
2071 2695 2170 2736 no—

584 2762 719 2818 stris
747 2763 1025 2833 opusculis
1051 2765 1232 2836 aliqua
1258 2767 1582 2823 inseramus.

658 2869 679 2903 ι
714 2851 900 2908 Tertio
924 2855 1085 2925 igitur
1107 2872 1251 2912 anno
1280 2857 1491 2927 imperii
1520 2859 1601 2914 sui
1628 2874 1725 2914 rex
1751 2858 2018 2915 Assuerus
2044 2858 2173 2915 fecit

582 2945 789 3013 grande
811 2948 1117 3003 convivium
1157 2950 1368 3007 cunctis
1394 2952 1727 3022 principibus
1753 2961 1808 3007 et
1840 2952 2028 3024 pueris
2060 2952 2181 3008 suis

583 3034 900 3095 fortissimis
956 3041 1244 3098 Persarum
1289 3053 1346 3100 et
1396 3043 1712 3110 Medorum,
1754 3056 1817 3100 ut
1863 3045 2174 3101 ostenderet

583 3130 804 3187 divitias
834 3133 1017 3204 glorise
1048 3136 1198 3208 regni
1237 3137 1341 3192 sui.
1373 3157 1392 3191 ι
1436 3136 1570 3193 Cum
1600 3137 1934 3208 Redemptor
1960 3147 2168 3204 noster,

2269 1943 2383 1990 tum
2431 1950 2530 2005 per
2574 1937 2961 1993 continentiam
3006 1947 3169 2008 atque
3201 1940 3500 1995 castitatem
3530 1956 3716 2011 corpora.

2266 2028 2477 2084 scilicet
2497 2045 2617 2083 cum
2660 2031 2904 2101 martyrii
2933 2031 3195 2103 dignitate
3238 2032 3296 2087 in
3335 2032 3606 2088 doctoribus
3631 2039 3719 2088 sua

2268 2121 2545 2192 Evangelii
2601 2120 2807 2193 fulgere
2846 2122 3039 2189 debet,
3084 2131 3139 2177 et
3174 2132 3289 2178 tam
3336 2125 3393 2179 in
3436 2124 3607 2180 illorum
3636 2127 3718 2180 ita

2268 2227 2428 2282 quam
2456 2212 2620 2266 etiam
2667 2212 2921 2283 exemplo
2945 2212 3013 2267 ad
3043 2215 3343 2269 multorum
3388 2215 3598 2269 notitiam
3624 2231 3721 2284 pene

2269 2305 2406 2370 nire,
2434 2313 2493 2359 ut
2529 2304 2598 2359 ab
2642 2304 2727 2359 bis
2764 2305 3035 2365 instructi.
3071 2306 3155 2361 his
3204 2307 3415 2361 incitati
3445 2315 3580 2377 atque
3608 2306 3721 2361 uda.

2270 2398 2387 2464 tati,
2417 2397 2485 2453 ad
2513 2397 2692 2452 aulam
2734 2397 2974 2453 caelestis
3005 2398 3218 2468 imperii
3258 2399 3367 2453 rite
3407 2400 3649 2469 pertingere
3665 2412 3724 2465 pos-

2270 2458 2394 2546 sint.
2428 2489 2505 2544 lbi
2534 2503 2749 2559 quoque
2778 2509 2796 2540 ε
2826 2487 3008 2544 lectuli
3037 2458 3187 2544 aurei
3226 2498 3390 2559 atque
3407 2458 3618 2560 argentei
3638 2458 3724 2553 stipe
3775 2458 3777 2539 1

2270 2552 3039 2651 pavimentum-smaragdino
3085 2588 3141 2634 et
3190 2552 3348 2649 pario
3399 2552 3723 2639 stratum
3777 2552 3779 2597 ‘

2270 2671 2514 2741 dispositi
2550 2678 2736 2737 erant,
2765 2672 2908 2741 quod
2934 2671 3073 2725 mira
3106 2672 3372 2726 varietate
3407 2671 3586 2741 pictura
3607 2668 3717 2721 decora

2272 2740 2382 2825 bat,
2407 2782 2424 2813 ι
2473 2761 2600 2832 quia
2638 2761 2914 2816 humilitas
2955 2770 3269 2816 sanctorum
3314 2740 3530 2816 diversis
3562 2758 3728 2828 specialis

2271 2854 2543 2909 variarum
2584 2853 2844 2908 virtutum
2874 2853 3150 2919 decorata,
3188 2853 3244 2907 in
3289 2851 3606 2907 meditatione
3637 2846 3726 2901 dirui

2273 2944 2448 3011 verbi,
2473 2952 2529 3000 et
2571 2943 2628 2999 in
2660 2944 3004 3015 indagatione
3033 2957 3176 2999 vene
3221 2943 3501 3015 sapientia:
3535 2935 3728 2996 electislld
3786 2928 3787 2945 ‘

2273 3037 2509 3108 quietem
2548 3036 2774 3092 internte
2801 3043 3070 3107 praeparat
3094 3033 3567 3105 contemplatiouis.
3586 3028 3732 3084 [ibisa-
3788 3022 3789 3037 ‘

2275 3129 2415 3183 vitas
2460 3125 2752 3197 agnitionis
2791 3134 2849 3181 et
2884 3125 3193 3181 dilectionis
3224 3125 3324 3182 Dei
3367 3124 3451 3195 pie
3489 3117 3730 3192 querentibus
3790 3116 3791 3137 ‘

583 3237 745 3292 quem
771 3202 1038 3283 Assuerus
1060 3202 1135 3285 et.
1150 3231 1368 3287 nomine
1399 3232 1657 3301 exprimit
1681 3242 1738 3289 et
1776 3202 2053 3308 dignitate,
2087 3202 2171 3291 in;-
2197 3202 2245 3265 Ο
2275 3218 2415 3274 δ⁰¹¹⁶
2459 3218 2696 3289 Spiritus
2739 3218 2913 3273 sane“
2954 3217 3271 3287 largissime
3291 3209 3661 3308 i""“'?“_““'°_”"
3792 3210 3793 3225 χ

585 3322 916 3383 tcrprctatur
940 3319 1083 3373 enim
1113 3321 1305 3376 ostium
1335 3322 1449 3377 sive
1474 3324 1670 3378 atrium
1701 3341 1890 3386 meum.
1923 3343 2045 3382 cum
2070 3326 2171 3381 Pa-

584 3414 669 3461 tre
708 3415 765 3461 et
810 3408 1015 3479 Spiritu
1058 3421 1250 3468 sancto
1286 3415 1679 3483 sempiternum
1717 3419 1955 3474 hominis
1997 3420 2169 3490 impc-

587 3498 749 3562 rium,
781 3501 939 3554 tertio
967 3509 1210 3572 tempore
1240 3503 1395 3559 istius
1419 3507 1598 3561 saeculi
1645 3508 2034 3565 incarnationis
2061 3525 2173 3566 suae

587 3589 824 3644 humano
851 3592 1038 3662 generi
1060 3591 1315 3662 patefecit
1338 3605 1758 3665 sacramentum,
1786 3609 1841 3655 et
1867 3601 2022 3656 nobis
2050 3601 2174 3657 vitae

585 3681 802 3750 aperuit
835 3684 1062 3750 aditum,
1091 3685 1503 3758 sp'n'tualesque
1547 3689 1733 3760 epulas
1776 3690 2020 3748 ﬁdelibus
2063 3694 2175 3750 suis

585 3773 1052 3830 abundantissime
1096 3775 1440 3833 ministravit.
1500 3778 1741 3834 Primum
1786 3795 1914 3852 ergo
1964 3789 2175 3853 tempus

588 3871 715 3917 ante
753 3862 926 3934 legem
969 3865 1105 3931 fuit,
1150 3868 1443 3923 secundum
1479 3870 1579 3924 sub
1624 3869 1762 3941 lege,
1813 3872 2030 3926 tertium
2074 3875 2176 3929 sub

588 3953 784 4023 gratia,
824 3954 877 4008 in
906 3970 1015 4026 quo
1055 3956 1307 4013 videlicet
1333 3959 1699 4030 evangelicam
1740 3959 2171 4031 praedicationem

589 4059 656 4097 ac
681 4045 927 4114 corporis
959 4055 1017 4102 et
1056 4049 1329 4119 sanguinis
1358 4050 1440 4105 sui
1471 4051 1740 4107 universis
1775 4053 2022 4123 gentibus
2046 4070 2179 4126 cpu-

588 4130 943 4191 leutissimam
973 4140 1185 4209 paravit
1209 4140 1578 4198 refectionem.
1613 4142 1782 4215 Hujus
1811 4145 2017 4201 scilicet
2045 4162 2175 4202 con-

588 4223 718 4278 vivii
769 4226 1143 4284 excellentiam
1187 4231 1241 4285 in
1289 4231 1544 4301 parabola
1591 4232 1866 4305 Evangelii
1906 4235 2021 4304 ipse
2062 4236 2174 4291 Do-

589 4314 790 4383 minus,
815 4318 905 4373 tibi
931 4321 997 4375 de
1035 4336 1161 4393 rege
1199 4324 1293 4393 qui
1321 4324 1537 4393 nuptias
1566 4324 1687 4379 ﬁlio
1714 4341 1812 4381 suo
1849 4325 1997 4393 fecit,
2029 4335 2082 4383 et
2109 4329 2174 4385 de

586 4418 745 4460 caena
774 4423 967 4479 magna
996 4426 1093 4480 per
1128 4412 1402 4466 hominem
1434 4413 1573 4466 facta
1605 4413 1892 4480 referebat,
1926 4416 2176 4486 spiritua-

587 4498 713 4554 liter
753 4502 1012 4570 mysterio
1053 4502 1209 4557 nobis
1253 4504 1690 4559 commendabat.
1726 4524 1743 4555 ‹
1777 4504 1995 4574 Septem
2041 4521 2172 4577 ergo

589 4590 778 4657 diebus
805 4607 899 4646 rex
926 4609 1152 4663 magnus
1176 4596 1480 4649 convivium
1526 4596 1717 4651 instrui
1745 4596 1896 4662 fecit,
1927 4598 1980 4651 in
2009 4600 2171 4653 vesti-

588 4679 717 4734 bulo
763 4680 905 4736 horti
947 4696 1004 4737 et
1045 4685 1300 4751 nemoris,
1340 4687 1484 4755 quod
1532 4688 1682 4758 regio
1731 4687 1879 4743 cultu
1910 4696 1964 4743 et
2010 4704 2173 4743 manu

591 4772 947 4841 compositum
973 4784 1110 4842 erat,
1134 4796 1153 4828 ι
1180 4792 1301 4831 cum
1334 4777 1661 4849 Redemptor
1686 4788 1874 4834 noster
1901 4789 2014 4835 toto
2040 4789 2175 4837 tein-

588 4877 719 4932 pore
754 4863 908 4920 istius
932 4866 1074 4931 vita),
1101 4868 1243 4937 quod
1279 4885 1373 4938 per
1404 4886 1688 4924 numerum
1720 4871 1975 4926 discurrit
2001 4882 2175 4942 septe-

590 4952 829 5016 narinni,
873 4954 924 5009 in
973 4959 1223 5025 prmsenti
1269 4958 1526 5025 Ecclesia,
1574 4961 1625 5014 in
1672 4977 1776 5030 qua
1808 4962 2176 5032 unusquisque

590 5043 830 5098 lidelium
857 5048 1205 5117 semetipsum
1231 5059 1378 5105 recta
1414 5052 1515 5105 fide
1555 5060 1610 5104 ct
1636 5051 1793 5105 bonis
1822 5052 2076 5121 operibus
2104 5052 2168 5106 ad

591 5130 869 5187 introitum
917 5137 1149 5204 paradisi
1185 5149 1241 5193 ct
1276 5140 1423 5208 regni
1462 5148 1729 5208 pneparat
1770 5140 2029 5205 cwlestis,
2071 5156 2171 5209 pa-

589 5222 717 5277 bulo
744 5223 911 5278 divini
952 5228 1100 5282 verbi
1143 5238 1198 5283 et
1242 5228 1470 5299 dapibus
1509 5229 1767 5285 virtutum
1800 5231 2001 5287 electos
2044 5248 2172 5287 suos

500 5312 503 5317 ’
590 5315 787 5379 satiat;
814 5326 1078 5385 quatenus
1099 5320 1305 5376 deliciis
1334 5330 1383 5375 et
1409 5322 1734 5391 jucunditati
1770 5325 1989 5393 superni
2022 5325 2171 5396 regni

589 5418 687 5473 per
709 5407 889 5462 oiunia
926 5409 1129 5467 habiles
1154 5412 1308 5476 fiant,
1335 5412 1423 5466 ubi
1455 5412 1680 5468 arbores
1717 5414 2006 5470 fructifera:
2046 5430 2174 5469 con-

590 5497 709 5551 sita:
748 5508 894 5565 sunt,
924 5501 1025 5557 hoc
1051 5511 1154 5566 est,
1196 5504 1370 5558 sancti
1402 5504 1499 5558 viri
1526 5513 1581 5559 et
1608 5505 1764 5561 bonis
1792 5506 2003 5560 meritis
2034 5520 2172 5575 prie-

590 5584 746 5651 clari,
774 5587 916 5644 dono
961 5590 1225 5660 largiente
1264 5593 1467 5658 divino,
1497 5604 1700 5651 sancta:
1741 5596 2171 5650 conversationis

590 5684 646 5728 ct
684 5689 847 5733 recta:
893 5680 1152 5737 doctrina:
1196 5684 1485 5738 ostendunt
1524 5684 1792 5740 decorem.
1826 5684 1902 5740 lbi
1937 5686 2173 5756 pendent

598 5783 617 5815 ι
652 5785 715 5825 ex
755 5772 900 5827 omni
936 5781 1087 5841 parte
1120 5774 1349 5831 tentoria
1392 5777 1535 5831 aerei
1574 5776 1769 5833 coloris
1805 5786 1861 5832 et
1900 5779 2169 5835 carbasiui

2279 3310 2476 3367 lectulo
2500 3324 2694 3380 sponsa
2724 3309 2783 3364 in
2794 3308 3025 3364 Cantica
3041 3309 3377 3364 canticorum
3390 3305 3534 3362 dicit:
3554 3296 3734 3355 thanks

2276 3409 2460 3457 noster
2496 3400 2716 3455 ﬂoridus
2753 3396 2930 3471 (Cant.
2957 3399 3019 3473 ι),
3044 3421 3063 3452 ι
3094 3399 3220 3470 quia
3246 3400 3498 3454 nimirum
3532 3387 3736 3456 sanctiun

2275 3506 2381 3563 que
2406 3507 2530 3547 cum
2565 3490 2966 3561 tranquillitate
2983 3500 3288 3560 temporum
3338 3497 3561 3549 utuntur.
3583 3494 3625 3539 et
3650 3497 3670 3535 ι
3688 3478 3736 3532 tti-

2275 3582 2607 3636 bulationum
2639 3582 2969 3652 temporibus
2997 3590 3232 3646 cessant,
3267 3593 3399 3636 tunc
3425 3579 3620 3634 maxime
3637 3571 3737 3626 lectio

2276 3672 2437 3727 nibus
2462 3672 2654 3738 sacris,
2687 3670 2926 3741 jejuniis,
2958 3673 3298 3728 orationibus
3332 3661 3737 3739 ueterisquefmdi-

2276 3769 2375 3824 bus
2396 3768 2617 3838 spiritus
2636 3776 2853 3831 vacant,
2874 3776 2928 3822 et
2950 3768 3002 3822 in
3026 3783 3386 3838 supernorum
3411 3758 3737 3831 contemplatione

2279 3866 2405 3913 tunc
2450 3872 2569 3913 sese
2609 3857 2773 3912 altius
2816 3857 3088 3923 attollunt,
3138 3858 3205 3912 ad
3240 3855 3595 3927 speculandum
3628 3848 3736 3914 utique

2276 3949 2499 4022 gloriam
2530 3948 2829 4017 majestatis
2859 3948 3073 4014 divinzc,
3122 3963 3243 4003 cum
3291 3961 3532 4004 serenum
3567 3943 3618 3997 ab
3651 3948 3736 3992 ειιε⁴

2278 4042 2508 4097 rioribus
2548 4038 2987 4110 occupationibus
3040 4047 3250 4107 tempus
3298 4037 3568 4108 accipiunt.
3606 4030 3739 4086 Satur

2275 4135 2410 4205 gdus
2442 4133 2584 4187 enim
2614 4146 2819 4203 gemma
2848 4140 2929 4186 est
2958 4146 2985 4184 a
3018 4131 3182 4185 nimia
3214 4131 3483 4186 viriditate
3509 4133 3668 4185 vocali;
3688 4116 3740 4170 [³³⁸

2276 4226 2493 4295 riusque
2541 4238 2709 4295 genus
2748 4231 2832 4277 cst
2874 4222 3165 4277 marmoris
3208 4213 3646 4277 candidissimi.Bt
3672 4218 3739 4276 apti

2275 4317 2474 4371 dicitur
2513 4316 2596 4370 his
2623 4315 2832 4370 duobus
2877 4313 3141 4383 lapidibus
3193 4314 3548 4384 pavimentum
3584 4302 3738 4361 essem“

2274 4410 2498 4480 pictum,
2525 4408 2614 4463 ubi
2646 4407 2769 4462 lecti
2800 4407 3019 4462 fuerunt
3045 4406 3227 4475 positi,
3256 4406 3384 4476 quia
3419 4419 3508 4475 per
3534 4396 3739 4454 cautorem

2274 4502 2377 4555 hoc
2401 4508 2516 4565 est,
2545 4498 2851 4553 castitatem
2890 4497 3156 4567 corporis,
3186 4504 3238 4550 et
3286 4510 3384 4565 per
3426 4494 3621 4548 virorem
3653 4483 3741 4576 boot

2277 4588 2472 4643 mentis
2496 4588 2548 4641 in
2577 4588 2748 4657 gratia
2788 4586 2881 4641 Dei
2924 4601 3137 4656 semper
3165 4586 3390 4641 virentis
3415 4585 3540 4638 bene
3568 4580 3743 4632 constru-

2278 4687 2366 4734 tur
2395 4677 2801 4733 fundamentum
2832 4678 3179 4745 humilitatis,
3209 4678 3296 4732 ubi
3328 4672 3585 4744 condignis
3607 4664 3741 4735 quill?

2276 4784 2380 4839 ‘lue
2431 4769 2711 4838 lmenﬁl'm
2762 4778 3099 4840 prteparatur
3158 4777 3379 4824 teterna:
3433 4762 3619 4836 quietis.
3657 4750 3743 4810 υιιάε

2274 4860 2535 4929 scriptum
2564 4868 2672 4915 est:
2703 4859 2881 4915 «Beati
2905 4876 3167 4931 pauperes
3192 4861 3407 4929 spiritu,
3428 4853 3639 4928 quoniam
3660 4846 3741 4913 ipse

2274 4968 2394 5007 rum
2419 4962 2503 5007 cst
2517 4968 2739 5022 regnum
2755 4953 3015 5008 cwlorum
3033 4954 3248 5024 (Matth.
3268 4955 3339 5025 v).
3355 4975 3373 5006 ι
3396 4954 3474 5015 Et,
3494 4941 3744 5015 «Quisebcnt

2277 5043 2657 5108 linmiliaverit,
2683 5045 2784 5099 rite
2812 5045 3366 5117 exaltabitur(il!atth.
3387 5044 3571 5113 xxin).i
3590 5036 3742 5091 "inter

2277 5133 2398 5188 item
2450 5135 2658 5190 Veritas
2704 5135 2831 5191 alibi
2878 5137 2931 5191 in
2983 5137 3269 5208 Evangelia
3312 5139 3381 5192 ad
3416 5119 3741 5217 ἀίερῑριι¹ο³³ἓίτ

2284 5224 2513 5279 «Discite
2535 5241 2566 5279 a
2593 5239 2679 5280 me
2701 5226 2826 5296 quia
2849 5227 2994 5282 initis
3019 5243 3160 5293 sum,
3185 5237 3239 5283 et
3260 5228 3470 5283 humilis
3486 5220 3741 5279 coniectu"

2281 5316 2499 5371 venietis
2526 5316 2767 5387 requiem
2781 5317 3062 5373 animabus
3078 5319 3290 5385 vestris,
3308 5319 3485 5390 jugum
3499 5312 3614 5370 cnim
3631 5310 3741 5358 miunt

2277 5424 2442 5465 suave
2470 5418 2571 5475 est,
2600 5418 2656 5464 et
2683 5423 2820 5465 onus
2859 5424 3037 5465 meum
3079 5410 3200 5466 leve
3221 5410 3429 5482 (Matth.
3458 5406 3579 5476 κη.)
3609 5392 3739 5448 σΒὶΞιε-

2258 5500 2406 5557 ’Lant
2434 5508 2635 5565 autem,
2666 5499 2758 5570 qui
2794 5500 3001 5555 invitati
3033 5509 3188 5554 erant
3214 5501 3282 5555 ad
3323 5497 3489 5572 regale
3509 5482 3739 5548 convivium.

2276 5592 2456 5648 aureis
2484 5592 2707 5661 poculis.
2739 5611 2758 5644 ι
2794 5591 2987 5647 Aureis
3031 5591 3237 5663 poculis
3269 5591 3480 5652 bibunt,
3506 5580 3581 5653 qui
3609 5576 3648 5630 in

2276 5684 2583 5741 tiosissimis
2628 5684 2801 5740 sancti
2850 5662 3120 5755 Evangelii
3164 5684 3325 5739 dictis
3353 5674 3623 5752 sapientiam
3655 5662 3739 5716 δὶα·

2276 5792 2400 5833 nam
2431 5775 2715 5842 hauriunt;
2747 5775 2940 5845 hisque
2966 5774 3069 5831 cibi
3099 5774 3327 5831 diversis
3354 5771 3488 5829 vasis
3510 5759 3741 5822 inferuntur.
