3882 6524
24 432 146 487 ιιι

1190 421 1549 481 EXPOSITIO
1588 424 1655 478 ΙΝ
1694 422 1951 480 LIBRUM
1994 423 2284 481 ESTHER.

3282 432 3389 489 642

23 547 137 608 ιιιί
218 548 309 603 in
359 541 679 602 lectionibus
724 540 856 612 legis
904 549 957 594 et
1000 539 1382 608 prnpllcltll’lllll
1430 536 1695 607 apostola-
1725 543 1773 598 Α
1803 538 2051 592 conditas
2081 538 2294 604 carnis;
2343 540 2422 593 sic
2465 541 2806 610 praedicanda
2850 550 2975 597 sunt
3022 542 3184 610 bona,
3213 560 3280 599 ne
3317 561 3384 600 ex

25 654 348 709 aluique
390 647 447 693 et
490 634 949 705 Evangelistarum
984 630 1303 699 multiplices
1343 629 1508 698 dapes
1539 628 1700 698 spiri-

24 729 257 784 .u:\lis
316 729 575 786 doctrina:
610 726 853 795 accipere
902 731 1119 785 norunt,
1150 722 1345 791 quibus
1381 720 1698 791 saginantur

23 822 316 877 anitna:
343 836 463 892 qua:
507 820 573 873 ad
605 801 771 871 vitam
819 815 1140 869 nutriuntur.
1181 822 1461 866 aeternam.
1501 809 1698 864 Vinum

23 928 331 983 quoque
356 922 414 967 ut
439 909 835 981 magniﬁcentia
861 906 1005 976 regia
1035 906 1253 977 dignum
1284 912 1385 969 est,
1417 903 1696 957 abundans

23 1016 97 1060 et
166 1007 542 1077 praecipuum
592 1002 999 1059 convivantihus
1031 1000 1272 1070 ponitur,
1322 1014 1443 1053 cum
1493 1000 1694 1052 dotmm

23 1098 353 1154 rcelestis
372 1098 559 1170 gratia:
580 1094 803 1167 singulis
818 1092 1118 1163 quibusque
1140 1090 1384 1145 fidelibus
1400 1089 1694 1143 Secundum

23 1186 567 1256 dispensationem
596 1184 789 1239 divinae
827 1180 1128 1236 clementia:
1154 1188 1208 1233 et
1243 1179 1413 1233 sancti
1461 1178 1696 1246 Spiritus

24 1276 549 1331 distributionem
592 1271 893 1343 largissime
918 1270 1267 1339 impenditur,
1299 1268 1513 1337 quando
1542 1268 1693 1338 juxta

26 1367 245 1423 Pauli
287 1367 615 1423 sententiam
642 1383 653 1418 :
699 1384 717 1415 ι
746 1363 995 1419 Charitas
1025 1362 1115 1417 Dei
1147 1362 1335 1416 dill'nsa
1367 1369 1449 1415 est
1488 1362 1541 1416 in
1569 1377 1693 1416 cor-

34 1460 259 1515 dibus
308 1460 508 1514 nostris
535 1471 631 1528 per
669 1465 916 1511 sanctum
953 1454 1235 1524 Spiritum,
1278 1453 1371 1524 qui
1420 1454 1576 1508 datus
1609 1460 1693 1507 est

35 1552 257 1607 nobis
297 1551 473 1623 (Rom.
498 1551 574 1621 v),
599 1570 616 1602 ι
646 1559 733 1614 et,
766 1570 783 1597 ι
815 1547 1114 1617 Unicuique
1143 1547 1301 1600 datur
1329 1544 1693 1599 manifestatio

40 1643 348 1713 Spiritus
367 1640 434 1695 ad
458 1641 763 1695 utilitatem.
780 1639 881 1692 Alii
906 1638 1119 1707 quidem
1144 1651 1240 1707 per
1259 1634 1517 1707 Spiritum
1533 1635 1692 1690 datur

37 1749 289 1788 sermo
336 1732 641 1802 sapientiae;
671 1730 760 1784 alii
799 1738 975 1783 autem
1007 1742 1184 1782 sermo
1212 1726 1471 1790 scientire,
1504 1740 1693 1779 secun-

43 1827 210 1879 dum
253 1824 516 1879 eumdem
559 1822 859 1892 Spiritum:
900 1818 1055 1873 alteri
1095 1818 1227 1873 ﬁdes
1255 1817 1307 1872 iu
1352 1816 1540 1871 eodem
1571 1814 1691 1886 Spic

1803 628 1968 684 latere
2005 628 2299 697 juheantur
2340 638 2395 684 et
2431 632 2603 698 mala;
2649 633 2728 688 sic
2775 633 3043 688 laudanda
3089 645 3215 691 sunt
3244 637 3383 691 bona

1801 737 2032 785 summa,
2063 736 2130 775 ne
2169 722 2539 791 despiciantur
2570 725 2757 779 ultima
2777 767 2791 791 ,
2833 726 2910 781 sic
2941 727 3224 782 nutrienda
3260 737 3389 785 sunt

1800 813 2004 879 ultima,
2036 830 2104 868 ne
2126 814 2252 868 dmn
2283 814 2578 868 creduntur
2599 815 2867 880 sufﬁcere,
2900 832 3242 887 nequaquam
3272 827 3388 874 ten-

1798 906 1959 960 datur
1984 904 2050 959 ad
2079 920 2311 959 sutmna.
2339 904 2539 959 Servus
2559 921 2689 977 ergo
2718 906 2887 962 ﬁdelis
2907 917 2959 962 et
2989 910 3243 978 prudens,
3266 910 3382 978 qui,

1798 997 2121 1055 constitutus
2148 1013 2178 1051 a
2214 996 2431 1051 domino
2473 995 2836 1066 dispensator,
2872 1000 3151 1054 conservis
3178 1000 3293 1055 suis
3328 1000 3382 1053 in

1799 1095 2037 1156 tempore
2058 1087 2223 1141 tritici
2250 1087 2342 1140 dat
2368 1101 2696 1151 mensuram,
2717 1101 2848 1141 voce
2881 1088 3161 1143 Dominica
3191 1089 3379 1144 lauda-

1799 1190 1905 1244 tur,
1932 1189 1988 1233 et
2015 1194 2175 1247 super
2214 1180 2393 1234 omnia
2422 1180 2562 1234 bona
2591 1195 2686 1234 sua
2716 1180 3124 1235 constituendus
3159 1182 3381 1249 promit-

1796 1273 1945 1325 titur.
1979 1271 2128 1326 Uude
2165 1287 2384 1326 necesse
2423 1280 2505 1325 est
2551 1280 2611 1326 ut
2657 1272 2746 1341 qui
2785 1272 2935 1326 verbi
2983 1272 3174 1342 pocula
3217 1273 3379 1326 mini-

1795 1373 1948 1430 strat,
1988 1364 2329 1419 discretionis
2376 1379 2618 1418 normam
2652 1373 2850 1429 teneat,
2890 1372 3155 1433 quatenus
3183 1364 3249 1417 de
3280 1364 3381 1416 mi-

1794 1457 2017 1510 nisterio
2044 1472 2141 1509 suo
2171 1456 2340 1524 magis
2371 1455 2580 1510 latulem
2621 1465 2675 1510 et
2714 1456 2993 1526 prtemium
3024 1471 3188 1526 quam
3230 1456 3380 1511 dam-

1794 1563 1920 1603 num
1949 1556 2003 1601 ct
2033 1556 2297 1601 tormenta
2324 1557 2705 1616 consequatur.

2413 1659 2642 1715 CAPUT
2681 1659 2743 1713 ll.

1793 1752 1869 1806 De
1908 1749 2085 1805 Vusthi
2113 1752 2289 1821 regina
2316 1767 2455 1822 qum,
2478 1760 2657 1822 rocuta
2681 1749 2749 1803 ml
2778 1766 2963 1822 regem,
2992 1749 3160 1822 venire
3184 1749 3374 1815 noluit,

1861 1824 1922 1877 ob
1945 1823 2080 1893 quod
2110 1840 2140 1875 ιι
2168 1820 2418 1892 dignitate
2444 1821 2601 1891 reguli
2626 1820 2861 1891 deposita
2883 1829 2931 1873 et
2956 1837 2991 1873 a
3013 1821 3202 1874 marito
3227 1837 3374 1891 repu-

43 1916 185 1968 ritu
211 1932 232 1980 ;
278 1915 375 1968 alii
409 1912 581 1984 gratia
601 1887 913 1966 sanitatum
940 1911 992 1963 in
1034 1925 1139 1963 uno
1166 1907 1369 1977 Spiritu
1398 1926 1411 1961 :
1444 1907 1532 1961 alii
1563 1923 1685 1977 ope-
1716 1887 1767 1946 Β
1863 1887 2009 1947 dini“
2035 1903 2132 1946 θεία

48 2005 226 2058 ratio
256 2005 547 2067 virtutum,
570 2002 656 2055 alii
684 2000 984 2071 prophetia,
1003 1998 1093 2053 alii
1116 1997 1365 2053 discretio
1383 1997 1687 2066 spiritUum,

50 2092 167 2146 alii
209 2109 428 2163 genera
474 2092 798 2161 linguarum,
829 2090 918 2144 alii
963 2090 1338 2159 interpretatio
1380 2103 1688 2144 sermonum

54 2183 114 2253 (l
158 2183 316 2238 Cor.
342 2183 459 2254 xu).
486 2204 504 2236 ι
552 2183 705 2250 Quod
735 2191 912 2236 autem
948 2182 1241 2236 novissime
1285 2189 1538 2234 narratur
1583 2194 1687 2234 non

53 2290 207 2330 esse
266 2291 599 2345 quemquam
629 2274 721 2344 qui
752 2273 998 2329 nolentes
1035 2281 1250 2343 cogeret
1275 2273 1341 2327 ad
1378 2273 1685 2338 bibendum,

56 2368 173 2422 sed
217 2368 377 2422 sicut
409 2382 502 2421 rex
533 2373 817 2431 statuerat,
847 2379 1167 2436 prteponens
1207 2363 1408 2418 mensis
1451 2363 1690 2432 singulos

58 2460 140 2513 de
202 2459 557 2529 principibus
594 2459 726 2524 suis,
756 2467 816 2512 ut
864 2466 1101 2513 sumeret
1136 2458 1505 2527 unusluisque
1546 2457 1688 2526 quod

57 2549 292 2616 vellet;
322 2549 589 2620 signiﬁcat
613 2549 802 2619 gratia:
828 2547 1152 2612 libertatem,
1181 2548 1269 2602 ubi
1297 2562 1453 2602 nemo
1477 2546 1541 2600 ad
1568 2560 1687 2615 per-

60 2643 411 2711 cipiendum
438 2643 636 2697 donum
672 2641 949 2710 spirituale
984 2641 1195 2712 cogitur
1220 2641 1442 2702 invitus),
1471 2640 1563 2695 sed
1594 2656 1689 2694 vo-

62 2732 279 2787 luntas
328 2740 576 2802 prompta
630 2731 964 2801 singulorum
1020 2732 1302 2801 quaeritur,
1348 2730 1503 2799 juxta
1555 2731 1684 2785 illud

66 2822 444 2877 Dominicum
489 2815 890 2887 testimonium,
944 2836 1051 2893 quo
1099 2822 1277 2877 dicit:
1315 2841 1332 2873 ι
1364 2822 1462 2889 Qui
1509 2830 1690 2892 potest

63 2928 299 2984 capere
326 2912 505 2983 capiat
549 2912 763 2985 (Matth.
792 2914 926 2985 xIx).
951 2933 969 2966 ι
1008 2913 1075 2968 Ει
1118 2913 1288 2968 item:
1330 2932 1348 2964 ι
1385 2914 1442 2968 Si
1478 2914 1561 2968 vis
1614 2914 1685 2968 ad

72 3006 268 3059 vitam
306 3005 536 3075 ingredi,
568 3019 725 3059 serva
768 3005 1016 3059 mandata
1047 3002 1255 3076 (Ibid.).
1288 3023 1307 3056 ι
1348 3004 1415 3059 Ει
1445 3004 1684 3059 iterum:

79 3114 100 3144 ι
137 3094 204 3150 Si
240 3095 350 3159 vis,
377 3096 473 3160 ait,
512 3093 784 3165 perfectus
804 3108 946 3161 esse,
978 3095 1133 3160 vade,
1160 3094 1331 3150 vende
1360 3094 1540 3149 omnia
1565 3110 1687 3165 qtuc

79 3187 277 3242 habes
303 3196 353 3241 et
397 3187 465 3241 da
515 3185 861 3257 pauperibus,
900 3195 955 3241 et
1000 3186 1223 3241 habebis
1268 3187 1583 3242 thesaurum
1627 3188 1680 3242 in

76 3282 263 3348 coelo,
305 3289 361 3336 et
388 3282 534 3347 veni,
562 3295 790 3350 sequere
840 3296 925 3335 me
956 3279 1165 3352 (Ibid.).
1189 3301 1207 3333 ι
1244 3279 1514 3350 Ρτευροιιίι
1540 3281 1684 3334 enim

83 3387 192 3426 rex
234 3380 423 3427 noster
448 3371 500 3425 in
526 3379 728 3427 sanctis
755 3370 1010 3426 Ecclesiae
1041 3370 1238 3426 celebri
1283 3385 1345 3424 ac
1373 3386 1531 3427 sacro
1559 3387 1687 3427 con-

75 3464 254 3519 vivio
280 3462 528 3518 doctores
566 3477 693 3518 suos
734 3477 898 3532 super
927 3477 1168 3518 mensam
1208 3476 1487 3517 sacrarum
1537 3462 1687 3517 Scri-

83 3563 413 3623 pturarum,
454 3562 513 3608 ut
542 3554 829 3624 unicuique
870 3554 1106 3610 ﬁdelium
1151 3553 1467 3623 dispenscnt
1493 3553 1687 3626 dogma

87 3660 425 3715 congruum,
453 3653 507 3699 ct
547 3644 963 3715 [uniuscujusque
1000 3646 1316 3717 qualitatem
1351 3644 1689 3701 conformeut

88 3737 255 3790 verbi
287 3736 675 3806 pradicationi,
708 3745 766 3791 ut
794 3736 917 3792 inde
943 3748 1121 3791 sumat
1147 3737 1517 3807 unusquisque
1544 3735 1688 3804 quod

93 3829 205 3883 Sibi
236 3828 492 3900 possibile
521 3836 576 3884 ct
605 3828 733 3883 utile
760 3845 879 3883 esse
907 3829 1257 3900 perspexerit.
1293 3829 1464 3883 Tanta
1490 3827 1687 3896 quippe

94 3929 223 3973 arte
266 3934 369 3974 vox
415 3920 655 3974 doctoris
691 3920 1032 3990 temperanda
1081 3928 1186 3983 est,
1218 3929 1277 3974 ut
1322 3936 1444 3975 cmn
1475 3919 1688 3973 diversa

96 4012 213 4065 sint
242 4012 548 4066 auditorum
580 4012 726 4075 vitia,
753 4021 811 4066 et
838 4012 1061 4083 singulis
1088 4011 1395 4066 inveniatur
1423 4027 1685 4082 congrua,

98 4111 157 4155 et
185 4112 368 4157 tamen
405 4102 723 4172 sibimetipsi
751 4120 856 4158 non
904 4105 973 4159 sit
1009 4104 1256 4168 diversa;
1298 4112 1354 4157 ιιι
1400 4104 1539 4158 inter
1569 4119 1691 4174 pas-

102 4196 287 4250 siones
317 4194 522 4250 medias
553 4210 659 4250 uno
685 4196 901 4267 quidem
932 4197 1095 4251 ductu
1129 4205 1386 4262 transeat,
1414 4197 1508 4251 sed
1539 4212 1690 4253 more

103 4287 358 4358 ancipitis
388 4287 547 4359 gladii
595 4296 831 4343 tumores
867 4288 1251 4358 cogitationum
1295 4289 1589 4344 carnalium
1621 4304 1688 4343 ex

108 4381 325 4437 diverso
358 4381 588 4447 incidat,
638 4391 903 4454 quatenus
950 4386 1029 4440 sic
1075 4385 1325 4455 superbis
1368 4385 1693 4455 prmdicetur

110 4472 409 4538 humilitas,
454 4483 514 4528 ut
562 4483 739 4528 tamen
779 4474 979 4542 timidis
1022 4489 1126 4529 non
1172 4484 1432 4547 augeatur
1479 4485 1688 4543 metus;

1710 3235 1758 3298 Ο

1870 2021 1888 2054 ι
1921 2001 2106 2058 Vasthi
2149 2015 2362 2071 quoque
2412 2001 2594 2072 regina
2626 1999 2752 2055 fecit
2798 2000 3101 2055 convivium
3150 2000 3375 2055 femina-

1798 2111 1817 2143 ι
1861 2109 1980 2147 rum
2009 2094 2063 2147 in
2106 2092 2329 2162 palatio,
2358 2093 2447 2147 ubi
2477 2108 2574 2147 rex
2606 2093 2873 2148 Assuerus
2900 2108 3122 2148 manere
3151 2107 3374 2149 consue-

1798 2207 1816 2239 ι
1863 2195 2031 2241 verat.
2060 2208 2076 2238 ι
2127 2187 2266 2256 Quid
2296 2202 2393 2257 per
2422 2186 2611 2242 Vasthi
2658 2188 2899 2258 reginam
2944 2189 3048 2244 nisi
3098 2189 3249 2258 plebs
3277 2188 3373 2243 Ju-

1791 2280 1944 2335 daica
1985 2281 2323 2350 exprimitur,
2358 2296 2476 2350 quae
2506 2280 2661 2350 quasi
2713 2279 2895 2349 regina
2935 2294 3190 2350 regnasse
3220 2281 3370 2335 vidc-

1792 2369 1968 2432 batur,
1998 2385 2120 2424 cum
2153 2370 2204 2424 in
2232 2370 2379 2425 cultu
2406 2370 2566 2424 unius
2606 2370 2697 2424 Dei
2730 2371 2942 2425 cancris
2967 2370 3216 2440 gentibus
3237 2386 3375 2441 pue-

1788 2459 2028 2515 eminere
2070 2459 2458 2514 inveniebatur.
2506 2459 2631 2514 [lare
2657 2474 2784 2530 ergo
2811 2459 3116 2514 convivium
3145 2458 3373 2514 femina-

1789 2568 1930 2618 rum,
1961 2552 2050 2607 ubi
2082 2567 2175 2607 rex
2211 2566 2432 2607 manere
2459 2558 2830 2614 consueverat,
2861 2549 3007 2615 fecit,
3040 2550 3143 2604 hoc
3170 2558 3272 2611 est,
3315 2550 3370 2604 in

1790 2645 1902 2715 ipsa
1940 2643 2269 2707 Jerusalem,
2313 2644 2404 2699 ubi
2458 2643 2710 2713 templum
2758 2643 2852 2697 Dei
2898 2651 2954 2699 et
2993 2640 3192 2697 Sancta
3239 2657 3372 2696 sau-

1788 2744 1998 2790 ctorum
2063 2736 2315 2799 fuerant,
2375 2733 2519 2790 cultu
2573 2732 2972 2788 observantiam
3030 2732 3163 2804 legis
3211 2732 3369 2788 exhi—

1786 2828 1921 2892 buit,
1948 2828 2032 2882 vel
2067 2828 2119 2883 in
2162 2827 2567 2898 Seriptnrarum
2604 2841 2883 2881 sacrarum
2914 2824 3282 2889 meditatione,
3314 2824 3367 2878 is

1786 2935 1890 2990 qua
1936 2919 2189 2974 divinitus
2223 2919 2474 2989 potentia:
2519 2933 2630 2973 sua:
2677 2918 2923 2972 notitiam
2976 2916 3218 2971 tribuens
3258 2915 3373 2969 suis

1785 3012 2070 3068 animabus
2128 3010 2475 3067 refectionem
2527 3010 2769 3066 scientia:
2817 3007 3112 3080 spiritualis
3156 3007 3370 3076 impen-

1789 3104 1884 3161 dit.

1863 3215 1882 3248 ι
1917 3196 2103 3267 itaque
2148 3195 2237 3250 die
2279 3193 2533 3265 septimo,
2577 3208 2699 3248 cum
2739 3206 2833 3246 rex
2874 3198 3019 3244 esset
3047 3186 3289 3252 hilarior,
3316 3193 3374 3239 et

1796 3306 1813 3340 ι
1858 3294 1981 3358 post
2026 3286 2246 3341 nimiam
2298 3285 2629 3357 potationem
2680 3281 2993 3337 incaluisset
3022 3293 3191 3343 mero,
3237 3291 3376 3344 pra:-

1794 3399 1812 3433 ι
1859 3380 2004 3450 cepit
2032 3378 2319 3442 Maumam,
2351 3386 2408 3433 et
2434 3376 2690 3441 Bazatha,
2717 3386 2772 3430 et
2802 3374 3072 3437 llarhona,
3105 3379 3160 3426 et
3201 3369 3375 3440 Baga-

1795 3492 1814 3525 ι
1860 3473 1983 3538 tha,
2026 3481 2082 3527 et
2107 3472 2370 3542 Abgatha,
2414 3479 2470 3525 et
2498 3469 2715 3533 Zethar,
2743 3478 2799 3523 et
2840 3466 3138 3532 Charchas,
3166 3472 3373 3533 septem

1794 3584 1814 3618 ι
1857 3562 2139 3629 eunuchis,
2169 3561 2260 3633 qui
2306 3561 2361 3616 in
2402 3569 2699 3631 conSpectu
2739 3559 2856 3630 ejus
2885 3554 3287 3619 ministrabant,
3316 3562 3389 3612 ut.

1796 3672 1815 3707 ι
1861 3653 2269 3710 introducerent
2304 3651 2543 3723 reginam
2577 3650 2757 3705 Vasthi
2804 3663 2986 3702 coram
3021 3661 3169 3718 rege,
3200 3644 3377 3717 posito

1794 3762 1814 3796 ι
1861 3760 2024 3814 super
2052 3751 2216 3813 caput
2246 3743 2362 3813 ejus
2391 3741 2714 3803 diademate,
2745 3746 2803 3793 ιιι
2829 3737 3140 3793 ostenderet
3166 3732 3377 3790 cunctis

1795 3854 1814 3886 ι
1862 3834 2071 3906 populis
2106 3844 2158 3889 et
2185 3832 2518 3903 principibus
2567 3828 3015 3900 pulchrittnlinem
3044 3826 3225 3880 illius:
3256 3831 3378 3879 erat

1796 3947 1815 3980 ι
1861 3928 2004 3984 enim
2044 3928 2267 3998 pulchra
2312 3925 2485 3979 valde.
2524 3924 2653 3989 Quae
2684 3922 2881 3985 renuit,
2912 3928 2962 3974 et
2994 3920 3061 3973 ad
3094 3917 3236 3989 regis
3267 3917 3371 3970 im-

1797 4039 1815 4073 ι
1860 4021 2069 4090 perium
2098 4019 2280 4074 venire
2305 4016 2679 4085 contempsit.»
2708 4013 2981 4083 Septimus
3001 4010 3116 4065 dies
3142 4005 3374 4063 convivii

1791 4109 2243 4182 pulchritudinem
2272 4117 2572 4178 temporum
2599 4104 2885 4174 signiﬁcat,
2911 4102 2963 4155 in
2991 4117 3094 4172 qua
3118 4098 3379 4154 Dominus

1792 4201 2103 4255 incarnatus
2126 4198 2305 4253 omnia
2331 4197 2585 4269 mysteria
2610 4194 2740 4263 legis
2760 4201 2814 4247 et
2831 4192 3237 4262 prophetarum,
3259 4188 3379 4258 qui-

1792 4294 1890 4348 bus
1916 4292 2017 4361 pi.e
2048 4300 2255 4345 mentes
2287 4290 2659 4360 religiosorum
2707 4285 2982 4338 hominum
3028 4291 3253 4336 eatenus
3285 4295 3380 4349 pa-

1791 4385 2105 4446 scebantur,
2134 4381 2513 4437 abundantiori
2551 4378 2723 4449 gratia
2757 4375 3138 4430 numifestavit.
3172 4372 3247 4427 De
3274 4388 3378 4440 qna

1791 4473 2125 4545 plenitudine
2168 4471 2365 4526 Paulus
2392 4471 2458 4524 ad
2499 4469 2720 4524 Galatas
2750 4468 2994 4522 scribens
3027 4465 3104 4519 ait
3140 4479 3155 4517 :
3198 4481 3216 4513 ι
3245 4463 3379 4517 Cum

111 4564 188 4619 sic
219 4564 421 4620 timidis
452 4564 766 4621 infundatur
790 4567 1104 4632 auctoritas,
1134 4575 1193 4621 ut
1235 4577 1410 4622 tamen
1444 4568 1690 4637 superbis
1718 4583 1769 4642 ι)
1796 4574 1976 4620 autem
2003 4565 2149 4618 venit
2172 4563 2447 4632 plenitudo
2472 4570 2796 4629 temporum,
2830 4557 2977 4612 misit
3008 4557 3149 4610 Dens
3184 4553 3379 4608 Filium

111 4671 215 4709 non
264 4665 476 4711 crescat
523 4654 836 4720 effrenatio;
883 4655 961 4710 sic
1010 4657 1200 4711 otiosis
1240 4671 1304 4712 ac
1353 4658 1690 4727 torpentibus

113 4747 431 4814 praedicetur
464 4746 766 4802 sollicitudo
795 4747 920 4802 boni
952 4749 1154 4818 operis,
1183 4758 1240 4803 ut
1268 4757 1444 4802 tamen
1485 4748 1692 4817 inquie-

117 4837 182 4890 tis
224 4838 589 4892 immoderattc
639 4837 854 4892 licentia
884 4853 989 4893 non
1034 4849 1295 4910 augeatur
1322 4839 1580 4904 actionis;
1614 4839 1693 4894 sic

118 4928 368 5001 inquietis
412 4939 643 5000 ponatur
677 4931 884 4995 modus,
916 4938 974 4985 ut
1012 4938 1188 4987 tamen
1234 4932 1422 4987 otiosis
1448 4948 1555 4987 non
1597 4933 1694 4986 ﬁat

119 5027 299 5090 torpor
329 5036 583 5088 securus;
628 5022 708 5077 sic
751 5023 821 5077 ab
866 5021 1270 5092 impatientibus
1317 5023 1695 5093 exstinguatur

125 5111 222 5178 ira,
253 5121 309 5167 ut
340 5122 520 5168 tamen
546 5115 811 5180 remissio,
839 5132 903 5171 ac
927 5115 1137 5170 ienibus
1166 5131 1269 5170 non
1296 5124 1507 5170 crescat
1535 5115 1698 5186 negli-

126 5208 332 5274 gentia;
375 5207 455 5263 sic
498 5207 645 5263 leves
672 5209 1038 5264 accendantur
1079 5210 1146 5264 ad
1176 5208 1373 5274 zelutn,
1406 5216 1465 5262 ut
1508 5216 1689 5262 tamen

127 5296 391 5354 iracundis
429 5314 535 5353 non
569 5300 798 5354 addatur
824 5300 1163 5365 incendium;
1199 5300 1279 5354 sic
1308 5299 1586 5354 tenacibus
1616 5299 1697 5353 in-

129 5385 373 5445 fundatur
402 5390 670 5446 tribuendi
710 5390 951 5462 largitas,
987 5399 1045 5444 ut
1086 5406 1191 5445 non
1228 5391 1467 5462 prodigis
1503 5390 1698 5460 praedi-

131 5490 270 5535 cetur
308 5482 566 5551 parcitas,
606 5492 662 5537 et
688 5491 865 5538 tamen
914 5482 1194 5537 tenacibus
1226 5483 1465 5553 peritura
1511 5498 1693 5538 rerum

135 5574 358 5629 custodia
395 5591 499 5629 non
531 5586 821 5645 augeatur;
854 5575 932 5630 sic
962 5575 1418 5631 incontinentibus
1451 5576 1698 5631 laudetur

138 5666 449 5737 conjugium,
475 5679 535 5722 ut
563 5677 740 5721 tamen
784 5667 1121 5722 continuantes
1147 5684 1251 5723 non
1282 5676 1603 5722 revocentur
1630 5667 1696 5722 ad

88 5824 100 5837 θ
142 5754 337 5823 luxum;
370 5759 447 5812 sic
491 5758 889 5812 continentibus
923 5757 1167 5811 laudetur
1197 5758 1478 5828 virginitas
1509 5773 1700 5827 corpo-

145 5848 228 5917 ris,
264 5860 318 5905 ut
361 5860 537 5907 tamen
575 5852 627 5905 in
674 5849 990 5919 eonjugibus
1037 5848 1288 5912 despecta
1338 5866 1442 5905 non
1488 5850 1577 5906 ﬁat
1624 5850 1699 5904 fe-

1797 4673 1952 4714 suum
1999 4658 2200 4712 factum
2243 4671 2309 4710 ex
2357 4655 2605 4719 muliere,
2630 4653 2843 4708 factum
2888 4651 2987 4706 sub
3022 4651 3158 4721 lege,
3189 4658 3251 4704 ut
3285 4663 3381 4704 eos

1795 4749 1886 4820 qui
1913 4748 2013 4804 sub
2038 4748 2153 4819 lege
2177 4755 2335 4801 erant
2359 4746 2665 4809 redimeret,
2694 4753 2750 4798 ιιι
2774 4745 3115 4814 adoptionem
3147 4741 3380 4796 ﬁliorum

1799 4839 2177 4907 recipercmus.
2220 4835 2485 4903 Quasdam
2535 4836 2665 4890 estis
2713 4833 2831 4887 Filii
2881 4833 3009 4897 Dei,
3042 4832 3189 4887 misit
3237 4830 3380 4885 Deus

1799 4928 2058 5000 Spiritum
2086 4929 2204 4984 Filii
2234 4929 2315 4984 sui
2345 4929 2396 4982 in
2424 4928 2588 4982 corda
2616 4936 2793 4980 vestra
2821 4925 3180 4980 clamantem:
3203 4921 3380 4987 Abba,

1796 5021 1959 5076 Pater
1988 5018 2128 5091 (Gal.
2156 5020 2252 5090 tv).
2276 5039 2294 5070 ι
2344 5019 2409 5074 Ει
2440 5021 2577 5074 bene
2618 5019 2819 5073 dictum
2864 5025 2946 5071 est
2974 5014 3116 5084 quod
3145 5021 3267 5084 post
3298 5012 3382 5066 ni-

1800 5111 1961 5166 miam
2000 5111 2330 5181 potationem
2368 5109 2680 5164 incaluisset
2723 5121 2895 5171 mero,
2937 5104 3060 5175 quia
3108 5102 3381 5172 copiosam

1799 5201 2029 5270 gratiam
2075 5199 2218 5255 dono
2249 5198 2484 5269 Spiritus
2511 5198 2683 5253 Sancti
2716 5198 2769 5251 in
2800 5193 3088 5265 discipulos
3116 5206 3244 5247 suos
3286 5206 3385 5262 per

1800 5292 2088 5345 adventum
2114 5288 2380 5344 Paracleti
2409 5288 2621 5342 infudit.
2654 5287 2730 5342 De
2755 5299 2863 5355 quo
2896 5296 3047 5338 mero
3077 5282 3131 5336 in
3158 5279 3384 5336 Actibus

1801 5380 2165 5452 apostolorum
2210 5378 2406 5449 legitur
2439 5378 2582 5449 quod
2619 5378 2673 5430 in
2708 5373 2988 5430 caenaculo
3029 5371 3191 5438 Sion,
3219 5371 3379 5445 adve—

1798 5472 1982 5527 niente
2012 5470 2215 5541 Spiritu
2261 5480 2450 5525 sancto
2487 5483 2650 5538 super
2692 5475 2910 5522 centum
2940 5464 3125 5536 viginti
3153 5464 3382 5520 creden-

1802 5574 1904 5630 tes,
1930 5579 2053 5621 cum
2084 5564 2417 5618 aestimarent
2443 5576 2538 5616 eos
2565 5552 2734 5615 Judzci
2765 5567 2942 5613 musto
2980 5555 3212 5626 repletos
3239 5569 3378 5617 esse,

1802 5658 1994 5713 Petrus
2037 5657 2311 5727 respondit
2353 5655 2576 5711 dicens:
2614 5673 2631 5705 ι
2665 5654 2776 5709 Viri
2824 5651 3038 5716 fratres,
3074 5666 3180 5705 non
3217 5650 3288 5703 ita
3326 5655 3387 5702 ut

1803 5765 1898 5804 vos
1922 5748 2225 5812 :estimatis,
2253 5748 2304 5802 hi
2334 5747 2434 5802 viri
2467 5747 2602 5803 ebrii
2646 5757 2791 5811 sunt,
2819 5760 2941 5801 cum
2990 5742 3062 5800 sit
3105 5744 3235 5798 hora
3278 5738 3382 5793 diei

1805 5841 1984 5894 tertia.
2015 5838 2121 5893 Sed
2150 5838 2251 5894 hoc
2280 5849 2386 5903 est,
2427 5838 2570 5909 quod
2599 5839 2801 5893 dictum
2841 5848 2923 5891 cst
2948 5850 3044 5907 per
3066 5832 3382 5904 prophetam
