3882 6520
585 375 698 433 (ὃὶὸ

584 586 854 641 effundam
883 584 950 637 de
990 582 1190 653 Spiritu
1232 597 1350 638 meo
1390 598 1555 652 super
1584 596 1799 637 omnem
1826 596 2064 646 carnem,
2103 588 2159 634 ct

588 674 981 745 prophetabunt
1013 672 1107 728 filii
1155 673 1321 727 vestri
1359 680 1415 727 et
1443 672 1564 727 tilite
1593 680 1806 737 vestrae,
1838 682 1891 726 et
1931 669 2159 740 juvenes

591 767 747 823 vestri
785 765 1045 821 videbunt
1081 765 1337 828 visiones,
1376 773 1433 819 et
1476 764 1718 819 seniores
1750 762 1918 818 vestri
1951 763 2161 818 somnia

597 858 951 913 somniabunt.
980 858 1048 912 Et
1086 857 1303 927 quidem
1347 871 1509 925 super
1549 870 1736 910 servus
1780 869 1929 909 meos
1962 864 2017 910 et
2059 869 2161 909 an-

583 949 739 1004 cillas
765 963 915 1003 meas
954 947 1009 1001 in
1044 947 1233 1003 diebus
1261 946 1366 1001 illis
1389 945 1657 1000 effundam
1686 944 1754 1001 de
1799 945 1987 1015 spiritu
2019 960 2158 1012 meo,

594 1044 644 1091 3t
686 1037 1099 1106 pmphetabunt,
1129 1044 1184 1090 et
1212 1036 1351 1091 dabo
1382 1035 1623 1107 prodigia
1666 1036 1719 1090 in
1760 1035 1897 1090 caalo
1925 1051 2159 1100 sursum,

589 1136 645 1183 et
687 1129 837 1199 signa
889 1129 942 1182 in
993 1136 1133 1183 terra
1184 1128 1432 1183 deorsum
1469 1126 1606 1199 (Act.
1636 1126 1774 1198 11).»
1816 1125 1980 1196 Cujus
2026 1130 2159 1183 meri

586 1219 924 1274 dulcedinem
976 1219 1030 1273 in
1080 1220 1278 1290 nuptiis
1320 1219 1561 1290 mysticis
1614 1219 1888 1290 Evangelii
1939 1229 2164 1290 gustans

590 1308 988 1363 architrielinus
1022 1309 1090 1363 ad
1136 1323 1388 1378 sponsum
1415 1309 1528 1364 ait:
1570 1328 1587 1361 ι
1619 1308 1806 1365 Omnis
1852 1311 2012 1364 homo
2054 1309 2165 1379 pri-

593 1414 738 1453 mum
771 1400 967 1453 bonum
990 1399 1173 1453 vinum
1213 1399 1383 1469 ponit,
1411 1409 1466 1455 et
1494 1415 1616 1455 cum
1658 1400 1909 1455 inebriati
1939 1399 2160 1465 fuerint,

592 1498 721 1546 tunc
748 1491 801 1546 id
827 1491 968 1561 quod
999 1491 1237 1547 deterius
1260 1500 1362 1547 est.
1392 1492 1471 1546 Tu
1500 1501 1678 1547 autem
1714 1492 1940 1547 servasti
1979 1492 2163 1548 vinum

592 1586 790 1640 bonum
820 1600 990 1655 usque
1018 1586 1143 1641 huc.
1166 1605 1183 1636 ι
1218 1585 1477 1656 Praecepit
1516 1601 1645 1656 ergo
1693 1600 1787 1640 rex
1834 1585 1886 1639 in
1917 1584 2166 1653 jucundi-

592 1683 705 1730 tate
732 1689 827 1729 sua
858 1682 1059 1745 septem
1091 1673 1369 1739 eunuchis,
1396 1675 1486 1739 qui
1518 1675 1571 1729 in
1602 1682 1887 1745 conspectu
1921 1674 2037 1745 ejus
2065 1674 2164 1729 mi-

593 1764 912 1825 nistrabant,
955 1773 1015 1819 ut
1060 1763 1457 1821 introducerent
1490 1766 1731 1837 reginam
1762 1763 1948 1821 Vasthi
1980 1780 2162 1820 coram

1262 374 1322 430 B.
1362 371 1611 429 RABANI
1651 371 1870 429 MAUIU
1908 371 2228 428 ARCHIEP.
2272 374 2580 431 MOGUNT.
2621 375 2907 432 OPERUM
2946 372 3205 439 PARS‘L
3667 393 3722 448 tu

584 493 700 549 Joel
731 511 744 548 :
783 511 801 543 ι
830 491 898 547 Et
923 491 1027 547 erit
1053 490 1107 546 in
1138 490 1444 547 novissimis
1475 489 1683 553 diebus,
1714 488 1846 543 dicit
1883 487 2161 551 Dominus,
2192 491 2239 551 Α

2343 504 2363 539 ι
2402 486 2555 544 Unde
2586 488 2758 544 iratus
2787 504 2883 544 rex
2908 499 2984 547 et
3010 491 3173 546 nimio
3219 491 3406 548 furore
3437 509 3723 561 succenseant

2265 597 2281 629 ε
2331 579 2622 651 terrogavit
2667 580 2962 651 sapientes,
2998 582 3090 651 qui
3119 597 3186 636 ex
3232 598 3389 639 more
3431 589 3561 658 regio
3594 607 3720 665 θεωρετ

2267 687 2285 720 ι
2330 668 2403 723 illi
2448 670 2702 737 aderant,
2738 681 2795 727 et
2834 671 3052 727 illorum
3096 672 3335 729 faciebat
3372 689 3548 733 cuncta

2268 781 2287 813 ι
2331 763 2617 819 scientium
2665 764 2809 834 leges
2848 772 2902 829 et
2945 762 3072 833 jura
3118 766 3411 837 majorum.
3459 769 3597 827 Erant
3628 790 3725 835 aula

2270 872 2290 904 ι
2332 853 2494 924 primi
2531 860 2587 908 et
2626 852 2859 925 proximi
2900 852 3197 922 Cbarsena,
3231 863 3290 910 et
3327 855 3531 923 Sethar,
3554 866 3726 921 etiam

2269 960 2287 994 ι
2334 942 2448 1009 tha,
2475 951 2531 998 et
2558 942 2805 1010 Tbarsis,
2833 952 2889 1000 et
2916 942 3113 1011 Mares,
3147 955 3203 1001 et
3253 945 3518 1015 Marsana,
3543 962 3587 1006 et
3611 953 3724 1012 Hama-

2270 1048 2290 1082 ‹
2333 1032 2512 1099 chan,
2560 1040 2766 1102 septem
2808 1033 2972 1090 duces
3012 1034 3307 1091 Persarum
3343 1047 3501 1107 atque
3533 1040 3726 1111 Medores,

2271 1139 2290 1172 ι
2334 1121 2427 1191 qui
2458 1122 2710 1178 videbant
2744 1122 2935 1179 faciem
2968 1124 3101 1196 ejus,
3144 1134 3199 1180 et
3226 1127 3394 1198 primi
3421 1139 3531 1198 post
3553 1140 3727 1191 eumsi.

2272 1232 2291 1264 ‹
2337 1213 2467 1269 dere
2496 1214 2634 1268 soliti
2661 1222 2840 1279 erant,
2868 1215 2953 1270 cui
2982 1217 3271 1271 sententiae
3298 1216 3486 1274 Vasthi
3516 1224 3728 1291 regionee.

2273 1321 2291 1354 ι
2329 1303 2559 1373 jaceret,
2587 1320 2706 1374 qua:
2753 1304 2975 1360 Assueri
3025 1307 3168 1378 regis
3215 1307 3533 1377 imperium,
3571 1316 3731 1386 quodpe-

2271 1414 2291 1446 ‹
2334 1396 2607 1451 eunuchos
2647 1395 3030 1462 mandaverat,
3075 1396 3257 1453 facere
3298 1398 3559 1455 noluisset.
3590 1401 3728 1474 Resp»

2273 1506 2291 1539 ι
2338 1488 2520 1557 ditque
2555 1487 2870 1542 Mamuchan
2895 1528 2910 1553 ,
2938 1489 3191 1545 audiente
3224 1504 3359 1561 rege
3385 1505 3447 1545 ac
3480 1492 3727 1563 principibus:

2273 1597 2291 1629 ι
2340 1577 2452 1632 Non
2488 1579 2660 1633 solum
2713 1594 2893 1649 regem
2932 1578 3070 1633 lmsit
3104 1579 3324 1645 Vasthi,
3373 1580 3463 1636 sed
3489 1588 3729 1653 omnesne»

2275 1688 2293 1721 ‹
2336 1670 2483 1739 eipes
2526 1676 2580 1725 et
2615 1669 2870 1738 populos,
2917 1670 3008 1739 qui
3051 1680 3178 1725 sunt
3223 1670 3284 1725 in
3332 1672 3530 1726 cunctis
3552 1676 3730 1743 provinciis

2274 1780 2291 1812 ι
2338 1762 2481 1831 regis
2522 1759 2765 1816 Assucri.
2808 1761 3128 1830 Egredietur
3163 1762 3317 1817 enim
3366 1778 3531 1819 sermo
3559 1763 3729 1823 adornas

592 1870 742 1926 rege,
771 1855 946 1924 posito
979 1870 1138 1925 super
1166 1863 1326 1926 caput,
1371 1853 1489 1923 eius
1532 1857 1854 1919 diademate,
1882 1865 1944 1912 ιιι
1984 1866 2167 1913 oste"-
2197 1848 2240 1908 Β
2273 1868 2292 1902 ε
2339 1850 2612 1915 mulieres,
2655 1858 2714 1904 ut
2759 1858 3107 1905 contemnant
3144 1851 3295 1907 viros
3344 1868 3485 1916 SUOS,
3523 1862 3570 1908 et
3598 1854 3728 1908 dicti:

592 1944 748 2000 deret
770 1946 980 2001 cunctis
1004 1946 1214 2017 populis
1249 1947 1702 2017 pulchritudinem
1725 1946 1841 2016 ejus
1865 1966 1879 2001 :
1911 1963 2033 2003 cum
2064 1948 2167 2002 lie-

594 2033 842 2105 demptor
886 2044 1070 2091 noster
1117 2036 1383 2105 Christus,
1434 2038 1682 2095 videlicet
1720 2040 1995 2104 Dominus,
2040 2057 2166 2096 san-

594 2133 805 2180 ctorum
831 2126 1238 2198 praedicatorum
1281 2130 1524 2185 ordinem
1557 2130 1890 2201 septiformis
1934 2131 2168 2203 Spiritus

592 2217 763 2271 sancti
801 2217 975 2289 gratia
1020 2218 1280 2289 repletum
1325 2221 1393 2276 ad
1438 2223 1843 2277 convocandam
1886 2221 2169 2279 Iudaicam

592 2304 803 2375 plebem
849 2308 918 2362 ad
957 2310 1261 2364 convivium
1302 2311 1582 2380 spirituale
1626 2312 1852 2379 direxit,
1901 2322 2171 2385 quatenus

593 2400 709 2469 ejus
737 2401 899 2457 decor
921 2412 979 2459 et
1004 2404 1254 2459 nobilitas
1277 2419 1439 2475 quam
1464 2405 1692 2461 habebat
1719 2421 1787 2461 ex
1814 2408 2170 2479 praerogativa

595 2488 812 2542 Patrum
853 2499 909 2545 ct
940 2490 1073 2562 legis
1107 2494 1596 2564 prophetarumque
1639 2495 1868 2550 scientia
1911 2510 1976 2551 ac
2022 2497 2170 2553 cultu

595 2577 830 2646 pietatis,
860 2595 1019 2648 quem
1046 2592 1170 2638 ante
1194 2585 1481 2639 adventum
1512 2586 1723 2641 Domini
1754 2587 2037 2653 habuerat,
2069 2604 2173 2645 caa-

595 2667 729 2723 teris
754 2669 1057 2727 nationibus
1096 2672 1444 2729 celebriorem
1476 2676 1643 2731 totius
1676 2677 1823 2733 orbis
1868 2678 2173 2736 innotesce-

596 2770 680 2816 ret
715 2763 982 2831 gentibus.
1010 2764 1115 2821 Sed
1143 2767 1232 2822 illa
1263 2784 1370 2824 non
1409 2770 1581 2825 solum
1609 2771 1815 2843 legatos
1841 2772 2168 2844 despiciens,

594 2867 782 2910 verum
812 2855 975 2911 etiam
1011 2860 1245 2929 supremi
1276 2862 1418 2935 regis
1463 2863 1745 2936 imperium
1789 2880 2051 2937 spernens
2081 2882 2173 2924 ve-

512 2976 515 2979 λ
598 2946 716 3002 nire
740 2951 1082 3020 contempsit.
1112 2952 1262 3021 Quod
1290 2955 1345 3010 in
1390 2958 1715 3028 evangelicis
1747 2959 2021 3028 parabolis
2058 2960 2173 3031 ipse

596 3036 804 3092 scilicet
851 3038 1107 3098 Dominus
1150 3044 1401 3112 innotuit,
1445 3063 1567 3102 eum
1606 3050 1679 3120 pii
1717 3052 1885 3120 patris
1934 3052 2173 3108 clemen-

596 3127 730 3184 tiam
755 3144 918 3200 super
949 3131 1042 3188 ﬁlii
1076 3136 1283 3207 prodigi
1333 3139 1644 3208 pcenitentis
1674 3142 2015 3213 susceptione
2040 3145 2176 3200 vitu-

2274 1961 2292 1993 ‹
2339 1941 2450 1997 Rex
2480 1940 2749 1995 Assuerus
2783 1939 2946 2008 jussit
2981 1950 3040 1995 ut
3077 1941 3263 2011 regina
3300 1942 3484 1998 Vastbi
3526 1944 3730 1999 intrath

2275 2053 2293 2084 ‹
2338 2048 2483 2099 eum,
2509 2042 2563 2088 et
2592 2033 2681 2088 illa
2713 2033 2903 2089 noluit.
2933 2034 3048 2089 lluc
3099 2035 3354 2106 exemplo
3379 2052 3551 2092 omnes
3580 2037 3727 2107 milites
3776 2033 3777 2091 1

2275 2141 2294 2173 ι
2339 2123 2643 2193 principum
2689 2122 2978 2178 Persarum
3020 2132 3183 2194 atque
3245 2124 3728 2196 Medorum.me

2275 2233 2293 2265 ι
2340 2214 2468 2269 dent
2510 2214 2736 2284 imperia
2793 2215 3158 2269 maritorum:
3216 2217 3365 2270 unde
3413 2218 3541 2288 regis
3570 2216 3728 2284 justas:
3776 2214 3777 2288 ἦ

2276 2323 2294 2354 ε
2341 2303 2659 2373 indignatio.
2688 2304 2754 2359 Et
2784 2304 2855 2359 sit
2884 2305 2958 2359 ibi
2991 2304 3188 2374 placet,
3217 2306 3522 2376 egrediatur
3544 2306 3723 2361 edictam:

2278 2413 2297 2445 α
2344 2394 2479 2451 faeie
2506 2403 2616 2460 tua,
2644 2406 2698 2451 et
2743 2396 3013 2451 scribatur
3042 2397 3198 2466 juxta
3237 2398 3418 2469 legem
3450 2397 3726 2453 Persarums-

2279 2506 2296 2537 ι
2343 2502 2448 2557 que
2495 2486 2807 2552 Medorum,
2844 2502 3005 2556 quam
3050 2489 3321 2560 praeteriri
3356 2489 3574 2544 illicitum
3604 2497 3676 2551 est,
3701 2498 3726 2539 ει
3776 2490 3777 2560 λ

2278 2597 2296 2631 ι
2343 2594 2683 2651 nequaquam
2731 2579 2922 2635 \‘asthi
2966 2580 3107 2635 ultra
3154 2581 3487 2652 ingrediatur
3519 2580 3573 2634 ad
3606 2594 3726 2649 regem.

2281 2688 2300 2721 ι
2349 2671 2449 2725 sed
2494 2685 2720 2742 regnum
2753 2670 2895 2726 illius
2930 2670 3123 2736 altera,
3164 2687 3288 2741 qum
3321 2670 3501 2724 melior
3521 2679 3587 2723 est
3604 2668 3672 2731 illa,
3687 2684 3728 2719 a-

2280 2780 2298 2812 ‹
2345 2762 2570 2832 cipiat.»
2622 2762 2762 2830 Quid
2808 2772 2892 2819 est
2943 2764 3087 2834 quod
3132 2763 3478 2833 superbiente
3515 2761 3648 2815 Vasthi
3678 2773 3721 2811 πε

2272 2851 2539 2909 Assuerus
2567 2861 2770 2925 septem
2801 2853 3124 2924 sapientum,
3151 2854 3244 2925 qui
3271 2869 3339 2907 ex
3368 2866 3508 2907 more.
3532 2850 3724 2918 n-giosee

2274 2958 2370 3013 per
2400 2944 2503 2998 sibi
2549 2945 2804 3009 aderant,
2836 2944 3116 3000 consilium
3165 2943 3393 3015 quzerit,
3435 2950 3483 2999 et
3524 2938 3722 2996 sententiam

2276 3048 2437 3104 super
2465 3050 2586 3089 eam
2631 3034 2811 3092 facere
2852 3036 3028 3107 jubet,
3072 3036 3174 3091 nisi
3205 3036 3351 3106 quod
3396 3034 3606 3090 Salvator
3631 3038 3725 3082 nam

2274 3144 2372 3199 per
2419 3128 2667 3186 doctores
2706 3145 2835 3185 suos
2888 3130 3120 3200 Spiritus
3155 3130 3334 3185 sancti
3386 3128 3541 3199 gratia
3576 3121 3719 3193 repletas

597 3216 708 3273 lum
752 3228 1018 3278 mactasse
1058 3232 1114 3279 et
1142 3229 1445 3283 convivium
1490 3231 1812 3289 instruxisse
1831 3210 2167 3304 declaravit,

2279 3221 2370 3291 qui
2397 3222 2513 3293 ejus
2536 3223 2834 3292 praesentia:
2858 3230 3004 3278 recta
3034 3222 3140 3277 fide
3165 3238 3231 3278 ac
3263 3223 3419 3277 bonis
3442 3217 3639 3289 operibus
3651 3230 3720 3304 sur

596 3309 688 3364 ubi
723 3311 906 3368 senior
939 3312 1097 3383 filius,
1125 3315 1251 3373 licet
1275 3320 1470 3390 oppido
1501 3331 1719 3393 rogatus
1744 3323 1910 3380 fuerit
1933 3341 1965 3380 a
1996 3335 2170 3396 patre,

598 3406 778 3454 tamen
813 3401 1038 3460 introire
1067 3409 1406 3478 contempsit.
1442 3411 1507 3465 Et
1535 3411 1661 3466 alibi
1699 3413 1767 3468 ad
1799 3415 2012 3485 nuptias
2040 3430 2175 3485 quas

599 3505 695 3544 rex
738 3492 847 3549 filio
877 3509 974 3549 suo
1020 3499 1251 3566 paravit,
1284 3514 1384 3555 nec
1422 3515 1528 3555 non
1556 3502 1625 3556 ad
1671 3518 1920 3576 magnam
1960 3519 2175 3561 coenam

596 3598 761 3652 quam
807 3584 1026 3654 quidam
1071 3589 1233 3644 homo
1273 3606 1512 3661 parasse,
1539 3602 1595 3647 et
1640 3594 1838 3650 multos
1880 3595 2175 3653 advocasse

596 3686 1071 3744 commemoratur,
1118 3678 1195 3733 illi
1238 3680 1331 3751 qui
1379 3681 1671 3740 ambitione
1713 3684 1943 3740 aliarum
1989 3702 2173 3742 rerum

597 3760 797 3817 detenti
827 3762 1056 3832 fuerant,
1080 3768 1263 3824 venire
1300 3770 1439 3824 nolle
1467 3772 1720 3844 descripti
1757 3784 1912 3840 sunt;
1939 3775 2008 3831 ob
2030 3775 2174 3847 quod

501 3932 515 3941 ⁸
596 3851 760 3905 etiam
804 3853 998 3909 summi
1045 3856 1450 3926 patrisfamilias
1484 3858 1630 3929 justa
1674 3863 2038 3935 indignatione
2090 3880 2172 3920 re-

588 3941 741 4011 jecti,
770 3952 824 3999 et
864 3945 951 3999 alii
995 3947 1049 4001 in
1079 3947 1253 4003 locum
1296 3950 1506 4006 illorum
1545 3954 1817 4009 substituti
1846 3972 2173 4012 commemo-

596 4042 803 4088 rantur.
834 4034 1028 4092 Senior
1051 4054 1180 4109 ergo
1212 4039 1297 4095 ille
1323 4040 1466 4098 filius
1494 4052 1548 4097 et
1590 4044 1844 4114 antiquus
1874 4045 2170 4118 Synagogm

594 4123 840 4192 populus,
867 4126 960 4196 qui
1009 4127 1062 4182 in
1093 4128 1279 4185 Vastbi
1311 4132 1508 4201 reginae
1551 4148 1778 4203 persona
1826 4136 2169 4205 exprimitur,

594 4214 662 4266 de
709 4213 982 4270 domicilio
1025 4233 1122 4272 suo
1169 4221 1372 4291 egredi,
1420 4223 1520 4278 hoc
1565 4232 1678 4286 est,
1722 4240 1752 4278 a
1800 4225 1933 4297 legis
1991 4228 2171 4284 littera

594 4301 749 4356 avelli
784 4305 1061 4369 renuebat,
1089 4308 1184 4363 sed
1208 4325 1309 4366 suo
1334 4311 1557 4366 arbitrio
1592 4314 1772 4369 vivere
1801 4324 2087 4371 contentus
2113 4317 2166 4371 in

596 4392 826 4448 terrenis
854 4394 1136 4454 desideriis
1175 4400 1506 4467 desudando,
1553 4403 1711 4475 longe
1744 4421 1776 4459 a
1825 4407 1999 4475 patria
2048 4408 2166 4478 Spi-

591 4482 729 4538 ritus
762 4486 934 4540 sancti
962 4501 1027 4541 ac
1061 4490 1284 4544 consitio
1313 4490 1488 4546 Patris
1522 4492 1694 4549 factus
1736 4499 1992 4562 extorris,
2032 4512 2168 4554 scm-

585 4586 689 4640 aper
736 4573 940 4643 rigidus
976 4591 1040 4632 ae
1084 4578 1274 4645 durus,
1319 4597 1543 4645 rancore
1588 4593 1752 4656 atque
1800 4588 2169 4660 indignatione

588 4664 956 4734 plenissimus,
994 4668 1081 4724 hic
1115 4680 1200 4726 est
1240 4674 1331 4742 qui
1378 4676 1491 4730 ait:
1528 4677 1770 4748 «Agrum
1812 4682 1947 4748 emi,
1979 4690 2034 4737 et
2077 4699 2171 4741 ne-

594 4769 746 4809 cesse
773 4756 944 4813 habeo
973 4759 1121 4814 exire
1147 4776 1212 4816 ac
1236 4762 1415 4819 videre
1440 4765 1588 4821 illum
1614 4787 1627 4821 :
1661 4784 1790 4840 rogo
1819 4779 1889 4835 te,
1921 4770 2057 4826 habe
2083 4788 2171 4827 me

592 4854 906 4901 excusatum
940 4848 1088 4921 (Luc.
1114 4853 1277 4924 κω.»
1307 4853 1406 4910 llic
1432 4858 1522 4926 qui
1542 4858 1669 4929 jnga
1699 4860 1859 4913 boum
1891 4870 2172 4931 comparat

592 4936 849 5005 quinque,
873 4951 927 4993 et
954 4939 1086 5010 legis
1128 4958 1292 5000 onere
1336 4947 1646 5017 depressus,
1678 4957 2013 5005 terrenorum
2043 4967 2170 5007 sen-

591 5044 748 5083 suum
776 5030 1047 5103 voluptatc
1084 5037 1410 5107 perfruitur;
1460 5040 1547 5095 hic
1592 5042 1684 5111 qui
1714 5058 1878 5099 uxore
1906 5044 2067 5100 ducta
2102 5046 2171 5101 ad

592 5122 807 5190 nuptias
837 5125 1018 5180 venire
1060 5143 1165 5183 non
1198 5139 1394 5198 potest,
1440 5141 1495 5187 et
1538 5131 1764 5190 etlectus
1809 5150 1937 5190 caro
1968 5152 2170 5207 nequa-

592 5225 755 5278 quam
785 5227 948 5268 unum
985 5232 1107 5272 esse
1144 5234 1266 5273 cum
1311 5220 1502 5291 spiritu
1535 5223 1677 5278 valet
1717 5242 1731 5278 :
1765 5225 1820 5279 in
1853 5226 2010 5296 hujus
2043 5242 2168 5297 per-

592 5316 724 5355 sona
758 5303 920 5358 etiam
966 5306 1107 5362 illius
1143 5311 1409 5379 parabolae
1451 5314 1685 5383 cperarii
1734 5325 2070 5386 congruunt,
2111 5317 2164 5372 in

593 5405 699 5459 qua
728 5391 918 5460 prima,
948 5397 1126 5462 tertia,
1157 5409 1328 5465 sexta,
1357 5415 1495 5455 nona
1524 5402 1677 5469 hora,
1721 5404 1772 5459 id
1802 5414 1902 5469 est,
1930 5406 2168 5461 vocatio-

594 5479 751 5534 nibus
781 5483 940 5537 variis
969 5486 1254 5540 mittuntur
1276 5490 1343 5543 ad
1368 5489 1578 5546 vineam
1614 5502 1668 5547 et
1689 5493 2039 5564 indignantur
2066 5496 2168 5551 sibi

595 5571 887 5628 undecima:
913 5574 1062 5630 horae
1087 5579 1363 5645 operarios
1391 5583 1681 5651 coaequari.
1712 5582 1850 5650 Quid
1880 5595 2062 5639 autem
2100 5588 2167 5644 de

597 5662 781 5717 Vasthi
823 5666 1156 5739 stultissimze
1186 5669 1381 5738 regina:
1410 5675 1745 5730 contumacia
1795 5675 1995 5733 factum
2026 5678 2165 5735 Scri-

594 5762 747 5822 ptura
776 5763 956 5809 narret
983 5755 1289 5811 audiamus:

2275 3327 2373 3383 per
2416 3313 2672 3368 assistere
2717 3320 2936 3380 curant,
2987 3313 3159 3383 plebis
3198 3311 3436 3368 Iudaica:
3479 3303 3718 3365 contumacis.

2276 3405 2430 3476 cujus
2471 3420 2644 3474 paruae
2690 3414 2854 3477 atque
2893 3406 3262 3461 damnationis
3307 3420 3395 3461 rea
3437 3402 3526 3466 sit.
3564 3394 3719 3468 ἀερτουῖίι

2275 3496 2632 3561 sententiam;
2666 3496 2872 3551 scilicet
2916 3505 2977 3551 ut
3009 3497 3075 3551 de
3104 3498 3262 3551 thoro
3308 3494 3485 3567 regali,
3512 3493 3593 3546 hoc
3611 3484 3721 3547 ostia

2273 3588 2550 3644 consortio
2585 3588 2698 3652 Dei,
2736 3604 2840 3658 quo
2865 3589 3111 3643 ordinata
3141 3604 3206 3644 ac
3233 3588 3506 3658 praeelecta
3525 3591 3604 3645 est,
3622 3575 3718 3645 εςμι·

2272 3677 2439 3743 latur,
2470 3685 2526 3731 et
2569 3677 2741 3733 locum
2788 3679 2957 3748 ipsius
3003 3679 3205 3744 altera,
3253 3693 3373 3749 quae
3407 3675 3569 3731 melior
3604 3676 3717 3725 estw.

2272 3768 2516 3825 Ecclesia
2547 3770 2793 3826 videlicet
2816 3772 3075 3842 gentium,
3108 3773 3324 3828 sincera
3357 3771 3454 3826 fide
3475 3782 3529 3821 ac
3550 3758 3717 3835 plen”?

2272 3862 2489 3916 votione
2541 3862 2787 3931 accipiat.
2838 3862 2987 3930 Quod
3019 3879 3149 3934 ergo
3195 3866 3264 3919 ad
3311 3856 3641 3919 eonvocaudam
3671 3847 3717 3901 1:1-

2273 3953 2445 4009 daeam
2481 3954 2737 4010 Dominus
2778 3969 2877 4024 per
2923 3955 3095 4026 legem
3143 3963 3307 4025 atque
3358 3951 3620 4025 prophetam
3647 3952 3711 4010 Μ’

2273 4047 2472 4104 missus
2496 4048 2693 4103 summi
2721 4047 2897 4103 Patris
2926 4047 3150 4105 consilio
3190 4046 3482 4103 destinatus
3516 4040 3588 4099 sit.
3608 4028 3713 4127 ῖβεε-ίίξ

2272 4137 2559 4209 Evangelio
2604 4138 2836 4195 ostendit
2868 4138 3092 4194 dicens:
3133 4159 3149 4190 ι
3181 4138 3298 4193 Non
3341 4151 3452 4193 sum
3491 4132 3635 4187 missus
3660 4124 3713 4174 nisi

2272 4232 2341 4286 ad
2381 4246 2510 4287 oves
2534 4246 2654 4301 qua:
2694 4231 2968 4300 perierant
3000 4232 3192 4286 domus
3224 4229 3387 4285 Israel
3432 4214 3711 4300 (Matthmlu

2269 4330 2323 4374 et
2352 4320 2518 4375 item:
2554 4339 2572 4371 ι
2601 4319 2716 4375 Non
2760 4328 2845 4376 est
2886 4320 3118 4388 bonum,
3150 4320 3355 4390 inquit,
3395 4327 3576 4373 sumere
3604 4315 3709 4378 palliiﬂ

2272 4409 2527 4475 ﬂiiorum,
2553 4420 2609 4465 et
2636 4410 2850 4466 mittere
2895 4410 3121 4466 canibus
3171 4411 3420 4484 (lbid.).i
3459 4405 3546 4463 Sed
3581 4398 3710 4456 mulir!t

2273 4500 2453 4572 gentili
2481 4501 2802 4570 persistente
2834 4501 2887 4555 in
2918 4501 3174 4570 petitione
3201 4517 3322 4568 sua,
3348 4511 3517 4569 magna
3539 4492 3631 4547 ﬁdis
3651 4485 3709 4551 tl“

2276 4591 2468 4645 merito
2494 4591 2562 4646 ab
2594 4592 2709 4660 ipso
2750 4592 2973 4647 Domino
3019 4592 3284 4647 laudatur.
3331 4591 3491 4661 Atque
3524 4581 3616 4639 alibi
3644 4575 3711 4629 θύτέ

2276 4682 2608 4737 centurionis
2652 4681 2777 4737 fidei
2818 4681 3124 4739 Judzeorum
3172 4685 3464 4752 prmfertur,
3500 4666 3705 4763 candidi:

2282 4791 2301 4825 ι
2330 4772 2520 4836 Amen,
2565 4773 2684 4829 dico
2723 4773 2896 4840 vobis,
2925 4775 3068 4845 quod
3096 4775 3248 4830 multi
3294 4775 3493 4832 venient
3512 4758 3567 4823 ab
3588 4758 3708 4815 Οτίεηίε

2278 4872 2334 4919 et
2359 4862 2669 4929 Occidente,
2698 4871 2752 4918 et
2779 4865 3095 4920 recumbent
3120 4879 3241 4919 cum
3279 4863 3541 4920 Abraham,
3561 4848 3705 4943 biit.“

2277 4953 2442 5011 Jacob
2486 4955 2542 5010 in
2593 4971 2758 5026 regno
2799 4956 3098 5023 caelorum;
3143 4958 3236 5012 lilii
3275 4966 3445 5011 autem
3483 4944 3592 5018 regni
3622 4940 3705 5001 11⁸1⁸³⁵
3776 4940 3777 4997 l

2277 5046 2563 5116 cjicientur
2590 5047 2643 5100 in
2683 5049 2936 5103 tenebras
2971 5051 3292 5115 exteriores,
3337 5048 3415 5104 ubi
3443 5043 3525 5100 erit
3556 5030 3702 5123 ﬂetur“

2276 5137 2476 5193 stridor
2516 5138 2755 5193 dentium
2804 5139 3017 5210 (Matth.
3043 5142 3231 5212 νιιι).»
3280 5143 3403 5197 Item
3429 5132 3532 5192 alibi
3559 5131 3634 5197 ίυω
3652 5120 3701 5169 "‘"

2274 5229 2405 5283 ritas
2429 5229 2497 5284 ad
2522 5227 2819 5284 Jerusalem
2851 5231 2927 5285 ait
2950 5249 2963 5284 :
2994 5251 3011 5283 ‹
3039 5230 3359 5298 Jerusalem,
3381 5218 3702 5308 Jerusalem,

2271 5321 2473 5375 occidis
2521 5322 2829 5390 prophetas,
2868 5330 2924 5377 et
2971 5322 3175 5392 lapidas
3220 5339 3313 5379 eos
3346 5320 3427 5392 qui
3464 5313 3519 5371 ad
3554 5317 3590 5363 ιε

2272 5419 2436 5465 sunt:
2467 5384 2680 5481 quoties
2720 5384 2861 5466 volui
2906 5384 3233 5482 congregare
3262 5384 3390 5468 filios
3415 5418 3526 5467 tuos,
3548 5384 3701 5467 (1υ⁴³¹¹λί’“ι

2274 5502 2487 5555 modum
2518 5500 2711 5572 gallina
2741 5513 3031 5573 congregat
3060 5505 3234 5574 pullos
3262 5519 3381 5560 suos
3419 5494 3501 5554 sub
3521 5487 3695 5545 ³1³3⁵³³³³⁸

2270 5598 2324 5643 et
2359 5591 2575 5645 noluisti
2621 5611 2633 5646 :
2676 5608 2801 5647 ecce
2843 5594 3176 5664 relinquetur
3219 5596 3366 5651 vobis
3404 5592 3555 5645 domus

2270 5680 2481 5736 deserta
2521 5683 2671 5753 (Ῐιιιο-
2713 5688 2850 5755 xm).
2881 5706 2898 5737 ι
2944 5687 3019 5741 De
3066 5696 3342 5741 vocatione
3380 5688 3523 5737 autem
3550 5666 3723 5763 genus",

2271 5780 2393 5840 post
2415 5776 2862 5830 resurrectionem
2888 5791 3040 5831 suam
3064 5777 3336 5837 discipulis
3360 5773 3455 5832 suis
3479 5762 3604 5821 taliter
3618 5758 3694 5818 μη·
