3882 6464
119 385 253 440 (545

1207 374 1564 434 EXPOSITIO
1602 377 1668 432 1N
1708 378 1965 435 LIBRUM
2005 375 2297 432 ESTllEll.

3289 376 3391 432 ϐιίῦ

111 496 293 567 cepit
316 496 534 551 dicens:
566 512 582 545 ι
602 492 698 555 ite,
729 491 914 546 docete
940 504 1129 545 omnes
1156 498 1360 557 gentes,
1388 490 1720 559 baptizantcs
1748 496 1797 553 Α
1820 508 1844 541 ·ι
1878 505 2010 560 pore
2039 504 2147 560 quo
2175 489 2485 545 Jechoniam
2531 505 2709 560 regem
2738 488 2870 544 Jnda
2904 489 3395 545 Nabuchodonosor

116 600 228 639 eas
253 586 313 639 in
339 582 554 638 nomine
578 581 769 645 l‘atris,
801 590 856 635 et
884 580 1027 644 Filii,
1056 588 1109 634 et
1139 578 1372 649 Spiritus
1400 579 1595 643 sancti,
1626 579 1719 633 do-

113 686 333 732 centes
355 690 448 730 eos
467 687 683 728 scrvare
705 672 883 726 omnia
909 684 1239 740 qtnecunquc
1268 669 1514 723 mandavi
1544 668 1716 723 vobis.

118 769 197 823 Et
230 784 366 825 ecce
394 782 492 837 ego
519 765 794 820 vobiscum
818 780 935 819 sum
965 763 1213 817 omnibus
1242 762 1430 816 diebus
1454 775 1622 831 usque
1650 759 1718 814 ad

115 856 658 913 consummationem
689 854 865 909 saeculi
896 852 1106 925 (Matth.
1134 852 1348 923 xxvni).
1372 872 1389 902 ι
1419 850 1555 918 Apte
1591 864 1720 918 quo-

116 965 241 1017 que
279 963 375 1018 per
423 946 768 1009 Mamuchan,
811 944 902 1013 qui
947 942 1267 996 novissimus
1300 941 1373 1023 in.
1398 941 1587 995 ordine
1628 953 1713 994 se-

115 1050 284 1108 ptem
333 1038 633 1108 sapientum
681 1030 1010 1107 immoratur,
1060 1033 1380 1087 sententiam
1429 1032 1496 1085 de
1526 1026 1716 1083 Viistlii

118 1127 533 1200 promnlgabat,
566 1141 662 1194 per
706 1125 847 1193 quod
877 1138 1101 1193 persona
1142 1122 1289 1176 Pauli
1337 1120 1590 1190 apostoli,
1618 1118 1711 1188 qui

116 1218 429 1272 novissime
456 1216 521 1269 ad
565 1214 918 1283 apostolatnm
954 1220 1281 1266 convocatus
1324 1219 1425 1274 est,
1456 1208 1715 1279 exprimi-

119 1319 244 1373 tur,
276 1323 374 1377 per
397 1321 553 1375 quem
589 1302 787 1359 Iudaeis
816 1318 910 1358 sua
940 1302 1165 1373 perﬁdia
1210 1303 1309 1357 rite
1338 1302 1713 1371 exprobratur.

116 1399 253 1468 Ipse
304 1397 448 1452 enim
484 1396 550 1451 de
597 1410 655 1450 se
706 1396 832 1449 ait:
868 1414 885 1444 ι
917 1392 1029 1464 Ego
1079 1403 1255 1447 autem
1300 1409 1417 1448 sum
1465 1392 1717 1446 minimus

114 1488 499 1558 apostolorum
547 1485 599 1557 (I
625 1484 747 1540 Cor.
776 1484 885 1556 xv).
911 1503 928 1535 ι
965 1485 1028 1539 Et
1057 1484 1182 1538 alibi
1212 1502 1224 1537 :
1265 1503 1281 1535 ι
1313 1484 1473 1547 Mihi,
1521 1482 1713 1552 inquit,

112 1580 374 1634 omnium
417 1586 722 1633 sanctorum
753 1578 972 1631 minimo
1000 1576 1119 1631 data
1151 1585 1234 1651 est
1267 1576 1439 1646 gratia
1474 1575 1607 1639 hzec,
1652 1584 1712 1630 ut

113 1670 502 1742 cvangelizem
550 1668 823 1724 Christum
867 1669 919 1722 in
969 1668 1216 1739 gentibus
1254 1667 1347 1738 ’(II
1388 1666 1509 1721 Cor.
1545 1666 1659 1738 ιιι).
1692 1688 1709 1718 ι

119 1762 228 1815 llic
272 1775 403 1831 ergo
438 1760 564 1815 dum
608 1759 660 1813 in
703 1757 985 1830 Synagoga
1034 1756 1340 1812 Jmheorum
1393 1772 1515 1812 cum
1571 1757 1707 1811 Bar-

1825 598 1843 630 ς
1881 594 1974 632 rex
2005 579 2292 649 Babylonis
2326 580 2697 645 transtulerat,
2737 579 2829 648 qui
2865 578 2967 633 fuit
2996 579 3249 634 nutritins
3273 579 3394 635 ﬁlia:

1825 687 1844 720 ι
1882 669 2065 723 fratris
2107 670 2190 723 sui
2235 670 2457 736 Edissaz,
2504 685 2623 739 quze
2657 670 2827 725 altero
2854 670 3074 725 nomine
3101 672 3396 726 vocabatur

1824 778 1844 813 ι
1882 761 2094 826 Esther,
2139 770 2196 816 ct
2236 773 2522 831 utrumque
2558 772 2837 833 parentem
2866 764 3143 828 amiserat,
3170 764 3394 835 pulchra

1824 868 1843 902 ι
1880 851 2038 906 nimis
2063 859 2117 905 et
2140 852 2335 906 decora
2370 850 2527 908 facie.
2563 852 2888 923 Mortuisqne
2917 862 3069 923 patre
3107 871 3171 910 ac
3192 865 3390 920 matre,

1822 957 1843 991 ‹
1881 939 2245 996 Μιιτιιοοιιιιξιιε
2271 940 2372 995 sibi
2401 956 2519 995 eam
2557 940 2832 1011 adoptavit
2857 943 2912 996 in
2941 942 3123 997 ﬁliam.
3152 942 3395 1014 Cumque

1818 1049 1842 1082 ‹
1878 1033 2276 1102 percrebuisset
2310 1033 2452 1102 regis
2486 1032 2790 1102 imperium,
2819 1041 2873 1087 et
2892 1031 3046 1099 juxta
3078 1035 3391 1089 mandatum

1823 1141 1840 1174 ι
1879 1123 2020 1178 illius
2040 1124 2218 1178 multa!
2240 1124 2480 1194 pulchra:
2504 1124 2739 1195 virgines
2764 1123 3161 1180 adducerentur
3189 1125 3387 1189 Snsan,

1812 1234 1843 1266 1
1878 1224 1933 1270 et
1975 1216 2120 1285 Egeo
2166 1217 2508 1271 traderentur
2532 1217 2795 1275 eunucho,
2829 1215 3024 1270 Esther
3051 1232 3263 1285 quoque
3304 1218 3387 1273 in:

1820 1323 1843 1357 ο
1880 1314 1964 1361 ter
1987 1314 2211 1361 caeteras
2237 1306 2443 1376 puellas
2468 1306 2517 1360 ei
2547 1306 2741 1360 tradita
2768 1314 2873 1369 est,
2915 1314 2972 1359 ut
3000 1315 3309 1361 servaretur
3337 1308 3390 1361 in

1814 1416 1841 1448 -‹
1882 1412 2106 1451 numero
2148 1396 2491 1451 feminarum.
2528 1396 2659 1463 Qua:
2704 1397 2906 1465 placuit
2950 1397 3043 1462 ei,
3092 1406 3148 1451 et
3182 1397 3394 1452 invenit

1822 1507 1843 1538 α
1881 1490 2106 1559 gratiam
2148 1487 2200 1543 in
2244 1496 2535 1557 conspectu
2582 1488 2743 1541 illius.
2769 1488 2835 1541 Et
2858 1488 3114 1558 przecepit
3140 1490 3391 1543 eunucho

1816 1597 1841 1629 4
1882 1588 1940 1633 ιιι
1969 1578 2298 1634 acceleraret
2329 1583 2586 1635 mundum
2624 1582 2961 1648 muliebrem,
2993 1592 3048 1638 et
3074 1583 3312 1638 traderet
3339 1583 3390 1637 ei

1824 1690 1842 1721 α
1878 1678 2059 1741 partes
2103 1685 2250 1736 snas,
2290 1680 2340 1723 et
2374 1680 2578 1739 septem
2617 1672 2822 1742 puellas
2866 1673 3289 1742 speciosissimas
3323 1671 3390 1727 de

1814 1776 1844 1811 ι
1882 1760 2043 1815 domo
2070 1760 2229 1832 regis,
2260 1769 2313 1814 et
2361 1769 2469 1815 tam
2520 1762 2689 1831 ipsam
2728 1779 2888 1832 quam
2925 1763 3247 1833 pedisequas
3294 1778 3387 1817 or-

113 1853 269 1906 naba
306 1851 452 1906 socio
494 1851 839 1921 pmdicasset
866 1852 1087 1905 verbum
1141 1849 1273 1915 Dei,
1316 1857 1370 1905 ct
1410 1848 1577 1905 Judaei
1625 1865 1712 1904 re-
1744 1851 1790 1910 B
1825 1868 1846 1902 (
1884 1859 2039 1905 naret
2083 1860 2244 1921 atque
2285 1853 2578 1907 excoleret.
2610 1871 2630 1904 ι
2678 1853 2816 1920 Quid
2866 1870 2962 1924 per
3006 1854 3220 1919 Esther,
3272 1844 3412 1924 quin

112 1942 255 2012 pleti
286 1942 399 1997 zelo
425 1942 855 1997 contradicercnt
880 1941 964 1995 his
990 1956 1108 2010 quae
1138 1956 1167 1994 a
1195 1939 1359 1995 Paulo
1387 1939 1712 1995 dicebantur

112 2035 599 2105 blasphemantes,
646 2041 957 2090 constanter
999 2033 1065 2087 ad
1112 2048 1204 2088 eos
1259 2032 1394 2088 dixit
1432 2050 1444 2086 :
1490 2052 1509 2084 ‹
1550 2030 1713 2087 \‘obis

111 2127 411 2197 oportebat
453 2125 685 2196 primum
723 2124 868 2194 loqui
903 2124 1124 2178 verbum
1160 2122 1275 2188 Dei,
1318 2122 1412 2176 sed
1458 2122 1713 2192 quoniam

112 2218 390 2289 repellitis
415 2218 566 2284 illud,
594 2226 648 2273 et
672 2218 918 2289 indignos
942 2232 1036 2271 vos
1056 2216 1309 2286 judicatis
1329 2225 1543 2270 aeterna:
1564 2215 1710 2279 vitae,

112 2324 254 2365 ecce
302 2310 667 2365 convertimur
694 2309 762 2363 ad
795 2316 1013 2377 gentes;
1056 2307 1135 2361 sic
1160 2306 1305 2361 enim
1332 2306 1587 2377 prmeepit
1615 2320 1709 2360 no-

113 2398 203 2453 bis
233 2398 533 2454 Dominus:
566 2397 728 2453 Posui
758 2408 807 2452 te
853 2398 905 2451 in
939 2396 1117 2451 lumen
1150 2396 1415 2467 gentibus,
1451 2406 1511 2450 ut
1538 2396 1613 2451 sis
1655 2397 1709 2450 in

110 2489 357 2545 salutem
384 2503 552 2560 usque
578 2489 645 2544 ad
671 2496 971 2549 extremum
1005 2495 1178 2542 terra).
1207 2487 1500 2542 Audientes
1529 2497 1706 2541 autem

108 2590 314 2650 gentes
349 2581 544 2653 gavisae
570 2588 730 2645 sunt,
761 2587 815 2634 et
858 2577 1295 2647 gloriﬁcaverunt
1332 2577 1556 2631 verbum
1591 2577 1696 2631 Do-

113 2671 276 2730 mini.
304 2679 359 2726 et
385 2670 726 2727 crediderunt
767 2675 1031 2743 quotquot
1068 2675 1224 2725 erant
1269 2666 1613 2740 praeordinati
1640 2672 1709 2727 ad

114 2759 292 2820 vitam
317 2768 575 2820 internum
599 2757 742 2836 μοι.
766 2761 909 2833 xtn).

750 2892 977 2950 CAPUT
1015 2891 1100 2947 Ill.

119 2997 281 3064 Quod
304 2999 373 3052 ad
397 2997 609 3053 Λωίδι-ἱ
643 2999 775 3067 regis
799 2998 1073 3067 imperium
1096 3011 1165 3067 ea:
1187 2993 1401 3067 diuersis
1427 2993 1705 3062 prorinciis

190 3069 382 3139 puclla:
431 3065 1211 3139 virginescongregutw‘sintt
1239 3065 1380 3139 in_tcr_
1413 3080 1543 3139 quas
1593 3072 1703 3115 erat

195 3132 427 3201 Est/ter,
477 3132 590 3207 [ilia
651 3132 831 3207 fratris
887 3132 1211 3189 Mardocluci
1270 3132 1482 3207 Italici,
1544 3149 1701 3203 quant

196 3210 306 3278 ipse
333 3203 554 3279 patritus
585 3203 700 3279 ejus
722 3206 953 3277 diligenti
984 3222 1110 3259 cura
1142 3203 1421 3257 nutriebat.

203 3340 223 3371 ι
257 3319 352 3375 llis
382 3320 453 3373 ita
484 3320 671 3390 gestis,
701 3327 985 3389 postquam
1012 3315 1156 3386 regis
1180 3313 1402 3369 Assueri
1426 3312 1705 3369 deferbue-

127 3428 149 3461 ι
185 3419 272 3465 rat
320 3410 633 3481 indignatio,
680 3408 1004 3463 recordatus
1040 3414 1127 3460 est
1159 3403 1347 3460 Vasthi
1394 3412 1449 3459 et
1478 3419 1598 3473 qum
1628 3402 1705 3457 l‘e-

124 3523 145 3555 ι
176 3503 349 3559 cisset
372 3504 594 3574 velqn:e
615 3518 773 3574 passa
805 3509 966 3557 esset.
996 3500 1364 3570 Dixeruntque
1384 3500 1533 3569 pueri
1562 3514 1704 3569 regis

126 3611 147 3644 ι
177 3609 246 3647 ac
278 3592 509 3647 ministri
547 3592 663 3660 ejus
684 3607 704 3646 :
738 3591 1060 3658 Quaerantnr
1083 3591 1194 3661 regi
1223 3590 1413 3660 pucllze
1442 3591 1700 3661 virgines,

128 3702 147 3734 ι
180 3691 239 3737 et
276 3681 546 3738 adducant
572 3698 665 3737 eas
696 3681 763 3735 ad
793 3683 1067 3737 civitatem
1104 3680 1303 3746 Susan,
1331 3690 1385 3735 et
1412 3683 1621 3736 tradant
1648 3683 1701 3736 in

124 3795 144 3826 ε
174 3776 393 3831 domum
434 3774 752 3830 laminarum
800 3775 900 3828 sub
932 3790 1090 3828 manu
1133 3774 1257 3844 Egei
1304 3774 1562 3839 eunuchi,
1605 3774 1698 3843 qui

132 3881 151 3913 ι
182 3870 268 3917 est
308 3863 629 3933 praepositus
670 3871 723 3916 et
759 3872 942 3917 custos
996 3862 1277 3916 mulierum
1320 3864 1605 3934 regiarum,
1646 3871 1703 3919 et

132 3974 150 4006 ι
182 3955 454 4023 accipiant
496 3955 752 4009 mundum
795 3954 1133 4019 muliebrem,
1178 3964 1231 4009 et
1257 3966 1450 4010 caetera
1480 3956 1545 4010 ad
1573 3972 1702 4011 usus

126 4063 143 4095 ι
175 4045 516 4112 necessaria;
542 4055 596 4101 et
623 4061 956 4117 quatcunque
987 4047 1127 4100 inter
1147 4062 1336 4101 omnes
1362 4047 1534 4102 oculis
1561 4049 1702 4118 regis

132 4154 150 4187 ι
177 4136 469 4207 placuerit,
499 4138 612 4206 ipsa
652 4144 840 4208 regnet
870 4151 968 4206 pro
996 4136 1204 4191 Vastbi.
1227 4156 1245 4188 ι
1275 4136 1505 4207 Repulsa
1540 4138 1702 4207 igitur

123 4227 310 4284 Judaza
340 4244 370 4282 a
400 4229 673 4283 consortio
698 4228 890 4298 regali,
921 4229 1146 4283 diversa:
1172 4240 1361 4297 gentes
1382 4247 1447 4285 ac
1474 4230 1699 4285 diversae

122 4335 368 4391 personae
411 4319 743 4390 singularum
792 4320 1028 4390 gentium
1076 4336 1143 4374 ex
1188 4320 1417 4374 diversis
1455 4323 1701 4390 partibus

123 4409 311 4464 nmndi
362 4408 429 4463 ad
472 4409 786 4465 societatem
820 4409 980 4480 regiae
1008 4408 1283 4480 dignitatis
1313 4425 1409 4480 per
1438 4412 1699 4480 praalica-

125 4509 275 4556 tores
316 4509 554 4566 sanctos,
585 4500 677 4570 qui
702 4499 936 4554 ministri
964 4500 1178 4556 luerunt
1211 4502 1504 4571 evangelici
1530 4503 1698 4568 verbi,

1814 1942 2203 2012 interpretatur
2245 1943 2519 2008 obscenae,
2560 1952 2614 1997 et
2641 1944 2812 1998 altcm
2852 1945 3068 2000 nomine
3094 1944 3393 2001 vocabatur

1807 2032 2018 2096 Edissa,
2054 2035 2154 2089 hoc
2193 2043 2272 2089 est
2312 2036 2689 2099 misericordia,
2724 2036 2827 2090 nisi
2877 2037 3116 2103 gentium
3143 2036 3388 2091 Ecclesia

1811 2123 2123 2193 designatur
2148 2164 2162 2188 ,
2207 2140 2327 2194 qua:
2368 2126 2421 2179 in
2472 2126 2787 2181 abscondito
2814 2125 2993 2180 cordis
3046 2126 3127 2181 sui
3168 2136 3389 2195 propter

1808 2214 1935 2270 ﬁdei
1980 2216 2284 2271 castitatem
2331 2217 2508 2286 placet
2552 2217 2697 2283 Deo,
2749 2227 2805 2272 et
2853 2216 3279 2272 misericordiam
3327 2231 3390 2271 ac

1808 2306 2040 2377 gratiam
2087 2320 2270 2360 coram
2314 2306 2485 2361 oculis
2519 2307 2612 2361 Dei
2648 2308 2819 2378 magis
2863 2307 3066 2362 invenit
3095 2322 3254 2376 quam
3282 2305 3387 2376 Sy-

1811 2412 2017 2467 nagoga
2040 2396 2369 2459 Iudaeorum,
2392 2413 2510 2466 qua:
2533 2399 2723 2453 merito
2742 2398 3032 2468 impietatis
3053 2414 3163 2453 suae
3183 2399 3389 2469 absque

1811 2490 2180 2544 misericordia
2221 2504 2320 2560 per
2371 2491 2567 2546 Oscam
2609 2492 2925 2561 prophetam
2951 2500 3197 2546 vocatur.
3238 2491 3388 2545 Hanc

1809 2596 1938 2656 ergo
1976 2580 2344 2640 Mazilocbreus
2377 2581 2691 2656 spirituahs,
2722 2581 2847 2655 quia
2876 2590 3165 2653 utrumque
3193 2596 3389 2655 parce.-

1811 2684 1917 2730 tem
1970 2676 2249 2743 amiserat,
2285 2676 2387 2732 sibi
2417 2677 2693 2746 adoptavit
2730 2677 2783 2730 in
2821 2676 3008 2731 ﬁliam.
3040 2676 3108 2730 Et
3132 2676 3261 2745 quid
3291 2690 3389 2744 per

1808 2768 2226 2835 Mardochzeum,
2260 2770 2363 2825 nisi
2400 2770 2648 2825 doctores
2686 2770 2926 2841 gentium
2969 2769 3387 2839 signiﬁcantur?

1808 2860 1875 2921 Et
1916 2862 2150 2916 maxime
2198 2862 2389 2915 beatus
2433 2860 2632 2915 Paulus
2677 2860 2974 2929 apostolus,
3004 2860 3095 2928 qui
3120 2859 3285 2911 etiam
3313 2857 3381 2910 de

1808 2952 1976 3022 stirpe
2008 2950 2273 3016 Jeminea,
2312 2953 2413 3006 hoc
2437 2959 2540 3017 est,
2582 2952 2648 3006 de
2678 2952 2819 3005 tribu
2848 2950 3127 3019 Benjamin
3165 2966 3223 3004 se
3262 2964 3385 3004 esse

1808 3051 2057 3098 testatur.
2082 3042 2177 3099 Cui
2208 3058 2423 3113 quoque
2452 3044 2733 3098 vocatione
2772 3044 2863 3099 Dei
2893 3061 2924 3098 a
2958 3053 3302 3114 persecutore
3327 3043 3384 3098 in

1807 3133 2109 3203 apostolum
2131 3148 2411 3198 converso,
2429 3135 2718 3188 commissa
2739 3145 2825 3189 cst
2847 3134 3082 3189 Ecclesia
3105 3134 3344 3205 gentium
3367 3150 3381 3186 :

1731 3220 1775 3283 C
1807 3236 1863 3280 ct
1891 3226 2004 3296 ipse
2045 3226 2164 3281 eam
2209 3235 2424 3279 mortuo
2450 3233 2603 3296 patre
2642 3234 2698 3280 ct
2725 3236 2917 3292 matre,
2948 3241 3133 3280 errore
3178 3224 3385 3279 scilicet

1807 3326 1969 3387 atque
2014 3317 2395 3386 superstitione
2448 3316 2651 3385 gentili,
2684 3316 3075 3386 qnodanunodo
3106 3315 3228 3369 ﬁ-cit
3263 3330 3385 3369 esse

1804 3425 1979 3474 suam,
2025 3425 2146 3481 cum
2183 3424 2282 3479 per
2320 3409 2570 3477 baptismi
2606 3410 2833 3479 gratiam
2861 3417 2916 3464 et
2958 3409 3181 3462 verbum
3209 3407 3385 3461 Evan-

1804 3499 1928 3571 gelii
1958 3499 2311 3569 omnipotenti
2343 3498 2489 3552 Patri
2532 3499 2694 3553 tiliam
2722 3499 2789 3553 ad
2819 3498 3047 3554 salutem
3088 3513 3381 3568 regenera-

1804 3592 1880 3645 vit
1904 3599 2180 3645 aeternam.
2218 3590 2367 3645 Unde
2408 3591 2522 3661 ipse
2552 3591 2684 3646 dixit
2708 3592 2775 3646 ad
2802 3606 2936 3646 eos:
2972 3610 2990 3641 ι
3024 3590 3175 3645 Licet
3198 3590 3381 3659 plures

1802 3681 2091 3753 magistros
2123 3683 2415 3748 haberetis,
2452 3691 2630 3738 tamen
2664 3699 2769 3737 non
2799 3683 2997 3738 multos
3028 3691 3235 3753 patres.
3269 3682 3381 3751 Ego

1801 3772 1946 3826 enim
1996 3771 2051 3827 in
2093 3772 2308 3827 Christo
2340 3788 2434 3842 per
2462 3774 2807 3843 Evangelium
2841 3789 2936 3827 vos
2962 3773 3120 3844 genui
3170 3771 3220 3844 (I
3254 3769 3378 3825 Cor.

1803 3862 1899 3935 tv).
1937 3882 1955 3915 ι
2000 3863 2125 3919 lla‘c
2171 3880 2299 3934 ergo
2328 3866 2597 3933 quondam
2627 3879 2724 3934 per
2761 3864 3259 3921 Nabuchodonosor
3290 3879 3379 3918 re-

1800 3968 1921 4024 gem
1952 3954 2236 4025 Bahylonis
2262 3957 2313 4010 in
2349 3956 2711 4025 captivitatem
2737 3956 2980 4010 traducta
3008 3962 3111 4019 est,
3132 3969 3254 4009 cum
3284 3969 3383 4023 per

1802 4048 2071 4102 diabolum
2102 4064 2132 4102 a
2162 4051 2391 4104 naturali
2417 4050 2530 4120 lege
2558 4058 2612 4104 et
2640 4050 2785 4104 cultu
2816 4049 2973 4104 unius
2994 4048 3086 4102 Dei
3116 4048 3168 4101 in
3191 4047 3381 4100 conlu-

1803 4138 2013 4193 sionem
2040 4139 2358 4194 idololatriae
2378 4140 2636 4194 translata
2657 4148 2759 4195 est.
2781 4139 2885 4194 Sed
2909 4155 3027 4194 eam
3058 4138 3228 4208 pietas
3249 4138 3382 4191 divi-

1802 4245 1869 4283 na
1897 4230 2118 4283 omnino
2158 4244 2261 4283 non
2289 4230 2549 4293 deseruit,
2582 4229 2689 4283 imo
2718 4245 2814 4299 per
2842 4230 3225 4298 praedicatores
3252 4243 3381 4282 suos

1802 4318 1867 4372 ad
1909 4319 2151 4373 veritatis
2171 4318 2313 4371 viam
2346 4319 2538 4372 iterum
2570 4319 2858 4381 revocavit,
2887 4318 2980 4387 qui
3028 4318 3147 4385 ejus
3193 4333 3381 4371 curam

1802 4409 2108 4481 diligentius
2137 4409 2418 4474 habentes,
2461 4409 2822 4462 educaverant
2847 4422 2967 4460 eam
3005 4406 3056 4460 in
3092 4405 3237 4460 omni
3268 4406 3380 4473 pic-

1804 4509 1936 4567 tate,
1965 4507 2021 4556 et
2052 4498 2283 4568 iustitia,
2325 4508 2382 4553 et
2422 4498 2668 4552 veritate.
2699 4496 2835 4551 Huic
2877 4497 3052 4567 Egens
3076 4497 3375 4561 eunuclms,

122 4596 547 4660 adducebantur,
575 4602 631 4650 et
666 4594 879 4649 tradita:
924 4603 1049 4649 sunt
1083 4593 1183 4649 sub
1228 4611 1385 4648 manu
1428 4594 1577 4665 Egei,
1610 4596 1701 4665 qui
1732 4580 1780 4639 D
1806 4594 1908 4649 hoc
1932 4602 2036 4658 est,
2063 4602 2338 4664 pastorum
2368 4592 2502 4647 ordo
2522 4593 2877 4656 castiss‘mus,
2900 4606 3100 4661 parans
3120 4589 3378 4644 mundum

124 4683 515 4755 interpretatur
559 4683 777 4755 festinus
805 4683 891 4740 vel
923 4684 1191 4750 solemnis,
1234 4686 1521 4756 pra-posito
1578 4703 1696 4740 mu-

124 4772 318 4828 lierum
361 4775 653 4845 regiarum,
684 4775 787 4829 hoc
813 4782 915 4840 est,
945 4775 1045 4829 sub
1072 4789 1202 4829 cura
1226 4784 1499 4845 pastorum
1529 4793 1593 4831 ac
1620 4792 1702 4832 re-

123 4874 335 4919 ctorum
367 4864 639 4929 Ecclesia',
662 4865 857 4934 quibus
884 4866 1125 4920 custodia
1158 4867 1448 4921 commissa
1475 4878 1556 4921 est
1584 4868 1700 4921 ani-

126 4971 338 5009 marum
399 4956 654 5022 ﬁdelium,
687 4964 748 5010 ut
795 4956 892 5026 ipsi
938 4957 1019 5011 cis
1065 4958 1387 5026 pnebercnt,
1436 4960 1598 5015 verbo
1648 4970 1697 5014 et

126 5047 398 5116 exemplo,
433 5047 693 5118 quidquid
746 5047 815 5101 ad
843 5047 1046 5102 cultum
1084 5049 1301 5118 pietatis
1338 5051 1702 5105 necessarimn

127 5144 245 5191 erat
283 5154 298 5191 :
341 5138 527 5206 sicque
568 5152 902 5207 qnzecunque
943 5137 1121 5192 anima
1162 5148 1306 5195 recta
1344 5139 1448 5196 ﬁde
1471 5155 1534 5195 ac
1569 5158 1700 5211 pura

127 5226 459 5281 conscientia
514 5225 740 5280 internis
792 5227 1028 5295 pectoris
1072 5226 1243 5283 oculis
1283 5228 1579 5298 placuerit,
1634 5231 1721 5284 ad'

127 5316 270 5387 regis
313 5316 499 5371 :eterni
553 5316 847 5371 thalamum
899 5319 1096 5371 munda
1142 5333 1205 5373 ac
1250 5328 1455 5383 sancta,
1489 5335 1586 5388 pro
1617 5336 1701 5374 re-

128 5406 343 5475 pudiata
389 5405 576 5462 Vasthi
619 5407 925 5461 contumaci
964 5421 1029 5460 ac
1070 5415 1352 5477 proterva,
1397 5407 1701 5464 introduce-

127 5506 291 5551 lCUll‘.

203 5608 220 5638 ι
256 5587 385 5642 Erat
415 5588 496 5642 vir
516 5587 730 5643 Jndzcus
756 5589 810 5642 in
835 5586 987 5643 Susis
1011 5588 1249 5655 civitate,
1280 5592 1536 5646 vocabulo
1564 5592 1701 5646 Mar-

133 5700 149 5730 ι
189 5680 460 5747 dochzens,
497 5681 638 5736 ﬁlius
664 5681 794 5746 Jair,
824 5681 915 5734 ﬁlii
947 5680 1143 5746 Semei,
1180 5682 1270 5737 ﬁlii
1302 5684 1406 5747 Cis,
1442 5686 1505 5738 de
1534 5686 1700 5755 stirpe

135 5788 151 5820 ‹
186 5770 401 5837 .lcmini,
428 5774 516 5840 qui
543 5773 833 5829 translatus
860 5773 1034 5828 fuerat
1062 5775 1126 5830 dc
1150 5775 1445 5832 Jerusalem
1473 5792 1537 5831 eo
1569 5788 1700 5833 tem-

1804 4683 2143 4746 muliebrem,
2186 4699 2373 4737 sanam
2404 4681 2653 4736 videlicet
2677 4682 2979 4736 dominam
3014 4691 3071 4735 et
3099 4679 3224 4734 boni
3251 4693 3380 4749 0pc-

1805 4772 1880 4828 ris
1905 4772 2169 4841 exempla,
2201 4773 2419 4828 tradidit
2444 4781 2627 4842 partes
2650 4787 2796 4837 suas,
2824 4771 3065 4845 profecto
3092 4771 3378 4827 scientiam

1804 4865 2210 4936 Scriptnrarum
2238 4875 2291 4919 ct
2316 4865 2653 4919 honestatem
2685 4880 2931 4929 morum;
2964 4864 3049 4917 cui
3071 4863 3236 4917 etiam
3257 4878 3378 4933 scp-

1806 4967 1912 5011 tcm
1980 4956 2185 5026 puellas
2242 4955 2669 5025 speciosissimas
2716 4954 3037 5025 pedisequas
3082 4953 3373 5014 ordinavit,

1804 5051 1928 5119 quia
1962 5050 2143 5120 plures
2191 5062 2451 5117 personas
2480 5046 2717 5101 ﬁdelium
2766 5043 3093 5115 septiformis
3143 5043 3376 5115 Spiritus

1805 5142 1976 5195 sancti
2023 5140 2193 5210 gratia
2224 5147 2587 5209 regeneralas,
2619 5145 2674 5191 et
2718 5151 2840 5204 qua:
2878 5136 3016 5189 bona
3063 5138 3377 5204 operatione

1802 5224 2181 5300 sequerentur,
2211 5230 2379 5298 ipsius
2405 5227 2761 5297 disciplinatui
2791 5226 3146 5283 saluberrimo
3186 5229 3376 5281 subro-

1804 5325 1977 5393 gavit;
2008 5323 2215 5377 scilicet
2245 5330 2303 5375 nt
2343 5320 2587 5391 profectu
2620 5318 2740 5373 lidei
2769 5328 2823 5373 et
2847 5318 3089 5374 omnium
3113 5320 3372 5375 virtutum

1806 5418 2062 5470 adornata
2100 5415 2325 5485 fulgore,
2356 5416 2420 5467 ad
2451 5412 2592 5482 regis
2610 5412 2797 5467 aeterni
2830 5412 3048 5468 thornm
3072 5428 3168 5485 per
3191 5415 3373 5471 omnia

1807 5508 1999 5561 habilis
2021 5507 2369 5560 inveniretur.

1882 5620 1898 5650 ι
1932 5597 2060 5663 Quae
2093 5595 2259 5649 noluit
2299 5593 2537 5648 indicare
2572 5593 2824 5662 populum
2854 5602 2908 5648 et
2933 5594 3163 5665 patriam
3195 5610 3370 5660 suam,

1810 5707 1828 5740 ι
1867 5687 2230 5741 Mardochtens
2257 5684 2399 5737 enim
2432 5693 2758 5754 pne-ceperat
2793 5694 2851 5739 ut
2880 5686 2945 5739 de
2978 5686 3078 5740 hac
3107 5700 3166 5740 re
3200 5685 3372 5738 omni-

1812 5795 1880 5833 no
1912 5779 2177 5832 reticeret.
2228 5796 2245 5826 ι
2284 5773 2461 5829 Noluit
2493 5776 2637 5829 enim
2678 5777 2913 5832 Ecclesia
2950 5778 3207 5847 gentium,
3249 5789 3372 5828 san-
