3882 6460
624 343 727 401 647
1305 343 1365 398 Β.
1407 342 1657 397 RABANI
1699 343 1913 400 MAURI
1952 344 2268 400 ARCIIIEP.
2310 345 2615 403 MOGUNT.
2654 347 2937 405 OPERUM
2972 349 3151 406 PARS
3184 350 3226 405 Ι.
3675 365 3732 421 διε

621 468 830 513 ctorum
859 460 1135 513 doctorum
1163 456 1444 524 prameptis
1482 456 1763 519 instructa,
1798 455 1986 524 patriae
2008 465 2063 510 et
2086 471 2180 526 po-
2208 460 2260 517 Α
2285 456 2539 510 virtutum
2569 456 2823 526 operibus
2866 457 3120 525 pristinas
3147 462 3337 516 sordes
3386 467 3559 520 veteris
3586 468 3733 528 ὶιοωίιηε

619 549 727 618 puli
756 549 835 604 sui
876 548 1102 617 prodere
1132 546 1326 611 locum,
1355 547 1481 616 quia
1517 547 1586 601 ab
1611 547 1756 602 onmi
1788 547 1907 602 labe
1936 556 2184 615 peceato-
2290 546 2506 601 abluere
2527 554 2581 601 et
2609 547 2730 600 novi
2754 548 3002 601 decorem
3029 548 3249 605 induere
3271 548 3533 606 festinent.
3568 554 3635 611 Sic
3651 564 3734 619 enim

518 646 526 654 '
619 654 736 690 rum
760 646 815 692 et
841 637 1089 691 sordibus
1112 636 1425 689 idololatria:
1446 652 1542 704 per
1566 636 1888 704 baptismum
1911 637 2182 699 nmndata,
2287 637 2341 692 in
2396 638 2617 693 Actibus
2678 639 3042 709 apostolorum
3107 639 3324 709 legitur,
3376 642 3507 711 quod
3553 644 3733 705 Corneliis

618 744 953 798 nequaquam
982 730 1122 783 ultra
1150 728 1493 798 opprobrium
1540 727 1771 783 sustinet
1799 727 2041 797 pristina:
2086 727 2184 782 im-
2286 729 2529 782 centurio
2568 729 2901 784 orationibus
2926 737 2981 783 et
3004 728 3362 799 eleemosyuis
3388 731 3591 799 primum
3610 735 3723 804 placas

613 820 847 888 pietatis.
893 818 991 872 Cui
1016 818 1175 873 etiam
1205 826 1260 871 et
1305 833 1401 887 per
1429 817 1748 887 Prophetam
1794 817 2053 886 praecepit
2082 816 2184 871 Do-
2284 827 2367 872 set
2388 819 2572 884 Deum,
2619 819 2830 883 deinde,
2867 820 3181 875 adveniente
3205 821 3389 885 Petro,
3430 821 3633 893 baptismi
3650 847 3723 883 mn

613 910 791 963 minus
841 908 1065 962 dicens:
1101 925 1118 956 ι
1157 906 1316 971 Audi,
1349 907 1475 971 ﬁlia,
1516 915 1572 961 et
1619 908 2056 971 vide,ctiuclina
2086 924 2183 961 au-
2282 907 2552 962 dationem
2577 917 2633 962 et
2661 909 2894 979 Spiritus
2930 911 3103 965 sancti
3128 911 3583 968 sanctiﬁcatiouem
3611 922 3724 989 accipe

611 1016 724 1055 rem
754 1008 921 1063 tuam,
945 1009 1000 1054 et
1038 999 1355 1054 obliviscere
1382 998 1633 1069 populum
1669 1007 1839 1063 tuum,
1883 1008 1937 1054 et
1960 1000 2176 1054 donmm

609 1098 777 1167 patris
814 1099 921 1162 tui;
972 1097 1223 1166 quoniam
1253 1094 1555 1165 concupivit
1598 1110 1692 1149 rex
1734 1095 1964 1164 speciem
2007 1103 2176 1158 tuam,

606 1190 730 1258 quia
777 1189 891 1258 ipse
931 1196 1017 1241 est
1068 1186 1323 1240 Dominus
1372 1186 1512 1239 Deus
1564 1193 1686 1240 tuus
1719 1184 1890 1256 (Psal.
1936 1186 2103 1254 xuv).
2150 1204 2169 1237 ι

608 1276 760 1332 Unde
793 1277 1141 1346 subsequitur
1182 1291 1278 1344 per
1318 1275 1635 1329 Mardochzei
1680 1283 1861 1345 typum
1899 1275 2175 1330 solertiam

605 1369 982 1437 magistrorum
1006 1368 1417 1422 demonstrando
1442 1366 1719 1437 Scriptura
1738 1369 1921 1422 dicens
1947 1385 1959 1420 :

680 1477 701 1509 ι
734 1459 833 1525 Qui
881 1459 1249 1513 deambulabat
1301 1458 1540 1528 quotidie
1568 1466 1691 1511 ante
1720 1458 2039 1512 vestibulum
2071 1458 2169 1513 do-

608 1564 626 1599 α
663 1564 799 1610 ιιιιιε.
846 1548 897 1602 in
949 1564 1053 1618 qua
1088 1549 1270 1603 electae
1307 1549 1540 1617 virgines
1586 1548 1961 1613 servabantur,
1982 1564 2167 1604 curam

607 1657 624 1689 ι
663 1655 825 1709 agens
853 1640 1041 1693 salutis
1081 1640 1293 1702 Esther,
1336 1647 1390 1693 et
1426 1639 1566 1693 scire
1590 1638 1773 1693 volens
1802 1639 1928 1708 quid
1949 1639 1999 1693 ei
2023 1641 2165 1695 acci-

604 1748 622 1780 ι
660 1733 828 1785 deret.
863 1750 881 1783 ι
921 1730 1056 1797 Quia
1088 1730 1258 1784 sancti
1305 1730 1551 1785 doctores
1599 1744 1726 1782 cura
1762 1728 2003 1799 pervigili
2034 1745 2164 1800 quo-

2282 1006 2382 1049 ret.
2406 997 2555 1052 Unde
2578 998 2917 1067 subjungitur
2940 1016 2953 1052 :

2355 1103 2372 1134 ι
2438 1085 2906 1156 lugredieutesque
2961 1088 3027 1141 ad
3086 1103 3292 1157 regem,
3356 1090 3588 1160 quidquid
3628 1110 3731 1165 pose

2284 1193 2302 1225 ‹
2343 1176 2537 1231 lassent
2569 1178 2634 1231 ad
2672 1188 2919 1232 ornatum
2948 1180 3244 1249 pertinens,
3285 1183 3613 1252 accipiebant,
3645 1195 3734 1243 etuti

2282 1284 2300 1317 ‹
2344 1269 2424 1347 eis
2474 1269 2767 1339 placuerat,
2819 1272 3128 1341 composita:
3166 1274 3230 1328 de
3262 1275 3492 1329 triclinio
3518 1277 3733 1336 feminarum

2280 1376 2298 1410 ι
2330 1360 2396 1413 ad
2435 1362 2575 1431 regis
2600 1362 2903 1416 cubiculum
2931 1364 3253 1420 transibant.
3287 1386 3305 1417 ι
3335 1366 3634 1440 Quaecunque
3652 1376 3733 1428 ulla

2272 1449 2451 1502 anima
2509 1460 2682 1505 certat
2726 1453 2792 1507 ad
2844 1453 3080 1509 cmlcstis
3130 1456 3329 1525 Spousi
3390 1459 3638 1514 thalamum
3670 1480 3735 1531 pm

2269 1556 2479 1610 perare,
2507 1544 2828 1614 condignum
2851 1560 2881 1598 a
2910 1546 3023 1600 suis
3046 1547 3363 1603 doctoribus
3383 1561 3606 1605 ornatum
3622 1554 3667 1606 ad
3681 1555 3732 1607 lar

2267 1631 2512 1704 percipit,
2550 1647 2734 1702 quose
2772 1633 2943 1703 magis
2981 1635 3226 1689 devotam
3255 1638 3565 1692 ostenditad
3588 1642 3730 1710 agnitis

2266 1735 2388 1775 nem
2422 1720 2545 1775 lidci
2581 1730 2634 1777 et
2665 1722 2919 1776 virtutum
2948 1724 3214 1789 notitiam,
3250 1725 3325 1779 ita
3369 1735 3423 1779 ut
3447 1727 3507 1781 de
3528 1739 3729 1799 competere

598 1822 724 1875 tidie
753 1823 1019 1878 excubant
1051 1822 1103 1875 in
1134 1821 1376 1877 doctrinm
1419 1819 1713 1889 Evangelii,
1754 1827 1815 1873 ιιι
1864 1819 2034 1889 plebis
2058 1820 2159 1875 sibi
2193 1810 2234 1868 Β
2265 1810 2395 1865 lium
2435 1827 2659 1866 nUlllel‘O
2689 1828 2784 1881 νει·
2820 1820 3018 1867 Sancte
3064 1813 3349 1869 Trinitatis
3396 1816 3621 1887 integram
3641 1821 3730 1873 idem

595 1911 895 1966 commissa!
921 1912 1198 1982 explorent
1227 1911 1589 1965 ‘redulitatcm
1619 1919 1675 1964 et
1695 1911 2087 1979 operationem,
2117 1912 2163 1966 si

597 2004 735 2060 forte
774 2004 1012 2074 regulam
1046 2013 1205 2060 recte
1259 2003 1399 2069 ﬁdei,
1448 2018 1544 2073 per
1592 2018 1753 2071 quam
1789 2002 1936 2057 salus
1962 2011 2163 2058 aeterna

593 2093 924 2163 adipiscitur,
956 2095 1159 2147 intenta
1207 2102 1385 2147 mente
1409 2101 1723 2163 sequantur,
1753 2092 1797 2146 si
1828 2092 2161 2164 diligentiam

592 2184 824 2238 habeant
869 2184 922 2238 in
972 2200 1101 2239 cura
1138 2184 1230 2239 Dei
1256 2194 1311 2238 et
1354 2185 1407 2239 iu
1435 2185 1694 2239 bonorum
1725 2198 1948 2253 operum
1977 2185 2162 2239 obser-

593 2278 789 2342 vantia,
826 2292 922 2346 per
956 2293 1117 2348 quam
1163 2277 1311 2348 regni
1363 2276 1600 2331 cmlestis
1653 2291 1861 2330 merces
1896 2275 1951 2329 in
1979 2273 2159 2330 futura

587 2368 697 2421 vita
736 2376 1103 2437 promeretur;
1135 2382 1234 2422 nec
1267 2366 1410 2420 enim
1455 2367 1559 2420 ulla
1611 2366 1742 2420 hora
1779 2365 1938 2435 hujus
1963 2366 2159 2421 sollici-

589 2456 790 2510 tudinis
808 2470 976 2510 vacua
1020 2454 1137 2509 ﬁeri
1175 2464 1351 2524 potest
1377 2455 1515 2523 apud
1537 2469 1629 2510 eos
1652 2455 1704 2509 in
1722 2471 1953 2525 quorum
1982 2456 2158 2510 cordi-

586 2549 689 2604 bus
711 2549 874 2603 ardor
915 2557 1077 2603 rectae
1115 2549 1235 2603 ﬁdei
1290 2558 1339 2602 et
1380 2549 1520 2618 ignis
1547 2548 1710 2603 divini
1740 2548 1940 2603 amoris
1984 2548 2158 2602 inces-

588 2640 829 2696 sabiliter
856 2638 1046 2695 fervet.
1093 2640 1246 2696 Unde
1282 2640 1518 2711 gentimn
1561 2641 1748 2695 doctor
1789 2640 1854 2695 de
1884 2638 2157 2695 laboribus

584 2730 696 2784 suis
732 2745 798 2784 ac
825 2731 1288 2800 persecutionibus
1314 2746 1449 2800 quas
1469 2746 1567 2800 pro
1591 2727 1808 2784 Christo
1833 2744 2023 2799 passus
2048 2737 2151 2794 est,

582 2819 832 2874 veridicis
876 2821 1052 2875 verbis
1093 2820 1328 2891 glorians
1355 2820 1652 2890 subjunxit,
1691 2819 1875 2874 dicens
1904 2836 1918 2872 :
1951 2836 1969 2868 ‹
2004 2817 2150 2873 Prat-

582 2918 727 2963 terea
752 2924 872 2979 qua:
894 2911 1230 2966 extrinsecus
1256 2919 1401 2974 sunt,
1443 2908 1697 2963 instantia
1738 2924 1855 2963 mea
1878 2909 2149 2978 quotidia-

577 3013 668 3064 na,
714 2999 1018 3055 sollicitudo
1050 3001 1289 3055 omnium
1322 3000 1701 3055 licelesiarum.
1734 2998 1865 3066 Quis
1908 2998 2150 3054 inﬁrma-

579 3098 686 3155 tur,
713 3097 769 3145 et
795 3106 896 3161 ego
924 3108 1029 3146 non
1062 3091 1338 3146 inﬁrmor?
1373 3092 1495 3160 quis;
1528 3090 1945 3156 scandalizatur,
1973 3100 2029 3147 et
2048 3106 2147 3163 ego

2264 1916 2330 1955 ac
2384 1901 2598 1970 plenam
2654 1903 3045 1958 confessionem
3105 1906 3174 1959 ad
3236 1908 3609 1975 perceptionem
3653 1913 3731 1964 unici

2260 1998 2598 2070 baptismatis
2630 2009 2685 2054 et
2725 2000 3031 2054 unctionem
3071 2001 3209 2055 sacri
3251 2002 3576 2067 chrismatis,
3600 2005 3720 2058 abice

2261 2091 2383 2146 lesti
2420 2092 2628 2163 Sponso
2666 2094 2930 2150 veraciter
2966 2092 3235 2167 jungitur,
3279 2096 3516 2151 accedat.
3554 2086 3729 2163 Quoda-

2262 2190 2368 2236 tem
2398 2184 2662 2254 sequitur.

2336 2293 2353 2325 ι
2392 2276 2520 2342 Qtne
2542 2276 2779 2330 intrabat
2801 2292 3046 2349 vespere,
3068 2279 3454 2350 egrediebatur
3470 2294 3618 2344 mane,
3636 2289 3728 2348 atque

2263 2384 2281 2417 ι
2321 2366 2446 2421 inde
2499 2368 2552 2420 in
2600 2368 2863 2423 secundas
2909 2368 3053 2423 :edes
3103 2370 3423 2435 ducebatur,
3469 2389 3485 2421 ι
3513 2379 3560 2423 ct
3587 2368 3725 2437 relian

2258 2457 2480 2529 Mysticc
2508 2460 2743 2514 ostendit
2771 2460 2913 2530 quod
2939 2469 3062 2531 post
3093 2476 3353 2516 occasura
3377 2462 3599 2516 vitiorum
3618 2476 3726 2513 exsut-

2255 2565 2384 2620 gere
2426 2553 2583 2607 debet
2634 2551 2807 2623 fulgor
2836 2545 3118 2620 virtutum,
3158 2556 3249 2626 qui
3295 2571 3404 2610 non
3438 2554 3550 2609 alibi
3568 2570 3679 2625 quam
3696 2555 3725 2605 in

2255 2641 2461 2697 unitate
2491 2652 2695 2698 sancta:
2729 2643 2983 2700 Ecclesia:
3015 2645 3117 2700 rite
3174 2647 3497 2717 splendebit.
3527 2647 3583 2699 At
3617 2644 3725 2714 quis:

2255 2732 2379 2787 inde
2415 2748 2514 2803 per
2561 2734 2792 2804 aliquam
2835 2750 3080 2791 errorum
3118 2752 3182 2791 ac
3234 2739 3485 2793 vitiorum
3523 2736 3722 2791 halitum:

2252 2824 2604 2895 separaverit,
2632 2827 2824 2895 merito
2854 2826 2908 2882 in
2950 2828 3220 2884 secundas
3255 2831 3420 2894 aedes,
3452 2829 3532 2883 ubi
3557 2827 3723 2883 conualui-

2252 2929 2335 2969 ωε
2359 2915 2501 2986 regis
2530 2917 2895 2982 morabantur,
2932 2917 3122 2973 deduci
3146 2920 3484 2989 perhibetur,
3507 2918 3608 2987 quia
3628 2928 3721 2968 usus

2250 3023 2394 3063 sana:
2422 3007 2543 3063 lidei
2570 3025 2675 3063 non
2708 3008 3031 3080 profectum,
3057 3010 3149 3065 sed
3180 3009 3441 3066 refectum
3460 3007 3639 3064 honoris
3659 3017 3721 3058 mc-

2252 3106 2419 3163 rctur,
2458 3114 2559 3155 nec
2600 3099 2736 3154 ultra
2768 3099 2988 3154 habebit
3013 3101 3387 3170 hujuscemodi
3415 3094 3720 3171 potestatcmad

577 3195 684 3236 non
718 3184 883 3236 uror?
914 3181 995 3252 (II
1034 3181 1156 3236 Cor.
1186 3182 1284 3255 ιιι.)
1320 3202 1336 3233 ι
1372 3183 1439 3236 Et
1466 3183 1532 3236 ad
1568 3182 1837 3237 Romanos
1872 3200 1884 3235 :
1922 3200 1938 3231 ι
1970 3182 2148 3240 Testis
2175 3157 2219 3218 C
2252 3206 2431 3262 regem
2475 3201 2718 3248 nostrum
2746 3192 2944 3257 redire,
2977 3157 3286 3261 nisi'gratia
3321 3157 3537 3263 superna
3560 3188 3717 3241 visitatus

573 3282 674 3336 est,
703 3272 893 3342 inquit,
941 3274 1068 3328 mihi
1108 3275 1267 3340 Deus,
1297 3274 1381 3329 cui
1414 3273 1592 3329 servio
1616 3274 1668 3327 in
1708 3273 1900 3343 Spiritu
1936 3290 2056 3329 meo
2090 3275 2145 3330 in

571 3362 862 3435 Evangelio
891 3364 1011 3419 Filii
1066 3364 1205 3433 ejus,
1252 3365 1395 3434 quod
1424 3365 1540 3420 sine
1590 3364 1988 3419 intermissione
2033 3381 2146 3420 me-

573 3458 800 3513 moriam
848 3459 1013 3514 vestri
1060 3457 1202 3514 facio
1248 3474 1462 3529 semper
1515 3459 1569 3513 in
1623 3459 1961 3516 orationibus
2006 3461 2141 3516 meis

574 3546 755 3619 (Rom.
796 3547 859 3617 ι).
898 3566 918 3600 ι

1175 3616 1401 3673 CAPUT
1450 3617 1540 3672 IV.

574 3687 727 3753 Quod
776 3687 964 3742 Esther
982 3688 1141 3758 juxta
1170 3687 1399 3741 ordinem
1444 3688 1568 3744 ritis
1612 3704 1721 3742 sum
1766 3688 1835 3742 ad
1867 3704 2033 3758 regem
2063 3690 2144 3743 iu-

644 3759 879 3811 troducta
902 3772 996 3821 est,
1032 3769 1077 3810 et
1100 3774 1254 3827 super
1277 3774 1452 3813 autne:
1478 3759 1720 3814 mulieres
1746 3761 1810 3813 ab
1837 3776 1895 3813 eo
1925 3759 2140 3826 dilecta,

644 3831 821 3897 regina
848 3829 1130 3883 constituta
1163 3838 1255 3882 est.

643 3938 662 3970 ι
693 3920 826 3974 Cum
856 3929 1034 3974 autem
1067 3920 1300 3975 venisset
1328 3928 1538 3991 tempus
1565 3920 1900 3992 singularum
1932 3935 2030 3991 per
2054 3935 2140 3975 or-

574 4028 591 4056 ε
629 4010 807 4065 dinem
854 4009 1150 4080 puellarum
1187 4021 1245 4064 ut
1282 4011 1547 4065 intrarent
1579 4010 1647 4065 ad
1690 4024 1890 4081 regem,
1915 4010 2142 4079 expletis

572 4117 589 4148 ι
625 4098 874 4154 ullmibus
920 4115 1039 4168 qua!
1079 4100 1145 4153 ad
1176 4100 1379 4156 cultum
1432 4101 1745 4156 muliebrem
1773 4101 2136 4170 pertinebant,

570 4206 588 4238 ι
627 4190 828 4244 mensis
865 4189 1210 4245 duodecimus
1255 4192 1564 4246 vertebatur
1618 4209 1631 4245 :
1676 4192 1749 4246 ita
1796 4192 2056 4245 duntaxat
2082 4203 2139 4246 ut

569 4301 588 4332 ι
624 4298 717 4336 sex
756 4282 1031 4337 mensibus
1078 4283 1197 4338 oleo
1233 4293 1563 4351 ungerentur
1593 4283 1891 4353 myrrhino,
1920 4291 1976 4338 et
2015 4282 2136 4338 al.is

568 4393 587 4422 ι
623 4388 716 4427 sex
767 4373 1085 4442 quibusdam
1108 4373 1395 4443 pigmentis
1437 4383 1492 4426 ct
1536 4374 1865 4428 aromatibus
1917 4382 2133 4427 uteren-

567 4483 586 4560 ι
627 4473 734 4560 ιιιι“ἶ
768 4481 787 4514 ι
829 4463 965 4560 Quid
989 4472 1070 4517 est
1098 4465 1241 4533 quod
1289 4464 1474 4533 puellae
1502 4480 1619 4533 qua:
1644 4466 1711 4519 ad
1743 4467 1884 4536 regis
1910 4466 2133 4520 eubieu-
2161 4501 2210 4560 Β

564 4554 673 4608 lum
722 4554 1121 4608 introducenda:
1159 4564 1330 4616 eram,
1382 4556 1661 4609 duodecim
1704 4557 1979 4610 mensibus
2014 4557 2133 4610 oleo

564 4654 727 4712 atque
761 4644 1094 4698 aromatibus
1127 4646 1585 4712 praeparabantur,
1618 4645 1690 4699 ita
1718 4654 1776 4698 ut
1803 4661 1895 4700 sex
1933 4646 2134 4700 mensi-

565 4735 664 4788 bus
693 4734 813 4788 oleo
840 4733 1099 4804 myrrino,
1121 4734 1263 4802 quod
1290 4732 1412 4786 boni
1440 4733 1622 4788 odoris
1641 4749 1759 4788 esse
1787 4741 2016 4797 constat,
2038 4750 2135 4787 un-

565 4835 854 4894 gerentur;
882 4834 938 4880 et
980 4824 1100 4879 ahis
1130 4840 1248 4889 sex,
1272 4824 1558 4895 pigmentis
1598 4834 1654 4879 et
1682 4825 2015 4878 aromatilms
2040 4840 2135 4878 va-

566 4920 659 4973 riis
686 4926 989 4983 uterentur,
1022 4917 1121 4971 nisi
1151 4910 1293 4987 quod
1318 4932 1508 4972 omnes
1532 4916 1726 4970 anima:
1751 4931 1871 4984 quae
1894 4916 1961 4971 ad
1991 4916 2133 4970 sacri

563 5011 813 5082 baptismi
858 5011 1254 5080 perceptionem
1301 5020 1357 5063 et
1390 5009 1455 5063 ad
1494 5008 1603 5062 veri
1636 5006 1852 5076 Spousi,
1886 5006 2028 5077 regis
2053 5007 2132 5060 vi-

561 5101 751 5156 delicet
775 5099 996 5162 Christi,
1027 5098 1316 5152 thalamum
1349 5097 1661 5159 invitantur,
1685 5095 1802 5149 oleo
1833 5094 2127 5165 myrrhina,

560 5192 663 5245 hoc
685 5200 772 5245 est
817 5190 1015 5243 lumine
1061 5189 1181 5243 ﬁdei
1208 5199 1265 5242 et
1300 5185 1621 5258 pinguedine
1645 5187 1968 5251 dilectionis,
2008 5203 2130 5240 cum

559 5280 890 5339 aromatibus
934 5280 1190 5333 virtutum
1219 5278 1456 5348 perfecte
1498 5275 1833 5343 imbuuntur;
1867 5288 2131 5347 quatenus

559 5371 675 5439 ejus
697 5372 972 5425 consortio
1020 5372 1194 5441 digna:
1249 5370 1362 5424 ﬁeri
1412 5379 1740 5425 mereantur.
1786 5372 1925 5439 Quid
1980 5372 2125 5426 enim

559 5459 700 5513 aliud
731 5470 895 5529 agunt
940 5460 1319 5530 praedicatores
1369 5461 1561 5525 sancti,
1602 5463 1819 5532 quando
1875 5464 2128 5518 catechu-

559 5565 742 5606 menos
787 5569 912 5606 suos
958 5555 1230 5606 instruunt
1263 5553 1489 5607 veritate
1543 5554 1682 5616 ﬁdei,
1717 5555 1818 5608 nisi
1869 5564 1927 5608 ut
1973 5556 2126 5609 bonis

554 5642 806 5710 operibus
848 5642 1090 5695 eamdem
1138 5641 1295 5695 fidem
1337 5657 1432 5696 eos
1481 5644 1745 5699 adornare
1793 5645 2040 5710 doceant,
2071 5652 2128 5700 ut

547 5732 785 5806 jejuniis,
831 5734 1165 5791 orationilms
1204 5746 1362 5806 atque
1406 5736 1778 5808 eleemosyuis,
1807 5739 2123 5808 e.eterisque

2247 3283 2443 3338 iterum
2472 3283 2525 3337 in
2574 3284 2817 3354 pristinae
2855 3283 3132 3354 dignitatis
3168 3293 3372 3340 statum
3417 3298 3505 3339 sua
3534 3278 3718 3335 vocatioot

2245 3372 2582 3428 restituatur.

2320 3481 2340 3513 ι
2376 3462 2600 3517 Evoluto
2647 3473 2823 3517 autem
2882 3472 3139 3534 tempore,
3167 3479 3267 3533 per
3306 3463 3536 3518 ordinem
3563 3457 3714 3512 ἱιιςιαιιιι

2250 3569 2268 3602 ι
2308 3552 2422 3608 dies
2451 3568 2558 3623 quo
2588 3553 2781 3608 Esther
2821 3553 2929 3608 ﬁlia
2974 3554 3187 3608 Abihail
3241 3554 3429 3609 fratris
3470 3544 3712 3605 Mardoclm'.

2250 3661 2269 3695 ι
2307 3660 2468 3713 quam
2513 3644 2615 3699 sibi
2672 3645 3023 3714 adoptaverat
3050 3645 3101 3698 in
3149 3645 3340 3709 tiliam,
3372 3644 3556 3697 intrare
3576 3636 3715 3692 deleret

2248 3754 2264 3786 ι
2302 3735 2367 3788 ad
2410 3750 2611 3806 regem,
2652 3751 2772 3805 quae
2818 3750 2921 3790 non
2965 3736 3211 3804 qumsivil
3245 3728 3709 3789 muliebremrnltum

2247 3843 2265 3876 ι
2303 3828 2397 3881 sed
2423 3842 2753 3896 quaecunque
2780 3826 2944 3881 voluit
2986 3826 3161 3897 Egens
3189 3828 3465 3881 eunuclms
3488 3831 3629 3877 custos
3646 3817 3707 3869 vir-

2246 3936 2265 3968 ι
2299 3918 2481 3990 ginum
2507 3919 2619 3972 haec
2635 3918 2682 3972 ei
2710 3920 2775 3972 ad
2798 3930 3045 3973 ornatum
3070 3919 3235 3973 dedit.
3263 3919 3394 3973 Erat
3407 3919 3532 3972 enim
3557 3914 3708 3967 formosa

2246 4028 2265 4061 ι
2304 4010 2476 4074 valde,
2506 4018 2561 4064 et
2597 4010 2895 4065 incredibili
2938 4010 3363 4080 pulrlu'itudine,
3398 4008 3600 4066 onmium
3634 4014 3709 4054 ocu-

2244 4117 2263 4151 ι
2301 4099 2365 4154 lis
2411 4101 2645 4170 gratiosa
2672 4109 2725 4153 et
2767 4100 3013 4155 amabilis
3042 4101 3346 4155 videbatur.
3389 4122 3406 4153 ι
3439 4097 3635 4153 Evoluto,
3658 4089 3705 4141 in-

2237 4195 2372 4263 quit,
2427 4203 2685 4264 tempore,
2717 4195 2817 4248 hoc
2856 4203 2956 4258 est,
2988 4195 3275 4249 transactis
3307 4195 3526 4265 quinque
3546 4182 3707 4240 antibus

2237 4284 2446 4348 mundi,
2488 4285 2540 4337 in
2588 4286 2784 4354 quibus
2832 4284 3050 4339 Patrum
3090 4301 3329 4356 propago
3374 4278 3705 4355 praecedebal.”

2235 4373 2418 4444 legalis
2447 4374 2716 4429 institutio
2761 4374 2898 4445 apud
2944 4373 3157 4429 Judmos
3193 4375 3437 4439 ﬂorebat,
3466 4380 3586 4426 sexta
3612 4373 3703 4419 a415,

2237 4463 2554 4518 adveniente
2606 4464 2987 4533 Redemptore,
3030 4464 3079 4517 iu
3112 4481 3214 4533 qua
3243 4466 3473 4535 gentium
3511 4452 3703 4513 multitudo

2236 4567 2331 4621 per
2375 4553 2722 4623 Evangelium
2776 4553 3119 4609 convocanda
3177 4565 3319 4619 erat,
3374 4551 3589 4608 instabat.
3611 4542 3700 4597 Tunc

2235 4644 2380 4697 enim
2428 4646 2650 4714 mystice
2680 4645 2893 4709 Esther,
2935 4644 2987 4698 id
3018 4655 3101 4699 est
3125 4645 3384 4710 Ecclesia,
3408 4631 3700 4699 donationibus
3784 4692 3785 4701 ξ

2235 4733 2527 4803 apostolica
2574 4736 2958 4804 praedicatione
3015 4738 3083 4790 ad
3128 4736 3401 4791 Christum
3453 4742 3612 4800 regem.
3644 4729 3698 4787 ιι*

2237 4841 2381 4881 sanie
2403 4824 2523 4879 ﬁdei
2556 4825 2927 4880 credulitatem
2953 4835 3008 4881 et
3035 4826 3375 4897 baptismatis
3403 4821 3695 4880 sacramentum

2238 4916 2703 4982 introducebatur,
2763 4916 3021 4981 formosa,
3077 4929 3131 4972 et
3203 4915 3488 4972 incredibili
3522 4910 3692 4995 ﬁt”???

2234 5009 2628 5081 pulchritudine
2683 5009 2923 5062 omnium
2970 5008 3140 5063 oculis
3185 5010 3415 5079 gratiosa
3461 4990 3693 5057 etamabilit

2234 5080 2533 5155 videbatur.
2563 5098 2725 5168 Cujus
2755 5100 3010 5170 temporis
3028 5101 3272 5156 meminit
3298 5096 3543 5170 apostolus
3567 5080 3690 5175 Paule

2234 5191 2475 5246 scribens
2512 5191 2579 5245 ad
2620 5191 2859 5255 Galatas,
2901 5190 2975 5243 ita
3006 5191 3232 5243 dit-eus:
3270 5208 3290 5242 ι
3339 5192 3581 5255 Postquam
3604 5172 3691 5223 \‘t‘ﬂl‘

2235 5284 2507 5354 plenitudo
2536 5282 2811 5351 temporis,
2861 5282 3008 5335 misit
3039 5283 3178 5336 Deus
3216 5282 3402 5336 Filium
3425 5288 3551 5333 suum
3572 5271 3684 5320 nam"

2231 5392 2293 5429 ex
2329 5376 2576 5439 muliere,
2632 5374 2830 5428 factum
2874 5375 2974 5428 sub
3012 5374 3146 5445 lege,
3190 5384 3249 5428 ut
3289 5392 3379 5429 eos
3408 5370 3487 5443 qui
3526 5356 3687 5418 5|th03

2230 5476 2403 5529 erant,
2443 5465 2751 5527 redimeret,
2783 5473 2843 5518 ut
2876 5465 3216 5532 adoptionem
3256 5465 3470 5517 ﬁliorum
3495 5454 3684 5541 τεωικιξυ

2230 5576 2349 5615 mus
2379 5557 2576 5627 (Galat.
2610 5556 2707 5621 tv).
2744 5577 2760 5607 ι
2794 5557 2857 5610 Ει
2904 5559 2969 5611 ad
3001 5558 3259 5626 Ephesios
3290 5573 3305 5610 :
3338 5577 3357 5607 ‹
3391 5555 3524 5611 Deus,
3560 5539 3681 5633 inquit»

2228 5653 2318 5722 qui
2347 5654 2496 5708 dives
2515 5660 2600 5707 est
2630 5652 2681 5705 in
2712 5652 3103 5716 misericordia,
3134 5663 3351 5722 propter
3373 5646 3553 5705 nimiam
3568 5634 3679 5719 clm":

2231 5753 2392 5797 tatem
2417 5758 2567 5797 suam
2592 5758 2695 5812 qua
2729 5742 2913 5797 dilexit
2944 5757 3061 5808 nos.
3089 5752 3142 5794 et
3173 5758 3296 5796 cum
3320 5748 3527 5798 essemus
3549 5727 3675 5782 ω⁰τ¹¹¹¹
