3882 6464
77 424 214 480 649

1175 421 1540 480 EXPOSITIO
1580 422 1644 476 1N
1687 421 1945 478 LIBRUM
1985 423 2113 477 EST
2121 423 2279 479 ΗΕΒ.

3267 434 3369 489 650

78 546 375 617 peccatis,
424 541 820 598 convivilicavit
869 557 968 598 nos
1024 540 1262 608 Christo,
1318 539 1471 608 cujus
1520 541 1691 611 gratia
1720 547 1768 604 Α
1796 547 2067 592 munerat.
2113 539 2264 595 Unde
2313 540 2429 610 ipse
2468 541 2521 596 in
2565 543 2856 614 Evangelia
2885 544 2998 598 ait:
3035 563 3053 596 ι
3091 546 3276 601 Venite
3306 549 3373 603 ad

80 639 249 693 estis
279 635 489 702 salvati,
519 644 572 689 et
592 634 1057 700 conresuscitavit,
1088 641 1142 689 et
1173 633 1464 688 consedere
1488 633 1616 688 fecit
1635 633 1689 688 in

81 730 432 787 caelestibus
461 729 514 784 in
542 727 760 784 Christo
791 726 939 794 Jesu,
971 736 1030 782 ut
1064 725 1377 781 ostenderet
1400 727 1454 781 in
1478 726 1691 782 sazculis

81 819 617 892 supervenientibus
653 818 990 873 abundantes
1023 816 1237 872 divitias
1268 817 1456 888 gratia:
1491 832 1602 872 suae
1635 817 1690 872 in

76 911 356 966 bonitate
393 926 556 982 super
609 925 709 965 nos
745 910 798 963 in
849 908 1064 964 Christo
1112 907 1238 964 Jesu
1279 907 1495 979 (Ephes.
1541 909 1626 978 ιι).
1663 927 1684 961 ι

82 1003 269 1058 Unde
306 1002 471 1056 etiam
498 1001 658 1056 simul
685 1000 1133 1056 considerandum
1162 1009 1246 1056 est.
1287 1000 1462 1071 ipsum
1491 1001 1691 1056 articu-

79 1094 213 1148 lum
274 1093 549 1164 temporis,
595 1091 810 1164 quando
859 1091 1055 1148 Esther
1102 1093 1168 1148 ad
1210 1091 1353 1163 regis
1393 1090 1689 1147 thalamum

80 1185 578 1242 introducebatur.

174 1297 195 1330 ι
245 1278 417 1333 Docta
465 1287 551 1333 est
584 1277 769 1348 itaque
822 1276 880 1332 in
916 1276 1220 1333 cubiculum
1271 1278 1416 1350 regis
1463 1276 1688 1335 Assueri

88 1389 109 1422 ι
152 1387 357 1427 mense
417 1371 649 1436 decimo,
707 1370 800 1441 qui
864 1379 1090 1426 vocatur
1159 1368 1388 1438 Tebeth,
1454 1371 1690 1442 septimo

89 1481 110 1514 ι
153 1479 314 1519 anno
379 1459 549 1534 regni
576 1461 711 1531 ejus,
761 1472 816 1518 et
850 1462 1051 1517 amavit
1079 1476 1200 1518 eam
1229 1476 1326 1518 rex
1371 1461 1496 1533 plus
1523 1476 1688 1532 quam

87 1574 108 1605 ι
151 1569 358 1610 omnes
401 1554 688 1621 mulieres;
740 1562 794 1610 et
822 1555 1001 1626 posuit
1048 1554 1291 1611 diadema
1320 1554 1473 1624 regni
1497 1554 1552 1608 in
1598 1568 1690 1609 ca-

85 1667 106 1697 (
150 1649 278 1718 pite
321 1647 458 1718 ejus,
487 1648 723 1719 fecitque
765 1663 886 1703 eam
922 1663 1151 1720 regnare
1183 1648 1240 1703 in
1276 1647 1394 1703 loco
1418 1646 1628 1702 Vasthi.
1661 1666 1681 1700 ι

76 1740 310 1795 Tebeth
349 1741 494 1796 enim
541 1741 743 1796 mensis
787 1740 1136 1796 Hebrzeorum
1163 1739 1280 1810 ipse
1303 1747 1386 1794 est
1427 1739 1520 1809 qui
1545 1739 1687 1809 apud

77 1833 324 1889 Graecos
348 1833 640 1904 Eudymos,
671 1842 726 1888 et
751 1833 892 1902 apud
913 1832 1136 1888 Latinos
1155 1832 1465 1898 Januarius,
1489 1832 1544 1888 in
1577 1846 1686 1902 quo

79 1923 419 1978 incarnatus
446 1922 706 1978 Dominus
740 1932 931 1978 octava
957 1923 1046 1978 die
1074 1930 1157 1978 est
1182 1921 1558 1988 circumcisus,
1580 1928 1634 1976 et
1653 1936 1685 1976 a
1713 1913 1761 1973 B

80 2013 274 2084 Magis
314 2013 468 2069 stella
498 2022 774 2084 praeeunte
793 2013 1062 2080 adductis,
1083 2012 1199 2083 jam
1241 2011 1537 2070 infantulus
1557 2013 1685 2068 ado-

78 2115 271 2171 ratus,
331 2114 496 2179 atque
551 2107 870 2165 muneribus
931 2122 1086 2176 auro,
1129 2107 1290 2164 thure
1353 2114 1412 2164 et
1459 2107 1685 2180 myrrha

76 2197 369 2268 prolatis,
430 2207 687 2270 tanquam
749 2199 915 2266 Deus,
964 2199 1126 2255 homo
1181 2207 1238 2255 et
1291 2213 1388 2256 rex
1452 2200 1686 2256 honora-

80 2301 212 2358 tus;
268 2291 323 2345 in
385 2305 492 2362 quo
540 2291 709 2346 etiam
773 2306 805 2346 a
847 2289 1056 2347 Joanne
1109 2291 1434 2362 praedicatus
1485 2301 1571 2348 est
1632 2300 1688 2348 et

79 2385 426 2456 baptizatus.
477 2383 720 2455 Septimo
755 2398 889 2456 ergo
917 2400 1060 2440 anno
1086 2384 1332 2452 Assueri,
1370 2384 1686 2469 Estherac-

80 2479 267 2535 cessit
285 2479 354 2536 ad
379 2479 859 2557 thalamumlregis.
877 2479 947 2536 Et
969 2479 1214 2536 Ecclesia
1234 2482 1302 2537 ad
1318 2495 1503 2553 regem
1523 2481 1684 2537 Chri-

81 2579 265 2636 stum,
301 2570 355 2624 in
387 2586 494 2640 quo
533 2570 865 2642 septiformis
908 2571 1145 2644 Spiritus
1173 2571 1348 2643 gratia
1385 2571 1686 2629 incommu-

84 2661 342 2718 tabiliter
357 2671 558 2730 manet,
575 2662 805 2720 adducta
831 2671 995 2734 atque
1018 2662 1306 2733 conjuncta
1331 2671 1434 2721 est.
1464 2682 1484 2716 ι
1511 2664 1683 2732 Quam

84 2757 206 2825 ipse
253 2757 528 2813 adamavit
551 2756 673 2827 plus
705 2772 868 2828 quam
898 2772 1087 2812 omnes
1116 2757 1394 2826 mulieres,
1413 2775 1434 2810 ι
1472 2757 1686 2813 habuit-

82 2860 196 2914 que
244 2846 480 2917 gratiam
522 2855 579 2903 et
606 2847 1031 2904 misericordiam
1070 2863 1254 2904 coram
1285 2863 1359 2904 eo
1373 2863 1537 2920 super
1569 2864 1686 2903 om-

84 2951 192 2994 nes
218 2939 502 3006 mulieres,
529 2941 635 2996 hoc
661 2949 767 3007 est,
793 2956 959 3012 super
1000 2956 1190 2998 omnes
1226 2940 1475 2997 nationes
1513 2949 1685 2996 terra-

86 3043 240 3083 rum.
275 3051 291 3081 ι
313 3031 370 3085 ln
415 3031 571 3102 cujus
609 3032 787 3103 capite
824 3033 1069 3088 diadema
1100 3033 1251 3106 regni
1273 3034 1477 3104 posuit,
1505 3055 1523 3086 ι
1558 3049 1684 3089 cum

88 3119 272 3190 ipsam
303 3121 408 3176 sibi
436 3131 747 3179 consortem
789 3124 942 3194 regni
983 3124 1207 3190 ascivit;
1249 3123 1526 3195 «fecitque
1562 3140 1684 3180 eam

88 3225 327 3281 regnare
367 3211 421 3266 in
463 3211 584 3268 loco
612 3212 818 3279 Vasthi,
848 3232 867 3266 ›
916 3215 1020 3270 hoc
1060 3221 1146 3270 est
1169 3213 1479 3272 Iudaeorum
1510 3215 1684 3287 Syna-

1793 644 1880 684 me
1926 644 2116 685 omnes
2177 630 2272 699 qui
2323 630 2585 688 laboratis
2631 643 2685 689 et
2725 637 2937 690 onerati
2982 636 3132 700 estis,
3179 645 3234 692 et
3273 655 3374 710 ego

1793 721 2032 776 reﬁciam
2054 737 2170 778 vos.
2203 721 2397 780 Tollite
2420 723 2612 797 jugum
2653 743 2834 784 meum
2875 744 3038 799 super
3066 746 3184 797 vos,
3214 740 3270 785 et
3295 732 3374 787 di—

1792 811 1928 867 scite
1971 828 2002 868 a
2042 829 2132 869 me
2167 814 2292 884 quia
2336 816 2484 872 mitis
2519 833 2636 872 sum
2666 827 2721 873 ct
2758 820 2978 877 humilis
3005 823 3188 891 corde,
3217 832 3272 878 et
3294 824 3369 878 in-

1791 905 2027 963 venietis
2078 907 2324 977 requiem
2380 909 2665 966 animabus
2724 913 2920 969 vestris
2969 913 3184 986 (Matth.
3219 917 3318 987 xi).
3350 936 3368 967 ι

1793 995 1868 1051 De
1897 1012 2004 1066 quo
2025 1007 2080 1054 et
2107 1000 2370 1070 propheta
2397 1001 2468 1056 ait
2499 1017 2514 1056 :
2549 1002 2903 1074 ¢_Ascendens
2931 1006 2984 1061 in
3010 1007 3178 1063 altum
3201 1010 3376 1079 capti-

1789 1100 1913 1142 vam
1929 1086 2084 1143 duxit
2098 1089 2488 1159 captivitatem,
2504 1091 2650 1148 dedit
2669 1093 2810 1148 dona
2827 1095 3137 1154 hominibus
3155 1097 3370 1169 (Εριιεδ.

1799 1176 1896 1249 tv).
1922 1197 1941 1229 ι
1993 1177 2092 1234 Cui
2133 1191 2531 1251 consequenter
2579 1183 2788 1240 addidit
2832 1186 3119 1257 Apostolus
3153 1189 3370 1245 dicens:

1795 1287 1814 1322 ‹
1843 1269 1913 1325 Et
1941 1271 2055 1340 ipse
2079 1272 2228 1328 dedit
2256 1273 2518 1343 quosdam
2542 1275 2759 1345 quidem
2785 1278 3077 1347 apostolos,
3106 1280 3371 1349 quosdam

1790 1372 1974 1420 autem
2019 1367 2331 1437 prophetas,
2376 1367 2512 1423 alios
2537 1383 2668 1424 vero
2706 1371 3088 1442 evangelistas,
3115 1371 3250 1427 alios
3281 1387 3376 1428 au-

1789 1462 1899 1511 tem
1931 1463 2179 1525 pastores
2203 1472 2268 1513 ac
2300 1458 2548 1515 doctores
2585 1461 2654 1516 ad
2695 1462 3220 1518 consummationem
3243 1477 3371 1518 san-

1789 1555 2003 1604 ctorum
2024 1549 2081 1604 in
2109 1563 2245 1620 opus
2275 1550 2567 1607 ministerii
2597 1552 2656 1607 in
2681 1553 3093 1610 aedificationem
3132 1555 3376 1626 corporis

1789 1642 2012 1709 Christi,
2053 1643 2227 1699 donec
2264 1659 2616 1702 occurramus
2645 1663 2834 1704 omnes
2863 1649 2918 1704 in
2946 1650 3208 1704 unitatem
3249 1649 3373 1704 ﬁdei

1788 1742 1844 1788 et
1885 1735 2219 1805 agnitionem
2256 1735 2380 1791 Filii
2428 1738 2546 1805 Dei,
2598 1739 2655 1793 in
2709 1740 2884 1794 virum
2935 1743 3272 1812 perfectum,
3319 1741 3374 1796 in

1789 1837 2101 1879 mensuram
2127 1825 2304 1881 anatis
2331 1825 2680 1897 plenitudinis
2705 1827 3142 1900 Christi.(lbid.).
3166 1849 3184 1881 ι

1865 1934 1890 1968 ι
1920 1916 2165 1988 Cumque
2211 1919 2448 1974 secundo
2488 1929 2863 1990 quaererentur
2903 1921 3144 1992 virgines
3163 1929 3220 1977 et
3245 1937 3376 1977 con—

1797 2025 1816 2059 ‹
1845 2017 2201 2081 gregarentur
2222 2049 2238 2075 ,
2285 2009 2654 2068 Mardoclneus
2697 2011 2955 2069 manebat
3001 2014 3068 2069 ad
3121 2013 3266 2084 regis
3291 2011 3375 2082 ja-

1793 2118 1812 2154 ι
1842 2117 2027 2169 nuam,
2073 2102 2411 2173 necdumque
2453 2094 2767 2174 prodiderat
2813 2105 3012 2162 Esther
3050 2107 3289 2177 patriam
3318 2115 3376 2162 et

1791 2214 1811 2246 ‹
1837 2194 2090 2266 populum
2112 2211 2292 2263 suum,
2313 2197 2470 2268 juxta
2491 2197 2804 2254 mandatum
2829 2199 3153 2256 Mardochaci
3174 2239 3190 2265 ,
3217 2199 3349 2270 quid
3364 2231 3376 2238 -·

1791 2304 1810 2337 ‹
1841 2286 1974 2356 quid
2012 2286 2157 2341 enim
2186 2287 2276 2342 ille
2306 2287 2674 2359 praecipiebat,
2699 2289 3025 2344 observabat
3043 2289 3241 2346 Esther
3266 2305 3281 2355 ;
3317 2297 3374 2346 et

1792 2370 1812 2431 ὰ
1842 2379 1917 2434 ita
1946 2388 2140 2436 cuncta
2169 2379 2424 2449 faciebat,
2454 2391 2515 2437 ut
2538 2397 2605 2438 eo
2633 2392 2878 2454 tempore
2913 2383 3071 2441 solita
3108 2392 3226 2441 erat
3267 2401 3376 2455 quo

1792 2490 1811 2523 ι
1834 2471 1949 2543 jam
1980 2473 2264 2542 parvulam
2309 2474 2604 2530 nutriebat.
2631 2493 2651 2527 ι
2692 2475 3020 2543 ρυίετιιιιιω*
3043 2487 3098 2533 et
3136 2478 3374 2533 secundo

1787 2563 1901 2634 regi
1951 2563 2189 2634 virgines
2214 2571 2270 2620 et
2304 2577 2719 2637 congregantur,
2751 2568 2878 2637 quia
2906 2583 3015 2623 non
3043 2568 3243 2624 sullicit
3270 2569 3376 2624 Do-

1786 2655 1936 2711 mino
1978 2644 2314 2712 nostro'Jesu
2334 2655 2552 2712 Christo
2582 2658 2648 2713 de
2672 2657 2874 2715 Iudaeis
2902 2667 3110 2714 tantum
3135 2659 3372 2730 primiti-

1787 2761 1909 2800 vam
1940 2746 2045 2802 sibi
2068 2747 2343 2802 associare
2371 2747 2686 2814 Ecclesiam,
2730 2764 2935 2805 verum
2954 2751 3121 2806 etiam
3154 2751 3222 2804 de
3252 2765 3376 2820 gen-

1788 2838 1934 2893 tibus
1959 2853 2058 2908 per
2081 2839 2466 2908 praedicatores
2506 2855 2634 2895 suos
2671 2839 2908 2894 fidelium
2945 2840 3048 2894 sibi
3076 2839 3376 2894 multitudi-

1786 2946 1913 2987 nem
1959 2931 2191 3000 acquirit
2233 2932 2526 3001 copiosam,
2576 2941 2641 2998 ιιι,
2679 2933 2774 2987 fiat
2817 2933 2884 2989 de
2927 2941 3154 3003 utroque
3178 2932 3377 3002 populo

1787 3037 1895 3078 una
1921 3021 2162 3077 Ecclesia
2203 3023 2477 3079 catholica
2500 3043 2535 3089 ,'
2565 3039 2766 3095 sponsa
2795 3018 3045 3080 videlicet
3081 3023 3251 3093 ipsius
3276 3040 3375 3078 no-

1787 3115 2052 3172 bilissima
2075 3129 2195 3185 qua!
2217 3131 2322 3170 non
2351 3117 2514 3172 habet
2533 3117 2800 3172 maculam
2828 3125 2923 3171 aut
2946 3132 3190 3188 rugam.»
3223 3114 3376 3170 Unde

1791 3209 1907 3278 ipse
1953 3207 2009 3261 in
2057 3205 2349 3276 Evangelio
2385 3209 2461 3262 ait
2491 3225 2505 3262 :
2551 3227 2570 3259 ι
2594 3208 2663 3264 Et
2697 3208 2834 3263 alias
2873 3223 3005 3263 oves
3046 3209 3224 3264 habeo
3261 3223 3381 3278 qua:

87 3279 277 3375 gogae,
324 3321 446 3376 quae
487 3319 669 3376 regem
716 3313 964 3362 nostrum
1016 3309 1318 3378 spernendo
1364 3317 1420 3364 et
1465 3279 1682 3364 cruciﬁ-
1711 3279 1756 3342 (ἶ
1786 3317 1896 3356 non
1951 3313 2078 3358 sunt
2137 3313 2206 3355 ex
2253 3301 2358 3356 hoc
2408 3299 2556 3367 ovili,
2605 3308 2661 3355 et
2707 3300 2827 3356 illas
2870 3309 3085 3372 oportet
3140 3314 3228 3355 me
3285 3299 3353 3353 ad

89 3397 276 3465 gendo
318 3397 540 3452 honoris
581 3397 815 3468 perdidit
865 3398 1204 3469 dignitatem.
1256 3399 1426 3470 Hujus
1475 3400 1683 3456 scilicet

92 3487 307 3556 regina:
367 3488 741 3545 excellentiam
794 3490 1064 3561 Propheta
1116 3492 1335 3548 intuens
1385 3493 1454 3547 ad
1502 3507 1682 3565 regem

90 3577 380 3633 Christum
405 3579 640 3650 loquitur
669 3581 855 3637 dicens
885 3600 898 3636 :
939 3599 958 3634 ‹
985 3582 1171 3638 Astitit
1199 3584 1389 3655 regina
1417 3599 1446 3638 a
1476 3584 1684 3641 dextris

92 3670 206 3725 tuis
265 3670 320 3724 in
376 3672 573 3727 vestitu
621 3672 913 3741 deaurato,
963 3674 1373 3730 circumamicta
1418 3676 1684 3732 varietate

97 3760 280 3832 (Psal.
309 3764 476 3835 κων),
510 3783 528 3816 ›
557 3765 624 3819 Et
664 3765 847 3820 statim
870 3765 938 3821 ad
959 3766 1133 3836 ipsam
1161 3766 1390 3836 loquens
1412 3765 1686 3838 subjungit

95 3852 324 3909 dicens:
360 3854 559 3922 «Audi,
582 3855 708 3920 filia,
728 3864 782 3912 et
805 3856 948 3923 vide,
980 3866 1034 3914 et
1061 3857 1262 3912 inclina
1288 3871 1479 3914 aurem
1512 3866 1683 3928 tuam,

95 3953 152 4000 et
173 3945 496 4002 obliviscere
527 3948 784 4020 populum
818 3957 992 4016 tuum,
1030 3956 1086 4005 et
1127 3949 1348 4007 domum
1380 3951 1552 4023 patris
1585 3951 1683 4021 tui,

99 4038 360 4107 quoniam
403 4042 713 4113 concupivit
765 4058 861 4098 rex
907 4043 1158 4100 decorem
1210 4049 1382 4097 tuum.
1430 4043 1549 4114 Ipse
1601 4050 1687 4100 est

100 4130 362 4189 Dominus
391 4133 532 4190 Deus
567 4141 713 4202 tuus,
737 4143 793 4190 et
820 4136 1124 4192 adorabunt
1146 4151 1271 4193 eum
1301 4135 1424 4192 filiae
1449 4135 1600 4208 Tyri,
1629 4136 1685 4192 in

97 4222 416 4279 muneribus
458 4223 667 4280 vultum
694 4233 845 4282 tuum
879 4225 1315 4298 deprecabuntur
1340 4241 1531 4285 omnes
1556 4227 1686 4285 divi-

102 4319 184 4368 tes
209 4314 384 4384 plebis
413 4315 624 4389 (Ibid.).
648 4337 668 4371 ι

174 4432 192 4465 ι
228 4415 299 4470 Et
335 4414 496 4485 jussit
541 4419 849 4473 convivium
888 4422 1183 4492 praeparari
1239 4422 1684 4495 permagniﬁcum

108 4523 124 4555 ι
163 4507 377 4562 cunctis
397 4509 732 4579 principibus
758 4520 813 4566 et
841 4512 1013 4568 servis
1042 4514 1154 4570 suis
1182 4529 1282 4585 pro
1308 4515 1686 4586 conjunctione

1786 3393 1983 3449 ducere
2011 3434 2026 3461 ,
2071 3404 2127 3450 et
2178 3407 2368 3450 vocem
2420 3406 2599 3447 meam
2645 3391 2901 3459 audient,
2959 3399 3014 3446 et
3064 3390 3158 3446 flet
3210 3403 3376 3443 unum

1783 3485 1924 3541 ovile
1979 3494 2034 3541 et
2083 3502 2222 3543 unus
2271 3493 2458 3556 pastor
2508 3482 2691 3556 (Joan.
2751 3483 2832 3556 x).
2895 3503 2914 3538 ι
2972 3483 3377 3546 Mardochzeus,

1784 3576 1979 3646 inquit,
2032 3579 2288 3633 manebat
2312 3577 2382 3632 ad
2413 3576 2558 3648 regis
2593 3574 2843 3645 januam,
2871 3594 2891 3628 ι
2946 3575 3072 3647 quia
3103 3569 3377 3630 doctores

1785 3671 1960 3727 sancti
1985 3672 2206 3728 assiduo
2240 3679 2522 3726 manentes
2548 3669 2604 3724 in
2633 3668 2876 3726 doctrina
2910 3667 3212 3739 Evangelii,
3248 3683 3378 3724 con-

1785 3773 1982 3820 vocant
2021 3773 2212 3837 gentes
2242 3766 2313 3821 ad
2343 3765 2626 3821 introitum
2669 3765 2796 3822 fidei
2821 3772 2877 3820 et
2901 3763 3246 3835 baptismatis
3283 3781 3374 3818 sa-

1787 3867 2166 3926 cramentum;
2206 3857 2546 3929 necdumque
2583 3857 2783 3915 ESther
2823 3865 3015 3913 nostra
3059 3855 3242 3926 prodit
3281 3870 3377 3925 pa-

1787 3953 1946 4009 triam
1974 3962 2030 4009 et
2063 3953 2322 4024 populum
2349 3951 2681 4024 suumjuxta
2712 3954 3028 4010 mandatum
3051 3951 3374 4008 Mardochzei

1789 4046 1981 4118 typici,
2033 4047 2161 4116 quia
2196 4048 2355 4119 juxta
2399 4047 2705 4103 doctrinam
2747 4045 2870 4102 fidei
2899 4044 3049 4100 nullo
3084 4045 3246 4101 modo
3277 4043 3375 4099 ali-

1787 4139 1917 4211 quid
1957 4140 2072 4210 agit
2103 4149 2415 4198 sanctorum
2451 4139 2697 4196 Ecclesia
2722 4153 2818 4210 per
2840 4137 3234 4209 arrogantiam,
3276 4135 3373 4191 sed

1787 4232 1844 4288 in
1882 4247 2017 4303 pura
2047 4232 2379 4288 conscientia
2409 4231 2689 4288 humiliter
2713 4233 2894 4286 omnia
2921 4237 3101 4286 servat
3121 4243 3243 4299 qu.e
3272 4227 3375 4284 sibi

1789 4322 1950 4379 dictis
1993 4322 2320 4394 evangelicis
2348 4322 2759 4393 prmcipiuntur,
2797 4321 2864 4376 de
2890 4333 2995 4390 qua
3017 4333 3114 4389 per
3143 4319 3376 4389 pr0phc-

1789 4423 1902 4471 tam
1930 4415 2130 4472 dicitur
2154 4432 2168 4470 :
2202 4435 2219 4467 ε
2247 4413 2438 4470 Omnis
2481 4413 2649 4485 gloria
2674 4412 2793 4484 ejus
2821 4411 2944 4467 ﬁliae
2970 4410 3114 4482 regis
3137 4410 3206 4464 ab
3229 4410 3374 4464 intus

1789 4509 1962 4585 (Paul.
1987 4509 2158 4583 κων).
2183 4529 2202 4563 ι
2239 4510 2308 4565 Et
2349 4508 2681 4602 Apostolus;
2721 4527 2738 4559 ι
2767 4506 2951 4563 Gloria
2973 4546 2989 4572 ,
3038 4505 3243 4575 inquit,

107 4617 124 4648 ε
156 4607 211 4653 et
260 4601 462 4672 nuptiis
497 4601 716 4669 Esther,
744 4612 799 4658 et
826 4604 974 4660 dedit
999 4607 1242 4676 requiem
1266 4607 1534 4664 universis
1561 4623 1686 4679 pro-
1707 4645 1762 4706 D
1792 4610 1894 4666 Ira,
1934 4602 2050 4657 haec
2092 4609 2194 4668 εει,
2237 4599 2607 4656 testimonium
2637 4591 3006 4656 conscientiae
3055 4603 3256 4653 nostra:
3285 4591 3372 4666 (II

107 4713 123 4742 ι
155 4694 373 4762 vineiis,
414 4712 479 4754 ac
511 4696 650 4754 dona
687 4697 916 4770 largitus
945 4708 1029 4755 est
1051 4697 1208 4770 juxta
1250 4701 1679 4758 munificentiam
1707 4692 1757 4706 ”
1787 4692 1910 4752 Cor.
1942 4693 2005 4767 ι).
2027 4713 2047 4748 ι

108 4801 125 4832 ι
158 4787 532 4858 principalem.
575 4808 595 4841 ι
625 4789 764 4858 Quid
787 4799 872 4846 est
903 4792 1213 4847 convivium
1238 4793 1685 4865 permagniﬁcum

105 4890 200 4943 pro
229 4879 430 4948 nuptiis
456 4879 652 4936 Esther
676 4880 886 4937 eunetis
911 4882 1244 4953 principibus
1266 4890 1322 4938 et
1348 4883 1519 4938 servis
1548 4899 1686 4954 pra:-

103 4967 306 5032 parari,
357 4968 464 5024 nisi
504 4984 603 5040 pro
647 4970 914 5041 spirituali
966 4972 1344 5042 conjunctione
1390 4971 1591 5028 Christi
1631 4981 1689 5028 et

105 5053 359 5112 Ecclesia:
396 5060 651 5130 gaudium
687 5063 986 5119 maximum
1023 5066 1077 5119 in
1111 5074 1224 5122 toto
1253 5067 1385 5122 orbe
1415 5075 1686 5121 terrarum

106 5157 136 5196 a
182 5146 476 5217 majoribus
525 5159 691 5221 atque
736 5153 1038 5209 minoribus
1085 5155 1357 5210 universis
1400 5153 1684 5210 celebrari.

106 5230 164 5286 lu
195 5235 299 5291 hoc
323 5238 467 5292 enim
498 5240 742 5296 convivio
771 5257 880 5297 non
906 5243 1156 5300 carnales
1189 5244 1377 5316 epulze,
1408 5244 1502 5300 sed
1531 5243 1689 5313 spiri-

114 5325 280 5382 tuales
322 5330 599 5399 sapientiae
638 5341 693 5387 et
730 5334 993 5390 virtutum
1036 5336 1202 5407 dapes
1231 5351 1263 5392 a
1293 5337 1455 5409 digne
1509 5335 1692 5392 convi-

110 5419 355 5480 tantibus
369 5438 673 5503 sumuntur.
696 5429 792 5486 Ubi
806 5442 1152 5488 sacrosancta
1165 5433 1422 5505 mysteria
1448 5431 1691 5502 corporis

113 5524 175 5567 ac
196 5518 471 5589 sanguinis
498 5519 711 5576 Domini
733 5522 918 5579 fideles
947 5525 1145 5593 quique
1170 5526 1239 5582 ob
1263 5525 1455 5582 salutis
1476 5541 1586 5580 sua:
1601 5539 1685 5581 re-

117 5611 284 5666 media
319 5615 639 5685 percipiunt,
685 5617 740 5671 in
777 5634 882 5687 quo
912 5628 1099 5689 pastus
1125 5627 1341 5675 aeterna:
1366 5620 1492 5675 vitae
1518 5620 1680 5674 sistit.

121 5695 215 5756 Dat
241 5715 537 5776 rexnoster
557 5707 796 5778 requiem
825 5711 1092 5767 universis
1116 5711 1428 5782 provinciis,
1455 5726 1520 5766 ac
1543 5712 1684 5766 dona

121 5787 333 5864 largitur
385 5798 722 5868 multiplicia,
782 5801 998 5870 quando
1043 5819 1074 5857 a
1121 5811 1465 5873 peccatorum
1518 5817 1686 5858 onere

124 5885 396 5943 credentes
420 5888 521 5944 sibi
549 5889 762 5956 liberat,
792 5903 847 5946 et
881 5893 1035 5949 donis
1061 5894 1430 5963 spiritualihus
1467 5910 1560 5951 eos
1595 5909 1684 5950 re-

517 5983 776 6046 Pu‘ttoL.
825 5987 982 6050 CIX.

2415 4782 2643 4840 CAPUT
2680 4781 2744 4838 γ.

1789 4875 1868 4932 De
1891 4891 1950 4932 eo
1979 4875 2116 4947 quod
2155 4876 2263 4947 duo
2300 4875 2525 4947 eunuchi
2548 4891 2716 4946 regem
2736 4873 3030 4947 interﬁcere
3058 4867 3304 4932 volentes,
3339 4881 3374 4919 a

2001 4946 2341 5002 Martiae/two
2370 4946 2587 5016 proditi,
2607 4943 2778 5016 'digne
2817 4943 2987 5015 puniti
3015 4949 3158 4996 sunt.

1869 5078 1888 5111 ι
1917 5059 1997 5115 Eo
2018 5059 2184 5131 igitur
2212 5066 2456 5129 tempore
2495 5073 2602 5127 quo
2638 5054 3008 5111 Mardochteus
3032 5049 3099 5107 ad
3126 5049 3271 5120 regis
3289 5045 3374 5117 ja-

1795 5173 1813 5206 (
1843 5168 2008 5207 nuam
2049 5150 2386 5216 morabatur,
2434 5151 2560 5205 irati
2596 5157 2724 5204 sunt
2765 5146 3035 5217 Bagathas
3077 5150 3133 5198 et
3165 5141 3376 5197 Thares

1797 5263 1816 5296 ι
1849 5243 1954 5299 duo
1992 5239 2230 5297 eunuchi
2260 5239 2425 5310 regis,
2453 5240 2544 5308 qui
2567 5239 2832 5310 janitores
2855 5243 3014 5290 erant
3032 5240 3089 5289 et
3114 5233 3170 5287 in
3197 5231 3374 5301 primo

1798 5355 1817 5388 ι
1845 5335 2028 5406 palatii
2052 5331 2238 5388 limine
2265 5331 2648 5404 praesidebant,
2675 5329 3067 5397 volueruntque
3094 5325 3375 5392 insurgere

1799 5446 1817 5479 ι
1847 5429 1900 5483 in
1951 5441 2132 5498 regem
2197 5435 2253 5481 et
2299 5425 2545 5480 occidere
2588 5436 2729 5478 eum.
2775 5419 2928 5488 Quod
2975 5415 3372 5472 Mardochanum

1801 5541 1818 5574 ι
1847 5539 1953 5578 non
1987 5523 2161 5590 latuit,
2191 5522 2482 5590 statimque
2517 5517 2784 5573 nuntiavit
2823 5515 3023 5588 regina:
3056 5513 3279 5576 Esther,
3317 5519 3372 5564 et

1796 5639 1813 5669 ‹
1864 5617 1953 5672 illa
1984 5618 2098 5690 regi
2129 5631 2195 5673 ex
2226 5615 2446 5672 nomine
2467 5612 2811 5680 Mardochaai,
2841 5610 2934 5681 qui
2959 5609 3029 5663 ad
3053 5622 3112 5664 se
3140 5621 3255 5661 rem
3283 5604 3376 5658 dc-

1795 5731 1812 5763 ‹
1862 5713 2074 5767 tulerat.
2117 5731 2134 5763 ι
2172 5709 2311 5777 Quid
2335 5724 2436 5779 per
2461 5710 2562 5764 hos
2593 5707 2727 5762 duos
2763 5703 3072 5766 eunuchos,
3107 5699 3196 5766 qui
3233 5698 3375 5766 jani-

1791 5811 1935 5858 tores
1962 5811 2120 5856 erant
2150 5802 2343 5857 domus
2377 5801 2534 5869 regite
2569 5807 2623 5854 et
2655 5799 2708 5852 in
2734 5796 2910 5866 primo
2960 5791 3150 5864 palatii
3189 5788 3374 5840 limine

1789 5894 2183 5964 praesidebant,
2225 5891 2331 5947 nisi
2374 5891 2576 5946 Seribm
2622 5897 2677 5942 et
2716 5885 2979 5942 Phariswi
3021 5881 3374 5951 designantur

2901 5981 2974 6040 21
