3882 6464
649 368 759 441 651'

1287 383 1348 437 Β.
1389 380 1641 436 MBANI
1678 380 1897 455 MAURI
1935 378 2258 437 ARCIIIEP.
2301 377 2613 436 MOGUNT.
2655 375 2942 437 OPEBUM
2981 375 3159 431 PARS
3193 376 3237 430 1.
3704 385 3755 434 {id

646 494 972 558 Iudaeorum,
997 502 1066 552 de
1090 496 1285 562 quibus
1309 490 1515 547 dictum
1542 500 1630 548 est
1656 492 1797 569 quod
1823 492 2085 549 habentes
2114 488 2225 545 cla-
2248 491 2303 553 Λ
2328 489 2419 561 qui
2465 489 2758 544 secundum
2800 488 3120 560 patientiam
3152 488 3281 544 boni
3321 502 3513 559 opem,
3544 492 3755 560 gloriam”

646 599 766 639 vem
792 581 1050 646 scientiae,
1076 597 1176 637 nec
1200 582 1299 653 ipsi
1331 583 1680 649 introierunt,
1711 598 1810 637 nec
1840 582 1974 636 alios
2002 581 2229 637 introire

642 672 1023 745 permiserunt.
1055 670 1120 727 Hi
1147 672 1403 733 volebant
1426 674 1709 746 insurgere
1741 676 1794 729 in
1835 688 2022 746 regem
2057 684 2112 731 et
2136 690 2228 739 oc-

642 764 823 819 cidere
847 778 969 819 eum
992 804 1006 829 ,
1037 764 1161 834 quia
1197 764 1299 837 ipsi
1339 766 1598 822 doctrinae
1632 776 1686 820 et
1728 765 2014 825 virtutibus
2043 763 2227 821 Salva-

641 853 775 909 toris
800 868 1014 926 semper
1045 852 1351 911 invidentes
1378 856 1794 923 insidiabantur,
1822 866 1874 912 et
1909 872 2033 912 cum
2068 856 2227 929 mini-

637 947 766 1003 stris
790 946 1050 1009 Romanae
1084 948 1372 1029 potestatis
1394 949 1773 1011 moliebantur
1800 951 2069 1020 qnomodo
2101 966 2224 1009 eum

639 1038 1025 1099 interﬁcerent.
1058 1038 1212 1096 Unde
1245 1040 1511 1113 scriptum
1542 1050 1633 1099 est
1665 1042 1720 1101 in
1748 1040 2042 1115 Evangelia
2080 1043 2224 1121 quod

641 1150 659 1182 ι
694 1131 956 1188 abeuntes
982 1130 1244 1191 Pharisaei
1280 1133 1566 1197 consilium
1600 1135 1827 1199 inierint
1870 1143 1928 1190 ut
1967 1146 2225 1207 caperent

634 1222 840 1303 eum‘in
864 1238 1140 1288 sermone,
1177 1232 1232 1279 et
1261 1225 1483 1282 mittunt
1518 1226 1567 1283 ei
1610 1224 1907 1297 discipqu
1934 1241 2072 1291 suos
2094 1210 2223 1289 eum

635 1313 957 1377 Herodianis
997 1314 1279 1373 dicentes:
1314 1316 1589 1391 Magister,
1634 1317 1833 1382 scimus
1877 1317 2003 1389 quia
2053 1335 2220 1377 verax

633 1418 725 1471 es,
762 1412 818 1463 et
846 1404 989 1461 viam
1013 1404 1109 1460 Dei
1157 1405 1211 1461 in
1258 1407 1489 1462 veritate
1534 1406 1724 1471 doces,
1772 1413 1827 1460 et
1860 1422 1971 1463 non
2008 1416 2092 1463 est
2123 1408 2222 1465 tibi

632 1512 763 1552 cura
788 1497 856 1554 de
877 1497 1092 1575 aliquo,
1127 1514 1232 1557 non
1270 1500 1415 1557 enim
1452 1501 1676 1572 respicis
1721 1514 2008 1571 personam
2040 1500 2219 1561 homi-

630 1605 781 1655 num,
807 1589 895 1647 die
917 1605 1048 1663 ergo
1084 1591 1257 1659 nobis,
1287 1592 1415 1673 quid
1448 1592 1541 1651 tibi
1570 1593 1814 1671 videtur;
1846 1593 1969 1648 licet
1992 1606 2216 1653 censum

626 1682 758 1761 dare
778 1680 980 1738 Caesari
1009 1698 1079 1739 an
1109 1683 1251 1741 non?
1279 1702 1297 1735 ι
1331 1683 1546 1756 (Matth.
1572 1683 1732 1757 χχιι.)
1754 1684 1819 1740 Ει
1841 1683 1965 1741 alibi
1998 1684 2212 1757 legitur,

625 1776 770 1844 quod
798 1793 817 1826 ι
853 1775 1189 1849 collegerunt
1214 1777 1502 1849 pontiﬁces
1524 1786 1579 1833 et
1607 1762 1868 1833 Pharismi
1898 1776 2208 1842 concilium,

626 1875 680 1923 ct
708 1867 995 1936 dicebant,
1026 1869 1157 1938 quid
1206 1867 1503 1925 faciemus?
1535 1869 1662 1940 quia
1711 1869 1800 1924 hic
1842 1870 2004 1929 homo
2041 1868 2210 1941 multa
2238 1881 2287 1949 Β
2386 1868 2504 1949 luit,

626 1960 778 2031 signa
802 1960 958 2028 facit,
984 1961 1029 2016 si
1061 1962 1383 2023 dimittimus
1411 1978 1535 2019 eum
1565 1962 1664 2028 sic,
1687 1977 1878 2019 omnes
1906 1962 2128 2019 credent
2158 1963 2213 2018 in

622 2068 768 2120 eum,
798 2060 853 2108 et
876 2052 1095 2113 venient
1120 2046 1354 2109 Romani
1380 2062 1438 2108 et
1470 2051 1659 2109 tollent
1685 2061 1929 2109 nostrum
1954 2051 2131 2108 locum
2156 2060 2212 2109 et

620 2151 837 2213 gentem
862 2139 1048 2215 (Joan.
1090 2140 1191 2213 an).
1222 2162 1241 2194 ι
1275 2141 1425 2198 Unde
1448 2147 1592 2213 'post
1624 2156 1798 2217 pauca
1826 2139 2206 2213 subiungitur:

625 2252 642 2285 ι
674 2233 757 2289 Ab
777 2233 868 2291 illo
894 2248 1028 2305 ergo
1055 2232 1141 2288 die
1182 2232 1561 2313 cogitaverunt
1594 2239 1654 2287 ut
1682 2232 2051 2299 interﬁcerent
2084 2247 2210 2288 eum

618 2324 830 2397 (Ibid.).
868 2345 886 2378 ι
914 2324 1027 2385 Has
1055 2324 1191 2382 duas
1216 2338 1480 2395 personas
1502 2324 1669 2380 lsaias
1694 2325 1957 2401 propheta
1990 2324 2045 2378 in
2071 2321 2208 2378 dua-

617 2416 719 2471 bus
748 2416 999 2475 domibus
1028 2423 1219 2481 notat,
1262 2415 1457 2485 quibus
1497 2413 1749 2469 Salvator
1790 2410 2107 2470 incarnatus
2153 2413 2210 2469 in

619 2506 850 2576 lapidem
881 2504 1198 2565 offensionis
1220 2513 1277 2559 et
1296 2505 1350 2559 in
1379 2514 1591 2576 petram
1622 2504 1863 2560 scandali
1890 2504 2070 2561 factus
2096 2513 2205 2571 est,

616 2606 672 2654 et
704 2597 759 2653 in
801 2598 1056 2669 laqueum
1101 2605 1157 2653 et
1202 2597 1416 2653 ruinam
1451 2596 1825 2659 habitantibus
1871 2596 2205 2664 Jerusalem,

618 2692 757 2749 unde
799 2690 1075 2751 offendent
1109 2706 1176 2749 ex
1211 2690 1292 2761 eis
1322 2689 1539 2762 plurimi
1578 2698 1637 2746 et
1681 2690 1905 2758 cadent,
1937 2699 1992 2745 et
2021 2697 2208 2746 conte-

616 2792 824 2851 rentur,
857 2793 913 2847 et
938 2784 1273 2851 irretientur,
1298 2792 1352 2839 et
1375 2785 1677 2857 capientur.
1715 2783 1923 2839 [lorum
1958 2798 2085 2857 ergo
2112 2799 2207 2838 eu-

610 2877 914 2943 nuchorum
945 2878 1244 2951 nequitiam
1269 2893 1572 2949 agnoscens
1596 2877 1966 2939 Mardochaeus
1992 2887 2201 2946 noster,

612 2970 726 3043 regi
753 2984 849 3045 per
872 2968 1071 3025 Esther
1097 2969 1316 3041 prodit,
1361 2969 1488 3041 quia
1518 2968 1736 3025 illorum
1772 2968 1924 3025 dolos
1950 2977 2003 3023 et
2027 2967 2206 3045 pravi-

614 3073 781 3120 tatem
812 3063 994 3123 cordis
1012 3063 1434 3137 praedicatorum
1457 3064 1590 3120 ordo
1614 3062 1883 3129 tidelibus,
1915 3064 2005 3133 qui
2031 3079 2205 3119 mem—

608 3156 708 3217 bra
737 3155 939 3219 Christi
971 3163 1127 3221 sunt,
1185 3156 1453 3235 cavendas
1490 3171 1612 3212 esse
1646 3155 1908 3212 ostendit.
1937 3155 2124 3212 Potest
2149 3164 2206 3212 et

2332 579 2627 645 honorem,
2653 585 2707 633 et
2745 578 3201 650 incorruptionem
3220 619 3235 644 ,
3275 586 3511 648 quaerunt
3535 580 3658 634 vitam
3678 593 3758 637 ater-

2287 701 2294 710 ι
2329 686 2486 738 nam;
2517 669 2602 725 his
2625 677 2807 725 autem
2838 670 2930 751 qui
2958 684 3022 725 ex
3060 668 3441 735 contentione,
3469 678 3516 725 et
3541 672 3609 740 qui
3631 688 3759 728 nona-

2329 762 2615 835 quiescunt
2638 762 2855 817 veritati
2877 803 2890 829 ,
2922 764 3151 823 credunt
3186 770 3370 817 autem
3404 761 3757 831 iniquitati,irau

2329 853 2646 926 indignatio.
2677 854 2980 911 Tribnlatio
3000 862 3052 909 et
3083 855 3333 927 angustia
3355 855 3410 909 in
3432 860 3755 913 omnemanima

2328 946 2602 1015 operantis
2630 946 2834 1003 malum
2856 946 3029 1019 (Rom.
3061 962 3077 1000 ι
3101 956 3146 1000 et
3169 944 3255 1018 ιι).
3295 966 3313 996 ι
3350 946 3423 1001 De
3447 950 3757 1018 quoetperlln-

2327 1036 2557 1095 chielem
2589 1036 2788 1092 dicitur
2821 1057 2832 1091 :
2869 1059 2884 1089 ι
2923 1037 3141 1095 Justitia
3173 1038 3310 1109 justi
3353 1055 3507 1111 super
3527 1044 3757 1097 eumen'ta

2327 1129 2576 1200 impietas
2606 1129 2758 1199 impii
2779 1129 2883 1184 erit
2906 1145 3070 1200 super
3097 1145 3240 1186 eum.
3276 1129 3469 1185 Anima
3493 1146 3592 1184 cum
3615 1147 3758 1201 peciare

2325 1223 2415 1293 rit,
2451 1223 2566 1293 ipsa
2596 1222 2859 1279 morietur
2893 1222 3112 1294 (Ezech.
3138 1224 3319 1295 xvm).
3360 1242 3377 1275 ι
3413 1224 3485 1278 De
3512 1239 3599 1294 quo
3628 1234 3663 1279 et
3689 1225 3757 1279 Pal

2324 1316 2481 1371 mista
2530 1316 2646 1386 pari
2689 1318 2849 1377 modo
2890 1324 3120 1372 testatur
3162 1317 3397 1373 dicens:
3434 1335 3453 1365 ι
3492 1314 3620 1371 Oculi
3644 1315 3756 1372 Danai

2322 1423 2484 1483 super
2510 1408 2704 1481 justos,
2732 1416 2787 1463 et
2822 1424 2983 1464 aures
3013 1407 3129 1478 ejus
3158 1410 3224 1465 ad
3250 1423 3444 1481 preces
3471 1423 3647 1475 eorum,
3667 1409 3756 1462 va.

2322 1508 2500 1554 autem
2514 1499 2728 1557 Domini
2749 1515 2911 1575 super
2926 1499 3185 1557 facientes
3204 1500 3372 1567 mala,
3385 1508 3445 1555 ut
3464 1501 3621 1571 perdat
3635 1500 3755 1555 deter.

2322 1591 2639 1649 memoriam
2674 1607 2861 1651 eorum
2890 1590 3063 1663 (Psal.
3090 1593 3311 1665 xxxm).
3349 1614 3368 1646 ι

2915 1706 3143 1767 CAPUT
3206 1708 3297 1765 Vl.

2315 1799 2520 1863 Aman,
2536 1816 2651 1925 fro
2676 1817 2736 1855 eo
2772 1800 2909 1873 quod
2949 1799 3100 1857 illum
3137 1798 3503 1854 Martiae/tarus
3538 1797 3754 1851 adorans

2386 1868 2504 1925 luit.
2576 1870 2845 1924 udmorum
2870 1888 3027 1925 aeuus
3056 1870 3175 1923 odio
3206 1870 3425 1925 habent.
3454 1870 3515 1921 ad
3542 1884 3664 1925 ream
3678 1883 3753 1919 aa:-

2576 1870 2845 1943 uda'orum
2869 1888 3027 1943 genus
3056 1870 3175 1923 odio
3206 1870 3425 1943 habens,
3454 1870 3519 1943 ad
3542 1883 3753 1943 regenera-

2388 1941 2540 2005 sltvit,
2573 1957 2703 2011 quos
2726 1941 2817 1994 ifle
2845 1938 3114 1995 universos
3134 1957 3248 1995 uno
3280 1941 3370 1994 die
3387 1939 3536 2009 jussit
3562 1938 3721 2004 interﬁci.

2395 2072 2412 2103 ‹
2452 2050 2587 2115 Post
2622 2051 2736 2106 haec
2774 2067 2868 2108 rex
2900 2050 3167 2107 Assuerus
3196 2049 3460 2107 exaltavit
3494 2046 3752 2112 Ammius

2319 2163 2338 2196 ι
2378 2143 2688 2213 Amadathi,
2707 2145 2798 2216 qui
2821 2153 2938 2198 erat
2959 2145 3024 2199 de
3047 2144 3217 2231 stirpe
3238 2143 3411 2214 Agag,
3430 2138 3749 2231 et

2317 2256 2335 2290 ι
2382 2236 2500 2309 ejus
2525 2251 2691 2315 super
2717 2251 2905 2291 omnes
2930 2229 3204 2311 principes
3234 2250 3376 2306 quos
3400 2233 3617 2289 habebat.
3638 2229 3751 2284 Curi

2318 2349 2336 2382 ι
2384 2345 2491 2403 que
2518 2331 2660 2391 servi
2693 2329 2837 2403 regis
2859 2329 2951 2399 qui
2983 2330 3037 2384 in
3068 2328 3279 2384 foribus
3320 2327 3499 2399 palatii
3536 2323 3750 2380 versatum"

2315 2442 2334 2477 ι
2380 2422 2669 2481 ﬂectebant
2692 2437 2889 2501 genua,
2915 2430 2971 2477 et
2993 2422 3295 2479 adorabant
3316 2421 3484 2476 Aman
3506 2435 3519 2473 :
3540 2420 3601 2474 sic
3619 2416 3749 2471 animus

2294 2506 2335 2570 γ.
2380 2524 2718 2595 praeceperat
2770 2516 3111 2586 imperator;
3172 2516 3327 2571 solus
3378 2513 3748 2570 Mardocbzusm

2314 2628 2333 2661 ι
2376 2608 2627 2665 ﬂectebat
2656 2623 2829 2680 genu,
2872 2623 3048 2679 neque
3093 2610 3362 2665 adorabat
3404 2623 3535 2663 eum.
3567 2603 3748 2671 ιριιὶόμη

2306 2700 2480 2759 Aman
2513 2702 2837 2772 superbum,
2873 2702 2975 2757 nisi
3011 2702 3180 2756 fastus
3208 2711 3486 2772 potentum
3514 2698 3637 2767 hujus
3658 2696 3739 2749 sua

2305 2792 2648 2864 exprimitur,
2677 2791 2767 2861 qui
2796 2791 3077 2847 beneﬁciis
3102 2792 3289 2847 divina
3327 2793 3519 2863 pietate
3543 2790 3619 2844 sibi
3637 2784 3744 2841 collati

2305 2886 2620 2951 abutentes,
2655 2884 2933 2961 proximos
2976 2900 3135 2953 suos,
3185 2899 3327 2955 quos
3369 2892 3613 2941 consortes
3644 2878 3745 2931 MM

2305 2987 2542 3044 naturae,
2570 2978 2747 3033 socios
2786 2977 2973 3048 gratiae
2999 2977 3222 3035 :habere
3261 2977 3566 3049 despiciunt.
3588 2968 3743 3028 Undat»

2306 3088 2497 3128 norem
2549 3087 2613 3127 ac
2652 3071 3047 3137 reverentiam,
3098 3086 3261 3142 quam
3307 3071 3408 3128 soli
3434 3072 3531 3126 Deo
3565 3066 3743 3138 imperim

2295 3162 2441 3233 ius“!
2487 3163 2817 3230 debuerant,
2864 3165 2917 3219 in
2960 3178 3021 3221 se
3048 3165 3302 3234 nequiter
3343 3162 3604 3227 transferre
3624 3168 3738 3214 rem

607 3247 664 3303 in
709 3248 840 3320 ipsis
884 3248 1095 3309 duobus
1136 3249 1405 3311 eunuchis
1447 3263 1681 3331 persona
1729 3250 2109 3305 haereticorum
2148 3246 2274 3315 etC
2307 3257 2467 3323 dunt;
2491 3271 2585 3311 eos
2615 3263 2793 3311 autem
2819 3255 2909 3335 qui
2934 3256 3038 3311 hoc
3066 3269 3230 3328 agere
3258 3262 3423 3325 atque
3463 3249 3739 3309 consentirem

606 3339 1090 3416 schismaticorum
1140 3338 1345 3418 accipi,
1387 3325 1479 3417 qui
1526 3338 1733 3395 fraudis
1773 3348 1934 3411 atque
1979 3339 2200 3395 malitim

610 3445 876 3491 venenum
922 3431 1090 3489 corde
1130 3438 1409 3507 gestantes
1430 3470 1445 3497 ,
1492 3431 1754 3489 adversus
1781 3430 2067 3486 veritatem
2096 3429 2200 3485 ini-

604 3537 717 3595 qua
739 3522 971 3579 consilia
994 3521 1187 3587 sedulo
1216 3529 1560 3589 construunt,
1588 3522 1823 3593 qualiter
1853 3537 1975 3578 eam
2008 3537 2037 3576 a
2077 3538 2197 3577 cor-

606 3615 765 3673 dibus
785 3615 1125 3677 credentium
1160 3614 1433 3689 aufqant,
1458 3624 1512 3673 et
1533 3614 1833 3684 Christum,
1862 3604 1961 3687 qui
1980 3625 2064 3673 est
2084 3617 2195 3672 vita

610 3708 876 3779 ﬁdelium,
899 3709 1297 3781 quodammodo
1321 3708 1375 3764 in
1395 3708 1474 3767 eis
1496 3696 1824 3765 interﬁciant
1844 3727 1856 3762 :
1882 3709 1976 3765 sed
1996 3708 2193 3764 borum

606 3798 956 3873 iniquitatem
980 3799 1159 3859 sancti
1184 3799 1440 3863 doctores
1482 3799 1921 3864 manifestantes,
1954 3798 2194 3855 latebras

603 3904 855 3951 errorum
877 3874 1094 3949 illorum
1126 3890 1186 3949 in
1209 3880 1385 3947 lucem
1409 3889 1745 3971 producunt,
1770 3889 2192 3949 demonstrando

603 3984 876 4059 quomodo
939 3984 1259 4045 innocentes
1308 3998 1409 4057 per
1470 3983 1561 4037 Dei
1617 3982 1877 4039 indicium
1935 3999 1963 4039 a
2014 3992 2191 4041 morte

603 4076 801 4137 animae
824 4084 1107 4143 eruantur,
1140 4076 1288 4132 noxii
1314 4076 1465 4149 justa
1493 4074 1701 4132 ultione
1738 4076 2059 4149 puniantur,
2086 4080 2187 4153 be-

600 4183 781 4240 neque
800 4169 985 4227 meriti
1010 4170 1277 4244 condigna
1300 4169 1550 4227 mercede
1574 4179 2011 4227 remunerentur.
2033 4170 2189 4229 Unde

601 4262 972 4337 subjungitur.

677 4395 697 4430 ι
738 4375 1034 4444 Quaesitum
1077 4383 1197 4442 est,
1244 4383 1303 4441 et
1345 4374 1626 4447 inventum
1668 4382 1782 4441 est,
1829 4384 1887 4432 et
1914 4389 2187 4453 appensus

602 4488 625 4523 ι
666 4476 895 4541 uterque
925 4468 980 4523 in
1000 4465 1263 4537 patibulo,
1293 4474 1348 4523 et
1373 4465 1539 4537 jussit
1581 4481 1679 4529 rex
1721 4474 1783 4541 ut
1824 4467 1880 4527 in
1912 4466 2052 4525 libro
2072 4484 2186 4535 me-

604 4578 624 4612 ι
670 4558 884 4621 moriali
907 4558 1256 4623 scriberetur,
1278 4556 1345 4611 ht
1366 4571 1468 4630 pro
1492 4555 1604 4619 vita
1632 4571 1731 4633 sua
1764 4556 1972 4628 aliquid
1996 4573 2185 4630 repen-

2304 3346 2453 3415 lunt,
2493 3346 2633 3401 odiis
2686 3348 3041 3413 insectantur,
3087 3346 3424 3403 cruciatibus
3469 3348 3737 3417 persequi”

2303 3446 2466 3511 atque
2493 3437 2656 3493 morti
2683 3439 2900 3493 tradere
2929 3446 3215 3492 conantur.
3242 3433 3357 3491 Sed
3387 3420 3611 3509 supernus
3632 3427 3738 3497 just.

2306 3548 2325 3585 ι
2365 3528 2456 3599 qui
2482 3529 2707 3585 humilia
2735 3532 2975 3605 respicit,
3004 3540 3060 3587 et
3089 3531 3196 3585 alta
3220 3545 3254 3587 a
3285 3529 3442 3602 longe
3461 3523 3681 3601 ωςιιοςάις
3695 3534 3736 3588 il-

2300 3624 2451 3681 novit
2476 3624 2839 3699 decipientem
2879 3633 2937 3681 et
2978 3641 3103 3682 eum
3147 3624 3241 3698 qui
3284 3624 3553 3695 decipitur,
3589 3612 3737 3674 comm

2298 3712 2543 3773 dolorem
2571 3718 2884 3790 iniquorum
2913 3719 2969 3774 in
2997 3725 3163 3792 caput
3186 3732 3404 3785 eorum,
3430 3726 3479 3771 et
3512 3715 3558 3770 in
3589 3710 3734 3766 redicat

2298 3820 2486 3867 eorum
2522 3810 2783 3885 iniquitas
2802 3826 2991 3867 eorum
3020 3811 3323 3875 descendit.
3348 3809 3405 3873 in
3427 3808 3604 3873 insidiis
3618 3810 3735 3865 suist?

2274 3894 2515 3985 'pientur
2552 3902 2726 3974 iniqui
2758 3922 2770 3956 :
2794 3901 2978 3973 justus
3018 3911 3083 3966 de
3111 3911 3363 3983 angustia
3401 3923 3489 3965 sua
3526 3899 3733 3960 liberali?”-
3778 3952 3779 3973 η

2295 3999 2351 4045 et
2374 3993 2621 4049 tradetur
2648 3994 2851 4069 impius
2872 4016 2971 4071 pro
2998 4017 3063 4059 eo
3092 4001 3267 4075 (Psal.
3294 4000 3443 4074 cxu).
3477 4019 3494 4053 ι

2364 4082 2550 4141 Potest
2576 4093 2633 4141 et
2660 4101 2751 4155 mi
2796 4091 2971 4149 Aman
3018 4093 3182 4151 istum
3209 4092 3486 4166 Agagiten,
3519 4099 3636 4160 quem
3658 4079 3732 4133 λων

2288 4175 2433 4253 Ριιιιε
2457 4175 2524 4231 de
2554 4177 2727 4254 stirpe
2765 4182 2988 4240 Amalec
3018 4200 3140 4241 esse
3182 4184 3388 4240 editum
3419 4187 3592 4242 narrat.
3616 4172 3729 4227 ³υῶ

2288 4262 2414 4325 tum
2442 4275 2678 4348 populus
2697 4276 3147 4348 sanguinolentus
3172 4277 3428 4349 ﬁgurari,
3462 4273 3539 4347 qui
3560 4265 3729 4343 ριὀφδδδ

2290 4367 2640 4443 occiderunt,
2684 4380 2741 4428 et
2774 4372 2958 4447 ipsum
2986 4371 3276 4428 Dominum
3307 4369 3631 4444 prophetarum
3648 4366 3727 4451 ait?

2293 4465 2567 4538 apostolos
2589 4464 2705 4536 ejus
2735 4465 3043 4522 interﬁcere
3068 4481 3176 4521 non
3201 4465 3484 4522 timuerunt
3504 4480 3513 4514 :
3533 4456 3727 4530 quin

2293 4557 2628 4613 nobilitatem
2649 4564 2871 4629 propter
2900 4556 3333 4613 incredulitatem
3367 4563 3419 4609 et
3444 4547 3727 4608 duritiamw'

605 4669 625 4703 ι
668 4659 817 4705 saret
842 4650 914 4716 ei,
941 4649 1364 4720 mandatumque
1392 4656 1477 4705 est
1504 4632 1749 4705 historiis
1768 4690 1784 4716 ,
1814 4659 1871 4705 et
1892 4632 2185 4735 annalibus
2212 4637 2264 4698 θ
2292 4650 2359 4705 tis
2385 4665 2495 4705 suae
2526 4649 2839 4720 perdentes,
2872 4664 2972 4729 per
2999 4649 3191 4706 Isaiam
3220 4648 3480 4721 principes

603 4761 623 4796 ι
670 4741 928 4797 traditum
976 4755 1163 4797 coram
1209 4755 1356 4812 rege.
1404 4759 1424 4794 ι
1461 4738 1611 4801 Libri
1660 4754 1790 4811 ergo
1845 4742 2191 4802 memoriaies

592 4839 727 4893 sunt
757 4831 1039 4895 volumina
1086 4831 1319 4899 duorum
1363 4824 1871 4901 Testamentorum,
1897 4832 1952 4887 in
1989 4836 2189 4913 quibus

595 4939 718 4996 qua:
739 4922 904 4993 iustis
929 4938 1030 4995 pro
1052 4922 1211 4979 bonis
1242 4921 1456 4980 actibus
1480 4922 1736 4993 praemia,
1759 4929 1814 4981 et
1839 4936 1961 4994 qua
1989 4924 2188 4996 iniquis

592 5031 695 5087 pro
715 5016 957 5088 peccatis
976 5029 1150 5085 pana:
1172 5016 1229 5083 in
1250 5014 1435 5072 futuro
1461 5023 1740 5082 maneant,
1757 5030 2187 5083 commemoran-

595 5117 704 5164 tur.
730 5106 887 5171 Unde
902 5106 1176 5178 scriptum
1204 5115 1292 5165 est
1316 5107 1369 5162 in
1394 5105 1726 5179 Evangelio:
1762 5125 1780 5160 ‹
1815 5106 1984 5165 Filius
2010 5108 2183 5164 homi-

596 5199 681 5254 nis
707 5205 974 5262 venturus
1002 5207 1091 5264 est
1120 5199 1178 5265 in
1200 5199 1377 5272 gloria
1401 5198 1579 5255 Patris
1604 5199 1720 5271 sui,
1751 5208 1807 5259 et
1836 5208 1963 5257 tunc
1993 5202 2184 5259 reddet

595 5290 892 5361 unicuique
941 5291 1239 5359 mundun
1280 5303 1446 5361 opera
1491 5304 1588 5345 sua
1631 5288 1846 5362 (Matth.
1885 5296 2018 5363 xvr).
2065 5312 2082 5344 ι
2113 5292 2181 5348 Ει

597 5382 729 5437 item
754 5399 768 5436 :
796 5398 818 5434 ι
853 5382 1033 5448 Ibunt,
1058 5381 1259 5459 inquit,
1286 5380 1440 5451 impii
1466 5372 1521 5436 in
1546 5381 1869 5453 supplicium
1891 5392 2175 5451 aeternum,

592 5472 723 5544 justi
762 5481 944 5537 autem
983 5473 1041 5527 in
1077 5472 1245 5541 vitam
1273 5483 1531 5533 aeternam
1556 5471 1771 5546 (Matth.
1801 5472 1950 5546 xxv).
1982 5493 2001 5527 ι
2039 5473 2177 5532 Hinc

594 5566 858 5625 «Paulus
874 5563 1233 5621 adRomanos
1253 5564 1497 5621 scribens
1527 5566 1603 5619 ait
1625 5581 1638 5619 :
1670 5582 1689 5615 ‹
1717 5564 2013 5620 Revelatur
2030 5568 2175 5622 enim

598 5661 678 5717 ira
702 5660 798 5714 Dei
830 5672 992 5728 super
1019 5669 1236 5713 omnem
1277 5655 1609 5724 impietatem
1638 5664 1693 5711 et
1730 5656 2049 5727 injustitiam
2078 5660 2177 5713 ho-

597 5751 825 5812 minum,
859 5747 953 5816 qui
986 5745 1269 5802 veritatem
1300 5745 1470 5800 in“Dei
1502 5746 1763 5816 injustitia
1788 5747 2051 5814 detinent,
2081 5750 2173 5818 qui

597 5845 785 5903 reddet
815 5841 1102 5910 unicuique
1133 5840 1422 5896 secundum
1451 5856 1615 5909 Opera
1655 5841 1801 5911 ejus;
1837 5841 1919 5895 his
1952 5840 2168 5909 quidem

2291 4749 2345 4797 et
2378 4740 2609 4814 populus
2635 4740 2985 4808 Gomorrbze,
3033 4741 3283 4813 appellati
3330 4746 3480 4801 sunt,
3519 4729 3656 4805 quibus
3677 4729 3723 4790 μ’

2290 4830 2633 4889 Ezechielem
2681 4834 2915 4889 dicitur:
2952 4852 2972 4885 ι
3002 4832 3163 4889 Pater
3211 4842 3334 4889 tuus
3377 4824 3669 4886 Amorrheos.
3698 4817 3722 4857 δ

2289 4932 2463 4980 mater
2490 4932 2584 4981 tua
2610 4922 2811 4981 Cethea
2842 4925 3061 4998 (Ezech.
3106 4923 3238 4996 xvr).
3269 4922 3337 4979 Hi
3374 4936 3490 4992 ergo
3513 4910 3718 4972 conlegi"S

2287 5014 2493 5072 Christi
2518 5018 2673 5088 quasi
2711 5018 2897 5072 hostes
2921 5016 3054 5093 legis
3079 5016 3173 5070 Dei
3213 5015 3520 5070 existimant.
3544 5002 3717 5063 υιιόευω

2289 5104 2344 5161 in
2387 5106 2562 5162 solum
2610 5106 3037 5177 Mardochaeum,
3087 5107 3191 5162 hoc
3228 5116 3341 5175 est,
3378 5105 3430 5160 in
3470 5094 3711 5174 praeditam

2285 5193 2599 5268 Evangelii,
2630 5197 2729 5252 sed
2757 5196 2922 5257 etiam
2955 5196 3006 5252 in
3036 5212 3253 5253 omnem
3298 5196 3489 5270 plebem
3519 5178 3713 5244 catholic1m
3768 5180 3769 5195 ‘

2285 5300 2478 5344 manus
2504 5287 2746 5362 injicere,
2773 5298 2935 5361 atque
2969 5291 3033 5347 de
3056 5291 3311 5365 praesenti
3343 5290 3445 5347 vita
3482 5273 3711 5367 extenti?“

2282 5361 2581 5451 festinanti,
2632 5384 2726 5437 sed
2772 5391 3001 5437 mortem
3054 5361 3162 5459 qua
3208 5382 3445 5439 innoxios
3478 5361 3711 5459 ιθωρρηωίῗτ
3766 5364 3767 5439 l

2283 5473 2547 5529 mulctare
2583 5474 3053 5540 machinabantur,
3074 5454 3186 5545 ipsi
3212 5473 3409 5529 meritis
3437 5467 3528 5524 suis
3558 5454 3708 5545 8”???”
3764 5498 3765 5545 ;

2280 5567 2402 5632 bus,
2425 5567 2571 5637 justo
2593 5565 2778 5637 judice
2810 5543 3163 5634 retribuente,
3195 5568 3309 5623 sine
3338 5566 3433 5621 ﬁne
3464 5563 3507 5617 in
3537 5543 3708 5611 anin

2282 5656 2393 5710 suis
2420 5657 2690 5711 sustinere
2719 5665 3004 5727 coguntur.

2356 5767 2373 5797 ι
2412 5748 2665 5819 Dixitque
2708 5749 2878 5803 Aman
2923 5749 3031 5821 regi
3062 5749 3332 5805 Assuero:
3364 5748 3445 5801 Est
3476 5731 3636 5812 ροριιΙιιε
3652 5730 3701 5790 Ρἒῐ

2281 5856 2468 5895 omnes
2495 5843 2803 5911 provincias
2848 5842 3152 5913 dispersus,
3176 5854 3230 5897 et
3254 5859 3281 5897 a
3308 5858 3361 5898 se
3395 5842 3543 5894 mqu
3568 5826 3701 5890 βάνθ’
