3882 6466
60 396 219 459 653

72 606 256 678 regis
280 602 420 660 scita
458 609 830 659 contemnens.
862 601 932 658 Et
973 602 1174 672 optime
1213 601 1358 659 nosti
1399 601 1545 672 quod
1583 614 1696 657 non

70 697 363 771 expediat
402 710 571 769 regno
619 703 710 752 tuo
741 703 801 752 ut
842 694 1137 761 insolescat
1171 709 1271 768 per
1310 696 1612 753 licentiam.
1640 693 1703 751 Si

76 790 209 847 tibi
236 789 434 862 placet,
457 788 694 847 decerno
719 795 778 843 ut
797 795 1010 860 pereat,
1042 796 1098 844 et
1120 788 1307 847 decem
1338 788 1506 844 millia
1534 788 1703 845 talen-

75 891 292 939 torum
327 880 629 953 appendam
655 879 885 937 arcariis
906 895 1062 950 gazae
1084 889 1211 937 tuae.
1238 880 1383 937 Tulit
1426 896 1558 954 ergo
1604 896 1699 938 rex

77 974 374 1030 annulum
400 987 510 1044 quo
543 972 801 1029 utebatur
826 973 895 1029 de
931 988 1098 1031 manu
1126 988 1256 1039 sua,
1285 983 1342 1030 et
1380 974 1531 1032 dedit
1576 990 1703 1031 eum

76 1066 288 1123 Aman
311 1064 421 1121 ﬁlio
446 1062 738 1129 Amadathi
754 1066 826 1123 de
849 1067 1110 1137 progenie
1131 1067 1301 1139 Agag,
1321 1069 1469 1124 hosti
1488 1067 1704 1125 Iudaeo-

77 1175 254 1229 rum,
297 1159 541 1230 dixitque
569 1159 638 1216 ad
668 1172 794 1217 eum
823 1160 1160 1233 :Argentum
1206 1164 1351 1232 quod
1394 1162 1700 1233 podiceris,

82 1260 266 1307 tuum
315 1250 416 1321 sit;
458 1251 526 1307 de
570 1251 771 1323 populo
801 1266 899 1324 ne
922 1255 1073 1323 quod
1104 1255 1205 1311 tibi
1240 1256 1440 1325 placet.
1478 1275 1499 1308 ι
1530 1256 1705 1311 Aman

78 1359 245 1415 ergo
280 1343 469 1401 decem
516 1342 847 1405 talentorum
868 1347 1161 1416 pecuniam
1200 1349 1525 1419 promittens
1553 1351 1663 1422 regi
1687 1391 1702 1417 ,

82 1436 422 1499 Judteorum
450 1446 683 1495 mortem
718 1440 1020 1510 expetivit:
1046 1441 1125 1496 sic
1159 1451 1217 1497 et
1251 1440 1509 1499 Iudaicus
1533 1458 1706 1514 popu—

82 1531 214 1599 lus,
244 1532 450 1589 carnali
496 1532 858 1590 observandis:
890 1537 1342 1591 caeremoniarum
1378 1537 1513 1610 legis
1551 1538 1705 1594 dedi-

86 1629 196 1677 tus
215 1662 233 1689 ,
266 1621 436 1678 Deum
483 1636 546 1678 se
586 1636 684 1693 per
718 1623 830 1683 hoc
862 1624 1087 1695 placare
1118 1627 1388 1683 credendo
1408 1669 1423 1694 ,
1454 1644 1708 1685 verorum

1177 392 1542 455 EXPOSITIO
1574 393 1644 452 1N
1678 393 1941 451 LIBRUM
1978 391 2278 451 ESTHER.

70 521 223 582 tus,
247 508 404 569 novis
427 512 586 567 utens
623 509 836 582 iegibus
872 517 929 566 et
972 510 1345 576 ceremoniis,
1389 510 1614 581 insuper
1643 514 1701 564 et
1726 512 1782 573 Α

3280 397 3385 458 ὕει

2412 504 2643 565 CAPUT
2681 506 2791 565 VII.

1802 615 1962 693 Quod
1987 619 2317 693 comp_eri_e_ns_
2334 617 2709 676 Hardochams
2728 637 2881 677 sacco
2903 622 3121 679 indutus
3149 632 3245 693 est,
3287 628 3383 681 mi-

1875 689 2043 760 sitque
2082 688 2410 766 assem,
2448 701 2505 746 ut
2541 693 2684 762 apud
2727 696 2897 765 regem
2938 710 3034 766 pro
3079 688 3394 754 ludicrarum

1874 758 1998 817 nece
2025 758 2360 831 supplicaret.

1884 887 1923 921 ι.
1944 868 2080 938 Qus
2121 884 2247 927 cum
2282 870 2525 928 audisset
2566 871 2980 943 Iardoehaeus,
3027 878 3188 934 scidit
3230 878 3403 937 veli-

1809 981 1832 1019 ι
1872 971 2221 1030 montosus,
2250 972 2309 1019 et
2336 964 2560 1023 indutus
2586 975 2674 1022 est
2706 982 2898 1035 sacco,
2944 985 3209 1042 spargens
3250 973 3403 1032 eine-

1800 1076 1833 1111 λ
1879 1074 1995 1117 rem
2012 1058 2214 1128 capiti,
2238 1066 2298 1115 et
2324 1060 2381 1115 in
2409 1059 2591 1130 platea
2627 1062 2820 1118 mediae
2858 1064 3102 1122 civitatis
3124 1081 3259 1124 voce
3283 1082 3402 1124 ma—
3464 1126 3475 1139 ,

1800 1168 1834 1207 Α
1880 1165 1987 1221 gna
2014 1150 2305 1215 clunabat,
2332 1153 2629 1209 ostendens
2655 1154 3078 1212 amaritudinem
3099 1159 3266 1214 animi
3292 1160 3401 1228 sui,

1812 1260 1834 1295 ι
1878 1249 1934 1297 ω
1959 1242 2064 1298 hoc
2088 1240 2290 1311 eiulatu
2320 1257 2493 1313 usque
2511 1245 2581 1300 ad
2609 1244 2757 1301 fores
2776 1246 2962 1317 palatii
2985 1248 3258 1317 gradiens.
3284 1249 3404 1306 Non

1814 1351 1835 1387 ι
1880 1335 2029 1391 enim
2050 1344 2178 1391 erat
2200 1337 2413 1393 licitum
2438 1337 2687 1392 indutum
2717 1352 2877 1395 sacco
2924 1337 3104 1394 aulam
3141 1341 3285 1413 regis
3323 1342 3407 1397 in—

1810 1448 1835 1481 ι
1885 1436 2052 1496 trare,
2082 1450 2105 1483 ο
2142 1431 2515 1487 etc.‘Audiens
2556 1431 2932 1519 Mardochmus
2965 1448 3157 1489 necem
3193 1433 3407 1492 Judaeu-

1805 1536 1937 1576 rum
1974 1521 2349 1593 imperialibus
2392 1522 2632 1579 decretis
2666 1523 2993 1580 destitutam
3020 1566 3035 1592 ,
3084 1525 3406 1597 lugubribus

1810 1630 1873 1672 se
1912 1617 2093 1672 induit
2132 1617 2512 1685 vestimentis,
2546 1627 2605 1675 et
2634 1619 2688 1674 in
2720 1620 3091 1676 amaritudine
3122 1622 3295 1677 animi
3314 1629 3409 1678 at-

84 1713 316 1772 Ωιιτωὶ
343 1714 738 1781 confessorum,
760 1718 852 1787 qui
881 1719 1180 1774 secundum
1210 1719 1593 1792 Evangelicaln
1608 1721 1709 1778 do-

1836 1725 1921 1780 [ue
1967 1708 2172 1778 eiulatu
2210 1711 2361 1767 vocis
2401 1726 2574 1782 usque
2608 1712 2677 1766 ad
2707 1711 2854 1767 fores
2900 1712 3086 1782 palatii
3133 1713 3412 1786 progredi-

87 1810 350 1867 ctrinam
396 1810 679 1881 spirituale
706 1812 822 1868 Deo
847 1812 1137 1869 servitium
1179 1813 1532 1880 exhibebant,
1566 1830 1711 1869 mor-

1836 1817 1935 1868 ,ur;
1962 1817 2089 1858 cum
2138 1803 2386 1874 magistri
2439 1804 2699 1861 Ecclesia:
2718 1845 2733 1870 ,
2785 1805 2970 1860 audita
3022 1806 3410 1875 persecutione

92 1912 222 1960 tem
248 1904 544 1961 meditatus
573 1912 677 1961 est.
704 1904 861 1961 Unde
890 1906 1037 1962 sicut
1065 1905 1241 1962 Aman
1277 1906 1537 1977 epistolas
1572 1906 1709 1962 diri-
1728 1886 1785 1951 Β
1811 1896 2121 1968 principum
2153 1906 2315 1954 terra;
2341 1913 2505 1969 quam
2536 1900 2921 1956 innocentibus
2954 1899 3157 1957 Christi
3190 1899 3413 1958 famulis

89 2012 247 2070 gens
276 1998 422 2068 regis
440 1997 720 2069 signaculo
747 2013 842 2053 eas
880 1997 1097 2054 munire
1137 1997 1395 2064 curabat,
1438 2007 1708 2068 quatenus

87 2089 340 2158 ρει-ωε
366 2088 582 2145 facilius
623 2097 808 2145 votu
855 2105 1013 2144 suum
1054 2088 1329 2159 expleret,
1376 2090 1449 2143 ita
1481 2089 1708 2159 perﬁdia

90 2180 424 2237 Judmorum
449 2180 618 2237 libros
643 2181 838 2236 divinm
868 2179 1004 2252 legis
1022 2221 1035 2246 ,
1068 2181 1124 2235 in
1151 2180 1348 2251 quibus
1369 2180 1709 2251 signaculum

88 2274 312 2330 summi
342 2275 487 2347 regis
516 2287 833 2345 expressum
861 2282 963 2338 est,
988 2274 1093 2329 hoc
1121 2281 1237 2341 est,
1268 2273 1505 2344 Spiritus
1534 2274 1710 2330 sancti

93 2371 289 2443 gratia
324 2369 677 2427 manifestata
719 2378 824 2436 est,
865 2371 931 2425 ad
972 2369 1427 2440 comprobandam
1458 2369 1711 2425 haeresim

93 2478 270 2518 suam
301 2464 353 2517 in
386 2463 758 2519 testimonium
788 2477 896 2517 non
922 2470 1073 2518 recte
1109 2475 1424 2529 assumens,
1472 2462 1712 2533 gentium

94 2557 526 2613 conversionem
556 2555 624 2611 ad
654 2557 974 2611 societatem
997 2555 1276 2626 religionis
1301 2554 1598 2627 reprobare
1628 2556 1714 2611 ni-

98 2652 350 2715 tebatur,
385 2658 441 2705 et
468 2647 669 2705 Christi
695 2647 1046 2720 Evangelium
1078 2648 1236 2718 quasi
1265 2647 1604 2703 contrarium
1636 2646 1715 2702 di-

96 2741 259 2796 vinis
285 2740 573 2811 praeceptis
596 2741 987 2796 condemnare.

180 2862 299 2930 Nec
322 2873 487 2933 etiam
511 2873 643 2929 illud
673 2873 793 2927 sine
834 2873 1100 2944 mysterio
1140 2880 1224 2929 est
1266 2871 1411 2943 quod
1450 2870 1715 2931 duodeci-

101 2982 238 3023 mus
271 2966 476 3021 mensis
505 2965 655 3030 anni,
695 2965 788 3034 qui
826 2972 1050 3019 vocatur
1078 2964 1246 3031 Adar,
1287 2962 1355 3019 ad
1386 2961 1719 3019 interfectio-

102 3072 240 3111 nem
261 3056 427 3112 lsrael
447 3063 593 3111 sorle
621 3055 911 3127 deputatus
938 3066 1050 3122 est;
1081 3056 1175 3111 sed
1199 3054 1253 3111 id
1277 3054 1551 3127 signiﬁcat
1576 3055 1718 3124 quod

107 3147 322 3205 Christi
356 3147 548 3217 gratia,
580 3163 701 3221 qua:
730 3148 786 3202 in
826 3149 1162 3219 plenitudine
1194 3156 1503 3219 temporum
1550 3147 1722 3206 ﬁdeli-

108 3241 222 3296 bus
247 3239 539 3295 commissa
560 3248 666 3306 est,
690 3240 1124 3311 persecutionem
1153 3239 1387 3295 validam
1408 3239 1722 3295 novissimis
1742 3262 1796 3325 Ε

111 3331 461 3406 temporibus
480 3332 540 3387 in
567 3333 769 3390 mundo
794 3349 890 3404 per
912 3333 1099 3388 ﬁdeles
1125 3347 1353 3403 passura
1378 3341 1480 3388 est.
1510 3333 1585 3391 De
1613 3348 1722 3404 quo

114 3437 179 3483 et
210 3427 403 3483 doctor
421 3427 659 3498 gentium
687 3427 755 3482 ad
777 3426 1125 3483 Timotheum
1149 3426 1396 3483 scribens
1418 3426 1491 3482 ait
1517 3444 1530 3483 :
1561 3445 1579 3477 ‹
1608 3425 1724 3482 Hoc

114 3528 312 3576 autem
343 3520 480 3577 scito
509 3522 649 3591 quod
673 3521 727 3575 in
751 3521 1062 3579 novissimis
1089 3520 1425 3591 temporibus
1447 3521 1725 3577 instabunt

118 3622 375 3683 tempora
402 3612 733 3685 periculosa,
759 3622 815 3669 et
836 3621 996 3677 erunt
1022 3614 1275 3675 homines
1302 3613 1514 3685 seipsos
1539 3628 1725 3669 aman-

122 3714 210 3763 tes
230 3747 245 3773 ,
277 3706 497 3778 cupidi,
530 3707 689 3775 elati,
743 3706 988 3779 superbi,
1038 3706 1376 3778 blasphemi,
1406 3707 1726 3778 parentibus

124 3787 525 3867 inobedientes,
554 3801 791 3871 ingrati,
830 3800 1046 3858 scelesti
1065 3842 1081 3869 ,
1102 3801 1224 3859 sine
1249 3799 1541 3859 affectione
1560 3842 1575 3867 ,
1606 3802 1727 3859 sine

123 3905 283 3961 pace,
310 3891 717 3959 criminatores,
736 3892 1167 3960 incontinentes,
1194 3893 1464 3961 immites,
1496 3892 1617 3953 sine
1642 3894 1729 3948 be-

124 3983 430 4057 nignitate,
458 3985 798 4055 proditores,
829 3985 1106 4057 protervi,
1140 3984 1364 4053 tumidi,
1388 3984 1727 4056 voluptatum

122 4075 410 4149 amatores
434 4080 608 4152 magis
626 4094 788 4155 quam
810 4079 931 4146 Dei,
957 4079 1220 4137 habentes
1247 4079 1482 4149 speciem
1509 4078 1729 4149 quidem

126 4170 376 4242 pictatis,
410 4171 671 4227 virtutem
700 4178 882 4227 autem
906 4169 1024 4240 ejus
1047 4171 1402 4243 abnegauics.
1443 4190 1462 4222 ι
1500 4170 1639 4227 Hinc
1678 4176 1735 4225 et

131 4260 400 4319 Dominus
458 4263 514 4317 in
566 4262 863 4335 Evangelia
915 4263 993 4317 ait
1042 4280 1053 4317 :
1108 4279 1127 4312 ι
1173 4260 1573 4317 Przrdicabitur
1630 4260 1735 4317 hoc

128 4355 491 4427 Evangelium
526 4356 678 4428 regni
705 4355 761 4413 in
800 4354 1057 4415 universo
1076 4353 1241 4419 orbe,
1268 4355 1321 4406 in
1356 4352 1734 4408 testimonium

133 4447 395 4504 omnibus
449 4446 742 4519 gentibus,
800 4455 855 4501 et
910 4453 1039 4501 tunc
1092 4444 1274 4505 veniet
1334 4443 1737 4505 consummatio

64 4600 69 4603 λ
138 4538 361 4613 (Matth.
391 4540 568 4613 XXIX).
603 4559 624 4592 ι
660 4539 730 4594 Ει
751 4538 912 4609 paulo
943 4547 1102 4608 post:
1140 4555 1159 4588 ι
1190 4536 1343 4603 Erit,
1370 4535 1579 4607 inquit,
1611 4543 1739 4590 tunc

1812 1987 2066 2059 ingerere
2086 1989 2334 2060 cupiunt,
2365 2006 2491 2046 eum
2522 1991 2751 2063 jejuniis
2781 1999 2837 2048 et
2865 1993 3259 2066 eleemosynis,
3284 2008 3411 2051 cum

1810 2080 2012 2152 vigiliis
2030 2089 2086 2136 et
2106 2083 2465 2149 orationibus,
2486 2100 2611 2140 cum
2638 2087 2895 2158 lacrymis
2919 2096 2973 2143 et
2996 2089 3413 2160 compunctione

1810 2174 1995 2230 cordis
2020 2177 2089 2230 ad
2110 2185 2321 2232 secreta
2354 2178 2477 2233 caeli
2510 2179 2871 2235 necessitates
2895 2195 3026 2236 suas
3044 2221 3059 2247 ,
3094 2181 3150 2235 in
3177 2195 3409 2250 conspe-

1810 2274 1905 2322 ctu
1935 2267 2188 2323 videlicet
2220 2270 2438 2340 superni
2466 2269 2668 2339 iudicis
2696 2271 3027 2342 profundam
3053 2273 3320 2344 gestiunt;
3352 2280 3416 2329 ut

1799 2371 1915 2428 «per
1940 2359 2259 2430 dignitatem
2284 2368 2339 2415 et
2353 2366 2546 2431 preces
2563 2377 2705 2418 verze
2727 2363 2950 2435 reginae,
2975 2364 3080 2421 hoc
3104 2371 3188 2420 est
3212 2372 3416 2421 sancta:

1815 2450 2101 2517 Ecclesia,
2132 2467 2254 2522 quae
2275 2454 2476 2523 partim
2504 2454 2681 2510 adhuc
2716 2457 3099 2528 peregrinatur
3133 2458 3188 2511 in
3218 2458 3412 2526 terris,

1815 2542 2017 2614 partim
2048 2553 2233 2599 autem
2271 2545 2384 2615 jam
2417 2561 2541 2600 eum
2570 2546 2803 2602 Domino
2850 2540 3045 2618 regnat
3077 2549 3133 2603 in
3167 2547 3353 2615 caelis,
3383 2563 3415 2604 a

1818 2650 1949 2707 rege
1991 2636 2237 2691 omnium
2285 2638 2610 2693 saeculorum
2662 2638 2916 2694 exaudiri
2974 2647 3307 2696 mereantur.
3356 2637 3418 2695 Si

1819 2727 1944 2797 quis
1971 2735 2156 2782 autem
2182 2729 2463 2799 qumsierit
2486 2731 2765 2800 quomodo
2800 2732 2916 2803 regi
2946 2730 3253 2800 justissimo
3279 2746 3384 2787 con
3406 2761 3419 2771 -

1818 2818 2004 2872 veniat
2031 2816 2275 2889 inﬂigere
2296 2828 2564 2874 tormenta
2599 2821 3000 2886 innocentibus,
3018 2821 3157 2876 sciat
3182 2821 3287 2875 hoc
3306 2835 3418 2875 non

1821 2923 1889 2964 ex
1915 2909 2136 2965 malitiae
2162 2920 2329 2977 voto,
2372 2911 2465 2967 sed
2506 2926 2571 2967 ex
2615 2912 2813 2967 summi
2864 2912 3079 2967 consilii
3126 2910 3421 2981 procedere

1824 3012 1990 3070 nutu;
2025 3019 2149 3058 nam
2180 3006 2448 3074 sapientia
2482 3005 2836 3075 divina,‘quce
2860 3006 3027 3060 vincit
3049 3020 3267 3060 omnem
3304 3020 3418 3058 ma-

1820 3095 1995 3151 iitiam
2030 3105 2085 3151 et
2116 3098 2333 3169 attingit
2359 3113 2388 3151 a
2427 3097 2535 3153 ﬁne
2572 3112 2745 3168 usque
2788 3100 2855 3153 ad
2895 3097 3059 3154 ﬁnem
3106 3098 3338 3162 fortiter,
3367 3104 3425 3151 ct

1822 3188 2066 3257 disponit
2088 3190 2275 3243 omnia
2307 3190 2572 3255 suaviter,
2606 3192 2721 3260 ipsa
2759 3189 2940 3244 omnia
2986 3204 3108 3260 qum
3136 3189 3249 3243 vult
3294 3188 3424 3243 facit

1915 3280 2055 3335 coelo
2080 3290 2136 3336 et
2164 3281 2217 3335 in
2251 3288 2426 3347 terra,
2455 3281 2508 3336 in
2533 3281 2670 3335 mari
2712 3288 2767 3335 et
2807 3281 2862 3335 in
2901 3279 3155 3335 omnibus
3191 3279 3421 3351 abyssis.

1829 3373 1983 3429 Justo
2028 3376 2173 3428 enim
2209 3373 2416 3442 judicio
2462 3374 2647 3445 agitur
2676 3384 2737 3428 ut
2780 3362 2971 3428 ﬁdeles
2996 3370 3114 3441 eius
3150 3370 3338 3427 famuli
3371 3371 3427 3427 in

1830 3480 2026 3520 manus
2050 3473 2462 3534 persecutorum
2488 3464 2797 3528 tradantur,
2823 3463 2937 3519 sive
2973 3463 3040 3517 ad
3080 3469 3428 3532 peccatorum

1830 3560 2235 3630 expiationem,
2291 3558 2405 3614 sive
2458 3558 2528 3613 ad
2584 3573 2797 3613 morum
2843 3556 3280 3622 correctionem,
3331 3570 3429 3611 seu

1831 3655 1997 3708 etiam
2021 3653 2089 3708 ad
2114 3651 2433 3707 meritorum
2458 3657 2808 3721 augmentum
2832 3657 2892 3703 et
2922 3648 3271 3719 prmmiorum
3290 3646 3432 3702 ntul-

1834 3745 2245 3816 tiplieationem,
2294 3743 2446 3814 quia,
2494 3751 2554 3798 ut
2596 3742 2873 3813 Propheta
2913 3748 3165 3808 testatur,
3201 3758 3223 3792 ι
3249 3738 3431 3810 justus

1832 3852 1916 3897 est
1937 3840 2201 3895 Dominus
2231 3838 2287 3894 in
2306 3837 2564 3894 omnibus
2592 3836 2699 3894 viis
2734 3835 2866 3901 suis,
2892 3842 2951 3892 et
2978 3843 3203 3891 sanctus
3230 3834 3287 3888 in
3315 3847 3432 3887 om-

1835 3934 1996 3989 nibus
2036 3932 2294 4003 operibus
2320 3930 2465 3996 suis;
2506 3944 2677 4001 prope
2713 3936 2800 3983 est
2837 3926 3092 3981 omnibus
3129 3922 3434 3981 invocanti-

1836 4028 1938 4082 bus
1983 4041 2105 4081 eum
2154 4022 2329 4097 (Psal.
2381 4022 2588 4095 cxuv).
2635 4043 2653 4074 ι
2692 4022 2760 4076 -ιη
2800 4021 3052 4085 veritate,
3094 4017 3433 4075 voluntaaem

1838 4119 2143 4175 timentium
2176 4133 2234 4173 se
2273 4117 2453 4183 faciet,
2481 4124 2536 4171 et
2554 4114 2832 4170 orationes
2860 4127 3053 4168 eorum
3077 4110 3353 4176 exaudiet,
3379 4117 3436 4164 et

1839 4216 2017 4270 salvos
2051 4212 2215 4267 faciet
2244 4227 2356 4268 eos.
2387 4210 2503 4267 Non
2543 4211 2688 4265 enim
2718 4216 2936 4279 petente
2976 4206 3181 4262 Satana
3214 4204 3437 4260 tradidit

1839 4307 2104 4362 Dominus
2130 4304 2232 4359 Job
2264 4305 2319 4358 in
2350 4317 2550 4359 manus
2591 4302 2710 4371 ejus
2740 4308 2799 4355 ut
2824 4299 3064 4370 periret,
3113 4299 3207 4355 sed
3251 4306 3312 4353 ut
3338 4313 3437 4368 per

1842 4401 1958 4471 ejus
1980 4397 2308 4469 adiutorium
2337 4395 2554 4450 hostem
2579 4392 2973 4462 nequissimum
3010 4390 3251 4444 vinceret
3272 4398 3327 4445 et
3358 4388 3433 4443 ita

1842 4493 2085 4551 victorize
2122 4491 2227 4548 sibi
2264 4489 2501 4562 palmam
2544 4486 2882 4556 acquireret,
2918 4484 3171 4554 hostique
3214 4482 3438 4537 malitia:

1845 4602 1956 4642 sua:
1989 4583 2195 4655 justam
2237 4594 2459 4653 poenam
2491 4578 2845 4647 relinqueret.
2886 4574 3055 4629 Datus
3080 4581 3165 4628 est
3194 4570 3439 4644 apostolo

64 4710 67 4713 λ
141 4628 422 4739 ιήὺῴιὶο
442 4631 894 4739 Ῥδμδῗέμῖδῃδ.
912 4629 1284 4739 ,'3".“.f9i‘.
1516 4629 1737 4739 (ἔξιῖ
1766 4653 1820 4716 Ῑ)
1844 4628 2293 4733 {5531513333155
2324 4669 2507 4728 carnis
2545 4628 2678 4736 sua;
2711 4667 2937 4739 angelus
2962 4665 3171 4723 scilicet
3194 4628 3438 4731 Satana),

48 4792 69 4803 ‘
140 4737 318 4794 usque
346 4722 532 4794 modo,
555 4737 665 4785 nec
688 4724 781 4778 ﬁet
799 4764 815 4790 ,
842 4722 947 4787 nisi
986 4722 1216 4779 breviati
1244 4721 1477 4781 fuissent
1514 4721 1630 4778 dies
1662 4719 1742 4781 illi

42 4832 48 4837 -
142 4813 364 4888 μω).

286 4950 596 5022 Statimque
638 4969 692 5007 in
726 4966 884 5008 Susus
913 4950 1169 5022 pependit
1204 4950 1475 5015 edictum,
1514 4964 1640 5022 rege
1690 4957 1747 5005 et

154 5063 172 5097 ι
209 5045 384 5102 Aman
409 5046 719 5102 celebrante
747 5046 1073 5112 convivium,
1104 5054 1159 5100 et
1189 5044 1399 5100 cunctis
1424 5042 1628 5099 Iudaeis
1653 5044 1748 5114 qui

54 5146 77 5160 κ
157 5155 175 5189 ‹
214 5138 270 5192 in
298 5140 432 5195 urbe
452 5148 611 5194 erant
648 5137 923 5195 ﬂentibus.
964 5159 982 5191 ι
1020 5137 1134 5193 Hoc
1172 5145 1289 5203 est,
1316 5139 1462 5208 quod
1498 5136 1749 5193 Salvator

152 5232 403 5301 praedixit
429 5231 712 5303 discipulis
733 5234 844 5288 suis
869 5232 923 5286 in
953 5231 1279 5303 Evangelio:
1311 5250 1329 5282 ι
1354 5229 1548 5297 Amen,
1591 5246 1749 5288 amen

84 5320 89 5325 ’
158 5325 281 5381 dico
323 5325 480 5383 vobis
525 5326 653 5396 quia
700 5325 983 5397 plorabitis
1036 5334 1090 5380 et
1128 5324 1325 5380 ﬂebitis
1360 5339 1488 5393 vos,
1519 5325 1750 5382 mundus

20 5454 26 5461 ρ
89 5414 93 5418 ’
158 5425 343 5473 autem
384 5418 673 5491 gaudebit;
716 5434 813 5475 vos
858 5426 1037 5474 autem
1100 5418 1559 5475 contristabimini
1588 5459 1603 5484 ,
1656 5417 1751 5473 sed

159 5508 387 5565 tristitia
420 5519 601 5567 vestra
640 5518 884 5566 vertetur
924 5511 978 5565 in
1022 5511 1275 5582 gaudium
1322 5510 1504 5581 (Joan.
1554 5508 1688 5581 xvi).
1726 5529 1745 5562 ι

165 5597 321 5664 Unde
366 5603 494 5673 quid
538 5604 605 5658 de
646 5602 985 5660 Mardochzro
1031 5603 1312 5674 Scriptura
1357 5613 1755 5673 consequenter

168 5706 375 5766 πιπτει,
403 5698 701 5754 videamus.

1845 4777 1905 4825 ut
1934 4784 2057 4824 eum
2091 4765 2479 4838 colaphizaret,
2514 4770 2789 4834 quatenus
2814 4761 2990 4816 virtus
3024 4759 3085 4814 in
3118 4756 3443 4813 inﬁrmitate

1844 4862 2228 4935 perﬁceretur.
2261 4857 2372 4913 Nec
2401 4854 2532 4912 illud
2556 4854 2722 4911 etiam
2752 4851 2972 4908 siientio
3004 4846 3444 4921 praetereundum

1848 4963 1932 5012 est
1973 4953 2119 5024 quod
2163 4952 2362 5008 dicitur
2405 4948 2777 5005 Mardochaeus
2815 4959 2977 5002 sacco
3006 4942 3229 4999 indutus
3263 4941 3444 4997 aulam

1850 5048 1997 5120 regis
2025 5047 2232 5102 intrare
2263 5058 2369 5099 non
2398 5054 2584 5114 posse,
2611 5038 2709 5095 sed
2736 5037 2806 5092 ad
2846 5034 2997 5092 fores
3034 5048 3211 5104 usque
3258 5031 3448 5104 palatii

1855 5140 2169 5214 pervenisse
2189 5180 2203 5204 ,
2230 5136 2357 5209 quia
2386 5133 2568 5190 nullus
2610 5145 2735 5206 eum
2777 5126 3126 5197 corruptione
3159 5122 3448 5195 praesentis

1854 5222 1980 5289 vita:
2010 5238 2190 5304 potest
2224 5230 2434 5285 intrare
2479 5224 2657 5281 aulam
2697 5219 2937 5278 caelestis
2974 5216 3200 5289 patriai,
3227 5215 3323 5273 sed
3358 5215 3452 5271 hic

1856 5326 2129 5382 interdum
2158 5330 2283 5378 ante
2307 5320 2489 5376 obitus
2512 5314 2691 5371 ultimi
2721 5313 2865 5369 diem
2903 5311 3064 5367 debet
3094 5308 3325 5380 quisque
3351 5322 3452 5379 per

1856 5417 2271 5491 castigationem
2300 5410 2549 5481 corporis
2573 5415 2628 5462 et
2646 5403 3130 5476 compnnctionem
3153 5400 3338 5457 cordis
3363 5414 3448 5455 re-

1865 5513 1955 5586 gni
1982 5512 2199 5582 pulsare
2230 5506 2535 5568 introitum,
2570 5509 2623 5557 et
2656 5501 2734 5556 sic
2758 5506 2882 5570 post
2906 5497 3111 5553 exitum
3134 5492 3330 5551 mortis
3360 5491 3452 5548 la:-

1867 5604 2138 5660 tabundus
2160 5599 2373 5655 Domini
2405 5598 2612 5652 intrare
2646 5592 2981 5665 paradisum.

1947 5717 1963 5747 ‹
2002 5696 2198 5750 Esther
2244 5708 2371 5761 ergo
2414 5691 2529 5745 haec
2570 5686 2913 5742 Mardochaeo
2945 5683 3107 5738 verba
3137 5678 3453 5736 mandavit:

1878 5815 1893 5844 ‹
1938 5793 2089 5846 Vade
2116 5799 2169 5845 et
2195 5805 2461 5863 congrege
2493 5802 2680 5843 omnes
2705 5784 2919 5840 iud-.eos
2950 5794 3085 5853 quos
3114 5778 3168 5833 in
3193 5774 3349 5832 Susis
3376 5789 3452 5830 re-

1881 5910 1897 5941 ι
1941 5886 2166 5959 pereris,
2204 5894 2257 5942 et
2285 5894 2432 5941 orate
2470 5898 2567 5954 pro
2609 5895 2714 5936 me.
2759 5875 2878 5933 Non
2922 5869 3238 5939 comedatis,
3264 5875 3320 5927 et
3352 5884 3461 5941 non
