3882 6496
559 396 672 454 655

1242 394 1304 450 Β.
1347 394 1598 452 RABANI
1635 393 1852 451 MAURI
1888 394 2211 451 ARCHIEP.
2250 395 2558 454 MOGUNT.
2595 395 2878 454 OPEIlUM
2915 396 3093 456 PARS
3129 398 3151 455 ι
3647 411 3709 474 ﬁ

567 533 587 568 ι
628 514 825 571 bibatis
870 519 1044 569 tribus
1083 512 1270 570 diebus
1307 519 1362 567 et
1401 512 1572 568 tribus
1616 513 1884 568 noctibus.
1929 510 1999 566 Et
2037 525 2138 582 ego
2162 511 2217 573 Α
2239 511 2345 567 hoc
2372 522 2457 569 est
2490 513 2637 569 omni
2678 513 2961 569 devotione
3012 523 3322 571 veneratur.
3360 518 3512 589 Cujus
3545 528 3709 596 νοω

566 626 585 658 ι
627 622 748 662 cum
792 604 1001 661 ancillis
1030 604 1165 660 meis
1208 604 1459 660 similiter
1489 602 1764 674 jejuuaho,
1793 611 1848 658 et
1885 611 2013 658 tunc
2053 603 2136 657 in-

565 715 585 747 ι
628 695 844 765 grediar
863 695 930 750 ad
959 710 1159 765 regem,
1176 702 1364 750 contra
1388 694 1561 766 legem
1586 694 1808 761 faciens,
1831 696 2130 751 invocata.»

559 787 692 843 Orat
746 786 1114 844 Mardochteus
1142 802 1268 843 cum
1301 786 1502 843 Judaeis
1549 802 1647 858 pro
1686 787 1884 843 Esther
1925 788 2135 858 regina,

557 879 806 935 similiter
839 887 895 935 et
940 879 1056 951 ipsa
1100 879 1283 949 regina
1310 886 1431 936 orat
1473 894 1574 950 pro
1602 878 1938 936 Mardochaeo
1966 886 2021 934 et
2043 877 2138 934 Ju-

556 971 707 1038 daeis,
734 972 860 1042 quia
887 973 1147 1044 magister
1181 987 1281 1044 pro
1327 970 1625 1042 discipulis,
1650 979 1707 1027 et
1741 971 1993 1043 discipuli
2037 987 2137 1044 pro

557 1060 833 1130 magistris
880 1062 947 1117 ad
994 1061 1280 1117 Dominum
1312 1075 1502 1131 preces
1541 1060 1766 1135 fundere
1814 1061 2032 1128 debent,
2075 1069 2138 1118 ut

557 1152 844 1208 universus
862 1152 1021 1209 simul
1041 1161 1214 1209 coetus
1235 1152 1493 1220 fidelium,
1508 1153 1613 1211 hoc
1633 1162 1736 1221 est,
1752 1154 1992 1210 membra
2013 1169 2139 1210 cum

559 1252 674 1299 toto
717 1259 943 1316 corpore
987 1244 1186 1316 pietate
1234 1260 1466 1319 superna
1522 1245 1687 1301 illaesa
1743 1246 2136 1302 custodiantur.

565 1334 715 1392 Unde
755 1344 839 1392 est
881 1336 1009 1393 illud
1052 1337 1195 1408 quod
1232 1336 1429 1393 Paulus
1464 1338 1534 1393 ad
1569 1337 1842 1394 Romanos
1869 1337 2136 1405 scribens,

559 1431 679 1487 sine
731 1432 1136 1488 intermissione
1188 1432 1505 1487 memoriam
1570 1445 1759 1488 eorum
1814 1444 2027 1500 semper
2081 1445 2140 1486 se

560 1523 741 1580 facere
790 1532 976 1579 narrat
1014 1524 1068 1580 in
1110 1523 1446 1580 orationibus
1486 1523 1631 1590 suis;
1663 1531 1718 1580 et
1745 1523 1860 1594 ipse
1887 1522 2141 1578 similiter

557 1616 776 1672 eosdem
797 1615 1070 1672 Romanos
1085 1615 1335 1672 obsecrat
1354 1629 1453 1684 per
1472 1613 1757 1671 Dominum
1782 1611 1964 1669 Jesum
1984 1612 2141 1670 Chri-

556 1715 721 1773 stum,
745 1715 800 1762 et
828 1722 925 1777 per
953 1707 1275 1762 charitatem
1309 1706 1545 1777 Spiritus
1574 1705 1772 1772 sancti,
1797 1715 1857 1760 ut
1884 1704 2139 1776 atljuvent

555 1813 679 1854 cum
728 1799 781 1853 in
825 1798 1161 1855 orationibus
1185 1840 1200 1865 ,
1228 1807 1283 1855 et
1326 1806 1484 1854 orent
1511 1813 1610 1868 pro
1636 1813 1702 1854 eo
1731 1798 1799 1852 ad
1829 1797 2135 1863 Dominum,

2235 614 2292 661 et
2336 606 2450 676 ipse
2491 621 2587 661 rex
2614 607 2841 678 spondet
2867 622 2927 664 se
2974 625 3345 677 assensurum,
3376 615 3506 670 sicut
3527 617 3572 672 in
3596 621 3708 682 Em.

2236 696 2375 768 gelio
2400 697 2475 752 ait
2499 714 2512 751 :
2541 716 2560 749 ι
2594 697 2770 754 Petite
2797 706 2852 754 et
2877 699 3096 756 dabitur
3143 704 3329 770 vobis;
3377 710 3576 775 quaerite
3605 723 3643 767 et
3666 717 3711 773 in.

2236 789 2495 879 venietis;
2540 789 2750 860 pulsate
2788 799 2847 848 et
2892 794 3167 863 aperietur
3208 798 3367 853 vobis
3395 797 3707 879 (Matti.vu)..

2236 876 2303 933 Et
2350 877 2481 935 item
2509 897 2522 933 :
2553 896 2571 932 ι
2595 880 2788 945 Petite,
2829 882 3027 953 inquit,
3049 891 3105 941 et
3142 887 3441 957 accipietis,
3465 898 3520 945 ut
3548 876 3711 960 gaudia

2238 975 2479 1025 vestrum
2506 970 2580 1026 sit
2604 970 2840 1043 plenum.
2875 994 2893 1027 ι
2915 973 3179 1032 Gaudium
3199 978 3350 1034 enim
3374 980 3569 1051 plenum
3590 998 3711 1045 eam

2238 1061 2493 1119 Ecclesize
2518 1080 2627 1120 non
2648 1065 2777 1122 alibi
2802 1067 3056 1126 tribuitur
3076 1071 3183 1127 nisi
3210 1073 3267 1127 in
3293 1076 3607 1145 perceptione
3625 1083 3711 1148 regii

2238 1152 2495 1219 caelestis,
2520 1154 2611 1211 ubi
2639 1171 2762 1214 cum
2793 1155 3007 1215 Christo
3033 1173 3160 1230 rege
3200 1159 3335 1217 felix
3362 1163 3533 1235 regina
3558 1168 3713 1237 regnabit

2238 1243 2295 1299 in
2339 1252 2619 1303 aeternum.
2657 1246 2729 1303 At
2755 1248 2847 1304 illa
2886 1249 3013 1306 data
3058 1250 3162 1309 sibi
3211 1252 3476 1310 electione

2237 1337 2431 1394 invitat
2453 1355 2577 1395 eum
2603 1340 2672 1397 ad
2695 1342 3000 1399 convivium
3023 1360 3179 1401 suum
3206 1347 3356 1417 quod
3378 1346 3429 1401 ei
3452 1348 3647 1417 paravit;
3666 1351 3715 1405 sed

2238 1429 2345 1485 hoc
2372 1443 2481 1485 non
2510 1428 2653 1488 aliud
2675 1431 2868 1491 melius
2897 1432 3213 1508 intelligitur
3232 1451 3403 1507 quam
3426 1436 3566 1506 plena
3585 1452 3632 1492 ac
3649 1455 3716 1509 pe-

2239 1518 2379 1578 fecta
2406 1520 2531 1579 ﬁdei
2571 1538 2685 1581 suae
2712 1524 2946 1593 devotio,
2976 1526 3043 1583 de
3069 1542 3176 1599 qua
3202 1529 3450 1599 pascitur
3482 1530 3658 1585 intentis
3675 1532 3717 1586 is-

2238 1623 2457 1686 spector
2501 1626 2558 1674 et
2607 1618 2810 1675 arbiter
2854 1622 3096 1679 omnium
3145 1624 3489 1681 saeculorum.
3545 1627 3607 1681 Ad
3639 1629 3714 1683 lus:

2239 1708 2437 1780 quippe
2482 1709 2856 1779 refectionem,
2885 1714 2989 1769 hoc
3024 1723 3110 1770 est
3150 1731 3301 1772 same
3337 1715 3461 1772 lidei
3494 1720 3718 1773 communis

2240 1813 2387 1865 nem,
2410 1799 2603 1857 invitat
2642 1802 2884 1859 Ecclesia
2924 1820 3031 1860 non
3060 1805 3235 1861 solum
3273 1809 3497 1872 amicos,
3520 1809 3608 1864 imo
3624 1811 3716 1863 etiam

556 1901 616 1948 ut
641 1893 902 1948 liberetur
944 1894 1012 1948 ab
1038 1891 1345 1949 infidelibus
1372 1893 1461 1963 qui
1489 1901 1616 1947 sunt
1641 1892 1697 1947 in
1726 1891 1932 1958 Judaza,
1956 1899 2013 1947 et
2038 1890 2138 1945 mi-
2166 1889 2215 1951 Β
2242 1891 2490 1948 inimicos
2514 1903 2677 1964 atque
2704 1904 3080 1964 persecutores
3110 1912 3258 1963 suos,
3288 1912 3524 1969 paganos
3546 1898 3718 1961 viddire,

554 1982 840 2037 nistcrinm
870 1998 1048 2048 suum,
1078 1983 1222 2053 quod
1265 1980 1660 2054 Jerosolymam
1702 1980 1965 2046 defertur,
1990 1995 2144 2037 acce-
2238 1982 2453 2043 Jndteos
2476 1995 2533 2043 et
2565 1987 2868 2055 haereticos,
2899 1997 2976 2055 ut,
3011 1989 3200 2045 relicto
3228 1990 3403 2046 totius
3426 1991 3602 2047 erroris
3615 1990 3717 2053 deis,

555 2072 760 2144 piabile
789 2073 885 2128 liat
913 2075 1135 2130 sanctis.
1185 2073 1324 2129 Hinc
1352 2074 1495 2129 etin
1522 2072 1749 2129 Actibus
1773 2071 2142 2143 apostolorum
2240 2076 2297 2131 in
2345 2092 2451 2132 una
2498 2078 2657 2136 domo
2703 2078 2983 2135 catholica:
3028 2079 3393 2143 confessionis
3443 2081 3508 2137 de
3547 2081 3718 2136 cummi

554 2165 817 2234 scriptum
868 2173 954 2223 est
996 2166 1143 2236 quod
1193 2164 1352 2221 Petro
1397 2165 1452 2220 in
1493 2178 1716 2220 carcere
1752 2163 1948 2235 posito,
1985 2162 2145 2218 fieret
2240 2164 2385 2222 bono
2414 2164 2727 2227 laetentur:

552 2256 729 2315 oratio
768 2257 890 2313 sine
931 2256 1332 2314 intermissione
1365 2256 1436 2312 ab
1460 2254 1704 2313 Ecclesia
1742 2254 1811 2310 ad
1848 2253 2142 2310 Dominum
2317 2273 2338 2309 ι
2369 2255 2678 2328 Statimque
2705 2273 2800 2313 rex
2820 2280 2833 2313 :
2853 2259 3076 2326 Vocate,
3109 2260 3308 2331 inquit,
3334 2261 3521 2325 Aman,
3540 2266 3587 2315 nt
3606 2260 3719 2314 Esther

554 2363 653 2416 pro
677 2362 763 2402 eo.
816 2347 882 2402 Et
921 2347 1036 2416 ipse
1063 2347 1179 2417 pari
1208 2346 1367 2402 modo
1399 2346 1453 2400 in
1482 2343 1724 2416 Epistola
1752 2358 1851 2400 sua
1877 2342 2141 2415 postulat,
2247 2364 2267 2400 ι
2311 2347 2528 2404 obediat
2573 2349 2857 2405 voluntati.
2901 2349 3180 2407 Venerunt
3215 2352 3410 2423 itaque
3443 2366 3529 2407 rex
3551 2359 3595 2407 et
3620 2350 3717 2405 Amat

556 2446 616 2492 ut
666 2437 838 2508 gratia
882 2436 978 2492 Dei
1010 2446 1066 2492 et
1109 2452 1217 2507 pax
1268 2437 1326 2492 in
1370 2436 1614 2493 Ecclesia
1662 2434 2050 2507 multiplicetur
2087 2442 2145 2490 et
2246 2459 2267 2494 ι
2309 2441 2380 2497 ad
2406 2440 2713 2498 convivium
2752 2444 2895 2513 quod
2940 2442 3021 2499 eis
3068 2444 3254 2515 regina
3303 2450 3588 2515 paraverat.
3613 2440 3719 2495 ilia:

557 2531 916 2600 adimpleatur
956 2531 1011 2586 in
1037 2530 1345 2602 cognitione
1384 2529 1600 2587 Domini
1628 2528 1802 2587 nostri
1826 2525 1958 2585 Jesu
1981 2526 2144 2585 Chri-

558 2622 649 2677 sti.

1156 2744 1386 2803 CAPUT
1424 2744 1555 2801 Vill.

557 2885 748 2943 Esther
793 2885 862 2941 ad
906 2900 1075 2956 regem
1116 2884 1350 2965 ingressu
1376 2882 1548 2965 ipsum
1577 2888 1623 2936 et
1651 2878 1824 2935 Aman
1859 2876 1929 2933 ad
1961 2875 2141 2933 convi-

1125 2961 1264 3009 vium
1294 2961 1567 3009 invitavit.

633 3109 651 3143 ι
686 3091 780 3145 Die
826 3097 1007 3145 antem
1058 3087 1220 3144 tertio
1262 3087 1450 3143 induta
1495 3094 1581 3141 est
1624 3084 1823 3140 Esther
1870 3083 2142 3156 regalibus

560 3204 579 3234 ς
620 3182 982 3247 vestimentis,
1010 3189 1067 3236 et
1103 3181 1256 3236 stetit
1296 3180 1352 3235 in
1381 3179 1523 3235 atrio
1549 3178 1743 3235 domus
1783 3177 1965 3250 regiae,
1998 3177 2143 3247 quod

2240 2533 2385 2606 quod
2412 2533 2745 2590 concordant
2765 2534 3010 2591 voluntas
3031 2535 3317 2592 invitantis
3344 2535 3548 2607 regium,
3569 2530 3718 2601 BljllSalO

2235 2623 2478 2694 jubentis
2507 2626 2684 2698 regis;
2713 2627 2808 2684 sed
2836 2643 2917 2684 va:
2940 2627 3018 2683 illi
3047 2628 3141 2700 qui
3181 2628 3458 2701 malignus
3482 2628 3541 2681 ad
3572 2640 3719 2680 mensas

2240 2713 2459 2773 Domini
2504 2717 2749 2782 accedit,
2780 2719 2872 2789 qui
2899 2718 3197 2789 praecordia
3226 2718 3361 2774 odio
3386 2716 3571 2789 polluta
3599 2711 3719 2768 ιλιαδ

2239 2816 2298 2865 et
2321 2808 2654 2866 immundam
2688 2810 3076 2867 conscientiam
3122 2828 3230 2867 non
3285 2820 3526 2869 vereatur
3546 2809 3597 2864 ad
3615 2823 3718 2863 conn

2240 2902 2390 2958 vium
2418 2902 2632 2959 Domini
2663 2903 2912 2975 indignus
2942 2905 3175 2973 intrare;
3213 2905 3312 2977 qui
3359 2905 3484 2962 licet
3517 2899 3718 2974 smpiusir-

2242 2995 2445 3053 vitatus
2490 2996 2729 3064 venerit,
2776 2996 2889 3053 suis
2931 2996 3142 3053 meritis
3190 3006 3379 3054 tamen
3419 2994 3667 3069 cogentibus
3690 2992 3717 3044 in

2242 3083 2427 3140 laetitia
2449 3085 2847 3141 convivantium
2867 3101 2976 3143 non
2997 3087 3381 3157 permanebit;
3411 3088 3499 3142 sed
3516 3100 3611 3141 cum
3624 3084 3719 3138 iatn-

2243 3175 2384 3231 verit
2425 3190 2543 3241 rex,
2568 3184 2627 3230 ut
2651 3175 2860 3231 videret
2892 3191 3018 3233 eum
3053 3178 3127 3234 ibi
3165 3179 3558 3235 recumbentem
3581 3187 3716 3249 nonvo-

559 3296 578 3325 ι
620 3284 739 3330 erat
766 3275 995 3331 interius
1022 3282 1214 3330 contra
1259 3273 1540 3329 basilicam
1576 3272 1759 3343 regis:
1783 3279 1840 3326 at
1870 3270 1958 3326 ille
1989 3271 2144 3326 sede-
2170 3254 2216 3318 C
2247 3268 2434 3324 stitnm
2453 3278 2605 3324 veste
2630 3269 2878 3340 nuptiali,
2896 3271 3189 3342 exprobrat
3205 3272 3258 3327 ei
3274 3287 3432 3327 suam
3451 3267 3717 3326 temeritatem,

559 3388 576 3419 ι
619 3368 710 3423 bat
758 3384 918 3439 super
977 3367 1172 3423 solium
1229 3366 1285 3422 in
1341 3365 1666 3422 consistorio
1716 3363 1902 3435 palatii
1952 3370 2141 3418 contra

559 3484 577 3513 ι
620 3462 818 3517 ostium
864 3460 1077 3517 domus.
1131 3460 1378 3530 Cumque
1418 3458 1645 3514 vidisset
1667 3456 1868 3512 Esther
1901 3456 2145 3526 reginam

559 3574 578 3605 ι
624 3563 880 3618 stantem,
926 3552 1127 3622 placuit
1172 3551 1344 3608 oculis
1394 3548 1530 3618 ejus,
1575 3556 1629 3605 et
1671 3548 1909 3605 ostendit
1953 3561 2143 3603 contra

560 3665 577 3695 ι
618 3659 739 3697 eam
762 3644 971 3713 virgam
999 3658 1220 3698 auream
1243 3657 1405 3712 quam
1435 3640 1652 3696 tenebat
1673 3655 1856 3695 manu.
1897 3638 2028 3707 Quae
2055 3654 2146 3693 ac-

560 3756 578 3786 c
625 3736 823 3790 cedens
850 3734 1096 3790 osculata
1125 3742 1212 3790 est
1238 3732 1606 3789 summitatem
1630 3730 1796 3801 virgae
1818 3726 1958 3798 ejus,
1982 3728 2143 3785 dixit-

560 3850 578 3880 ι
623 3845 727 3898 que
772 3828 841 3883 ad
883 3843 1006 3883 eam
1051 3842 1147 3882 rex
1173 3846 1188 3881 :
1214 3825 1355 3893 Quid
1390 3825 1506 3884 vis.
1552 3823 1751 3880 Esther
1786 3822 1994 3892 regina,
2022 3835 2142 3891 quae

561 3938 579 3970 ι
625 3928 710 3975 est
754 3918 940 3988 petitio
985 3917 1111 3972 tua?
1154 3914 1365 3971 etiamsi
1409 3912 1689 3969 dimidiam
1734 3919 1945 3982 partem
1989 3907 2142 3978 regni

561 4029 580 4061 ι
622 4008 865 4081 petieris,
895 4007 1111 4064 dabitur
1147 4006 1264 4062 tibi.
1310 4003 1383 4059 At
1426 4004 1514 4060 illa
1562 3999 1841 4074 respondit
1867 4020 1879 4055 :
1904 4000 2144 4056 Obsecro

563 4120 581 4151 ι
626 4110 684 4155 ιιι
715 4100 898 4154 venias
924 4098 992 4153 ad
1020 4114 1109 4154 me
1134 4099 1315 4165 hodie,
1351 4106 1407 4153 et
1432 4097 1606 4151 Aman
1638 4103 1840 4161 tecum,
1870 4094 1937 4148 ad
1961 4093 2145 4149 convi-

562 4211 581 4244 ι
630 4193 795 4247 vium.
826 4213 846 4246 ι
878 4192 1019 4260 Quid
1042 4199 1126 4248 est
1153 4190 1297 4263 quod
1323 4190 1409 4247 die
1434 4188 1594 4244 tertia
1622 4187 1810 4243 induta
1835 4193 1919 4241 est
1947 4185 2143 4240 Esther

555 4283 825 4354 regalibus
868 4282 1238 4347 vestimentis,
1269 4280 1374 4336 nisi
1414 4278 1559 4349 quod
1610 4276 1853 4333 Ecclesia
1900 4274 2142 4347 gentium

557 4376 715 4431 tertio
762 4385 1000 4446 tempore
1046 4374 1250 4440 saeculi,
1280 4375 1383 4429 hoc
1412 4381 1498 4427 est
1520 4379 1643 4441 post
1686 4369 2140 4436 incarnationem,

553 4469 862 4537 passionem
899 4476 957 4523 et
982 4466 1435 4524 resurrectionem
1463 4463 1686 4529 Christi,
1719 4463 1776 4517 in
1800 4471 2143 4519 sacramenta

554 4558 895 4629 baptismatis
921 4574 1020 4628 per
1041 4565 1240 4615 sanctae
1260 4555 1543 4611 Trinitatis
1567 4553 1985 4617 confessionem,
2011 4554 2135 4618 lide,

556 4667 650 4720 spe
673 4659 729 4706 et
754 4651 1043 4716 eharitate,
1069 4648 1419 4717 omniumque
1453 4647 1714 4703 virtutum
1748 4661 1807 4702 se
1833 4644 2008 4700 induit
2048 4644 2140 4700 de-

556 4756 705 4807 core,
736 4748 799 4797 ut
822 4740 949 4798 inde
975 4739 1143 4812 regali
1168 4740 1445 4796 consortio
1475 4738 1639 4808 digna
1659 4737 1836 4802 ﬁeret,
1869 4750 1996 4793 cum
2024 4733 2143 4806 ejus

556 4848 743 4890 amore
789 4832 1059 4904 praecipuo
1105 4832 1440 4889 incessanter
1468 4831 1726 4887 ferveret.
1775 4829 1908 4898 Quae
1935 4836 2043 4885 stat
2087 4828 2143 4884 in

553 4927 697 4984 atrio
726 4926 918 4982 domus
963 4924 1126 4996 regia:
1148 4924 1293 4995 quod
1319 4932 1439 4980 erat
1480 4922 1708 4979 interius
1745 4929 1933 4978 contra
1958 4919 2144 4977 basili-

553 5036 677 5077 cam
709 5020 871 5092 regis,
901 5019 1006 5074 hoc
1033 5026 1121 5075 est
1144 5018 1201 5073 in
1225 5018 1509 5089 praeeuntis
1553 5017 1681 5073 vitae
1708 5016 1798 5086 pia
1830 5014 2144 5086 operatione

554 5129 677 5184 qua:
723 5119 935 5183 spectat
974 5111 1043 5166 ad
1087 5109 1325 5166 futuram
1350 5110 1407 5165 in
1434 5109 1588 5166 cmlis
1634 5107 2140 5171 remunerationem,

556 5206 648 5262 ubi
697 5206 814 5276 ipse
844 5220 1152 5276 rexregum
1185 5204 1320 5261 solio
1349 5202 1595 5259 consedit
1639 5215 1894 5272 superno,
1922 5208 1979 5256 et
2015 5214 2143 5269 pre-

556 5297 712 5352 cibus
752 5296 840 5367 pie
888 5296 955 5351 ad
996 5311 1055 5351 se
1089 5294 1441 5352 clamantium
1487 5292 1694 5348 annuit.
1752 5291 1855 5360 Qui
1899 5289 2146 5347 extendit

558 5395 747 5441 contra
776 5387 917 5443 hanc
937 5387 1178 5459 reginam
1207 5384 1415 5456 virgam
1442 5398 1605 5453 quam
1634 5390 1784 5438 tenet
1808 5396 1992 5447 manu,
2020 5394 2144 5435 cum

557 5475 794 5532 ostendit
819 5476 894 5533 illi
922 5476 1201 5548 regiminis
1224 5474 1306 5530 sui
1328 5473 1646 5545 potentiam,
1675 5472 1757 5528 vel
1779 5485 1993 5527 crucem
2018 5486 2140 5540 pas-

558 5569 727 5624 sionis
775 5585 907 5637 suae,
936 5584 1033 5640 per
1079 5582 1241 5638 quam
1279 5565 1384 5622 sibi
1424 5566 1710 5637 acquisivit
1738 5570 2057 5635 potestatem
2084 5563 2140 5619 in

558 5662 718 5727 cmlo,
735 5662 866 5717 etin
889 5667 1125 5724 terra,et
1141 5658 1332 5715 subtus
1355 5666 1586 5725 terram;
1617 5658 1693 5713 ita
1715 5665 1775 5713 ut
1792 5673 1811 5707 ι
1840 5656 1895 5711 in
1921 5657 2141 5714 nomine

560 5757 676 5827 ejus
712 5770 874 5811 omne
912 5767 1053 5824 genu
1078 5750 1328 5808 ﬂectatur
1367 5752 1689 5819 emlestium,
1722 5751 2060 5809 terrestrium
2088 5760 2145 5807 et

564 5847 917 5907 tnl'crnorum.
944 5863 962 5897 ι
986 5841 1138 5901 lianc
1153 5843 1372 5919 quidem
1391 5844 1507 5915 ipsa
1526 5842 1742 5902 amabili
1750 5853 1829 5899 ter
1840 5842 2133 5909 osculatur,

2247 3369 2303 3418 et
2331 3361 2510 3433 ligatis
2544 3362 2793 3417 manibus
2817 3371 2872 3418 et
2901 3363 3126 3432 pedibus
3164 3361 3325 3433 jubet
3366 3360 3541 3434 projici
3571 3358 3611 3413 in
3634 3364 3717 3410 tete

2245 3455 2374 3510 bras
2400 3454 2718 3521 exteriores,
2737 3454 2829 3510 ubi
2855 3455 2963 3512 doli
2987 3455 3271 3522 damnum,
3292 3456 3435 3526 quod
3456 3447 3717 3510 innocentius

2245 3546 2497 3617 nequiter
2517 3548 2764 3616 parabat,
2786 3547 2936 3618 jnste
2957 3548 3226 3605 sustinere
3249 3556 3489 3620 cogetur,
3504 3544 3626 3614 juxta
3644 3536 3713 3592 illud

2247 3634 2557 3691 Salomonis
2581 3654 2594 3690 :
2625 3655 2644 3688 ι
2672 3635 2731 3692 in
2753 3637 2964 3694 insidiis
2981 3638 3097 3694 suis
3119 3638 3408 3708 capientur
3424 3633 3587 3704 iniqui.
3604 3649 3617 3681 ι
3634 3627 3717 3681 Pest-

2247 3741 2412 3797 qnam
2434 3727 2598 3799 igitur
2619 3743 2716 3783 rex
2744 3730 2981 3787 secundo
3009 3728 3158 3785 dedit
3182 3730 3385 3787 Esther
3410 3723 3638 3799 petitionis
3656 3732 3715 3773 su

2243 3818 2538 3890 optionem,
2561 3818 2649 3874 illa
2675 3821 2954 3890 respondit
2980 3820 3207 3879 dicens:

2321 3926 2340 3962 ι
2380 3909 2440 3965 Si
2468 3910 2651 3965 inveni
2672 3911 2904 3983 gratiam
2935 3911 2989 3966 in
3031 3920 3328 3982 conspectu
3376 3909 3523 3984 regis,
3547 3895 3715 3966 etsiffil

2250 4022 2270 4054 ‹
2304 4003 2481 4075 placet
2505 4011 2563 4057 ut
2588 4004 2681 4059 det
2705 4004 2839 4060 mihi
2865 4004 3012 4075 quod
3054 4004 3294 4076 postulo,
3321 4011 3377 4060 et
3395 4016 3551 4059 meam
3583 3994 3717 4064 imi)“

2250 4114 2269 4147 ι
2304 4095 2644 4165 petitionem,
2667 4096 2852 4151 veniat
2876 4111 2971 4152 rex
2991 4105 3046 4152 et
3068 4096 3243 4153 Aman
3267 4097 3337 4154 ad
3359 4092 3619 4153 convivium
3635 4081 3715 4155 quod

2251 4205 2270 4239 ι
2302 4188 2487 4257 paravi
2509 4188 2610 4255 eis,
2626 4179 2682 4244 et
2700 4203 2826 4245 cras
2845 4189 2959 4261 regi
2979 4189 3215 4260 aperiam
3237 4189 3550 4247 voluntatem
3563 4192 3712 4237 meamJ

2243 4280 2372 4337 Haec
2393 4280 2580 4337 dilatio
2606 4282 2825 4352 petendi
2850 4296 2956 4338 non
2981 4291 3064 4337 est
3086 4282 3335 4353 segnitia:
3352 4280 3494 4342 vitio,
3515 4276 3587 4332 sed
3606 4264 3714 4325 virtuti

2242 4373 2517 4443 patientiae
2540 4372 2880 4442 deputanda;
2936 4373 3041 4428 hoc
3066 4373 3326 4428 nimirum
3351 4369 3619 4443 signiﬁcans
3634 4354 3712 4429 quid

2236 4463 2402 4534 justis
2440 4466 2739 4537 praemium,
2767 4474 2823 4522 et
2849 4464 3228 4537 peccatoribus
3267 4479 3426 4537 poena
3453 4457 3593 4531 magis
3618 4454 3652 4507 in
3670 4449 3712 4503 lu-

2244 4565 2369 4611 tnro
2396 4565 2481 4612 est
2507 4555 2811 4612 tribuenda.
2859 4555 2992 4612 Cras
3020 4557 3165 4611 enim
3216 4556 3309 4612 hic
3344 4570 3439 4627 pro
3470 4552 3613 4608 futuro
3637 4553 3711 4596 Irm-

2247 4663 2379 4720 pore
2414 4648 2750 4719 intelligitur,
2773 4658 2835 4705 ut
2854 4658 2939 4705 est
2981 4648 3113 4705 illud
3149 4648 3543 4720 evangelicum:
3571 4633 3711 4720 ιΝυϋις

2245 4717 2462 4798 solliciti
2489 4717 2613 4797 esse
2661 4740 2729 4796 de
2764 4739 3024 4796 crastino.
3064 4759 3082 4792 ι
3128 4739 3197 4795 Ει
3230 4717 3510 4795 ίηάεηθεί
3547 4717 3709 4786 tacebat

2245 4831 2429 4889 Laban
2483 4831 2561 4888 ait
2611 4849 2626 4886 :
2670 4848 2690 4883 ι
2739 4830 2875 4888 Cras
2922 4831 3204 4902 apparebit
3240 4829 3445 4900 jnstitia
3488 4835 3600 4881 mea.
3639 4808 3709 4865 tl"

2244 4926 2432 4982 Exodo
2459 4938 2675 4996 quoque
2697 4923 2789 4980 ubi
2823 4923 2891 4979 de
2920 4923 3044 4995 agni
3069 4922 3337 4993 paschalis
3366 4934 3457 4976 esu
3483 4905 3705 4988 principum.

2245 5016 2490 5072 additum
2533 5024 2620 5072 est
2659 5034 2673 5071 :
2712 5034 2731 5068 ι
2783 5013 2894 5077 Nec
2942 5014 3241 5070 remanebit
3288 5028 3355 5070 ex
3409 5025 3470 5066 eo
3515 5001 3707 5076 (ιυῑὰιωι

2245 5123 2416 5179 usque
2440 5122 2620 5162 mane.
2652 5126 2672 5160 ι
2705 5106 2840 5162 Cum
2870 5114 3053 5162 autem
3095 5105 3211 5160 dies
3253 5103 3414 5159 futuri
3434 5092 3590 5170 judicii

2245 5168 2347 5262 rit:
2360 5205 2414 5252 et
2455 5212 2614 5253 omne
2639 5197 2932 5252 humanum
2961 5211 3152 5265 genus.
3192 5193 3324 5261 justi
3366 5168 3579 5248 videlicet
3612 5168 3705 5234 siml“

2245 5299 2302 5346 et
2321 5298 2656 5360 peccatores,
2689 5297 2816 5344 ante
2838 5288 3078 5358 supremi
3102 5286 3307 5344 indicis
3327 5278 3613 5368 praesentiam

2245 5384 2559 5447 stitnentur,
2608 5391 2735 5437 tunc
2789 5381 3116 5437 revelabitur
3158 5382 3304 5454 quali
3338 5387 3499 5436 mente

2249 5477 2468 5543 vixerit,
2502 5475 2592 5531 ubi
2615 5475 2746 5545 justi
2779 5473 2847 5529 ad
2875 5474 3278 5544 percipiendum
3331 5481 3527 5540 regnum
3549 5455 3700 5516 ww

2247 5569 2435 5641 patriae
2457 5583 2556 5639 per
2584 5566 2907 5622 sententiam
2952 5567 3235 5635 praesentis
3257 5563 3440 5635 judieis
3484 5551 3698 5641 ἰιιγὶιιιιφι

2247 5636 2303 5719 et
2327 5636 2641 5733 peceatores
2663 5657 2822 5714 simul
2850 5673 2976 5714 cum
3006 5659 3219 5718 diabolo
3268 5654 3449 5716 inferni
3470 5636 3695 5709 crudam

2245 5752 2501 5825 puniendi
2520 5748 2881 5822 expelluntur.
