3882 6456
64 372 202 428 657

711 489 935 557 CAPUT
973 496 1065 551 IX.

67 602 171 661 De
205 624 265 664 eo
284 609 422 677 quod
446 623 536 661 rea:
560 607 833 670 Assuerus,
863 626 980 663 cum
1006 619 1204 666 noctem
1225 612 1458 668 duxisset
1479 615 1678 668 insom-

162 693 312 743 nem,
326 677 484 746 jussit
511 678 609 754 sibi
635 678 813 754 afferri
849 680 1096 754 histories
1117 691 1164 736 et
1195 683 1410 737 annales
1445 686 1682 754 priorum

158 757 484 823 temporum,
505 750 592 818 qui
615 749 946 823 dumroram
961 767 1021 804 eo
1043 750 1354 820 legerentur,
1383 749 1682 823 perventum

160 827 245 872 est
272 816 341 870 ad
379 816 551 871 locum
587 819 676 871 ubi
704 817 1074 875 Mardochteus
1091 816 1682 879 'eunuchos'insidiato-

158 903 252 942 res
268 887 524 961 prodidit,
553 889 615 961 ob
643 888 791 961 quod
825 906 942 943 cum
987 907 1100 961 rex,
1125 905 1306 946 vocato
1327 891 1517 959 Aman,
1548 893 1686 948 stola

159 957 334 1028 reguli
357 967 404 1012 et
429 957 730 1034 diademate
758 958 994 1034 decorari
1021 961 1287 1031 pra'cepit,
1310 973 1355 1017 et
1383 957 1513 1033 equo
1542 965 1685 1034 regio

159 1030 552 1113 superpositum
585 1030 811 1113 qmieum
835 1030 975 1113 regis
1001 1030 1108 1113 .per
1155 1030 1324 1102 ipsum
1351 1030 1521 1087 Aman
1545 1030 1685 1113 prte-

159 1096 358 1154 dican‘.
396 1096 546 1154 Unde
579 1099 749 1154 Aman
778 1096 944 1155 tristis
979 1096 1192 1156 domum
1225 1119 1456 1158 reversus
1482 1096 1577 1158 esi.

167 1253 197 1289 α
235 1234 461 1292 Noctem
489 1244 671 1292 autem
699 1234 849 1291 illam
876 1251 974 1293 rex
1021 1237 1171 1292 duxit
1217 1237 1538 1303 insomnem,
1573 1236 1689 1308 jus-

79 1345 103 1378 ι
148 1325 339 1397 sitque
359 1325 539 1383 all'erri
566 1325 670 1382 sibi
691 1327 948 1382 historias
971 1336 1026 1382 et
1047 1328 1268 1384 annales
1286 1329 1529 1399 priorum
1551 1337 1688 1384 tem-

82 1437 105 1469 ι
151 1432 376 1490 porum.
409 1417 539 1486 Quae
584 1433 708 1474 eum
754 1417 845 1473 illo
888 1426 1154 1488 praesente
1201 1419 1530 1491 legerentur,
1559 1434 1690 1474 ven-

81 1528 106 1562 c
151 1518 277 1565 tum
322 1517 407 1566 est
451 1508 519 1565 ad
545 1509 697 1565 illum
746 1509 924 1566 locum
969 1512 1060 1566 ubi
1101 1512 1362 1582 scriptum
1392 1519 1509 1568 erat
1555 1529 1689 1584 quo-

81 1621 106 1655 α
150 1605 324 1660 modo
351 1603 656 1658 nuntiasset
687 1602 1057 1659 Mardochzeus
1081 1603 1307 1659 insidias
1330 1603 1609 1675 Bagathan
1633 1614 1688 1662 et

80 1713 105 1746 ι
148 1695 368 1751 Tharcs
413 1697 806 1762 cunuchorum,
854 1710 1036 1768 regem
1089 1697 1393 1753 Assuerum
1436 1699 1686 1770 jugulare

83 1803 107 1836 ε
149 1786 517 1856 cupientium.
545 1786 698 1854 Quod
737 1803 859 1842 cum
889 1803 982 1842 rex
1017 1787 1258 1844 audisset
1278 1789 1355 1844 ait
1378 1808 1390 1843 :
1417 1789 1554 1857 Quid
1583 1806 1684 1861 pro

1184 376 1547 442 EXPOSITIO
1580 383 1648 440 IN
1683 383 1944 444 LIBRUM
1982 383 2274 446 ES'I‘HER.

1707 511 1761 574 Α
1855 499 2080 558 Jubetur
2120 501 2489 562 Mardocbteus
2515 507 2784 580 regalibus
2828 512 3166 570 vestimentis
3211 516 3366 580 indui

3251 405 3354 464 658

1781 601 1838 648 et
1858 593 2059 664 imponi
2093 610 2255 664 super
2279 612 2478 668 equum
2504 601 2593 669 qui
2625 601 2691 656 de
2720 603 2850 657 sella
2883 605 3024 676 regis
3045 615 3148 674 est,
3175 617 3232 662 et
3264 621 3364 666 ac-

1782 684 1964 756 cipere
2014 689 2221 758 regium
2248 689 2494 745 diadema
2536 708 2698 762 super
2731 703 2893 764 caput
2938 712 3116 766 suum,
3155 707 3212 753 et
3250 699 3362 772 pri-

1782 792 1905 832 mus
1931 778 1996 834 de
2018 780 2162 851 regis
2191 781 2524 852 principibus
2561 800 2626 840 ac
2655 789 2901 857 tyrannis
2947 798 3132 848 tenere
3165 806 3365 863 equum

1782 866 1922 937 ejus,
1944 876 2002 924 et
2021 883 2126 940 per
2163 871 2395 943 plateam
2443 874 2680 932 civitatis
2727 877 3024 936 incedendo
3070 882 3308 940 clamare
3345 902 3363 942 :

1789 979 1810 1012 ‹
1847 958 1940 1017 Sic
1963 961 2337 1031 honorabitur,
2385 980 2781 1039 quemcumque
2809 970 3042 1028 voluerit
3077 990 3174 1031 rex
3197 976 3370 1034 hono-

1784 1065 1941 1120 rare;
1973 1072 1993 1107 ι
2033 1069 2156 1110 cum
2196 1057 2577 1126 praedicatores
2624 1062 2799 1116 sancti
2846 1062 3122 1136 Evangelii
3158 1074 3214 1121 et
3251 1082 3368 1122 ma-

1785 1144 1941 1213 gistri
1973 1145 2246 1213 Ecclesiae,
2274 1150 2514 1205 omnium
2548 1152 2814 1208 virtutum
2856 1154 3002 1210 cultu
3048 1165 3105 1212 et
3149 1159 3366 1228 sapien-

1786 1234 1878 1290 tia:
1903 1236 2101 1293 decore
2146 1239 2425 1308 illustrati,
2456 1257 2519 1297 ac
2544 1243 2846 1300 diademate
2877 1246 3041 1316 regiae
3068 1247 3367 1319 dignitatis,

1787 1328 1913 1396 quia
1942 1331 2136 1385 summi
2166 1332 2312 1400 regis
2335 1335 2578 1390 membra
2623 1344 2772 1402 sunt,
2803 1337 3058 1394 nobiliter
3086 1340 3366 1406 honorati;

1788 1419 2081 1475 ascendere
2114 1437 2275 1492 super
2294 1439 2492 1494 equum
2517 1427 2746 1499 regium,
2771 1429 2875 1484 hoc
2920 1438 3021 1496 est,
3048 1445 3209 1501 super
3237 1431 3369 1486 ﬁde-

1787 1506 1915 1562 lium
1939 1510 2217 1580 pupulum,
2240 1512 2295 1568 in
2320 1529 2550 1583 quorum
2571 1516 2824 1572 cordibus
2847 1533 2941 1572 rex
2971 1519 3085 1589 ipse
3107 1520 3370 1576 caelorum

1781 1598 1981 1672 iugiter
2010 1602 2281 1673 prazsidct,
2303 1602 2560 1673 jubentur
2603 1621 2836 1676 prmesse
2866 1623 2930 1664 ac
2957 1610 3242 1665 dominari.
3295 1612 3371 1666 Dc

1789 1692 1984 1760 quibus
2013 1693 2168 1764 equis
2210 1709 2309 1763 per
2331 1694 2581 1752 Habacuc
2627 1701 2946 1770 prophetam
2971 1701 3038 1755 ad
3065 1701 3237 1772 ipsum
3266 1703 3371 1758 Do-

1788 1785 1996 1840 minum
2037 1787 2232 1842 dicitur
2262 1805 2275 1841 :
2310 1806 2329 1839 ‹
2361 1789 2673 1848 Ascendens
2717 1794 2977 1850 ascendes
3007 1811 3169 1865 super
3197 1812 3366 1866 equos

81 1895 104 1928 α
149 1879 266 1934 hac
305 1878 412 1934 ﬁde
458 1880 680 1936 honoris
719 1896 782 1935 ac
827 1881 1034 1951 prazmii
1079 1881 1448 1938 Mardochaeus
1492 1898 1686 1940 conse-
1714 1871 1762 1932 B
1793 1885 1932 1945 tuos,
1961 1887 2016 1934 et
2044 1881 2315 1950 equitatus
2343 1890 2468 1936 tuus
2501 1884 2703 1940 sanitas
2730 1884 2961 1956 (llabue.
2994 1887 3098 1958 ιιι).
3135 1908 3152 1940 ι

81 1988 104 2023 ι
146 1980 318 2026 cutus
355 1973 473 2027 est?
522 1972 892 2043 Dixeruntquc
942 1973 991 2028 ei
1037 1974 1180 2028 servi
1227 1971 1369 2028 illius
1416 1989 1480 2028 ac
1519 1975 1685 2030 mini-

79 2080 102 2114 σ
146 2063 257 2118 stri
275 2081 287 2118 :
305 2063 680 2119 Nihilomnino
705 2064 970 2120 mercedis
990 2065 1216 2136 accepit.
1237 2064 1541 2136 Statimque
1556 2082 1682 2126 rex:

83 2173 105 2206 ι
149 2155 292 2224 Quis
325 2165 432 2223 est,
468 2157 594 2224 iste,
620 2157 818 2227 inquit,
845 2157 897 2211 in
929 2158 1105 2212 atrio?
1132 2157 1304 2213 Aman
1328 2159 1525 2229 quippe
1555 2159 1688 2214 inte‘

80 2263 102 2298 ‹
144 2247 273 2301 rius
295 2247 492 2301 atrium
517 2247 708 2302 domus
746 2247 908 2316 regia:
944 2247 1261 2310 intraverat,
1291 2257 1350 2302 ut
1374 2257 1687 2320 suggereret

80 2354 102 2386 ‹
145 2338 270 2409 regi
313 2347 369 2392 et
403 2336 617 2406 juberet
668 2337 1064 2393 Illardocbteum
1106 2337 1247 2410 alligi
1277 2339 1516 2408 patibulo
1541 2339 1686 2410 quod

82 2447 102 2478 ι
143 2428 199 2482 ei
251 2428 430 2484 fuerat
476 2437 862 2500 praaparatum.
912 2429 1433 2501 Responderuntque
1479 2431 1681 2503 pueri:

81 2537 102 2570 ι
142 2520 330 2574 Aman
375 2529 486 2576 stat
532 2521 588 2575 in
634 2522 805 2587 atrio;
847 2521 1090 2592 dixitque
1142 2538 1234 2578 rex
1260 2563 1276 2590 ,
1325 2523 1682 2593 Ingrediatur.

84 2630 102 2663 ι
143 2610 399 2682 Cumque
432 2621 576 2668 esset
603 2612 883 2682 ingressus
929 2613 1006 2668 ait
1049 2613 1124 2668 illi
1156 2632 1169 2668 :
1196 2613 1337 2682 Quid
1382 2615 1540 2670 debet
1567 2615 1686 2671 ﬁeri

85 2720 104 2752 ι
149 2702 278 2758 viro
300 2718 463 2773 quem
488 2718 584 2758 rex
610 2704 882 2760 honorare
911 2704 1216 2761 desiderat?
1235 2705 1492 2777 Cogitans
1513 2706 1685 2762 Aman

85 2813 106 2846 ι
147 2796 207 2850 in
237 2796 401 2852 corde
429 2811 546 2861 suo,
574 2805 628 2853 et
667 2806 928 2868 reputans
962 2800 1105 2870 quod
1153 2799 1358 2854 nullum
1385 2800 1547 2855 alium
1570 2801 1684 2855 vcl-

85 2907 105 2938 ι
146 2887 228 2943 let
274 2904 366 2944 rex
397 2889 502 2946 nisi
531 2903 589 2945 se
628 2889 922 2956 honorare,
966 2891 1281 2962 respondit:
1308 2891 1480 2948 llomo
1523 2907 1684 2963 quem

87 2999 106 3032 ι
147 2997 253 3037 rex
280 2983 551 3039 honorare
591 2983 760 3054 cupit,
785 2983 946 3039 debet
991 2984 1139 3040 indui
1165 2986 1406 3041 vestibus
1432 2986 1596 3058 regiis
1630 2994 1687 3041 ct

89 3092 109 3126 ι
154 3075 364 3145 imponi
390 3091 556 3146 super
579 3089 779 3145 equum
808 3076 900 3145 qui
929 3077 996 3131 de
1014 3075 1145 3132 sella
1172 3077 1316 3148 regis
1339 3084 1441 3142 est,
1464 3086 1521 3132 et
1544 3078 1686 3133 acci-

89 3183 109 3216 ‹
149 3180 284 3235 pere
333 3166 538 3238 regium
571 3167 816 3222 diadema
851 3181 1015 3236 super
1043 3177 1208 3239 caput
1258 3181 1438 3235 suum,
1469 3177 1524 3223 et
1571 3169 1684 3240 pri-

1860 1970 1958 2026 Cui
1981 1972 2154 2026 Aman
2183 1973 2478 2042 spiritualis
2512 1975 2682 2031 hostis
2708 1977 2886 2044 populi
2922 1978 3038 2044 Dei,
3065 1978 3193 2033 licet
3227 1963 3372 2034 invi:

1788 2069 1896 2127 tus,
1922 2069 2102 2116 tamen
2127 2063 2454 2134 condignum
2494 2064 2812 2134 obsequium
2845 2068 3066 2136 prtebct,
3107 2084 3227 2123 cum
3253 2083 3371 2137 per-

1787 2162 2064 2210 secutores
2089 2164 2290 2211 sanctae
2320 2156 2590 2225 Ecclesite,
2617 2161 2863 2229 quamvis
2896 2162 3144 2216 indevoto
3164 2163 3368 2228 animo,

1787 2259 2023 2315 superno
2045 2253 2224 2301 tamen
2255 2257 2388 2302 nutu
2410 2263 2552 2319 saepe
2580 2260 2849 2322 coguntur
2867 2254 3044 2308 veraci
3068 2253 3251 2310 laudes
3273 2254 3370 2310 Ec-

1785 2337 1965 2393 clesize
1984 2341 2281 2409 praedicare
2303 2342 2646 2410 testimonio;
2670 2346 2798 2413 quia
2825 2347 3053 2402 veritate
3075 2347 3367 2417 patefacta,

1785 2432 2018 2488 convicti
2059 2447 2166 2489 non
2200 2442 2427 2504 possunt
2453 2436 2830 2492 abscondendo
2869 2438 3046 2494 celare
3088 2443 3232 2510 quod
3262 2457 3373 2496 ma-

1786 2523 2043 2580 nifestum
2069 2535 2172 2581 est.

1863 2634 1883 2667 σ
1917 2614 2190 2672 Reversus
2217 2626 2302 2673 est
2321 2615 2688 2675 Mardochaeus
2713 2620 2782 2676 ad
2819 2619 3039 2690 ianuam
3084 2622 3293 2693 palatii,
3314 2633 3373 2680 et

1791 2727 1811 2761 ι
1845 2709 2022 2765 Aman
2074 2708 2350 2765 festinavit
2405 2711 2486 2766 ire
2527 2711 2580 2766 in
2633 2713 2850 2767 domum
2881 2729 3034 2770 suam
3077 2713 3269 2784 lugens
3316 2722 3373 2770 et

1791 2815 1810 2849 ι
1845 2805 2036 2868 aperto
2086 2799 2306 2869 capite:
2354 2801 2701 2871 narravitque
2745 2803 2910 2858 Zarcs
2962 2804 3116 2858 uxori
3161 2819 3272 2860 sua:
3315 2812 3372 2859 et

1791 2906 1811 2940 ε
1846 2889 2034 2944 amicis
2061 2891 2243 2945 omnia
2273 2905 2394 2960 quae
2439 2893 2746 2946 evenissent
2787 2893 2910 2947 sibi.
2940 2891 3036 2947 Cui
3075 2893 3370 2964 responde-

1791 3000 1810 3033 ι
1848 2990 1974 3037 runt
2014 2982 2306 3052 sapientes,
2337 2999 2474 3052 quos
2523 2983 2756 3038 habebat
2800 2984 2854 3038 in
2903 2985 3130 3040 consilio
3171 2999 3289 3051 suo,
3316 2991 3372 3040 ct

1789 3093 1810 3127 ι
1844 3087 1984 3129 uxor
2029 3073 2190 3145 ejus:
2225 3072 2282 3127 Si
2337 3074 2404 3129 de
2451 3076 2657 3130 semine
2702 3074 3008 3132 Judaeorum
3047 3085 3132 3132 est
3159 3076 3371 3132 Mardo-

1790 3181 1808 3214 ι
1848 3162 2049 3228 Charus,
2081 3170 2206 3218 ante
2231 3178 2392 3233 quem
2443 3165 2635 3220 cadere
2682 3166 2915 3236 coepisti,
2944 3181 3049 3221 non
3081 3167 3281 3237 poteris
3318 3168 3370 3224 ei

87 3273 108 3308 ι
150 3271 276 3312 mus
298 3257 363 3311 de
401 3257 544 3328 regis
566 3257 901 3326 principibus
927 3273 990 3313 ac
1018 3258 1260 3329 tyrannis
1283 3265 1462 3313 teneat
1482 3273 1680 3328 equum
1709 3251 1754 3316 C
1793 3273 1810 3307 ι
1849 3255 2126 3320 resistere.
2156 3255 2248 3311 86d
2282 3256 2444 3312 cades
2495 3257 2549 3310 in
2581 3266 2868 3326 conspectu
2910 3257 3046 3327 ejus.
3078 3278 3098 3311 ι
3130 3257 3256 3313 ΙΙωο
3287 3266 3375 3316 est

89 3365 108 3399 ι
153 3347 296 3418 ejus,
323 3356 378 3402 et
417 3363 516 3418 per
549 3348 782 3420 plateam
812 3349 1050 3405 civitatis
1089 3350 1346 3406 incedens
1393 3350 1588 3407 clamet
1625 3360 1682 3409 et

89 3457 110 3490 ‹
153 3441 301 3495 dicat
331 3458 344 3494 :
381 3439 473 3495 Sic
513 3439 869 3497 honorabitur
895 3456 1273 3513 quemcunque
1303 3457 1400 3498 rex
1425 3443 1540 3498 vult
1584 3443 1680 3500 IIO-

90 3551 110 3584 ‹
154 3548 373 3589 norare.
399 3534 647 3604 Dixitque
687 3535 737 3590 ei
775 3550 908 3590 rex:
939 3535 1158 3591 Festina
1203 3544 1258 3590 et
1284 3544 1499 3607 sumpta
1543 3535 1678 3592 stola

89 3645 109 3677 ‹
151 3634 210 3680 et
229 3641 371 3696 equo
397 3625 483 3682 fac
499 3627 574 3682 ita
596 3636 654 3683 ut
678 3628 889 3684 locutus
913 3643 974 3684 es
995 3627 1333 3686 Mardochaeo
1354 3627 1558 3696 Iudaeo,
1585 3631 1675 3700 qui

89 3736 109 3770 ε
148 3720 302 3776 sedet
327 3729 450 3776 ante
485 3719 632 3778 fores
659 3721 864 3792 palatii.
895 3721 1039 3778 Cave
1069 3738 1138 3778 ne
1163 3723 1456 3793 quidquam
1503 3725 1569 3779 de
1592 3723 1680 3780 his

89 3831 109 3864 ι
148 3828 272 3883 qua:
295 3813 506 3893 locutus
538 3829 619 3882 es,
648 3817 1053 3886 praetermittas.
1083 3836 1104 3870 ι
1143 3816 1284 3885 Quid
1315 3816 1558 3888 estquod
1582 3832 1678 3874 rex

83 3903 392 3961 insomnem
419 3915 632 3962 noctem
678 3908 878 3978 duxit;
899 3908 1003 3963 nisi
1035 3909 1165 3963 illud
1200 3909 1342 3979 quod
1387 3909 1442 3963 in
1468 3911 1680 3979 psalmo

84 3999 352 4069 scriptum
379 4008 462 4056 est
491 4017 504 4054 :
536 4018 556 4051 ‹
588 3999 728 4056 Ecce
768 4016 873 4056 non
905 4002 1242 4067 dormitabit,
1268 4018 1444 4073 neque
1483 4005 1677 4061 obdor-

84 4092 220 4146 miet
261 4093 351 4162 qui
383 4093 618 4149 custodit
663 4093 829 4151 Israel
855 4095 1027 4167 (Psal.
1058 4098 1206 4169 cxx).
1239 4117 1259 4150 ›
1285 4096 1562 4168 Leguntur
1585 4114 1678 4156 co-

84 4197 203 4236 ram
233 4196 300 4237 eo
328 4182 568 4238 historiae
599 4191 655 4238 et
701 4185 922 4240 annales
967 4185 1208 4256 priorum
1263 4195 1587 4258 temporum,
1621 4190 1676 4244 in

83 4273 283 4341 quibus
302 4274 744 4329 commemoratio
772 4274 895 4330 ﬁdei
919 4283 975 4330 et
993 4275 1260 4332 honorum
1295 4286 1512 4334 actuum
1535 4279 1678 4336 Mar-

86 4365 294 4420 dochzei
321 4366 651 4432 continetur,
679 4367 804 4436 quia
840 4379 936 4421 rex
985 4376 1298 4425 sanctorum
1327 4378 1382 4426 et
1425 4372 1676 4442 princeps

86 4471 274 4528 regum
302 4466 484 4524 terraz,
507 4458 563 4512 in
586 4473 645 4514 se
670 4459 812 4514 idem
832 4473 1080 4527 manens,
1102 4461 1344 4516 omnium
1372 4470 1674 4534 temporum

84 4563 279 4605 cursus
303 4557 360 4604 et
388 4551 722 4621 singulorum
766 4558 982 4607 actuum
1013 4552 1261 4608 notitiam
1300 4569 1408 4608 uno
1431 4563 1675 4610 contem-

1783 3347 2089 3402 immutatio
2116 3347 2351 3402 dexterae
2375 3346 2605 3414 Excelsi,
2639 3356 2700 3402 ut
2738 3348 2826 3402 ille
2850 3349 2942 3418 qui
2979 3364 3153 3420 nuper
3176 3349 3374 3422 gloria-

1781 3441 1944 3496 batur
1971 3456 2134 3512 super
2161 3441 2297 3496 alios
2342 3455 2402 3497 se
2439 3457 2559 3497 esse
2585 3450 2859 3512 potentem
2886 3451 2941 3498 et
2983 3459 3094 3514 pra:
3119 3443 3373 3501 omnibus

1783 3531 2101 3602 gloriosum,
2128 3531 2306 3588 subito
2348 3532 2502 3588 ﬁeret
2551 3532 2710 3589 vilior
2752 3534 2964 3589 cazteris
3009 3543 3066 3590 ct
3106 3534 3374 3592 inﬁrmior

1782 3625 2014 3682 cunctis.
2056 3625 2224 3696 Cujus
2249 3625 2618 3696 dispositionis
2652 3625 3079 3696 magnitudinem
3125 3627 3371 3685 conside-

1781 3732 1911 3774 rans
1952 3717 2121 3773 Maria
2151 3726 2326 3772 mater
2351 3718 2564 3773 Domini
2590 3718 2647 3774 in
2693 3719 2908 3774 cantico
2939 3719 3217 3790 Evangelii
3244 3721 3318 3776 ait
3351 3740 3366 3777 :

1788 3831 1808 3864 ι
1837 3811 1990 3867 Fecit
2016 3810 2310 3882 potentiam
2343 3810 2398 3865 in
2424 3809 2650 3866 brachio
2678 3825 2796 3875 suo,
2823 3810 3079 3880 dispersit
3107 3811 3371 3880 superbos

1780 3915 1966 3962 mente
1985 3906 2165 3963 cordis
2188 3906 2292 3962 sui.
2320 3906 2578 3976 Deposuit
2605 3914 2850 3977 potentes
2876 3907 2942 3961 de
2963 3907 3112 3974 sede,
3133 3914 3188 3962 et
3216 3906 3367 3962 cxal-

1782 3996 1916 4051 tavit
1946 3993 2196 4051 humiles.
2223 3995 2538 4051 Esurientes
2564 3993 2804 4066 implevit
2825 3996 2979 4050 bonis
3000 4002 3055 4050 et
3075 3996 3266 4052 divites
3289 3998 3371 4053 di-

1781 4088 1930 4144 misit
1959 4088 2148 4143 inanes
2172 4086 2324 4159 (Luc.
2354 4086 2417 4158 ι).
2453 4106 2472 4140 ι
2499 4087 2576 4143 De
2619 4101 2726 4157 quo
2759 4100 2858 4157 per
2900 4086 3093 4142 Isaiam
3119 4086 3317 4142 dicitur
3350 4105 3365 4144 τ

1786 4199 1804 4232 ι
1839 4180 2198 4235 Convertetur
2230 4180 2487 4245 Libanus,
2516 4188 2571 4235 et
2598 4178 2815 4234 Carmel
2844 4179 2900 4233 in
2925 4178 3121 4234 saltum
3149 4187 3368 4251 reputa-

1779 4272 1928 4328 bitur
1950 4271 2086 4343 (Isa.
2124 4270 2299 4341 XXIX).
2343 4290 2363 4324 ι

1851 4364 1988 4419 Hinc
2017 4365 2263 4420 videmus
2287 4362 2593 4418 Judazorum
2637 4359 2932 4432 Synagoga:
2967 4362 3365 4417 contumaciam

1780 4471 2167 4528 compressam,
2198 4463 2253 4509 et
2285 4453 2641 4509 humilitatem
2664 4453 2919 4508 Ecclesiae
2944 4453 3181 4524 gentium
3215 4453 3364 4507 exal-

1781 4559 1972 4609 tatam.
2001 4549 2138 4604 IIinc
2157 4556 2531 4619 persecutores
2559 4545 2879 4602 Christiana:
2907 4545 3051 4610 ﬁdei,
3079 4546 3168 4616 qui
3195 4560 3365 4614 quon—

82 4639 266 4709 platur
285 4640 506 4707 intuitu,
534 4657 635 4698 nec
677 4650 760 4698 est
806 4643 947 4712 apud
973 4643 1125 4698 illum
1163 4644 1452 4716 quidquam
1478 4647 1673 4705 recidi-
1703 4623 1757 4684 D
1779 4647 1902 4701 dam
1932 4651 1992 4697 ut
2014 4643 2198 4696 leones
2236 4639 2445 4695 feroces
2471 4637 2849 4694 laceraverunt
2887 4652 3102 4709 gregem
3139 4637 3364 4703 Christi,

85 4747 229 4799 vum,
257 4733 351 4789 sed
379 4734 797 4804 praesentialiter
825 4735 881 4790 in
912 4746 1204 4806 conspectu
1231 4737 1347 4806 ejus
1371 4739 1551 4794 omnia
1578 4755 1672 4810 pa-

87 4833 221 4894 tent,
245 4828 312 4884 de
335 4843 443 4898 quo
470 4843 569 4900 per
608 4827 898 4886 Jeremiam
940 4831 1176 4887 dicitur:
1209 4852 1227 4884 ς
1263 4833 1364 4901 Qui
1393 4835 1538 4889 enim
1583 4835 1670 4888 ﬁr-

87 4920 253 4975 mavit
273 4921 453 4976 omnia
480 4921 595 4992 ipse
615 4930 715 4986 est,
737 4929 793 4978 et
810 4921 974 4979 Israel
1001 4923 1153 4995 virga
1179 4924 1510 4981 haereditatis
1529 4924 1664 4995 ejus,

88 5010 347 5068 Dominus
393 5013 731 5070 exercituum
769 5028 966 5069 nomen
1010 5013 1085 5069 illi
1115 5013 1248 5086 (Ier.
1277 5013 1355 5086 x).
1391 5033 1410 5068 ι
1441 5014 1594 5071 Unde
1617 5024 1673 5071 et

90 5104 373 5175 Apostolus
395 5107 472 5162 ait
497 5126 511 5163 :
543 5125 562 5159 α
591 5105 650 5163 In
677 5106 895 5163 Christo
915 5109 1058 5163 enim
1082 5106 1212 5163 Jesu
1235 5124 1342 5163 non
1365 5116 1448 5165 est
1494 5110 1547 5164 in
1579 5109 1672 5168 illo

90 5207 161 5251 est
212 5209 272 5256 et
317 5201 440 5270 fuit,
468 5201 564 5258 sed
593 5211 670 5257 est
711 5216 926 5273 semper
965 5201 1020 5256 in
1060 5201 1152 5257 illo
1185 5208 1290 5257 est.
1324 5220 1344 5254 ›
1373 5201 1439 5256 Et
1486 5201 1614 5257 item
1654 5220 1667 5257 :

96 5307 115 5342 ι
148 5289 325 5360 Iesus,
350 5293 546 5366 inquit,
569 5293 819 5352 Christus
843 5294 958 5350 heri
981 5301 1038 5349 et
1060 5294 1222 5350 hodie
1247 5294 1363 5364 ipse
1388 5293 1444 5350 in
1474 5294 1669 5350 saecula

93 5386 429 5442 steculorum.
470 5407 489 5442 ι

156 5478 661 5536 Commemorantur
680 5493 808 5551 ergo
828 5487 977 5551 gesta
999 5477 1321 5534 Mardochaei
1359 5491 1544 5532 coram
1564 5475 1668 5532 hoc

94 5583 235 5641 rege,
255 5573 382 5644 quia
410 5575 549 5629 bona
574 5587 738 5643 opera
761 5580 1070 5628 sanctorum
1091 5571 1370 5626 doctorum
1394 5582 1664 5637 nunquam

96 5665 228 5730 apud
259 5679 383 5720 eum
405 5665 662 5720 oblivioni
693 5665 993 5729 tradentur,
1025 5663 1118 5718 sed
1151 5661 1210 5716 ﬁt
1231 5661 1374 5732 quod
1406 5661 1668 5730 scriptum

97 5763 210 5808 est:
241 5773 260 5807 ‹
286 5756 342 5813 In
371 5756 628 5812 memoria
654 5764 857 5810 aeterna
886 5753 1202 5822 eritjustus,
1225 5753 1293 5808 ab
1323 5752 1504 5808 auditu
1528 5750 1669 5806 malo

100 5856 200 5902 non
226 5835 432 5907 timebit
452 5844 624 5921 (Psal.
649 5846 782 5920 cxi).
812 5868 831 5901 ι

1780 4737 1942 4792 modo
1986 4732 2244 4790 destructi
2274 4740 2330 4787 et
2370 4731 2438 4786 ad
2465 4729 2691 4785 nihilum
2733 4735 2862 4783 sunt
2885 4728 3088 4784 redacti
3115 4745 3128 4782 :
3153 4726 3366 4783 confes-

1779 4843 1932 4885 sores
1959 4839 2172 4897 quoque
2197 4822 2396 4881 Christi
2445 4822 2500 4877 in
2545 4829 2662 4878 toto
2705 4821 2838 4876 orbe
2887 4828 3030 4875 statu
3068 4834 3212 4874 sanae
3240 4819 3362 4873 ﬁdei

1777 4919 1947 4976 erecti
1996 4926 2051 4974 et
2095 4915 2337 4989 potentia
2382 4913 2643 4969 virtutum
2692 4921 2820 4968 sunt
2865 4910 3159 4968 sublimati.
3189 4908 3364 4978 Caput

1779 5013 1833 5068 in
1858 5012 2086 5068 caudam
2115 5017 2171 5065 et
2207 5008 2379 5063 cauda
2424 5007 2478 5063 in
2507 5014 2669 5077 caput
2704 5020 2860 5059 versa
2889 5011 2994 5070 est,
3025 5002 3150 5073 quia
3183 5020 3202 5053 σ
3233 5002 3362 5057 0m-

1779 5107 1865 5162 nis
1893 5105 1985 5176 qui
2015 5118 2074 5159 se
2101 5101 2324 5168 exaltat,
2360 5099 2762 5163 humiliabitur;
2794 5105 2848 5152 et
2875 5096 2968 5167 qui
2997 5110 3057 5152 se
3085 5093 3360 5161 humiliat,

1777 5197 2123 5252 cxaltabitur.
2157 5215 2176 5249 ›

2399 5280 2626 5342 CAPUT
2661 5278 2732 5339 Χ.

1777 5401 2023 5458 Secundo
2058 5400 2141 5455 die
2186 5397 2404 5454 convivii
2444 5396 2760 5467 reginapro
2797 5389 2989 5467 popqu
3035 5407 3129 5447 suo
3178 5392 3360 5464 depre-

1848 5481 2018 5535 cante,
2042 5472 2210 5525 Aman
2238 5471 2295 5522 in
2323 5467 2465 5538 ligno
2502 5463 2643 5538 quod
2667 5463 3012 5519 'Mardoelueo
3032 5478 3358 5534 praeparave-

1847 5552 1953 5607 rat,
1980 5557 2258 5611 suspensus
2287 5547 2363 5593 est

1851 5673 1871 5706 ι
1903 5654 2093 5710 Adhuc
2138 5652 2242 5708 illis
2264 5650 2629 5722 loquentibus,
2665 5653 2930 5704 venerunt
2957 5645 3188 5702 eunuchi
3216 5645 3357 5715 regis

1780 5767 1798 5798 ε
1835 5755 1890 5802 et
1919 5747 2026 5801 cito
2051 5759 2174 5798 eum
2204 5744 2270 5797 ad
2316 5741 2620 5798 convivium
2665 5738 2808 5810 quod
2853 5737 3040 5807 regina
3072 5741 3356 5805 paraverat

1835 5851 2058 5910 pergere
2084 5833 2474 5906 compulerunt.
2501 5831 2726 5889 Intravit
2746 5830 2932 5902 itaque
2952 5841 3048 5882 rex
3075 5833 3131 5879 et
3153 5825 3353 5892 Aman,
