3882 6462
603 320 708 379 659

1253 319 1338 391 (Β.
1377 318 1634 376 RABANI
1673 317 1894 377 MAURI
1929 314 2249 375 ARCHIEP.
2290 314 2602 375 MOGUNT.
2647 314 2935 374 OPERUM
2972 315 3154 374 PARS
3190 318 3229 373 Ι.
3681 327 3737 387 ω

611 454 634 490 ι
665 446 726 493 ut
752 437 1000 494 biberent
1031 451 1154 492 cum
1183 436 1387 507 regina.
1419 436 1679 507 Dixitque
1724 436 1775 491 ei
1805 450 1901 491 rex
1932 435 2096 490 etiam
2137 433 2193 488 in
2221 438 2275 498 Α
2306 450 2324 484 ι
2361 432 2690 503 opprimere,
2742 447 2829 487 me
2855 441 3143 503 przesente,
3177 432 3231 487 in
3267 434 3424 488 domo
3450 435 3573 491 mea.
3594 435 3737 500 unum

601 546 629 583 ι
660 530 899 589 secundo
927 528 1036 595 die,
1063 538 1350 600 postquam
1395 529 1522 585 vino
1569 528 1868 584 incaluerat
1906 546 1918 581 :
1949 527 2080 594 Quae
2108 533 2192 582 est

601 640 627 678 ι
656 618 853 696 petitio
875 632 987 691 tua,
1014 622 1228 690 Esther,
1264 632 1325 678 ιιι
1345 623 1503 680 detur
1530 623 1649 689 tibi,
1676 631 1730 678 et
1756 615 1888 694 quid
1923 621 2007 676 vis
2033 617 2189 676 ﬁeri?

602 724 629 770 ι
654 710 887 773 Etiamsi
916 717 1197 774 dimidiam
1232 718 1387 790 regni
1426 718 1533 772 mei
1578 724 1790 787 partem
1821 714 2060 787 petieris,
2091 713 2195 769 im—

598 818 631 862 r
652 804 917 881 ρεστ-πως.
944 809 1027 866 Ad
1078 820 1240 882 quem
1266 800 1356 865 illa
1387 809 1668 880 respondit
1701 828 1713 863 :
1748 806 1805 864 Si
1840 807 2020 863 inveni
2065 822 2189 880 gra-

597 916 621 954 α
655 901 790 958 tiam
834 896 891 957 in
924 901 1097 959 oculis
1125 902 1254 980 tuis,
1280 917 1315 958 ο
1342 918 1460 971 rex,
1501 912 1557 958 et
1583 901 1629 957 si
1661 898 1759 957 tibi
1804 896 2003 973 placet,
2047 899 2187 957 dona

596 1006 619 1048 ι
652 995 789 1052 mihi
835 998 1073 1052 animam
1111 1011 1312 1063 meam,
1344 1006 1444 1067 pro
1487 1011 1592 1067 qua
1642 1009 1799 1066 rogo,
1844 1001 1899 1049 et
1926 986 2186 1065 populum

596 1104 618 1139 ι
650 1100 866 1157 meum,
892 1102 994 1161 pro
1040 1104 1148 1161 quo
1177 1090 1424 1146 obsecro.
1457 1086 1664 1145 Traditi
1692 1088 1837 1144 enim
1864 1102 2052 1143 sumus
2085 1100 2186 1159 ego

595 1195 616 1231 ι
651 1188 709 1235 et
735 1181 969 1252 populus
995 1196 1171 1249 meus,
1194 1189 1253 1237 ut
1274 1191 1640 1247 conteramur,
1664 1179 1978 1252 jugulemur
2009 1186 2065 1235 et
2091 1193 2185 1250 pe-

594 1284 617 1320 r
652 1283 893 1328 reamns.
926 1270 998 1327 At
1028 1273 1236 1329 utinam
1265 1273 1319 1328 in
1346 1287 1533 1329 servos
1564 1280 1618 1327 et
1666 1270 1897 1326 famulas
1918 1270 2182 1326 vendere-

594 1377 616 1412 ι
649 1362 809 1418 mur!
849 1370 991 1420 esset
1034 1364 1316 1420 tolerabile
1352 1364 1576 1430 malum,
1597 1372 1651 1420 et
1675 1377 1897 1435 gemens
1918 1370 2177 1417 tacerem.

593 1470 613 1504 ι
649 1450 805 1510 Nunc
832 1464 1010 1511 autem
1042 1456 1215 1512 hostis
1241 1466 1325 1512 est
1352 1464 1560 1522 noster,
1584 1453 1739 1523 cujus
1780 1450 2073 1509 crudelitas
2096 1467 2182 1507 re-

590 1561 613 1597 t
645 1545 852 1602 dundat
907 1548 961 1602 in
1011 1565 1218 1622 regem.
1272 1548 1731 1620 Respondensque
1779 1564 1875 1602 rex
1909 1546 2181 1602 Assuerus

588 1655 607 1688 ι
644 1638 721 1692 ait
745 1657 759 1693 :
785 1637 918 1706 Quis
945 1649 1030 1697 est
1053 1642 1177 1708 iste,
1203 1650 1258 1697 et
1277 1641 1433 1713 cujus
1454 1641 1734 1714 potentiae,
1758 1648 1817 1694 ut
1840 1641 1956 1696 haec
1982 1639 2181 1694 audeat

585 1750 605 1783 ι
640 1730 862 1787 facere?
893 1734 1043 1791 Dixit
1085 1734 1281 1792 Esther
1313 1755 1325 1789 :
1358 1734 1542 1791 Hostis
1586 1743 1642 1790 et
1688 1734 1941 1789 inimicus
1990 1741 2176 1789 noster

2303 543 2321 575 ‹
2354 525 2579 581 verbum
2599 524 2666 579 de
2692 538 2787 579 ore
2820 524 2964 594 regis
2990 524 3217 590 exierat,
3241 532 3295 578 et
3324 526 3496 582 statim
3527 542 3739 599 operum

2298 634 2318 668 ι
2353 617 2549 674 faciem
2585 618 2721 690 ejus.
2763 637 2781 669 ι
2810 616 3129 689 Dbprecatio
3157 619 3297 674 enim
3322 618 3487 676 Aman
3524 622 3736 696 adregim

2290 704 2488 789 Esther
2531 710 2674 780 apud
2722 724 2905 781 regem
2936 710 3229 766 Assueruin
3277 725 3377 781 pro
3406 711 3736 787 calumnhdepu.

2291 804 2543 859 labatur:
2576 803 2728 872 quia,
2780 803 3099 858 imminente
3151 801 3245 857 die
3279 801 3483 871 iudicii,
3533 807 3736 877 petitio’n'L

2288 904 2521 965 quorum
2551 908 2659 950 non
2687 895 2886 961 oratio,
2908 894 3002 950 sed
3032 894 3267 950 irritatio
3285 892 3364 950 ﬁt.
3392 894 3531 951 Unde
3557 898 3600 951 in
3621 900 3736 969 pes.

2289 988 2552 1060 scriptum
2600 995 2683 1043 est
2716 1005 2728 1041 :
2762 1005 2781 1038 ι
2820 985 2956 1043 Cum
2998 984 3275 1056 iudicatur
3332 994 3483 1042 exeat
3527 989 3735 1046 condemn

2288 1090 2399 1147 tus,
2426 1089 2484 1137 et
2508 1081 2686 1138 elatio
2723 1079 2841 1150 eius
2883 1080 2982 1136 ﬁat
3013 1081 3071 1136 in
3108 1088 3392 1151 peccatum
3434 1078 3734 1153 (Putem):

2285 1173 2440 1231 Tunc
2493 1176 2640 1230 enim
2693 1174 2973 1245 oppressio
3026 1173 3170 1241 illis,
3245 1188 3358 1246 qua
3420 1182 3561 1229 antea
3607 1175 3736 1232 humile

2283 1267 2697 1339 opprimebant,
2747 1268 3147 1339 improperatur
3170 1307 3184 1331 ,
3243 1265 3374 1337 quia
3420 1268 3736 1321 remuneratione

2283 1371 2497 1435 tempus
2529 1363 2712 1430 adest;
2751 1372 2878 1418 tunc
2923 1361 3068 1417 enim
3104 1360 3344 1415 damnati
3369 1366 3654 1431 peccatorum
3677 1375 3736 1413 at

2281 1472 2402 1511 rum
2454 1455 2782 1511 verecundia
2838 1454 3185 1525 operientur,
3236 1451 3379 1507 sicut
3427 1451 3640 1520 scriptum
3672 1464 3735 1505 est.
3788 1442 3789 1455 λ

2287 1546 2603 1604 «'Confusio
2658 1546 2841 1603 vultus
2888 1559 3078 1601 eorum
3126 1543 3338 1615 operiet
3390 1557 3506 1607 eos,
3561 1562 3575 1594 ι
3620 1543 3737 1612 quasi:

2280 1642 2347 1696 ad
2372 1641 2567 1696 tartari
2592 1642 2846 1697 tenebras
2872 1639 3287 1711 pertrahuntur,
3320 1643 3380 1690 ut
3404 1634 3471 1690 ibi
3496 1649 3737 1705 operemur:

2280 1748 2401 1788 rum
2428 1733 2694 1805 condigna
2728 1726 2979 1788 mercede
3006 1737 3442 1787 remunerentur.
3491 1725 3613 1783 Unde
3630 1727 3736 1780 etab

585 1843 604 1875 ι
638 1827 909 1897 pessimus
932 1838 1017 1886 est
1040 1830 1235 1885 Aman.
1263 1830 1415 1898 Quod
1440 1829 1529 1885 ille
1562 1829 1790 1885 audiens
1824 1828 1968 1883 illico
1994 1829 2178 1883 obstu-
2205 1805 2255 1868 Β
2283 1825 2430 1882 ditur
2463 1842 2478 1879 :

583 1933 603 1965 ι
641 1917 779 1986 puit,
802 1919 1010 1975 vultum
1039 1922 1183 1993 regis
1209 1937 1273 1977 ac
1300 1922 1500 1994 reginae
1521 1919 1666 1976 ferre
1688 1937 1793 1975 non
1826 1920 2119 1976 sustinens.
2151 1939 2170 1971 ι

577 2003 719 2061 Ecce
742 2006 857 2076 jam
901 2012 1141 2067 secunda
1165 2013 1281 2069 dies
1312 2013 1550 2068 convivii
1592 2013 1765 2079 adest,
1792 2012 1885 2067 ubi
1923 2012 2178 2069 similiter

576 2108 636 2153 ut
684 2101 837 2171 prius
888 2102 1065 2160 Aman
1103 2116 1437 2163 convocatus
1464 2107 1637 2173 venit,
1666 2107 1760 2162 sed
1792 2103 2176 2162 manifestante

573 2189 772 2247 Esther
796 2195 1116 2263 petitionem
1144 2212 1319 2263 suam,
1354 2198 1479 2254 inde
1508 2198 1798 2253 damnatus
1847 2197 1917 2253 ad
1956 2212 2175 2267 poenam

572 2284 817 2341 secessit.
844 2284 983 2343 Hinc
1004 2299 1087 2346 est
1111 2291 1281 2357 enim,
1308 2292 1525 2362 quodin
1550 2292 1841 2363 Evangelio
1857 2290 1984 2346 alibi
2009 2305 2173 2361 pran-

571 2374 742 2439 dium,
774 2376 902 2432 alibi
928 2393 1086 2434 omna
1126 2382 1195 2437 ab
1232 2382 1450 2437 homine
1478 2382 1619 2438 facta
1652 2390 2015 2447 memoratur;
2044 2381 2172 2452 quia

569 2466 862 2532 prandium
903 2471 1187 2539 praesentis
1212 2472 1471 2529 Ecclesia}
1493 2474 1763 2546 designat,
1804 2489 1960 2530 coena
1987 2480 2169 2527 autem

569 2560 835 2612 aeternum
858 2566 1022 2630 atque
1042 2562 1294 2618 ultimum
1314 2563 1647 2619 convivium.
1683 2564 1836 2621 Unde
1866 2571 2172 2635 sequestra-

570 2646 642 2703 tis
668 2651 1067 2721 peccatoribus,
1114 2653 1214 2710 soli
1243 2653 1370 2711 boni
1397 2655 1451 2710 in
1484 2665 1777 2731 conspectu
1803 2658 1888 2713 sui
1916 2657 2169 2714 laetantur

568 2740 889 2800 conditoris.

637 2830 812 2887 Aman
835 2832 1035 2906 quippe
1060 2836 1360 2908 spiritualis
1387 2845 1444 2892 et
1473 2837 1647 2894 hostis
1668 2837 1852 2909 populi
1890 2838 2010 2905 Dei,
2038 2839 2165 2909 quia

566 2922 854 2982 charitatis
882 2927 1285 2997 indumentum,
1314 2931 1460 2986 unde
1506 2930 1673 3004 regali
1701 2931 1951 2988 convivio
1973 2931 2167 3004 dignus

566 3024 735 3083 esset,
759 3034 869 3073 non
900 3019 1112 3088 habuit,
1144 3021 1343 3077 iratum
1373 3037 1557 3094 regem
1588 3022 1786 3089 sensit;
1815 3033 1979 3094 atque
2014 3037 2079 3079 eo
2108 3023 2164 3078 in

565 3108 755 3166 hortos
776 3121 1124 3183 properante,
1156 3114 1260 3171 hoc
1291 3123 1398 3181 est,
1451 3114 1655 3171 electos
1684 3129 1813 3171 suos
1836 3115 1911 3171 ad
1940 3115 2165 3172 delicias

563 3199 806 3269 paradisi
832 3203 1114 3271 invitante,
1149 3204 1391 3278 reginam
1424 3221 1525 3278 pro
1556 3205 1733 3263 salute
1756 3222 1853 3263 sua
1880 3206 2163 3278 deprecari

565 3294 865 3362 contendit,
895 3296 992 3352 sed
1022 3295 1243 3366 frustra,
1274 3299 1403 3370 quia
1442 3308 1656 3371 tempus
1684 3310 2049 3371 opportunum
2072 3290 2164 3356 ‘ad

564 3383 666 3440 hoc
698 3401 806 3442 non
832 3386 1059 3444 invenit.
1090 3388 1242 3447 Tunc
1263 3391 1409 3446 enim
1427 3389 1545 3461 jam
1569 3407 1694 3448 sero
1718 3400 1804 3449 est
1829 3393 1896 3448 ad
1916 3407 2165 3463 quaeren-

563 3476 695 3532 dum
736 3478 928 3536 salutis
952 3480 1214 3550 remedia,
1254 3483 1473 3553 quando
1518 3484 1768 3540 imminet
1793 3484 2018 3541 ultionis
2045 3485 2163 3540 vin-

564 3570 731 3627 dicta.

637 3656 728 3718 Sic
771 3663 911 3719 etin
954 3660 1237 3738 Evangelii
1288 3668 1543 3737 parabole
1604 3668 1925 3726 adveniente
1963 3685 2163 3741 sponso

562 3753 743 3810 stultae
772 3752 1011 3828 virgines
1038 3773 1071 3813 a
1100 3754 1454 3830 prudentibus
1482 3760 1661 3819 oleum
1686 3763 1753 3819 ad
1784 3777 1911 3819 vasa
1944 3777 2041 3818 sua
2076 3778 2161 3821 re-

561 3847 792 3905 ﬁcienda
814 3859 1026 3921 petunt,
1068 3852 1164 3909 sed
1188 3868 1298 3910 non
1341 3855 1632 3927 accipiunt.
1665 3855 1820 3913 Unde
1872 3866 2161 3927 postquam

563 3940 808 4012 Sponsus
864 3945 934 4003 ad
983 3945 1203 4018 nuptias
1262 3963 1388 4004 cum
1444 3947 1749 4021 virginibus
1804 3948 2161 4019 prudentibus

561 4033 874 4102 intraverit,
892 4034 1170 4110 ianuaque
1189 4038 1376 4097 clausa
1402 4038 1589 4106 fuerit,
1612 4041 1743 4110 ipsa:
1760 4040 1999 4098 exclusae
2024 4039 2160 4100 foris

564 4138 913 4189 reinanentes
956 4131 1169 4189 aditum
1205 4133 1309 4191 sibi
1353 4134 1591 4199 intrandi
1626 4133 1956 4204 exquirunt;
1997 4148 2160 4204 quem

562 4228 743 4276 tamen
774 4222 922 4280 nullo
949 4225 1113 4282 modo
1140 4227 1444 4297 promereri
1492 4233 1748 4297 possunt,
1774 4226 1903 4298 quia
1942 4234 2158 4297 tempus

558 4317 927 4378 miserationis
962 4319 1078 4391 jam
1108 4337 1220 4380 non
1258 4322 1559 4389 inveniunt,
1599 4324 1748 4394 quod
1791 4322 1946 4395 prius
1978 4320 2157 4391 dignis

557 4411 816 4475 oneribus
838 4427 1085 4484 quaerere
1113 4415 1491 4489 neglexerunt.

2362 1937 2381 1970 ι
2413 1917 2661 1987 Dixitque
2691 1915 2963 1982 Harbona,
2995 1931 3135 1972 unus
3160 1916 3227 1971 de
3255 1913 3514 1970 eunuchis
3531 1909 3735 1983 quisuheu

2281 2012 2337 2067 in
2362 1997 2664 2068 ministerio
2702 2012 2847 2082 regis
2876 2030 2888 2065 :
2916 2009 2998 2066 En
3025 2009 3232 2083 lignum
3263 2009 3409 2079 quod
3430 2003 3735 2079 pararet-atthi-

2280 2104 2525 2170 dochreo,
2575 2103 2670 2174 qui
2716 2103 2929 2159 locutus
2976 2110 3061 2158 est
3113 2117 3213 2173 pro
3240 2115 3392 2172 rege,
3448 2108 3543 2154 stat
3583 2097 3621 2151 in
3651 2095 3734 2150 dum

2278 2195 2471 2260 Aman,
2504 2195 2710 2252 habens
2750 2193 3053 2250 altitudinis
3080 2191 3473 2264 quinquaginta
3497 2187 3669 2246 utbiles.
3687 2182 3731 2239 Ge

2277 2291 2417 2348 dixit
2440 2305 2531 2347 rex
2551 2306 2565 2344 :
2582 2291 2885 2361 Appendite
2909 2304 3032 2345 eum
3054 2288 3110 2342 iu
3138 2302 3222 2343 eo.
3252 2284 3545 2355 Suspensus
3563 2290 3624 2337 est
3639 2281 3734 2346 inqu

2274 2386 2451 2443 Aman
2473 2387 2527 2441 in
2549 2384 2787 2457 patibulo
2810 2383 2955 2455 quod
2975 2389 3268 2454 paraverat
3291 2372 3732 2441 Mardochaaomtrep’s

2275 2479 2358 2536 ira
2379 2481 2600 2552 quievit.
2638 2500 2656 2531 ι
2685 2478 2959 2551 Scriptum
2987 2486 3071 2534 est
3089 2476 3143 2532 in
3167 2473 3512 2532 Proverbiis:
3544 2490 3559 2521 ί
3581 2465 3734 2537 Qum

2273 2572 2513 2639 foveam,
2540 2572 2742 2628 incidet
2764 2572 2820 2628 in
2851 2571 3038 2635 illam;
3075 2577 3131 2625 et
3170 2568 3264 2639 qui
3298 2566 3462 2623 volvit
3480 2563 3732 2635 lapidem,»
3788 2590 3789 2595 π

2272 2672 2516 2722 vertetur
2540 2664 2609 2719 ad
2631 2680 2757 2721 eum
2782 2660 2969 2734 (Prov.
2988 2659 3160 2732 xxvr).
3192 2680 3211 2713 ι
3241 2658 3340 2716 Sic
3362 2666 3418 2714 et
3434 2658 3581 2712 Aman
3596 2662 3733 2711 crum,

2272 2773 2437 2829 quam
2465 2755 2805 2812 Mardochzeo
2852 2762 3163 2827 paraverat,
3202 2751 3474 2808 sustinere
3498 2753 3660 2805 coactus
3682 2750 3730 2797 δι

2344 2848 2452 2906 Sed
2476 2849 2651 2918 qumri
2687 2856 2866 2920 potest
2903 2846 3034 2917 quid
3080 2841 3357 2915 signiticet
3392 2841 3524 2910 quod
3557 2853 3652 2895 crux
3675 2836 3730 2904 ita

2268 2939 2660 3010 quinquaginta
2688 2938 2997 2995 cubitorum
3026 2936 3170 2992 facta
3196 2951 3321 2993 esse
3342 2934 3539 3006 legitur.
3566 2925 3729 2985 [exenia

2269 3030 2721 3103 quinquagesima
2748 3029 2833 3085 die
2858 3037 2983 3099 post
3009 3027 3133 3097 agni
3156 3026 3565 3082 immolationem
3581 3020 3620 3074 in
3633 3023 3729 3071 metr

2272 3119 2404 3175 Sina
2429 3110 2598 3191 prio‘ri
2644 3119 2841 3190 populo
2868 3119 2989 3175 data
3019 3126 3121 3175 est.
3155 3117 3225 3172 Et
3254 3117 3383 3189 quia
3432 3113 3623 3171 diximus
3646 3112 3727 3175 sua!

2271 3211 2415 3283 quod
2442 3210 2617 3266 Aman
2662 3210 2997 3282 significaret
3035 3210 3183 3281 ipsos
3206 3206 3425 3265 Iudaeos
3471 3202 3727 3260 tumultuante

2268 3311 2459 3357 contra
2485 3301 2785 3368 Christum,
2818 3301 2912 3371 qui
2947 3301 3003 3356 in
3041 3300 3162 3370 lege
3193 3300 3276 3356 eis
3307 3298 3579 3371 promissus
3597 3297 3685 3349 erat
3704 3291 3728 3335 ὃ

2265 3390 2571 3449 Ecclesiam
2620 3390 2735 3461 ejus
2781 3400 3201 3463 persequentes;
3231 3391 3321 3448 lex
3372 3392 3498 3460 ipsa,
3521 3374 3727 3456 (puteisai

2266 3485 2568 3549 custodiam
2595 3484 2717 3539 vitae
2748 3484 2873 3539 data
2900 3494 3007 3550 est,
3037 3484 3164 3554 quia
3191 3499 3293 3555 per
3319 3486 3485 3554 ipsam
3507 3474 3727 3543 ωιίηὲυεπ

2265 3591 2464 3632 nomen
2492 3576 2715 3644 Christi,
2767 3583 2933 3647 atque
2980 3573 3330 3632 confessores
3386 3575 3495 3645 ejus
3538 3565 3727 3626 interﬁcere

2264 3668 2648 3736 moliebantur,
2681 3668 2873 3724 mortis
2917 3668 3021 3723 illis
3070 3668 3287 3724 exstitit
3335 3680 3508 3723 causa.
3542 3660 3603 3716 ita
3627 3649 3725 3749 uti?

2263 3775 2362 3832 per
2391 3761 2565 3833 legem
2590 3760 2789 3833 injuste
2827 3762 3079 3820 inuoxms
3105 3774 3413 3833 opprimere
3445 3754 3655 3813 volebaul,
3674 3748 3725 3816 illa

2262 3858 2362 3927 per
2389 3871 2509 3911 eam
2532 3856 2666 3928 justi
2695 3855 2889 3926 judicii
2924 3857 3239 3926 acciperent
3270 3851 3590 3912 sententiam,
3614 3844 3727 3907 dell”

2261 3963 2362 4021 per
2374 3945 2604 4004 Paulum
2621 3948 2723 4004 dici
2733 3956 2819 4004 tur
2842 3967 2854 4002 :
2882 3967 2901 4000 ι
2925 3948 3316 4018 Quicunquein
3340 3946 3451 4019 lege
3469 3937 3722 4015 peccaverunt
3784 3976 3785 3985 χ

2262 4055 2364 4112 per
2390 4041 2562 4112 legem
2578 4041 2971 4114 judicabuntur
2998 4039 3179 4114 (Rom.
3209 4042 3297 4113 ιι).
3334 4062 3353 4095 ι

2334 4130 2591 4193 Harbona
2614 4145 2799 4193 autem
2827 4137 3129 4203 eunuchus,
3164 4144 3255 4207 qui
3300 4135 3465 4207 ipsam
3502 4136 3660 4185 crumen
3687 4114 3724 4168 h-

2260 4237 2410 4287 ctam
2461 4229 2720 4301 prodidit,
2751 4229 3023 4302 signiﬁcat
3063 4228 3317 4286 doctores
3346 4225 3500 4299 legis,
3537 4218 3608 4292 qui
3624 4210 3724 4270 dolui

2260 4321 2571 4380 Iudaeorum
2593 4330 2648 4379 et
2682 4322 2865 4379 omnia
2910 4338 3032 4393 quae
3072 4322 3269 4380 divinis
3294 4316 3554 4393 praeceptis
3578 4304 3722 4366 few"

2260 4414 2578 4480 contraria,
2638 4414 2811 4485 ipsius
2872 4414 3005 4485 legis
3058 4413 3291 4470 lectione
3348 4398 3717 4469 manil'estat’el'unL

630 4500 844 4607 ιιι-ξω
879 4504 1166 4607 ιι.ᾠωίηο
1199 4488 1311 4565 non
1349 4516 1531 4580 potest
1565 4509 1767 4565 mereri
1806 4508 1953 4579 quod
1996 4507 2153 4578 petit,
2181 4545 2237 4607 Β
2264 4507 2423 4565 Unde
2452 4506 2662 4579 Moyses
2697 4508 2753 4562 in
2776 4506 2966 4578 spiritu
3001 4504 3307 4577 praavidens
3330 4488 3422 4562 eos
3447 4496 3717 4607 conicum:

558 4592 652 4661 qui
704 4592 793 4649 hic
844 4595 1018 4653 noluit
1042 4598 1233 4657 audire
1261 4601 1407 4671 quod
1427 4599 1635 4671 jussit;
1662 4602 1755 4671 qui
1788 4609 2004 4671 tempus
2026 4616 2157 4657 con-

557 4697 706 4755 gruae
724 4686 1057 4756 paenitentia:
1081 4691 1337 4761 perdidit,
1358 4691 1564 4750 frustra
1608 4701 1741 4749 ante
1757 4694 1910 4766 regni
1930 4694 2157 4764 januam

557 4791 686 4834 cum
702 4778 956 4851 precibus
982 4783 1151 4839 venit.
1176 4784 1314 4841 Hinc
1338 4786 1541 4842 etenim
1561 4801 1663 4858 per
1687 4786 2034 4845 Salomonem
2052 4786 2156 4845 Do—

556 4870 736 4928 minus
765 4872 939 4930 dieit:
980 4891 1003 4928 σ
1038 4872 1237 4932 Vocavi
1263 4886 1321 4934 et
1351 4878 1655 4948 restitistis;
1677 4880 1901 4937 extendi
1931 4896 2155 4937 manum

555 4977 737 5018 meam
764 4973 820 5023 et
856 4979 966 5023 non
994 4964 1098 5024 fuit
1144 4968 1238 5039 qui
1289 4970 1589 5041 aspiceret;
1621 4972 1948 5044 despexistis
1991 4990 2155 5032 omne

555 5054 844 5113 consilium
870 5073 1077 5129 meum,
1113 5068 1172 5118 et
1195 5061 1597 5136 increpationes
1623 5080 1774 5122 meas
1818 5067 2155 5140 neglexistis.

556 5143 671 5214 Ego
696 5161 911 5219 quoque
939 5150 997 5206 in
1035 5152 1262 5210 interitu
1290 5164 1475 5213 vestro
1504 5156 1717 5224 ridebo,
1747 5166 1806 5214 et
1852 5159 2154 5216 subsanna-

555 5235 647 5301 bo,
676 5252 802 5294 cum
845 5242 1019 5311 vobis,
1063 5247 1211 5318 quod
1244 5248 1542 5317 timebatis,
1582 5249 1902 5317 advenerit;
1934 5267 2056 5308 cum
2080 5253 2153 5308 ir-

556 5332 730 5387 ruerit
760 5338 1043 5406 repentina
1064 5341 1369 5412 calamitas,
1398 5351 1453 5401 et
1487 5344 1742 5402 interitus
1767 5345 1924 5417 quasi
1945 5344 2151 5418 tempe;

556 5430 674 5480 stas
697 5423 987 5499 ingruerit,
1008 5438 1137 5491 tunc
1148 5435 1478 5495 invocabant
1502 5451 1593 5495 me
1614 5448 1670 5495 et
1692 5453 1805 5495 non
1824 5437 2146 5507 exaudiam;

556 5533 717 5576 mane
750 5535 1100 5598 consurgent,
1133 5538 1189 5587 et
1235 5548 1344 5589 non
1389 5534 1673 5591 invenient
1722 5548 1812 5593 me
1832 5533 2019 5609 (Prov.
2035 5536 2099 5609 ι).
2126 5554 2145 5587 ι

636 5632 659 5667 ο
683 5614 835 5673 Cum:
863 5625 1047 5678 autem
1083 5636 1335 5683 reversus
1362 5643 1460 5685 rex
1503 5630 1764 5689 intrasset
1806 5632 1865 5688 in
1915 5633 2150 5691 convivii

563 5730 583 5763 ι
615 5711 1053 5788 locum,reperlt
1064 5718 1251 5775 Annon.
1290 5736 1455 5793 super
1501 5724 1762 5783 lectulum
1787 5728 2067 5786 corruisse
2090 5728 2145 5785 in

566 5823 586 5857 ι
623 5804 1239 5892 ρυριιαώαιιὲβων,
1285 5821 1343 5871 et
1382 5816 1713 5877 aituEtiam
1759 5821 2147 5893 reginanvult

2266 4608 2323 4657 et
2350 4576 2646 4669 sacrilegos
2682 4576 2914 4663 futuros,
2944 4576 3130 4652 omnia
3172 4612 3294 4667 qua:
3344 4576 3719 4667 praivaru‘atttriIni

2266 4700 2425 4749 erant
2442 4668 2668 4747 ventura
2696 4691 2751 4745 in
2777 4690 2989 4747 cantico
3004 4688 3409 4746 Deuteronemii
3419 4679 3630 4759 praedixit.
3646 4668 3715 4725 Ηὶοί

2264 4795 2322 4844 et
2352 4785 2602 4843 Salvator
2628 4786 2685 4841 iu
2716 4786 3009 4858 Evangelie
3037 4786 3107 4842 ad
3134 4785 3281 4857 ipsos
3307 4784 3509 4841 Judmos
3527 4777 3586 4834 ait
3605 4791 3615 4826 :
3782 4784 3783 4858 ᾖ

2264 4882 2363 4938 lite
2410 4890 2603 4954 putare
2649 4882 2776 4952 quia
2822 4851 2927 4955 ego
2976 4851 3333 4961 accusaturus
3382 4891 3493 4935 sum
3540 4884 3612 4926 τοῦ
3643 4851 3716 4931 πρέ

2264 4976 2485 5033 Patrem
2501 4994 2527 5044 ;:
2548 4975 2751 5049 estqui
2778 4984 2995 5033 accusat
3021 4990 3121 5031 vos
3147 4974 3383 5047 Moyses,
3407 4973 3458 5028 in
3477 4981 3565 5039 quo
3579 4961 3715 5021 vos?

2260 5072 2397 5128 ratis
2422 5088 2437 5137 ;
2467 5070 2515 5126 si
2539 5070 2686 5126 enim
2734 5056 3035 5126 crederetis
3062 5068 3256 5145 Moysi,
3287 5064 3552 5145 crederetis

2257 5171 2316 5220 et
2342 5163 2508 5230 mihi;
2558 5164 2625 5218 de
2647 5177 2736 5219 me
2762 5161 2911 5219 enim
2962 5161 3053 5218 ille
3100 5139 3349 5234 scripsit:
3381 5162 3424 5215 si
3457 5141 3603 5243 eum!

2255 5254 2457 5312 litteris
2476 5270 2586 5311 non
2610 5254 2853 5322 creditis,
2873 5256 3144 5313 auomodo
3172 5251 3486 5311 meisverb'ts
3500 5236 3685 5303 αθάειὶέῖ
3697 5244 3706 5271 ⁹

2257 5352 2443 5425 (Joan.
2474 5352 2555 5424 v.)

2879 5440 3110 5501 CAPUT
3146 5442 3238 5500 XI.

2258 5558 2413 5626 Quod
2435 5558 2809 5615 κανάοσιιωυε
2840 5557 2957 5614 loco
2984 5560 3159 5615 Απιαη
3181 5554 3497 5626 emitur
3516 5549 3555 5626 ει
3577 5535 3708 5626 si:

2325 5610 2615 5757 ᾇῇἷόἦῗᾶί
2868 5610 3460 5703 ’ἐρίίὧὶὲᾦίόῖοιυω
3501 5610 3707 5673 1W

2327 5720 2395 5757 nu
2444 5719 2516 5757 un
2541 5718 2625 5757 ur.

2331 5838 2349 5872 ‹
2369 5818 2469 5875 Die
2490 5817 2580 5875 illa
2598 5816 2748 5877 dedit
2772 5833 2867 5878 rex
2891 5818 3165 5879 Assuerus
3188 5794 3702 5880 Estherww
3778 5840 3779 5887 1

3777 6010 3779 6053 Α
