3882 6498
537 361 643 414 ὓ(ὶῦ

1203 359 1262 414 Β.
1307 355 1565 413 RABANI
1603 357 1824 415 MAURI
1856 355 2176 413 ARCﬂlEP.
2215 350 2524 410 MOGUNT.
2566 347 2851 406 OPERUM
2889 343 3070 402 PARS
3109 344 3127 399 l
3647 346 3707 401 iiii

532 485 640 548 sto,
665 484 725 531 ut
754 482 955 530 sancta:
982 473 1267 530 Trinitatis
1297 473 1431 529 ﬁdes
1458 472 1514 528 in
1540 487 1604 528 ca
1624 473 1935 544 plenissime
1968 485 2120 528 com-
2148 470 2200 531 A
2225 468 2402 523 civum
2443 479 2564 521 esse
2606 463 2800 535 possit,
2849 472 3128 516 remanere
3165 456 3503 527 permittant.
3543 455 3644 512 lliuc
3669 473 3716 513 ea

533 571 878 642 plecteretur,
907 576 964 623 et
1000 567 1163 623 totius
1209 566 1452 638 decalogi
1496 567 1551 622 in
1591 566 1802 621 duobus
1835 565 2123 635 praeceptis

532 661 817 717 charitatis
877 673 1090 715 summa
1133 659 1396 729 perfectio
1457 672 1578 714 esse
1623 658 2119 714 demonstraretur:

529 751 757 823 ipsaque
781 749 1062 822 Scriptura
1092 765 1190 820 per
1214 750 1545 815 veredarios,
1579 750 1683 806 hoc
1716 759 1822 816 est,
1857 749 2122 820 pradica-

530 849 679 898 tores
707 849 944 906 sanctos,
973 840 1179 896 directa
1205 848 1290 896 est
1328 839 1383 894 in
1411 848 1583 896 totum
1617 839 1803 896 orbem
1830 847 2121 906 terrarum,

532 934 677 1004 quud
709 933 1018 1006 signiﬁcant
1047 940 1267 988 centum
1293 942 1348 987 et
1371 932 1562 1003 viginti
1593 939 1798 1002 septem
1825 931 2124 1003 provinciae

532 1043 653 1099 qua:
695 1028 748 1082 in
784 1042 952 1098 regno
976 1027 1200 1083 Assueri
1252 1026 1649 1093 consistebant;
1702 1041 1829 1081 nam
1871 1026 2126 1081 denarius

530 1133 793 1174 numerus
841 1133 942 1189 per
991 1117 1382 1174 duodenarium
1460 1116 1847 1192 multiplicatus
1897 1117 2128 1172 centesio

531 1225 682 1265 mum
727 1217 785 1264 et
824 1209 1141 1265 vicesimum
1215 1208 1387 1275 facit;
1443 1209 1639 1280 quibus
1690 1208 1734 1264 si
1789 1207 2127 1278 septenarius

534 1301 836 1358 associatus
878 1299 1064 1368 fuerit,
1109 1300 1275 1357 totius
1312 1315 1536 1356 summae
1565 1299 1957 1370 plenitudinem
1999 1314 2128 1355 con-

539 1395 726 1450 cludit.

605 1485 685 1540 Ita
723 1501 937 1557 quoque
966 1485 1207 1559 decalogi
1233 1501 1364 1542 vera
1400 1486 1646 1543 custodia
1677 1484 1972 1557 apostolica
2017 1492 2129 1540 tra-

535 1574 740 1631 ditione
770 1576 824 1630 in
854 1591 1044 1632 omnes
1071 1577 1256 1632 mundi
1295 1584 1478 1646 partes
1510 1591 1610 1634 per
1634 1576 1884 1632 doctores
1909 1583 2128 1632 sanctos

535 1677 619 1724 cst
665 1668 963 1736 insinuata,
1019 1670 1114 1726 sed
1161 1669 1530 1740 septemplicis
1575 1654 1813 1740 Spiritus
1855 1669 2029 1740 gratia
2071 1668 2126 1723 in

533 1760 773 1818 ﬁdelium
806 1769 891 1817 est
923 1762 1088 1818 corda
1115 1760 1328 1817 diﬁ‘usa.
1361 1761 1472 1817 Nec
1501 1761 1630 1817 illud
1660 1761 1822 1817 etiam
1860 1761 1976 1817 sine
2005 1776 2122 1832 my-

2224 562 2368 631 quod
2387 548 2648 614 Dominus
2685 557 2741 612 in
2778 555 2895 625 lege
2917 551 3170 608 lsraelitis
3206 558 3404 622 gentes
3429 563 3539 618 quae
3555 549 3718 606 sibine

2192 655 2411 710 ἰι-πίω
2434 661 2593 708 erant
2614 652 2668 707 in
2690 662 2838 706 terra
2865 644 3309 718 repromissionis
3331 642 3606 698 interﬁcere
3621 656 3718 715 atque

2223 749 2570 821 exstinguere
2597 745 2842 818 iubebat.
2879 741 3016 797 Hinc
3044 748 3100 795 et
3124 736 3462 794 Amalecitas
3479 739 3720 806 msm

2223 857 2398 915 usque
2441 842 2509 898 ad
2556 837 2982 896 internecionem
3035 833 3212 890 delere
3253 828 3612 901 praecipiebat,
3650 836 3720 902 qua

2224 949 2442 993 omnem
2472 931 2709 990 scandali
2737 928 3076 986 occasionem
3102 925 3181 980 eis
3210 921 3439 978 auferre
3459 920 3650 978 volebat.
3667 923 3723 978 ﬁt

2220 1027 2311 1099 jus
2340 1026 2418 1082 rei
2449 1039 2662 1081 memor
2686 1022 2949 1094 propheta
2994 1019 3046 1073 in
3076 1015 3310 1088 psalmis
3350 1013 3430 1070 ait
3456 1031 3472 1070 :
3502 1033 3520 1068 (
3545 1013 3593 1070 lu
3626 1029 3722 1070 mata-

2226 1121 2356 1176 tinis
2426 1116 2816 1174 interﬁciebam
2880 1126 3068 1168 omnes
3127 1116 3457 1180 peccatores
3519 1113 3667 1171 terra,
3695 1121 3723 1160 ll

2229 1213 2595 1285 disperderem
2640 1211 2706 1266 de
2759 1206 2978 1264 civitate
3026 1202 3245 1260 Domini
3303 1213 3495 1258 omnes
3536 1211 3721 1270 oper-ints

2231 1307 2570 1376 iniquitatem
2599 1300 2773 1375 (Psat.
2800 1301 2873 1371 c).
2914 1318 2931 1350 ι

2300 1398 2471 1454 Porro
2505 1405 2718 1465 tempus
2759 1408 2867 1465 quo
2911 1393 3028 1448 haec
3069 1386 3389 1446 interfectio
3431 1385 3630 1442 hostium
3662 1385 3723 1438 ﬁeri

2228 1496 2501 1561 praecepta
2543 1495 2647 1554 est,
2677 1487 2816 1542 bene
2859 1483 3112 1541 convenit
3146 1479 3423 1553 mysterio
3466 1476 3602 1545 huius
3637 1478 3725 1546 spat

2231 1582 2392 1639 tualis
2443 1579 2864 1645 intemecionis,
2905 1591 3030 1631 nam
3075 1573 3442 1630 duodecimus
3481 1568 3643 1624 mensis
3671 1567 3724 1622 lle

2231 1674 2533 1740 braeorum,
2567 1672 2672 1728 hoc
2707 1680 2792 1726 est
2825 1669 3006 1734 Adar,
3044 1683 3151 1722 non
3181 1665 3295 1721 nisi
3326 1663 3726 1718 novissimum-

2233 1774 2342 1821 tem
2372 1763 2581 1830 s:ecu|i,
2612 1763 2665 1818 in
2688 1777 2797 1833 quo
2821 1761 2925 1817 hoc
2971 1757 3258 1831 Spirituale
3286 1755 3490 1811 bellum
3513 1768 3595 1822 per
3611 1751 3726 1806 milite:

533 1857 703 1912 sterio
729 1856 980 1926 estquod
1011 1856 1140 1926 ipsae
1183 1855 1427 1926 epistolae
1455 1869 1575 1925 quae
1615 1870 1682 1911 ex
1716 1854 1862 1926 regis
1905 1854 2126 1910 nomine
2152 1837 2202 1898 Β
2227 1855 2430 1911 Christi
2474 1854 2712 1910 maxime
2759 1853 2956 1924 agitur,
3001 1848 3285 1921 exprimit.
3341 1844 3641 1901 Similiteret
3666 1844 3726 1896 eius
3788 1837 3789 1908 1

532 1949 909 2013 mittebantur,
930 1956 984 2002 et
1003 1947 1204 2002 annulo
1226 1948 1394 2016 ipsius
1416 1947 1712 2018 obsignatae
1726 1953 1901 2011 erant,
1923 1959 2129 2001 memo-

535 2049 730 2096 rantur
771 2040 987 2110 scriptae
1009 2041 1165 2111 juxta
1194 2039 1530 2109 singularum
1559 2039 1798 2111 gentium
1829 2038 2040 2094 litteras
2073 2045 2131 2093 et

532 2132 766 2204 linguas,
795 2139 854 2186 ut
878 2145 1106 2202 quaeque
1130 2145 1264 2202 gens
1291 2131 1473 2200 legere
1499 2139 1554 2185 et
1586 2128 1888 2201 intelligere
1910 2136 2124 2200 posset:

532 2228 660 2298 quia
712 2226 793 2282 sic
836 2224 1115 2296 Evangelii
1163 2224 1409 2280 doctrina
1454 2224 1704 2279 ordinata
1754 2229 1859 2288 est,
1907 2230 1970 2277 ut
2013 2220 2130 2290 ejus

529 2321 690 2391 primi
731 2320 1001 2384 doctores,
1033 2333 1131 2388 per
1173 2317 1411 2387 Spiritus
1445 2318 1620 2373 sancti
1666 2316 1895 2388 gratiam
1927 2314 2127 2378 edocti,

532 2412 776 2467 omnium
827 2411 1178 2480 loquerentur
1223 2409 1458 2479 primum
1502 2424 1634 2464 voce
1658 2407 1984 2478 linguarum,
2032 2407 2128 2462 de-

535 2504 660 2558 inde
686 2504 910 2557 verbum
940 2501 1064 2556 ﬁdei
1096 2516 1196 2572 per
1229 2516 1418 2557 eorum
1455 2501 1822 2558 ministerium
1854 2501 1910 2556 in
1939 2513 2130 2557 omnes

535 2594 900 2650 scminaretnr
927 2600 1113 2664 partes
1141 2593 1291 2648 orbis
1340 2601 1630 2658 terrarum,
1658 2594 1798 2649 sicut
1826 2592 1880 2648 in
1905 2592 2131 2648 Actibus

536 2690 906 2762 apostolorum
945 2689 1145 2761 legitur
1169 2689 1312 2760 quod
1343 2689 1399 2744 in
1429 2689 1710 2746 cmuaculo
1737 2689 1868 2743 Sion
1892 2687 2130 2758 Spiritus

531 2779 843 2850 paraeletus
887 2779 940 2834 in
989 2780 1076 2834 die
1099 2779 1450 2835 Pentecostes
1490 2795 1654 2850 super
1696 2786 1916 2834 centum
1939 2776 2130 2847 viginti

529 2874 822 2930 credentes
861 2874 916 2930 in
958 2875 1141 2946 specie
1185 2874 1327 2946 ignis
1363 2874 1676 2940 adveniens,
1719 2873 1963 2929 omnium
2001 2887 2132 2944 gen-

533 2965 669 3020 tium
700 2965 900 3037 linguis
926 2965 1082 3021 daret
1111 2965 1192 3022 eis
1219 2966 1368 3036 loqui
1395 2965 1669 3038 magnalia
1698 2965 1814 3031 Dei,
1845 2965 1921 3019 ita
1947 2972 2008 3019 ut
2037 2964 2130 3033 qui

533 3065 904 3112 convenerant
947 3059 1052 3114 hoc
1102 3059 1426 3126 audientes,
1487 3059 1755 3130 stupenda
1801 3058 2133 3114 mirarentur

533 3163 797 3204 lllllVCl'Sl.

611 3257 632 3290 α
676 3241 883 3309 Quibus
932 3243 1220 3314 imperavit
1269 3257 1366 3301 rex
1409 3251 1471 3300 ut
1513 3243 1870 3300 convenirent
1915 3241 2130 3300 Iudaeos
2158 3207 2203 3270 Ο

537 3353 557 3384 ι
601 3349 700 3406 per
751 3335 990 3407 singulas
1039 3338 1311 3405 civitates,
1348 3346 1405 3394 et
1456 3338 1510 3392 in
1562 3353 1730 3394 unum
1773 3337 2132 3409 praeciperent

537 3445 557 3477 ι
604 3429 971 3500 congregari,
1019 3438 1079 3484 ut
1130 3437 1340 3486 starent
1395 3445 1496 3501 pro
1543 3430 1830 3486 animabus
1875 3431 2028 3495 suis,
2076 3439 2133 3486 et

537 3539 556 3571 ι
602 3536 796 3577 omnes
842 3521 1095 3579 inimicos
1141 3537 1272 3579 suos
1315 3537 1438 3577 cum
1485 3521 1806 3595 coniugibus
1853 3536 1917 3578 ac
1947 3521 2132 3577 liberis

538 3629 558 3661 ι
604 3619 660 3666 et
697 3612 967 3668 universis
1006 3614 1254 3669 domibus
1289 3613 1679 3670 interﬁcerent.
1730 3613 1798 3669 Et
1836 3614 2131 3670 constituta

538 3723 557 3755 c
603 3713 690 3761 est
717 3720 815 3776 per
833 3708 1360 3778 omnes‘provincias
1393 3723 1502 3764 una
1527 3707 1747 3764 ultionis
1777 3708 1914 3774 dies,
1945 3708 1999 3764 id
2023 3717 2128 3774 est,

541 3814 561 3847 ι
611 3799 769 3857 tertia
797 3798 1008 3856 decima
1036 3801 1243 3858 mensis
1270 3802 1575 3858 duodecimi
1597 3800 1764 3857 Adar.
1798 3801 2132 3872 Summaque

536 3905 556 3938 ι
600 3887 844 3959 epistolae
873 3887 995 3957 luit,
1025 3900 1089 3947 ut
1125 3891 1181 3947 in
1215 3891 1470 3948 omnibus
1506 3892 1668 3948 terris
1711 3907 1776 3948 ac
1802 3891 2016 3964 populis
2037 3892 2130 3962 qui

538 3995 557 4026 ι
603 3979 754 4049 regis
781 3980 1004 4036 Assueri
1052 3982 1283 4053 imperio
1330 3982 1704 4053 subjacebant,
1748 3991 1936 4040 notum
1973 3983 2132 4041 ﬁeret

538 4086 557 4118 ι
603 4078 825 4139 paratos
871 4086 992 4128 esse
1017 4069 1233 4130 Iudaeos
1271 4075 1340 4131 ad
1379 4075 1701 4146 capiendam
1741 4075 2035 4132 vindictam
2064 4077 2132 4133 de

539 4180 557 4212 ι
603 4162 851 4219 hostibus
890 4165 1024 4222 suis.
1055 4186 1075 4218 ›
1108 4167 1249 4236 Quid
1284 4169 1544 4239 estquod
1591 4183 1689 4225 rex
1729 4170 1831 4226 iste
1880 4179 2132 4226 terrenus

532 4252 756 4308 nnudat
781 4256 1079 4313 veredariis
1107 4258 1220 4314 suis
1250 4268 1310 4315 ut
1337 4260 1665 4317 conveniant
1691 4260 1908 4318 Judaeos
1934 4262 1990 4318 in
2021 4263 2132 4317 sin-

530 4342 670 4414 gulis
710 4344 866 4413 locis,
892 4355 948 4402 et
987 4348 1042 4404 in
1083 4365 1253 4406 unum
1300 4353 1618 4423 praecipiant
1657 4367 1751 4408 eos
1788 4353 2126 4425 congregari,

527 4443 798 4504 quatenus
818 4447 966 4494 stent
993 4456 1092 4512 pro
1117 4443 1406 4501 animabus
1426 4445 1558 4510 suis,
1585 4453 1640 4500 et
1664 4461 1853 4502 omnes
1879 4446 2130 4502 inimicos

525 4541 650 4580 cum
694 4528 1018 4600 coniugibus
1045 4542 1100 4588 et
1128 4533 1336 4601 liberis,
1373 4546 1428 4592 et
1463 4537 1732 4593 universis
1757 4538 2006 4594 domibus
2043 4538 2128 4592 in-

527 4618 819 4686 terﬁciant,
863 4623 966 4678 nisi
1011 4625 1138 4696 quia
1185 4642 1283 4684 rex
1308 4624 1535 4696 ‘noster,
1584 4631 1894 4688 dominator
1939 4633 2127 4702 utique

525 4710 650 4764 coeli
699 4719 756 4767 et
803 4721 982 4780 terrae,
1030 4717 1135 4773 hoc
1178 4731 1279 4788 per
1320 4721 1705 4789 praedicatores
1741 4736 1869 4778 suos
1903 4723 2127 4778 mandat

525 4802 672 4858 veris
694 4801 918 4872 Iudaeis,
949 4815 1005 4862 et
1028 4807 1434 4868 confessoribus
1458 4813 1570 4868 suis
1594 4813 1649 4868 in
1677 4814 1927 4870 omnibus
1954 4815 2127 4886 genti-

525 4890 647 4959 bus,
680 4903 740 4949 ut
778 4895 832 4950 in
865 4897 1127 4954 unitatem
1172 4901 1448 4959 societatis
1474 4913 1530 4958 et
1563 4903 1715 4974 pacis
1741 4906 2126 4962 convenientes

525 4998 624 5052 pro
649 4985 823 5042 salute
850 4989 1155 5046 animarum
1182 5007 1402 5048 suarum
1435 5001 1674 5062 certent;
1701 5010 1996 5068 omnesque
2023 4997 2128 5052 ini-

525 5078 698 5134 micos
745 5096 890 5146 suos,
943 5091 1054 5162 tam
1098 5085 1340 5142 visibiles
1387 5102 1552 5158 quam
1595 5088 1760 5144 etiam
1805 5089 2123 5156 invisibiles,

524 5167 629 5224 hoc
649 5180 751 5238 est,
782 5172 949 5229 falsos
965 5173 1202 5244 Judreos,
1237 5178 1331 5248 qui
1357 5187 1484 5236 sunt
1511 5194 1783 5253 synagoga
1809 5179 2044 5249 Satanae,
2066 5190 2124 5239 et

525 5276 766 5333 paganos
810 5275 974 5338 atque
1017 5270 1304 5329 haereticos
1347 5273 1743 5344 incorrigibiles
1771 5289 1874 5332 nec
1908 5291 2018 5332 non
2069 5285 2127 5333 et

527 5351 834 5411 immundos
889 5359 1112 5430 spiritus
1152 5377 1278 5420 cum
1327 5365 1599 5421 universis
1646 5366 2016 5437 impietatibus
2068 5377 2127 5425 et

523 5443 711 5513 pravis
754 5445 1162 5509 inventionibus
1199 5454 1488 5524 damnent,
1531 5471 1632 5513 nec
1679 5458 1748 5513 de
1775 5458 1860 5513 his
1887 5459 2017 5528 quid
2044 5472 2128 5514 reo

523 5535 740 5593 siduum
783 5538 898 5594 ﬁeri
943 5542 1147 5611 sinant,
1193 5545 1441 5617 quinimo
1491 5549 1749 5620 coniuges
1785 5565 1850 5605 ac
1900 5549 2122 5617 liberos,

524 5630 630 5684 hoc
674 5639 780 5697 est,
830 5632 1163 5704 voluptatem
1192 5641 1466 5698 carnalem
1495 5651 1552 5696 et
1588 5657 1751 5712 opera
1777 5650 2124 5711 peccatorum

523 5720 686 5776 simul
705 5738 830 5778 cum
855 5725 1127 5794 domibus,
1159 5746 1282 5784 cum
1322 5733 1615 5788 ambitione
1641 5731 1889 5788 videlicet
1915 5733 2122 5798 saeculi,

523 5815 740 5883 penitus
765 5819 1144 5892 exstinguant;
1180 5838 1280 5880 nec
1308 5823 1512 5893 aliquid
1554 5823 1680 5882 inde
1709 5826 1854 5898 quod
1888 5827 1991 5884 sibi
2026 5842 2124 5884 no—

2228 1949 2422 2005 tertius
2464 1948 2706 2004 decimus
2765 1955 2966 2002 sancta:
3019 1942 3312 1999 Trinitatis
3367 1939 3524 1995 ﬁdem
3576 1936 3724 1991 wstoda

2228 2041 2607 2097 mandatorum
2633 2039 2749 2103 Dei,
2777 2039 2920 2093 unde
2945 2051 3136 2093 omnes
3175 2033 3484 2090 adversarii
3520 2031 3605 2086 rite
3628 2045 3723 2098 sua
3788 2031 3789 2066 ι

2230 2143 2463 2206 gnantur
2498 2133 2764 2203 designat.
2794 2131 2946 2199 Quod
2968 2139 3149 2186 autem
3177 2126 3563 2198 subiungitur:

2307 2244 2326 2278 ι
2371 2226 2437 2281 Ει
2462 2226 2697 2282 edictum
2732 2238 2876 2294 regis
2899 2220 3155 2293 pependit
3189 2221 3252 2274 in
3287 2217 3463 2280 Susis,
3495 2235 3511 2267 ι
3539 2213 3721 2283 signiﬁca

2231 2319 2518 2390 imperium
2552 2316 2793 2374 caelestis
2817 2316 2961 2386 regis
2980 2314 3223 2370 eminere
3251 2328 3320 2368 ac
3345 2309 3589 2368 dominari
3610 2308 3646 2360 in
3664 2313 3724 2360 ut.)

2230 2410 2363 2465 orbe
2396 2417 2704 2464 terrarum:
2742 2426 2760 2458 ι
2791 2407 2844 2462 in
2888 2406 3043 2478 cuius
3074 2405 3288 2461 ditione
3334 2411 3521 2460 cuncta
3563 2407 3720 2466 suntpa-

2232 2502 2334 2557 sita
2359 2501 2382 2568 ,‘
2425 2515 2527 2556 nec
2582 2507 2666 2555 est
2719 2500 2813 2569 qui
2857 2498 3030 2569 possit
3084 2497 3352 2553 resistere
3397 2491 3633 2550 voluntati
3663 2489 3724 2558 eius

2235 2595 2410 2668 (Esth.
2441 2593 2586 2667 xm),
2621 2613 2639 2645 ι
2670 2591 2951 2662 {astusque
2979 2591 3292 2648 mundanus
3321 2587 3425 2645 sub
3445 2586 3549 2657 eius
3568 2593 3720 2656 prosta-

2233 2691 2382 2746 nitur
2399 2696 2691 2761 potestate.
2721 2687 2876 2743 Unde
2914 2694 3063 2742 recte
3089 2685 3296 2741 dicitur
3324 2681 3466 2753 quod
3495 2688 3544 2734 et
3577 2676 3721 2732 edictus

2233 2782 2378 2853 regis
2404 2780 2722 2852 pependerit
2763 2779 2819 2834 in
2860 2777 3047 2844 Susis,
3079 2791 3209 2832 nam
3264 2774 3423 2830 Susis
3467 2763 3718 2842 equitatioul

2234 2872 2464 2942 referens
2497 2872 2910 2941 interpretatur.
2957 2868 3203 2938 Denique
3228 2865 3486 2937 superbia
3517 2857 3656 2915 mundi
3672 2871 3720 2909 sn-

2233 2971 2454 3033 peratur
2497 2963 2737 3032 potentia
2789 2960 2904 3016 Dei.
2957 2958 3094 3013 Hinc
3143 2965 3231 3012 est
3280 2955 3426 3026 quod
3479 2946 3716 3006 Salvatorin

2234 3053 2527 3125 Evangelio
2553 3052 2836 3124 discipulis
2861 3051 2978 3106 ait:
3011 3069 3029 3101 ε
3058 3049 3114 3105 in
3155 3048 3366 3103 mundo
3399 3037 3705 3117 pressurami:

2233 3146 2434 3202 bebitis
2463 3186 2479 3212 ,
2537 3146 2630 3201 sed
2685 3143 2942 3202 conﬁdite
2971 3183 2985 3208 ,
3058 3141 3185 3212 quia
3235 3154 3342 3212 ego
3405 3135 3502 3192 vici
3554 3130 3714 3187 mundae

2237 3235 2420 3308 (Joan.
2449 3235 2584 3307 xw).
2615 3255 2634 3286 ι

2835 3342 2968 3399 CAP
2976 3341 3065 3399 UT
3101 3341 3197 3398 ΧΠ

2233 3459 2312 3516 De
2324 3459 2492 3531 gloria
2518 3458 2845 3515 Mardochwi
2866 3469 2914 3513 et
2929 3457 3272 3531 quomodose
3293 3451 3472 3531 ιιάωί
3493 3445 3575 3531 ulti
3591 3441 3717 3531 sagitt

2305 3515 2543 3613 inimicis.
2587 3533 2740 3597 suis;
2789 3539 2839 3586 et
2881 3515 3058 3585 de'cem
3114 3527 3214 3598 ﬁlii
3282 3526 3452 3580 Aman
3494 3522 3542 3575 in
3569 3515 3714 3586 ραιίθιέθ

2304 3619 2559 3672 suspensi.
3517 3629 3520 3633 -

2310 3733 2328 3766 ι
2374 3713 2744 3770 Mardochzeus
2789 3721 2969 3768 autem
3018 3711 3085 3767 de
3111 3709 3322 3784 palatio
3351 3715 3405 3763 et
3439 3704 3500 3760 de
3522 3699 3712 3765 consimili

2239 3825 2258 3859 ε
2301 3807 2443 3878 regis
2482 3806 2784 3878 egrediens,
2825 3804 3066 3877 fulgebat
3110 3803 3359 3859 vestibus
3387 3795 3551 3868 regiis,
3574 3784 3712 3858 Ιιῐθθίη·

2239 3916 2260 3953 ς
2307 3901 2474 3956 thinis
2501 3900 2757 3958 videlicet
2799 3908 2854 3955 et
2881 3898 3039 3954 aereis
3063 3938 3080 3964 ,
3132 3910 3392 3952 coronam
3431 3898 3612 3946 auream
3641 3891 3712 3946 Ριπ·

2238 4010 2258 4044 ι
2302 4000 2426 4048 tans
2454 3992 2510 4048 in
2538 3993 2736 4063 capite,
2762 4000 2818 4047 et
2851 3991 3084 4046 amictus
3114 3990 3293 4046 serico
3315 3985 3471 4059 pallio
3498 3989 3620 4047 atque
3640 3982 3711 4040 P“”

2239 4099 2260 4134 ι
2306 4097 2499 4153 pureo,
2547 4084 2833 4153 omnisque
2880 4082 3074 4138 civitas
3103 4079 3396 4137 exsultavit
3439 4082 3576 4142 atque
3604 4065 3709 4153 ιπωιςξ

2239 4191 2261 4224 ε
2305 4146 2410 4228 est.
2449 4146 2761 4228 i'Grandis'
2785 4173 2952 4244 gloria
2992 4180 3076 4227 cst
3106 4171 3314 4227 sanctis
3342 4161 3610 4224 doctoribus
3625 4146 3707 4220 quo“

2231 4279 2422 4321 eorum
2450 4266 2699 4322 doctrina
2731 4275 2893 4337 atque
2921 4264 3307 4322 exhortatione
3331 4277 3427 4333 per
3447 4255 3709 4337 virtutes)?

2231 4357 2385 4424 perni
2412 4357 2558 4428 regis
2593 4355 2782 4412 ﬁdeles
2807 4332 3042 4413 vincunt
3070 4332 3340 4412 saevitiam
3373 4335 3632 4418 nequissimi
3655 4332 3707 4385 h0-

2231 4449 2353 4515 stis,
2385 4457 2442 4506 et
2480 4463 2691 4506 merces
2719 4449 2831 4505 illis
2860 4450 2985 4506 inde
3013 4455 3301 4520 permanet
3329 4445 3382 4501 in
3418 4431 3590 4497 ccelesti
3611 4434 3707 4520 nam

2154 4562 2208 4623 Ι)
2233 4550 2451 4596 aeternae
2478 4539 2833 4596 beatitudinis
2853 4555 2917 4596 ac
2941 4519 3215 4610 perpetuas
3241 4532 3512 4593 claritatis,
3537 4519 3703 4623 qliod‘t‘f

2234 4629 2318 4684 lor
2355 4631 2659 4702 hyacinthi,
2714 4638 2770 4684 et
2801 4631 2920 4685 auri
2969 4629 3227 4701 splendor
3266 4628 3489 4700 ﬁgurare
3526 4614 3703 4712 vid-emi:
3788 4697 3789 4712 χ

2234 4720 2674 4792 martyribusquc
2704 4721 2906 4777 Christi
2953 4737 3054 4792 pro
3101 4720 3364 4776 cﬁ‘usione
3405 4703 3624 4781 51mg“inis
3656 4707 3699 4791 sl,"
3788 4703 3789 4744 ἓ

2234 4815 2434 4886 regalis
2475 4815 2711 4885 dignitas
2749 4813 2911 4870 simul
2953 4829 3078 4870 cum
3107 4829 3236 4885 rege
3269 4809 3475 4869 Christo
3496 4794 3702 4869 regnatum

2237 4908 2306 4963 ab
2336 4908 2454 4978 ipso
2486 4906 2790 4976 justissima
2818 4904 3151 4962 retributore
3180 4905 3234 4959 in
3275 4917 3399 4958 arce
3435 4898 3620 4965 superna
3647 4887 3696 4978 tt‘
3788 4891 3789 4916 ῖ

2232 4976 2508 5070 penditur.
2539 4999 2702 5068 Cuius
2733 4999 2810 5054 rei
2844 5013 3100 5070 purpur-1e
3144 5013 3209 5054 ac
3257 4992 3412 5052 serici
3463 4976 3698 5070 nomina}?

2207 5101 2361 5161 Ῥυῐη
2382 5091 2704 5162 Ρΐωίϐνιιηῑ,
2731 5091 3015 5161 omnisque
3043 5097 3220 5145 coetus
3247 5093 3526 5145 sanctorum
3547 5084 3617 5144 PFO

2232 5148 2438 5255 pariter
2467 5185 2522 5239 in
2548 5148 2782 5254 superna
2815 5148 3114 5238 .lenisalem
3153 5181 3384 5252 gaudens
3409 5148 3695 5229 lambitur-1)t

2233 5291 2342 5346 quo
2366 5275 2630 5345 sequitur.
3599 5337 3622 5348 ﬂ

2310 5384 2331 5418 ι
2371 5365 2570 5421 Iudaeis
2594 5373 2772 5421 autem
2809 5379 2948 5421 nova
2973 5363 3067 5421 lux
3095 5364 3229 5421 oriri
3255 5365 3366 5422 visa
3387 5364 3479 5421 est,
3510 5338 3688 5422 gaudium:
3788 5363 3789 5376 π

2236 5475 2257 5508 α
2301 5466 2358 5513 et
2377 5457 2572 5524 honor,
2604 5465 2658 5512 et
2693 5457 3010 5527 tripudium.
3041 5457 3197 5526 Apud
3227 5468 3405 5510 omnes
3430 5436 3614 5519 ρορυ¹⁰⁵ν
3638 5432 3690 5527 ur.

2235 5568 2254 5602 ς
2301 5551 2396 5605 bes
2431 5557 2594 5620 atque
2631 5523 2962 5618 provincias,
2992 5523 3318 5618 quocunque
3356 5523 3685 5620 τεςίεὶυδθῗ

2235 5662 2254 5693 ‹
2301 5642 2542 5706 niebant,
2592 5641 2730 5696 mira
2762 5640 3068 5704 exsultatio,
3113 5640 3303 5711 epulae,
3343 5643 3480 5703 atque
3511 5615 3683 5711 “mm:

2236 5752 2254 5784 ε
2301 5742 2358 5788 et
2379 5701 2548 5787 l'cslus
2579 5731 2728 5786 dies:
2757 5731 2810 5785 in
2845 5701 3355 5802 natumut-plures
3379 5701 3556 5780 alterius
3576 5701 3682 5802 Seni”

2236 5845 2255 5879 ι
2301 5835 2354 5880 et
2385 5833 2546 5883 sectae
2571 5839 2756 5884 eorum
2792 5825 3035 5898 religioni
3063 5834 3119 5881 et
3159 5798 3682 5883 mercimonium”.
