3882 6506
83 385 195 444 665

1151 370 1512 430 EXPOSITIO
1545 369 1612 426 IN
1646 368 1906 428 LIBRUM
1943 368 2241 426 ESTHER.

3241 374 3344 432 666

90 518 110 550 ι
159 506 270 552 tur.
297 489 531 550 Grandis
548 486 948 545 enim'eunctos
975 485 1183 543 Judaici
1212 486 1446 542 nominis
1487 496 1664 540 terror
1691 491 1735 548 A
1773 503 1791 536 ι
1836 500 1996 556 posse
2043 493 2450 558 cognoverant:
2485 485 2628 542 fama
2676 500 2892 560 quoque
2939 489 3176 546 nominis
3227 491 3344 563 ejus

93 608 112 640 ι
159 589 450 642 invaserat.
496 602 516 636 ι
547 582 770 637 Plurimi
800 597 927 651 ergo
961 596 1026 637 ex
1054 579 1332 652 gentilium
1368 586 1528 648 atque
1570 579 1665 633 ho-

87 683 253 738 stium
281 675 537 732 Ecclesiae
553 690 799 740 numero,
824 674 896 740 vi,
928 672 1188 744 sapientia
1233 679 1396 741 atque
1424 680 1669 726 constan-

88 772 160 827 tia
186 778 496 825 sanctorum
527 774 824 837 martyrum
855 765 1166 834 virtuteque
1197 762 1399 818 Christi
1426 777 1522 832 per
1550 762 1670 817 illos

88 863 442 925 clarescente,
493 858 676 914 relicta
726 856 1028 912 idololatria
1079 865 1243 927 atque
1289 855 1671 926 superstitione

90 954 297 1026 gentili,
334 952 401 1006 ad
443 950 808 1008 Christianam
854 950 1164 1022 religionem
1206 952 1452 1006 conversi
1503 958 1666 1016 sunt;

92 1045 237 1115 quod
267 1057 360 1098 eos
385 1043 477 1113 qui
509 1043 789 1113 passiones
833 1051 1142 1097 sanctorum
1179 1051 1341 1112 atque
1369 1043 1671 1112 triumphos

92 1145 394 1207 martyrum
443 1135 650 1206 legunt,
702 1134 925 1190 minime
976 1134 1137 1201 latet;
1179 1135 1407 1204 indeque
1454 1149 1551 1204 per
1578 1134 1672 1189 Dei

91 1229 519 1286 misericordiam
556 1229 916 1284 numerositas
937 1229 1176 1298 quotidie
1201 1230 1396 1284 crescit
1435 1227 1672 1283 ﬁdelium

89 1331 144 1378 et
173 1317 326 1394 septa
340 1322 616 1392 replentur
640 1321 916 1377 Ecclesiae.
945 1320 1232 1376 Christiani
1259 1321 1405 1377 enim
1441 1321 1675 1376 nominis

94 1413 250 1483 vigor
277 1413 329 1467 in
361 1421 474 1466 toto
502 1412 634 1466 orbe
678 1419 946 1466 terrarum
976 1410 1282 1467 inﬁdelibus
1319 1419 1583 1468 terrorem
1621 1419 1676 1466 et

90 1504 439 1560 credentibus
486 1504 689 1559 excitat
729 1503 1004 1575 gaudium.
1046 1505 1122 1559 De
1165 1519 1274 1574 quo
1316 1519 1414 1574 per
1452 1504 1676 1560 Psalmi-

91 1604 232 1650 stam
273 1595 514 1649 dicitur:
549 1612 569 1647 ι
605 1594 819 1650 Timeat
848 1595 1134 1650 Dominum
1173 1596 1350 1651 omnis
1380 1604 1546 1651 terra.
1595 1596 1676 1652 Ab

88 1689 207 1758 ipso
260 1698 440 1743 autem
491 1696 937 1744 commoveantur
965 1689 1217 1745 universi
1269 1698 1323 1744 et
1357 1704 1547 1745 omnes
1585 1690 1676 1759 qui

87 1781 338 1836 habitant
375 1782 563 1836 orbem
595 1778 767 1852 (Psal.
798 1780 992 1852 xxxu).
1027 1801 1046 1834 ι
1081 1780 1149 1834 Ει
1188 1781 1314 1836 item
1342 1800 1354 1835 :
1393 1800 1412 1832 α
1447 1782 1677 1836 Laetabi-

1773 599 1794 632 ‹
1838 581 2116 636 crescebat
2139 581 2401 650 quotidie,
2445 590 2500 637 et
2537 597 2635 652 per
2674 592 2993 640 cunctorum
3020 600 3117 641 ora
3147 585 3346 641 volita-

1773 691 1794 724 ι
1835 674 1949 728 bat.
1989 693 2008 727 ι
2052 672 2187 740 Quia
2214 683 2524 729 sanctorum
2556 676 2836 730 doctorum
2880 676 3169 736 laudabilis
3204 678 3347 735 actio

1767 774 1823 821 et
1847 765 2084 836 potentia
2113 765 2376 821 virtutum
2415 768 2673 823 honorem
2709 770 2968 837 grandem
2997 777 3053 826 et
3095 785 3349 827 reveren-

1768 857 1898 912 tiam
1948 857 2135 912 tribuit
2164 857 2491 912 multitudini
2535 857 2793 914 ﬁdelium.
2829 859 2981 916 Unde
3021 861 3076 916 in
3125 859 3350 917 Actibus

1771 950 2154 1020 apostolorum,
2183 950 2274 1003 ubi
2313 949 2416 1018 ipsi
2450 949 2612 1019 primi
2642 949 3025 1020 praedicatores
3073 950 3349 1021 Evangelii

1772 1045 2031 1101 doctrinae
2050 1044 2199 1100 verbi
2233 1044 2328 1099 Dei
2355 1051 2409 1099 et
2433 1043 2699 1100 curationi
2736 1059 2958 1116 operam
2987 1046 3117 1100 dare
3163 1045 3349 1116 legun-

1773 1151 1880 1204 tur,
1935 1140 2193 1210 scriptum
2238 1147 2360 1194 est:
2399 1158 2418 1192 ‹
2453 1139 2622 1194 Erant
2657 1140 2801 1195 enim
2843 1149 3259 1210 perseverantes
3294 1141 3351 1195 in

1773 1231 2017 1286 doctrina
2047 1231 2437 1300 apostolorum,
2467 1241 2521 1286 et
2549 1231 3040 1287 communicatione
3069 1231 3355 1287 fractionis

1772 1323 1930 1393 panis
1972 1332 2028 1378 et
2071 1322 2432 1378 orationibus.
2478 1322 2667 1378 Fiebat
2716 1322 2862 1378 omni
2922 1323 3114 1378 animae
3170 1323 3355 1389 timor,

1775 1412 1942 1468 multa
1969 1427 2183 1483 quoque
2230 1413 2474 1484 prodigia
2523 1423 2578 1468 et
2631 1414 2782 1486 signa
2813 1429 2910 1485 per
2953 1413 3228 1485 apostolos
3266 1413 3359 1469 ﬁe-

1775 1504 1906 1559 bant
1938 1504 1992 1558 in
2029 1502 2354 1570 Jerusalem,
2378 1514 2434 1560 et
2461 1512 2639 1560 metus
2666 1515 2784 1560 erat
2805 1520 3033 1576 magnus
3060 1507 3114 1560 in
3143 1506 3359 1560 univer-

1779 1596 1855 1651 sis
1880 1594 2018 1667 (Act.
2055 1595 2138 1668 ιι).
2171 1617 2190 1650 ›
2219 1598 2286 1651 Ει
2322 1599 2451 1653 item
2486 1617 2498 1652 :
2533 1617 2552 1651 ι
2584 1599 2687 1653 Per
2732 1613 2946 1665 manus,
2999 1599 3193 1669 inquit,
3238 1613 3362 1669 apo-

1779 1688 2038 1744 stolorum
2063 1688 2266 1744 ﬁebant
2290 1690 2440 1760 signa
2464 1699 2518 1744 et
2546 1690 2793 1761 prodigia
2819 1690 2986 1745 multa
3017 1690 3070 1745 in
3101 1690 3277 1760 plebe,
3303 1699 3360 1745 et

1781 1789 1938 1835 erant
1981 1782 2310 1836 unanimiter
2333 1797 2523 1837 omnes
2562 1783 2616 1837 in
2653 1785 2862 1853 porticu
2894 1782 3214 1838 Salomonis.
3253 1781 3364 1837 CIB-

89 1882 178 1928 tur
197 1873 381 1944 justus
413 1874 467 1927 in
493 1873 742 1940 Domino,
774 1881 830 1928 et
857 1873 1094 1943 sperabit
1114 1874 1168 1927 in
1197 1889 1280 1938 eo,
1307 1882 1362 1928 et
1385 1874 1680 1929 laudabun-
1707 1842 1755 1901 Β
1786 1881 2024 1929 terorum
2067 1883 2245 1928 autem
2291 1890 2451 1932 nemo
2492 1877 2725 1931 audebat
2769 1890 2826 1932 se
2860 1876 3190 1947 conjungere
3232 1875 3361 1942 illis,

90 1976 178 2020 tur
206 1981 399 2021 omnes
428 1965 566 2021 recti
593 1967 755 2021 corde
781 1963 954 2037 (Psal.
985 1965 1162 2038 Lxm).
1199 1985 1215 2018 ι
1250 1966 1318 2020 Et
1349 1965 1677 2037 Apostolus:

95 2075 112 2108 ι
142 2057 200 2112 In
231 2057 468 2121 nomine,
510 2057 705 2128 inquit,
759 2056 885 2112 Jesu
916 2073 1076 2112 omne
1096 2072 1234 2129 genu
1264 2057 1532 2124 flectatur,
1565 2073 1678 2115 coe—

91 2148 326 2214 lestium,
355 2151 699 2204 terrestrium
724 2158 780 2203 et
816 2148 1173 2212 infernarum,
1216 2158 1272 2203 et
1294 2151 1471 2204 omnis
1496 2137 1677 2219 lingua

89 2239 414 2296 conﬁteatur
434 2242 560 2311 quia
599 2240 860 2295 Dominus
880 2239 1038 2297 Jesus
1060 2241 1113 2296 in
1142 2241 1309 2313 gloria
1339 2251 1422 2296 est
1452 2242 1544 2298 Dei
1580 2243 1682 2298 Pa-

91 2333 188 2388 tris
221 2330 447 2404 (Philip.
480 2333 565 2404 n).
604 2352 624 2383 ι

166 2442 185 2475 ‹
234 2424 403 2496 Igitur
428 2425 730 2481 duodecimi
754 2426 976 2489 mensis,
1001 2441 1162 2498 quem
1187 2425 1334 2481 Adar
1359 2427 1537 2482 vocari
1558 2435 1685 2484 ante

96 2533 114 2564 ‹
151 2510 270 2581 jam
309 2513 563 2580 diximus,
610 2515 768 2570 tertia
809 2515 1019 2570 decima
1077 2515 1181 2582 die,
1215 2517 1430 2585 quando
1475 2516 1685 2572 cunctis

98 2624 117 2657 ι
160 2605 364 2662 ,Ιιιόωίε
417 2606 721 2664 interfectio
776 2609 1093 2679 parabatur,
1150 2617 1206 2663 et
1257 2609 1439 2664 hostes
1495 2623 1683 2663 eorum

98 2719 116 2750 ι
163 2699 451 2755 inhiabant
488 2700 765 2772 sanguini,
799 2716 953 2756 versa
985 2704 1123 2766 vice,
1170 2699 1339 2755 Judaei
1376 2700 1685 2770 superiores

99 2809 118 2844 ι
160 2807 286 2848 esse
307 2802 610 2864 coeperunt,
634 2802 690 2850 et
715 2809 774 2850 se
795 2794 862 2849 de
887 2794 1210 2850 adversariis
1232 2793 1526 2849 vindicare.
1547 2793 1686 2848 Con-

101 2906 120 2939 σ
165 2889 485 2960 gregatique
524 2897 649 2945 sunt
697 2904 794 2959 per
836 2889 1074 2960 singulas
1095 2889 1364 2955 civitates,
1403 2889 1597 2960 oppida
1632 2897 1688 2944 et

102 2997 120 3031 ι
167 2978 286 3034 loca
313 3020 329 3045 ,
369 2987 429 3034 ut
475 2979 830 3035 extenderent
879 2995 1070 3035 manus
1114 2988 1302 3035 contra
1352 2982 1600 3036 inimicos
1634 2989 1690 3035 et

105 3087 122 3121 ι
172 3079 554 3142 persecutores
584 3085 732 3138 suos,
767 3069 1052 3141 nullusque
1081 3086 1244 3126 ausus
1278 3080 1362 3127 est
1408 3073 1686 3134 resistere,

105 3176 125 3210 ‹
172 3175 239 3215 eo
267 3161 410 3229 quod
440 3174 632 3216 omnes
663 3161 890 3233 populos
917 3161 1305 3232 magnitudinis
1351 3178 1538 3218 eorum
1580 3163 1690 3216 for-

106 3269 124 3301 ι
173 3252 321 3307 mido
348 3260 685 3323 penetrarat.
724 3273 742 3305 ι
782 3253 1145 3310 Duodecimus
1174 3254 1396 3320 mensis,
1429 3265 1486 3310 ut
1527 3270 1690 3325 supra

97 3341 331 3410 dictum,
356 3345 706 3400 novissimam
728 3353 942 3400 aetatem
958 3345 1138 3400 szeculi
1161 3345 1451 3418 signiﬁcat,
1475 3347 1692 3416 quando

103 3439 412 3494 incarnatio
442 3438 584 3493 facta
599 3445 681 3492 est
709 3437 1109 3509 Redemptoris,
1141 3446 1195 3494 et
1219 3439 1497 3510 Evangelii
1525 3440 1694 3510 ipsius

102 3529 425 3599 praedicatio
451 3537 562 3584 toto
583 3531 712 3586 orbe
739 3528 1108 3586 disseminata.
1155 3530 1417 3586 Similiter
1445 3540 1500 3587 et
1529 3533 1688 3587 tertia

109 3619 325 3674 decima
372 3619 488 3676 dies
528 3620 698 3676 lucem
728 3620 852 3676 ﬁdei
900 3636 964 3677 ac
990 3623 1254 3677 honorum
1297 3638 1542 3693 operum,
1574 3638 1696 3693 qua:

107 3709 496 3779 praedicatione
521 3711 832 3781 evangelica
867 3712 921 3767 in
956 3713 1198 3770 Ecclesia
1225 3729 1322 3784 per
1354 3714 1537 3770 ﬁdeles
1563 3731 1697 3786 quo-

109 3802 244 3857 tidie
293 3803 564 3873 expletur,
611 3805 872 3861 declarat.
931 3805 1065 3861 Nam
1121 3808 1444 3866 duodecimo
1489 3826 1695 3878 mense,

116 3914 134 3948 ι
157 3895 316 3951 tertia
335 3896 543 3952 decima
570 3898 656 3952 die
675 3899 899 3966 mensis,
931 3901 1148 3970 quando
1170 3902 1377 3958 cunctis
1395 3902 1594 3960 Judaeis
1619 3905 1700 3960 in-

110 3987 364 4045 terfectio
396 3992 709 4060 parabatur,
740 4001 797 4048 et
826 3995 1012 4051 hostes
1037 4009 1223 4050 eorum
1261 3997 1540 4052 inhiabant
1581 4013 1702 4052 san-

112 4081 287 4152 guini,
319 4095 476 4137 versa
509 4083 627 4139 vice
657 4085 759 4154 ipsi
805 4084 973 4142 Judaei
1023 4088 1331 4163 superiores
1370 4104 1490 4145 esse
1518 4105 1700 4159 coepe-

115 4177 264 4236 runt,
315 4179 368 4225 et
414 4187 472 4227 se
499 4171 564 4227 de
611 4174 933 4232 adversariis
967 4177 1277 4243 vindicare;
1310 4197 1329 4231 ι
1363 4180 1490 4249 quia
1529 4188 1704 4235 coetus

115 4259 380 4329 ﬁdelium,
415 4262 471 4318 in
499 4277 606 4333 quo
632 4273 713 4319 est
751 4281 879 4322 vera
910 4266 1177 4323 confessio
1212 4278 1373 4325 rectae
1401 4270 1546 4335 ﬁdei,
1579 4271 1706 4326 licet

117 4361 310 4409 hostes
355 4363 410 4410 et
437 4366 816 4427 persecutores
857 4360 1091 4416 nominis
1115 4360 1314 4417 Christi
1367 4363 1564 4432 ubique
1601 4363 1707 4418 illis

117 4448 530 4518 persecutiones
582 4451 819 4506 excitent
882 4461 937 4529 et
989 4467 1084 4508 eos
1137 4454 1439 4524 opprimere
1488 4465 1709 4510 conten-

1786 1965 1879 2020 sed
1911 1965 2293 2036 magniﬁcabat
2313 1983 2406 2021 eos
2433 1967 2659 2037 populus
2679 1967 2816 2039 (Act.
2848 1968 2926 2038 v).
2959 1989 2976 2019 ι

1862 2077 1880 2107 ι
1918 2057 2104 2128 Itaque
2128 2067 2511 2127 percusserunt
2544 2058 2713 2114 Judaei
2757 2060 3004 2115 inimicos
3045 2074 3171 2115 suos
3209 2059 3365 2131 plaga

1793 2168 1811 2200 ε
1844 2164 2064 2220 magna,
2097 2159 2152 2205 et
2174 2152 2487 2206 occiderunt
2535 2167 2651 2217 eos,
2678 2152 2965 2208 reddentes
2988 2153 3068 2209 eis
3094 2154 3236 2223 quod
3264 2153 3366 2208 sibi

1793 2257 1813 2291 ο
1839 2249 2164 2308 paraverant
2214 2240 2413 2309 facere,
2459 2243 2513 2297 in
2552 2250 2778 2309 tantum,
2822 2251 2881 2298 ut
2922 2244 3085 2299 etiam
3127 2244 3180 2298 in
3214 2243 3370 2299 Susis

1792 2351 1810 2384 ι
1843 2333 2168 2404 quingentos
2209 2334 2355 2389 viros
2392 2333 2762 2390 interﬁcerent
2790 2344 2943 2391 extra
2988 2335 3175 2391 decem
3231 2334 3370 2391 ﬁlios

1793 2444 1812 2476 (
1843 2426 2016 2480 Aman
2065 2427 2304 2497 Agagitze
2360 2427 2531 2483 hostis
2589 2427 2914 2483 Judaeorum.
2962 2446 2980 2480 ι
3033 2427 3170 2494 Quid
3227 2427 3371 2496 quod

1787 2516 1954 2572 Judaei
1992 2517 2174 2572 hostes
2208 2532 2334 2572 suos
2370 2527 2757 2589 persequentes
2789 2519 3115 2590 quingentos
3135 2518 3282 2573 viros
3314 2518 3370 2573 in

1790 2609 1944 2666 Susis
1993 2609 2330 2666 interfecisse
2386 2610 2658 2681 leguntur,
2708 2610 2949 2681 exceptis
2987 2610 3191 2678 ,decem
3245 2608 3372 2664 ﬁliis

1787 2702 1984 2768 Aman,
2021 2717 2156 2772 quos
2191 2703 2243 2758 iu
2288 2704 2543 2774 patibulis
2589 2703 2910 2774 afﬁgebant?
2937 2703 3041 2759 nisi
3093 2702 3234 2773 quod
3264 2718 3371 2758 non

1790 2793 1962 2848 solum
2003 2794 2058 2848 in
2111 2794 2362 2865 gentibus
2405 2809 2595 2850 omnes
2638 2794 2875 2864 operarii
2927 2793 3228 2863 iniquitatis
3278 2792 3371 2861 qui

1789 2895 2141 2955 perseverant
2185 2887 2238 2941 in
2268 2887 2474 2942 malitia
2526 2902 2622 2942 sua
2647 2928 2662 2952 ,
2694 2902 2794 2942 nec
2823 2887 2890 2941 de
2941 2886 3177 2956 peccatis
3201 2884 3375 2954 poeni-

1793 2977 2016 3031 tentiam
2041 2991 2201 3048 agere
2221 2977 2428 3043 volunt,
2460 2991 2637 3047 neque
2663 2977 3039 3032 remissionem
3056 2975 3375 3030 delictorum

1795 3081 2013 3122 suorum
2045 3083 2142 3137 per
2164 3067 2397 3138 Spiritus
2421 3069 2594 3125 sancti
2621 3068 2849 3136 gratiam
2884 3067 3130 3137 accipere
3160 3074 3374 3132 curant,

1797 3159 2143 3214 detestabiles
2193 3168 2248 3214 et
2301 3161 2443 3232 digni
2495 3161 2839 3216 damnatione
2883 3160 3079 3232 p0pulo
3124 3160 3216 3214 Dei
3255 3173 3376 3214 esse

1793 3252 2077 3318 videntur;
2107 3254 2201 3308 sed
2225 3253 2389 3309 etiam
2416 3255 2516 3325 ipsi
2572 3254 2817 3310 carnales
2854 3253 3042 3319 Judazi,
3077 3261 3382 3322 transgres-

1792 3362 1945 3405 sores
1983 3344 2188 3403 scilicet
2224 3348 2465 3418 decalogi
2500 3347 2635 3420 legis
2666 3346 2933 3412 Mosaicm,
2957 3353 3169 3400 reatum
3201 3343 3379 3399 crucis

1792 3438 2016 3505 Christi,
2047 3453 2208 3508 quem
2234 3454 2301 3494 ex
2329 3438 2555 3508 perﬁdia
2583 3453 2681 3493 sua
2709 3438 2764 3492 in
2798 3437 3048 3509 passione
3077 3436 3248 3507 ipsius
3277 3433 3379 3488 sibi

1793 3536 2202 3596 contraxerunt,
2243 3531 2390 3601 juste
2425 3521 2622 3585 inferni
2654 3529 2957 3585 crueiatum
2995 3527 3263 3584 sustinere
3285 3539 3379 3581 co-

1796 3631 2012 3696 gentur,
2060 3638 2163 3680 nec
2188 3625 2327 3680 ullus
2362 3625 2429 3680 de
2469 3639 2695 3680 numero
2743 3622 3036 3679 electorum
3083 3618 3382 3676 communi-

1796 3734 1922 3775 care
1977 3732 2166 3774 eorum
2217 3717 2472 3788 nequitiae
2524 3725 2619 3772 aut
2677 3725 2830 3772 actus
2885 3713 3148 3770 nefandos
3181 3709 3383 3766 imitari

1797 3810 2068 3882 dignatur.
2104 3809 2257 3865 Unde
2307 3809 2502 3864 merito
2543 3807 2792 3864 subditur
2820 3805 2964 3877 quod
3010 3803 3204 3869 Judaei,
3257 3815 3382 3856 cum

1799 3903 1982 3959 hostes
2003 3917 2130 3958 suos
2157 3901 2505 3967 occidissent,
2529 3900 2738 3969 priedas
2763 3912 2829 3953 ex
2848 3894 3166 3953 substantiis
3196 3905 3384 3949 eorum

1803 4003 2024 4065 tangere
2044 4002 2100 4048 et
2125 4007 2286 4063 agere
2316 3991 2612 4048 noluerint.

1879 4105 1898 4138 ε
1933 4087 2239 4158 Statimque
2263 4100 2522 4142 numerus
2566 4099 2756 4140 eorum
2800 4082 2891 4155 qui
2940 4081 3108 4138 occisi
3144 4086 3300 4135 erant
3331 4076 3384 4132 in

1811 4198 1829 4232 ς
1861 4179 2038 4246 Susis,
2077 4180 2145 4234 ad
2172 4194 2355 4250 regem
2383 4177 2586 4233 relatus
2613 4185 2713 4241 est,
2747 4175 2840 4244 qui
2879 4173 3018 4228 dixit
3055 4171 3255 4241 reginae
3285 4186 3298 4222 :
3329 4167 3388 4221 1n

1812 4289 1830 4322 ι
1861 4272 1996 4326 urbe
2029 4269 2183 4324 Susis
2222 4268 2612 4323 interfecerunt
2659 4265 2830 4320 Judaei
2865 4265 3192 4334 quingentos
3220 4260 3388 4324 viros,

1814 4385 1834 4416 ‹
1876 4376 1930 4420 et
1959 4365 2094 4420 alios
2133 4363 2319 4418 decem
2364 4362 2503 4418 ﬁlios
2532 4362 2725 4425 Aman,
2781 4366 3041 4429 quantum
3091 4364 3250 4426 putas
3299 4367 3393 4408 eos

1816 4475 1834 4509 ι
1873 4469 2128 4512 exercere
2178 4453 2380 4508 caedem
2424 4451 2478 4506 in
2532 4448 2799 4504 universis
2863 4445 3198 4518 provinciis?
3253 4443 3392 4510 Quid

121 4541 276 4606 dant,
325 4540 428 4611 ipsi
460 4549 662 4608 tamen,
712 4544 885 4613 gratia
933 4543 1030 4600 Dei
1078 4544 1266 4614 adjuti,
1317 4554 1371 4603 et
1417 4547 1705 4603 confortati
1732 4573 1785 4633 D
1816 4565 1834 4596 ε
1867 4546 2010 4600 ultra
2055 4542 2331 4614 postulas;
2376 4549 2433 4596 et
2484 4539 2612 4610 quid
2657 4539 2740 4633 vis
2777 4545 2839 4592 ut
2865 4536 2982 4591 ﬁeri
3011 4533 3269 4607 jubeam?
3295 4531 3393 4633 Cui

120 4640 280 4687 scuto
309 4629 432 4686 ﬁdei
462 4641 518 4687 et
542 4633 709 4688 armis
730 4633 971 4704 justitire,
1015 4637 1354 4693 adversarios
1395 4655 1522 4694 suos
1548 4655 1707 4711 supe-

122 4731 246 4777 rant
285 4735 350 4778 ac
379 4731 636 4794 tropteum
669 4724 852 4796 glorize
881 4728 946 4782 de
971 4727 1050 4782 eis
1081 4736 1380 4798 reportant,
1412 4745 1533 4784 cum
1566 4731 1706 4798 illos,

123 4814 358 4886 repulsis
387 4815 643 4886 nequitiis
671 4817 1038 4888 spiritualibus
1061 4826 1116 4874 et
1137 4835 1386 4875 errorum
1414 4822 1706 4877 seminato-

124 4905 279 4959 ribus
308 4905 398 4974 qui
424 4920 519 4961 eos
559 4920 656 4976 per
688 4908 840 4962 varia
875 4909 1005 4963 vitia
1037 4911 1386 4977 seducebant,
1433 4914 1502 4967 ad
1532 4912 1709 4969 lucem

126 4993 253 5048 ﬁdei
291 5001 616 5050 convertunt
665 5004 719 5051 et
765 4997 1060 5069 participes
1115 4999 1303 5069 gratim
1355 5000 1556 5056 Christi
1597 5002 1712 5058 efﬁ-

127 5087 304 5142 ciunt.
337 5107 357 5139 ‹
386 5086 683 5160 Nullusque
707 5088 787 5144 eis
812 5090 1068 5146 resistere
1087 5099 1170 5145 est
1195 5105 1379 5146 ausus.
1410 5111 1429 5145 ι
1460 5091 1595 5159 Quia
1621 5108 1714 5163 pa-

129 5193 231 5235 vor
262 5178 563 5250 majestatis
590 5181 802 5248 divinae,
841 5197 961 5254 qua:
996 5182 1274 5238 miraculis
1307 5185 1717 5242 coruscantibus

133 5271 189 5326 in
221 5270 466 5328 Ecclesia
492 5272 823 5341 declaratur,
861 5274 1160 5330 carnalium
1189 5275 1352 5330 corda
1382 5277 1556 5332 valide
1583 5293 1716 5332 con-

135 5363 296 5429 cutit,
338 5371 393 5418 et
415 5365 483 5420 ad
525 5364 822 5422 cedendum
849 5367 1016 5422 verbo
1059 5366 1154 5424 Dei
1180 5369 1473 5439 compellit,
1513 5370 1582 5427 de
1610 5373 1736 5442 quo'

139 5465 196 5514 et
217 5461 605 5517 convenienter
629 5460 876 5517 subditur
901 5479 915 5516 :

218 5572 237 5605 ‹
282 5551 419 5607 Nam
466 5561 522 5608 et
553 5553 954 5624 provinciarum
977 5552 1210 5621 judices,
1242 5556 1406 5612 duces
1431 5564 1486 5611 et
1527 5573 1724 5628 procu—

150 5663 168 5695 σ
215 5652 447 5710 ratores,
487 5645 772 5715 omnisque
807 5644 1039 5716 dignitas
1068 5661 1189 5715 quae
1233 5646 1457 5717 singulis
1500 5647 1634 5703 locis
1662 5663 1726 5704 ac

151 5753 170 5784 ι
212 5734 464 5803 operibus
486 5742 738 5805 praeerat,
765 5735 1095 5791 extollebant
1129 5736 1342 5792 Judaeos
1371 5739 1561 5793 timore
1585 5739 1726 5793 Mar-

155 5841 176 5878 c
217 5824 445 5894 dochmi,
470 5841 631 5899 quem
658 5826 958 5898 principem
996 5841 1115 5883 esse
1139 5827 1327 5898 palatii
1357 5838 1411 5883 et
1438 5829 1727 5898 plurimum

1818 4657 1836 4690 ι
1872 4637 1960 4692 illa
2004 4635 2320 4706 respondit:
2357 4633 2415 4688 Si
2451 4633 2564 4702 regi
2597 4618 2792 4703 placet,
2837 4629 2995 4684 detur
3034 4634 3275 4698 potestas
3303 4621 3395 4677 Ju-

1820 4750 1839 4783 (
1875 4730 2004 4786 dmis
2033 4739 2112 4794 ut,
2145 4729 2283 4784 sicut
2315 4728 2475 4783 hodie
2511 4728 2757 4780 fecerunt
2786 4725 2841 4779 in
2871 4721 3046 4788 Susis,
3088 4722 3167 4777 sic
3194 4728 3249 4774 et
3275 4733 3396 4775 cras

1821 4840 1840 4873 ‹
1879 4822 2101 4886 faciant,
2129 4829 2185 4873 et
2213 4820 2396 4874 decem
2442 4817 2536 4872 ﬁlii
2577 4815 2750 4872 Aman
2798 4815 2852 4870 in
2901 4811 3400 4884 patibulis-suspen-

1819 4931 1839 4964 ι
1867 4913 2083 4967 dantur.
2130 4911 2500 4981 Praeeepitque
2557 4924 2654 4964 rex
2701 4915 2763 4963 ut
2812 4907 2888 4962 ita
2914 4906 3089 4970 ﬁeret,
3129 4923 3148 4956 ι
3185 4910 3289 4958 etc.
3315 4901 3398 4956 ln-

1817 5003 1985 5058 tentio
2011 5004 2127 5059 hmc
2169 5003 2369 5073 reginae
2410 5002 2627 5067 Esther,
2685 5015 2792 5070 qua
2830 5000 3016 5055 hostes
3070 5009 3198 5051 suos
3224 4993 3400 5047 valide

1817 5096 2028 5165 insequi
2061 5103 2114 5151 et
2150 5096 2452 5166 exstirpare
2482 5093 2795 5158 contendit,
2842 5091 3076 5146 studium
3107 5097 3273 5158 atque
3311 5101 3401 5142 so-

1816 5187 2028 5242 lertiam
2071 5203 2212 5242 vera:
2244 5188 2463 5258 reginae,
2509 5188 2611 5242 hoc
2648 5193 2732 5240 est
2763 5190 2964 5238 sanctae
3006 5179 3283 5244 Ecclesiae,
3308 5193 3402 5232 ex-

1817 5279 2023 5351 primit,
2050 5295 2170 5351 quae
2195 5280 2378 5337 hostes
2406 5295 2533 5336 suos
2554 5280 2672 5335 sine
2701 5277 3001 5334 cessatione
3035 5273 3397 5345 persequitur,

1819 5383 1873 5428 et
1906 5373 2147 5429 funditus
2174 5382 2519 5445 prosternere
2556 5381 2720 5441 atque
2759 5371 2861 5424 sibi
2905 5368 3174 5438 subjicere
3203 5373 3399 5420 certat.

1824 5462 1990 5533 Cujus
2045 5479 2180 5520 voce
2232 5479 2332 5535 per
2373 5463 2720 5519 Psalmistam
2778 5461 2976 5516 dicitur
3007 5478 3020 5514 :
3057 5479 3076 5511 ι
3103 5459 3405 5526 Persequar

1827 5554 2075 5609 inimicos
2115 5570 2288 5620 meos,
2319 5563 2375 5609 et
2400 5553 2854 5624 comprehendam
2894 5553 3032 5616 illos,
3063 5559 3119 5606 et
3140 5566 3244 5606 non
3272 5565 3403 5603 cou-

1827 5653 2016 5699 vertar
2040 5647 2211 5700 donec
2241 5646 2495 5701 deﬁciant
2524 5663 2536 5698 :
2579 5645 2808 5716 afﬁigam
2836 5645 2976 5709 illos,
3015 5659 3114 5700 nec
3151 5647 3406 5712 poterunt

1830 5746 1976 5792 stare
2003 5734 2175 5806 (Psul.
2206 5737 2362 5806 xvu).
2397 5757 2414 5789 ι
2447 5737 2574 5804 Qua:
2611 5740 2842 5809 primum
2898 5735 3221 5810 quingentos
3260 5735 3405 5788 viros

1831 5830 1889 5886 in
1922 5827 2074 5885 Susis
2099 5868 2114 5896 ,
2142 5827 2335 5888 deinde
2375 5836 2645 5889 trecentos
2674 5832 2900 5900 occidit;
2933 5831 3056 5907 quia
3091 5843 3198 5889 non
3234 5825 3408 5890 solum
