3882 6510
540 376 643 435 667

1184 377 1245 433 Β.
1288 377 1544 433 RABANI
1584 376 1804 434 MAURI
1842 374 2161 431 ARCHIEP.
2207 374 2521 433 MOGUNT.
2566 376 2851 433 OPERUM
2888 376 3068 432 PARS
3105 378 3143 432 l.
3646 387 3702 446 θῇς

536 495 660 551 illus
692 494 786 564 qui
806 494 874 550 de
898 502 1134 565 peccatis
1174 493 1289 549 suis
1314 494 1696 564 pmnitentiam
1722 504 1882 564 agere
1904 492 2112 557 nolunt,
2144 496 2196 555 Α
2223 488 2315 547 Dei
2340 492 2628 547 descendet
2654 493 2719 547 dc
2748 492 2900 557 ccclo,
2930 500 2982 547 et
3010 493 3207 547 mortui
3232 495 3326 563 qui
3353 495 3404 547 in
3430 492 3606 551 Christo
3619 514 3705 567 sunt,

537 588 823 646 sedetiam
873 587 1021 658 ipsos
1060 587 1153 657 qui
1193 586 1355 642 ﬁdem
1393 597 1596 643 sanctae
1640 586 1924 641 Trinitatis
1965 586 2123 641 bonis

533 680 797 753 Optat-ibus
820 679 1084 736 adornare
1106 680 1403 751 negligant,
1437 680 1629 752 dignos
1659 680 1917 750 perpema
1948 685 2129 733 morte

535 862 639 919 bus
682 864 1027 934 septuaginta
1068 864 1311 934 quinque
1357 862 1521 917 millia
1567 863 1807 918 hostium
1839 862 2125 919 interfece-

535 963 682 1024 runt,
709 957 785 1011 ita
814 958 1073 1012 instantia
1094 964 1150 1013 et
1171 966 1367 1013 conatu
1405 956 1643 1013 ﬁdelium
1678 957 1859 1012 hostes
1888 956 2127 1012 universi

535 1053 631 1122 qui
656 1052 899 1123 quinque
938 1051 1187 1107 sensibus
1226 1051 1476 1122 corporis
1517 1051 1683 1107 dediti
1720 1049 2015 1106 carnaliter
2044 1064 2130 1105 sa-

534 1145 735 1215 piendo
777 1144 953 1215 legem
980 1145 1074 1201 Dei
1123 1154 1223 1216 per
1272 1143 1641 1215 septiformem
1685 1142 1923 1214 Spiritus
1952 1143 2127 1198 sancti

536 1239 791 1309 gratiam,
822 1237 1089 1308 spiritnali
1110 1238 1368 1307 dogmate
1379 1238 1591 1308 plenam
1614 1244 1776 1307 atque
1803 1227 2125 1307 perfectam,

537 1329 894 1401 spiritualiter
943 1329 1239 1400 intelligere
1281 1338 1565 1400 respuunt,
1616 1328 1865 1384 claritate
1900 1329 2129 1383 duorum

538 1422 1017 1479 Testanientertmt
1060 1424 1328 1479 veraciter
1364 1424 1659 1479 vincuntur
1688 1431 1853 1493 atque
1890 1430 2132 1494 proster—

537 1523 759 1570 nuntur.
824 1514 935 1571 Nec
987 1523 1169 1571 tamen
1227 1515 1369 1571 ullus
1417 1516 1481 1571 de
1542 1514 1863 1569 substantiis
1916 1513 2129 1568 illorum

539 1607 841 1677 quidquam
858 1607 1173 1678 contingere
1194 1607 1325 1671 vult,
1370 1607 1499 1677 quia
1513 1619 1855 1675 nequaquam
1880 1603 2132 1674 nequitiae

536 1696 872 1766 perditorum
920 1697 1256 1753 credentium
1302 1697 1497 1753 electio
1554 1711 1613 1753 se
1644 1695 1949 1752 admiscere
1997 1709 2128 1751 con-

538 1788 736 1853 sentit;
761 1787 893 1858 quin
912 1787 1093 1857 potius
1135 1786 1311 1843 modis
1356 1786 1609 1844 omnibus
1638 1788 1831 1844 eorum
1858 1784 2009 1841 falsis
2030 1785 2127 1841 do-

537 1879 810 1949 gmatibus
870 1886 1035 1949 atque
1086 1879 1290 1950 iniquis
1352 1875 1608 1949 ope—ribus
1680 1878 1917 1934 alienam
1966 1885 2128 1949 atque
2156 1865 2211 1928 Β

538 1976 857 2025 extraneam
884 1984 942 2024 se
977 1969 1174 2026 reddit.

1123 2083 1353 2141 CAPUT
1390 2048 1528 2141 xiu.

536 2174 861 2248 Decoun
884 2176 965 2231 illi
1005 2178 1119 2249 dies
1161 2178 1351 2249 quibus
1395 2196 1449 2233 se
1487 2178 1667 2235 Judmi
1712 2180 1812 2235 ulti
1852 2190 1973 2235 sunt
1999 2181 2133 2235 inter

989 2248 1247 2303 sotemnes
1269 2250 1672 2321 reputabuntur.

616 2361 634 2393 ι
669 2341 796 2397 Dies
848 2349 1028 2399 autem
1067 2344 1265 2399 tertius
1310 2345 1555 2400 decimus
1608 2346 1755 2401 Adar
1800 2358 1941 2401 unus
1993 2344 2139 2415 apud”

543 2448 565 2483 ι
597 2447 789 2489 omnes
842 2434 1239 2491 interfectionis
1285 2436 1430 2502 fuit,
1471 2448 1527 2491 et
1556 2446 1753 2507 quarto
1793 2437 2006 2493 decimo
2049 2435 2135 2491 die

545 2545 564 2578 ι
603 2526 811 2582 caedere
839 2527 1140 2585 desierunt.
1184 2528 1358 2596 Quem
1408 2530 1809 2600 constituerunt
1869 2544 1991 2585 esse
2041 2542 2130 2584 so-

546 2636 565 2670 ι
603 2619 857 2687 lennem,
890 2628 949 2676 ut
977 2621 1381 2692 ineodeinceps
1404 2632 1650 2693 tempore
1666 2621 2130 2693 vacarentepulis,

545 2727 565 2761 ι
595 2711 797 2782 gaudio
821 2721 989 2782 atque
1016 2713 1297 2768 conviviis.
1326 2710 1396 2767 At
1423 2713 1479 2768 hi
1503 2713 1673 2784 quiin
1702 2714 1837 2768 urbe
1856 2712 2010 2768 Susis
2032 2728 2136 2769 cce-

543 2822 564 2855 ι
598 2804 723 2860 dem
750 2812 1139 2872 exercuerunt,
1172 2806 1334 2861 tertio
1364 2807 1577 2863 decimo
1607 2815 1664 2862 et
1692 2815 1886 2877 quarto
1926 2807 2136 2863 decimo

544 2914 564 2948 ι
594 2895 839 2965 ejusdem
874 2900 1077 2955 mensis
1113 2900 1199 2955 die
1240 2900 1292 2954 in
1339 2901 1488 2955 caede
1526 2900 1728 2954 versati
1759 2908 1917 2966 sunt;
1946 2899 2136 2971 quinto

548 3006 567 3039 ι
604 2989 815 3045 decimo
855 2999 1037 3048 autem
1071 2990 1161 3047 die
1198 3000 1483 3064 percutere
1513 2992 1813 3059 desierunt,
1853 3002 1905 3049 et
1933 2993 2136 3049 idcirco

549 3098 568 3130 ε
601 3081 855 3138 eumdem
875 3084 1019 3140 diem
1059 3087 1460 3142 constituerunt
1509 3086 1807 3142 solemnem
1853 3086 2137 3158 epularum

548 3191 567 3223 ‹
608 3183 773 3244 atque
801 3174 1021 3232 ltetitiae.
1056 3177 1129 3233 Hi-
1162 3190 1293 3234 vero
1320 3178 1491 3234 Judaei
1523 3178 1615 3249 qui
1669 3178 1725 3232 in
1777 3177 1988 3249 oppidis
2031 3193 2137 3232 non

548 3283 566 3315 ι
604 3267 839 3322 muralis
879 3283 944 3324 ac
981 3268 1124 3325 villis
1151 3271 1507 3326 morabantur
1539 3239 2133 3341 .quartum'udecimum
2165 3239 2211 3303 Ο

547 3376 566 3410 ι
606 3360 753 3416 diem
799 3364 1004 3419 mensis
1045 3360 1195 3420 Adar
1236 3365 1609 3420 conviviorum
1633 3371 1687 3419 et
1718 3362 1900 3435 gaudii
1944 3360 2136 3419 decre-

545 3468 567 3504 ι
596 3461 816 3521 verunt,
841 3453 917 3509 ita
940 3462 999 3510 ut
1019 3456 1297 3513 exsultent
1316 3455 1373 3511 in
1393 3470 1482 3521 eo,
1507 3462 1562 3512 et
1582 3455 1800 3510 mittant
1822 3453 1922 3509 sibi
1950 3460 2138 3509 mutuo

545 3559 567 3595 α
606 3553 792 3615 partes
841 3547 1125 3617 epularum
1180 3557 1238 3604 et
1295 3548 1559 3603 ciborum.
1612 3567 1629 3599 ι
1672 3546 1813 3615 Quid
1862 3554 1947 3602 est
1995 3546 2139 3617 quod

540 3634 827 3709 Scriptura
888 3648 1077 3695 narrat
1122 3642 1389 3712 quosdam
1436 3640 1748 3697 «Iudaeorum
1789 3643 1843 3696 in
1889 3641 2139 3697 hostibus

540 3728 657 3784 suis
686 3729 849 3783 tertia
876 3730 1089 3786 decima
1130 3732 1219 3787 die
1248 3732 1453 3788 mensis
1511 3732 1657 3787 Adar
1704 3731 2141 3789 interfectionem

543 3824 892 3891 exercuisse,
920 3831 977 3880 et
1014 3834 1208 3895 quarta
1233 3826 1443 3883 decima
1484 3826 1573 3882 me
1602 3827 1817 3883 caedere
1839 3826 2122 3893 desivisse,

540 3922 709 3986 atque
746 3916 891 3973 hanc
934 3917 1233 3975 solemnem
1280 3918 1486 3975 habere
1520 3936 1532 3973 :
1575 3920 1839 3990 quosdam
1874 3930 2004 3975 vero
2044 3931 2142 3988 per

541 4009 679 4065 duos
716 4008 853 4079 dies,
878 4011 985 4069 hoc
1011 4022 1116 4079 est,
1142 4013 1659 4069 tertiam-decimam
1697 4021 1859 4084 atque
1889 4020 2137 4085 quartam

540 4102 1065 4176 deeimam'praadicti
1080 4107 1282 4163 mensis
1292 4107 1623 4163 occisionem
1634 4106 1873 4163 hostium
1890 4114 2134 4179 agentes,

540 4194 728 4265 quinta
761 4195 981 4253 decima
1000 4200 1219 4256 tandem
1244 4200 1332 4257 die
1352 4215 1383 4255 a
1415 4200 1563 4257 crede
1592 4199 1912 4256 abstinendo
1938 4199 2139 4256 solem-

540 4285 689 4342 niter
730 4288 1041 4359 quievisse:
1074 4292 1185 4349 nisi
1228 4294 1373 4364 quod
1425 4292 1592 4364 aliqui
1633 4301 1972 4360 sanetornm,
2018 4300 2141 4363 post

540 4376 793 4449 impletos
810 4380 1031 4439 labores
1055 4394 1203 4455 quos
1221 4383 1278 4438 in
1319 4385 1547 4441 servitio
1567 4383 1663 4440 Dei
1692 4382 1842 4439 recte
1866 4373 2138 4438 credendo

539 4477 594 4525 et
616 4470 758 4527 bene
787 4468 1018 4529 vivendo
1045 4476 1420 4546 eitpleverunt,
1444 4475 1606 4531 modo
1633 4482 1759 4530 ante
1782 4480 1997 4545 tempus
2018 4472 2140 4528 uni-

536 4564 769 4620 versalis
784 4565 977 4634 iudicii
1006 4568 1061 4622 in
1084 4570 1339 4625 manibus
1370 4567 1489 4623 Suis
1505 4567 1897 4623 sabbatismum
1921 4574 2137 4621 aeternae

538 4655 742 4725 quietis
789 4657 1011 4726 habent,
1037 4658 1128 4714 alii
1153 4666 1291 4717 vero
1313 4672 1485 4731 usque
1514 4660 1582 4715 ad
1615 4659 1864 4714 ultimum
1894 4670 2138 4713 resurre-

540 4738 743 4803 ctionis
763 4747 907 4804 diem
938 4752 997 4806 in
1017 4758 1187 4807 carne
1210 4750 1583 4823 perdurantes,
1613 4751 1692 4807 sic
1715 4750 1988 4821 superatis
2010 4748 2135 4804 uni-

537 4841 719 4898 versis
742 4843 1012 4912 bustibus‘,
1050 4845 1229 4902 subito
1273 4856 1371 4918 per
1413 4846 1656 4902 divinam
1685 4845 1988 4917 potentiam
2030 4844 2136 4898 im-

539 4935 755 5002 mutati,
809 4943 1081 4993 aeternam
1118 4939 1363 5009 quietem
1390 4946 1553 5011 atque
1602 4939 1819 4995 beatam
1859 4937 2138 4993 immorta-

537 5028 769 5099 litatem,
798 5040 911 5090 tam
943 5035 998 5090 in
1023 5030 1309 5092 anituabns
1343 5050 1508 5107 quam
1540 5036 1705 5092 etiam
1738 5035 1791 5089 in
1818 5031 2137 5103 corporibus

540 5123 676 5190 suis,
699 5126 1024 5198 percipiunt,
1053 5128 1219 5199 juxta
1253 5126 1389 5183 illud
1414 5126 1661 5199 Apostoli
1684 5125 1825 5196 quod
1852 5124 1919 5179 ad
1943 5122 2135 5178 Corin-

538 5214 685 5271 thios
730 5218 975 5276 scribens
1001 5220 1076 5276 ait
1108 5240 1122 5276 :
1159 5236 1180 5273 ε
1225 5221 1367 5278 Ecce
1401 5219 1723 5293 mysterium
1774 5216 1928 5273 vobis
1972 5215 2132 5271 dico:

541 5317 732 5361 omnes
756 5309 973 5377 quidem
1003 5318 1369 5386 rbsurgemus,
1399 5313 1498 5369 sed
1532 5327 1639 5368 non
1666 5324 1855 5367 omnes
1883 5309 2139 5363 irnmuta-

538 5393 739 5452 bimur.
766 5399 823 5453 in
850 5412 1147 5472 momento,
1174 5407 1228 5461 in
1249 5407 1359 5463 ictu
1382 5405 1544 5473 oculi,
1571 5406 1627 5460 in
1648 5402 1945 5459 novissima
1973 5401 2132 5455 tuba:

542 5497 701 5546 canet
722 5494 870 5549 enim
885 5496 1031 5563 tuba,
1054 5496 1321 5557 etmortui'
1335 5496 1953 5573 resurgentincorrupti,
1970 5504 2024 5551 et
2038 5508 2136 5548 nos

540 5582 952 5645 immutabimur
973 5589 1026 5662 (I
1047 5590 1172 5648 Cor.
1188 5596 1322 5667 xw).
1361 5616 1378 5647 ι
1412 5595 1565 5650 Etad
1590 5590 2130 5650 Thessalonicenses:

550 5690 570 5730 ι
598 5671 717 5732 Hoc
738 5678 904 5747 enim,
934 5680 1128 5762 inqpit,
1164 5685 1317 5741 vobis
1344 5687 1575 5743 dicimus
1603 5687 1657 5741 in
1690 5687 1858 5741 verbo
1897 5682 2131 5749 Domini,

543 5780 657 5826 non
673 5774 1068 5842 prteveniemus
1102 5792 1197 5835 eos
1226 5780 1318 5850 qui
1343 5780 1701 5845 dormierunt,
1733 5778 1988 5850 quoniam
2021 5777 2136 5847 ipse

544 5857 808 5935 Mus
833 5867 892 5931 in
933 5867 1089 5933 iussu
1108 5879 1165 5933 et
1190 5872 1245 5933 in
1296 5886 1427 5933 voce
1459 5872 1769 5940 archangeli
1810 5878 1865 5927 et
1917 5870 1972 5927 in
2006 5869 2141 5926 tuba’

2228 595 2513 658 resurgent
2540 587 2721 657 primi,
2751 585 2944 642 deinde
2984 602 3083 642 nos
3109 587 3197 656 qui
3223 586 3473 652 vivimus,
3495 589 3569 658 qui
3590 591 3707 664 reliqui

2228 697 2439 748 sumus,
2467 682 2631 736 simul
2659 681 2934 753 rapiemur
2960 696 3083 736 cum
3110 680 3215 736 illis
3248 679 3304 734 in
3335 681 3548 737 nubibus
3570 685 3709 743 obtine
3770 670 3771 747 ξ

537 772 790 829 ostendit.
822 771 983 827 Unde
1006 771 1193 827 evenit
1212 779 1273 825 ut
1307 771 1450 826 sicut
1476 769 1646 826 Judmi
1694 771 1748 825 in
1776 769 1985 825 duobus
2006 770 2123 825 die-
2228 766 2456 830 Domino
2486 774 2539 828 in
2573 788 2721 841 aere,
2770 782 2825 829 et
2851 774 2929 829 sic
2956 788 3168 844 semper
3195 788 3327 828 cum
3357 771 3562 829 Domino
3586 774 3709 834 erimus
3770 772 3771 827 ἢ

2231 864 2283 938 (1
2306 864 2489 920 Thess.
2524 864 2622 938 tv).
2661 886 2678 917 ι

2299 956 2436 1012 Nam
2466 965 2693 1028 quartus
2722 958 2963 1014 decimus
2992 973 3276 1025 numerus,
3318 957 3413 1029 qui
3454 961 3709 1030 septenarius
3770 1028 3771 1031 η

2229 1053 2315 1109 bis
2341 1054 2600 1118 continet,
2642 1054 2946 1108 animarum
2971 1054 3038 1109 ab
3069 1054 3215 1109 omni
3266 1052 3451 1108 labore
3476 1062 3526 1108 et
3549 1055 3711 1111 sollicita

2233 1148 2357 1202 dine
2384 1146 2652 1219 signiﬁcat
2677 1148 2936 1218 quietem.
2971 1146 3198 1216 Quintus
3227 1148 3472 1202 decimus
3498 1152 3713 1215 autem,uhi

2232 1241 2570 1309 septenarius
2597 1247 2652 1295 et
2678 1240 2992 1296 octonarius
3018 1238 3177 1294 simul
3207 1239 3568 1304 continentur,
3584 1250 3712 1293 utrun-
3770 1222 3771 1297 ξ

2233 1342 2337 1401 que
2374 1330 2685 1401 prmﬁgurat
2722 1338 2777 1386 et
2818 1330 3120 1385 animarum
3154 1337 3209 1385 et
3254 1345 3535 1399 corporum
3570 1326 3713 1386 futuras
3770 1384 3771 1395 χ

2234 1425 2501 1495 requiem,
2524 1432 2579 1481 et
2610 1425 3103 1492 immortalitatem;
3153 1418 3351 1496 sicque
3388 1425 3630 1480 multitudo
3660 1426 3714 1481 de
3770 1418 3771 1467 ἶ

2234 1523 2443 1573 ctorum
2466 1525 2587 1587 post
2607 1517 2901 1587 completos
2917 1518 3199 1587 przcsentis
3226 1517 3357 1572 vitae
3379 1516 3588 1581 labores,
3603 1525 3716 1586 clpa

2233 1617 2543 1681 perceptam
2567 1609 2631 1664 de
2677 1608 2946 1664 universis
2981 1608 3230 1665 hostibus
3285 1608 3714 1671 victoriam,atcm
3770 1608 3771 1681 1

2235 1702 2599 1758 exsultatione
2641 1710 2692 1756 et
2740 1710 2928 1757 mutua
2976 1701 3269 1757 dilectione
3319 1700 3376 1755 in
3413 1696 3593 1756 caelesti
3624 1716 3718 1767 regis
3770 1684 3771 1697 “

2235 1799 2562 1870 gaudebunt.
2588 1795 2698 1851 Nec
2751 1795 2891 1852 ullus
2926 1794 3085 1866 hujus
3111 1794 3299 1867 gaudii
3349 1794 3451 1848 erit
3501 1792 3615 1859 linis,
3648 1803 3713 1862 qua
3770 1784 3771 1847 Τ

2233 1904 2333 1946 nec
2362 1890 2504 1945 ultro
2535 1889 2715 1959 aliqua
2741 1887 2984 1944 succedit
3024 1886 3247 1944 tristitia
3285 1884 3488 1963 laboris
3510 1902 3522 1950 ;
3541 1885 3645 1953 quod
3673 1900 3716 1937 se

2232 1982 2389 2038 lertia
2420 1990 2736 2036 sanctorum
2776 1979 3192 2052 prmdicatorum
3238 1975 3561 2032 auditoribus
3588 1974 3662 2029 suis
3678 1976 3712 2027 in
3770 1996 3771 2005 ι

2233 2072 2566 2127 credendum
2609 2080 2771 2141 atque
2806 2069 3149 2126 sentiendum
3180 2069 3368 2124 veraci
3406 2064 3612 2122 doctrina
3633 2080 3714 2118 ms-

2233 2164 2471 2219 mendat.
2505 2162 2659 2220 Unde
2686 2171 2740 2218 et
2760 2162 3013 2218 subditur
3040 2177 3054 2216 :

2312 2274 2330 2306 ι
2373 2253 2809 2325 Scripsititaqne
2852 2253 3227 2309 Mardochmus
3274 2252 3459 2308 omnia
3483 2242 3591 2313 hic,
3624 2248 3714 2301 stlit-

2243 2365 2261 2399 (
2296 2347 2429 2402 teris
2465 2347 2858 2418 comprehensa
2906 2344 3057 2400 misit
3083 2345 3152 2399 ad
3202 2342 3424 2399 Iudaeos
3458 2339 3537 2412 qui
3560 2339 3601 2394 in
3619 2337 3714 2392 omni

2243 2457 2263 2491 ι
2300 2440 2401 2495 bus
2460 2438 2606 2507 regis
2646 2438 2943 2510 provinciis
2990 2438 3370 2501 morabantur,
3431 2434 3596 2489 tamin
3614 2430 3713 2483 γίρὶιι)

2243 2551 2262 2582 ‹
2290 2531 2480 2603 positis
2506 2546 2668 2601 quam
2696 2531 2905 2602 procul,
2936 2540 2994 2586 ut
3019 2540 3276 2602 quartam
3309 2529 3554 2585 decimam
3574 2522 3712 2613 etquis
3770 2564 3771 2613 ἒ

2243 2644 2262 2677 ι
2308 2633 2415 2680 tam
2440 2623 2707 2680 decimam
2753 2623 2894 2679 diem
2921 2622 3123 2679 mensis
3170 2621 3325 2678 Adar
3369 2634 3464 2690 pro
3487 2611 3713 2672 festinato-

2245 2735 2265 2769 ι
2300 2726 2511 2789 perent,
2535 2725 2591 2771 et
2621 2724 2928 2771 revertente
2965 2729 3182 2785 semper
3212 2726 3363 2767 anno
3385 2705 3714 2765 solemnibom
3770 2770 3771 2779 ξ

2245 2830 2263 2864 ‹
2300 2811 2661 2867 celebrarent.
2693 2810 2828 2878 Quia
2858 2811 2911 2865 in
2960 2810 3091 2881 ipsis
3117 2808 3316 2864 diebus
3340 2822 3397 2861 se
3432 2803 3518 2859 ulti
3555 2806 3643 2856 sunt
3665 2792 3701 2848 lt
3770 2800 3771 2823 ³

2246 2920 2264 2951 ‹
2299 2902 2399 2956 diei
2436 2903 2502 2956 de
2534 2902 2769 2957 inimicis
2816 2901 2950 2967 suis,
2988 2910 3044 2955 et
3096 2900 3279 2955 luctus
3326 2906 3482 2969 atque
3517 2885 3711 2946 tn'sliliain

2246 3011 2264 3044 ι
2301 2992 2633 3049 hilaritatem
2659 2993 3022 3065 gaudiumque
3065 3004 3335 3045 conversa
3371 2994 3508 3049 sunt,
3535 2986 3710 3041 εεθεῐιυῐυε

2248 3107 2267 3139 ι
2306 3089 2393 3143 isti
2424 3089 2538 3144 dies
2569 3064 2849 3159 epularum
2887 3096 3049 3156 atque
3078 3084 3309 3149 ltetitite,
3338 3089 3393 3137 et
3427 3064 3711 3159 mittet-entia

2250 3201 2268 3232 ι
2307 3182 2538 3236 invicem
2560 3180 2803 3237 ciborum
2830 3185 3038 3250 partes,
3064 3185 3119 3232 et
3155 3173 3481 3246 pauperibus
3505 3156 3709 3222 munuscub

2249 3294 2267 3326 ε
2303 3275 2647 3347 largircntur.
2689 3273 3164 3343 Susceperuntque
3211 3266 3387 3325 Judaei
3437 3263 3486 3318 in
3525 3257 3712 3316 solumen

2248 3388 2266 3420 ‹
2305 3368 2492 3433 ritum,
2516 3374 2817 3437 cunctaque
2839 3381 2959 3435 quae
2980 3380 3045 3424 eo
3074 3372 3322 3432 tempore
3341 3359 3507 3415 facere
3520 3352 3708 3421 εαφεηυίι

2248 3478 2266 3511 ι
2304 3467 2358 3514 et
2378 3470 2497 3530 qure
2519 3457 2891 3514 Mardochasus
2918 3455 3114 3511 litteris
3141 3452 3395 3511 facienda
3421 3442 3707 3535 mandaverit"

2243 3551 2471 3625 Semper
2507 3552 2652 3607 enim
2698 3550 2899 3621 quique
2935 3548 3124 3604 ﬁdeles
3181 3546 3275 3618 pio
3327 3542 3497 3598 labore
3544 3549 3590 3590 ac
3624 3531 3707 3584 bonis

2241 3647 2514 3717 operibus,
2574 3653 2733 3716 atque
2780 3644 3252 3714 elecmosynarum
3283 3630 3629 3717 largitionibus.
3658 3634 3707 3690 PN

2241 3715 2345 3795 hoc
2385 3715 2665 3793 decertant
2710 3744 2768 3791 ut
2808 3735 3107 3791 secundum
3143 3732 3197 3787 id
3234 3728 3380 3802 quod
3435 3715 3707 3785 evangelia“

2242 3827 2535 3899 apostolica
2549 3826 2793 3881 doctrina
2815 3825 2991 3889 docet,
3012 3821 3139 3887 ﬁde,
3154 3836 3251 3892 spe
3268 3828 3323 3875 et
3345 3813 3575 3872 charitate
3585 3806 3706 3872 inm-

2242 3934 2361 3977 sum
2386 3922 2511 3976 vitm
2537 3930 2755 3976 aeternae
2785 3912 3009 3991 adipisci
3040 3925 3358 3973 mereantur
3378 3920 3430 3968 et
3453 3916 3545 3961 tam
3565 3904 3705 3991 seti“?

2242 4012 2427 4087 etiam]
2447 4013 2547 4069 sibi
2578 4014 2942 4084 obsequentes
2969 4012 3024 4068 in
3054 4025 3299 4066 aerumna
3330 3996 3577 4078 praesentis

2241 4106 2571 4164 consolando
2635 4104 2964 4171 confortent,
3031 4103 3106 4158 ita
3163 4110 3224 4157 ut
3281 4114 3375 4171 spe
3424 4089 3705 4184 gaudente?

2243 4198 2682 4254 tribulationibus
2736 4198 2848 4253 sint
2895 4197 3207 4268 patientes,
3260 4194 3379 4249 sine
3421 4179 3704 4243 intermina!”t

2242 4302 2420 4359 orent,
2464 4293 2517 4347 in
2548 4291 2799 4348 omnibus
2840 4291 3044 4361 gratias
3086 4296 3265 4359 agant,
3300 4294 3356 4342 et
3400 4288 3586 4354 agonem
3619 4276 3704 4322 Si!“

2240 4384 2344 4455 piis
2388 4384 2640 4455 precibus
2686 4380 2830 4437 ﬁdeli
2882 4378 3111 4437 Domino
3143 4368 3704 4436 commendent,qnam

2240 4486 2338 4553 per
2358 4480 2477 4550 ejus
2497 4495 2653 4550 opem
2683 4487 2883 4532 :cterna
2927 4482 3347 4531 remunerentur
3372 4457 3685 4553 beatitudine“

2320 4590 2338 4621 ί
2376 4542 2549 4623 Aman
2578 4568 2726 4622 enim
2756 4564 2897 4620 illius
2926 4563 3216 4619 Amadathi
3241 4559 3423 4632 stirpis
3454 4554 3587 4623 Agag,

2249 4679 2268 4712 ι
2311 4668 2367 4716 et
2422 4658 2768 4714 adversarius
2817 4654 3152 4719 Judmorum,
3197 4648 3447 4723 cogitavit
3490 4644 3627 4697 conm

2249 4772 2268 4805 ι
2300 4753 2501 4808 malum
2542 4760 2601 4805 ut
2637 4749 2911 4805 occideret
2955 4746 3092 4811 illos,
3145 4755 3309 4818 atque
3343 4741 3537 4799 deleret,
3564 4722 3699 4818 et

2249 4863 2268 4896 ι
2304 4844 2468 4915 phur,
2516 4842 2659 4913 quod
2692 4847 2876 4896 nostra
2922 4838 3106 4909 lingua
3154 4802 3385 4893 vertitur
3420 4832 3469 4888 in
3507 4802 3697 4915 50W"?l

2249 4961 2267 4990 ι
2304 4908 2501 5010 postea
2530 4908 2774 5008 ingressa
2800 4941 2887 4989 est
2907 4908 3106 4987 Esther
3131 4933 3199 4987 ad
3223 4944 3423 5004 regem,
3446 4908 3696 5010 (immisit

2250 5048 2269 5081 ‹
2299 4994 2527 5085 conatus
2554 4994 2671 5099 ejus
2703 5025 2900 5081 litteris
2931 5024 3075 5095 regis
3099 5022 3241 5079 irriti
3286 4994 3478 5080 ﬁerent,
3508 5016 3551 5064 et
3581 4994 3696 5099 maliti

2253 5141 2272 5176 ι
2304 5122 2449 5194 quod
2497 5094 2684 5176 eontra
2733 5117 2949 5175 Iudaeos
2995 5117 3335 5190 cogitaverat
3373 5094 3692 5194 t'ttt’ttl“""‘~"“:1n
3770 5094 3771 5143 1

2254 5236 2272 5268 ε
2310 5177 2473 5287 caput
2498 5213 2637 5285 ejus.
2690 5212 2932 5284 Denique
2961 5218 3017 5266 et
3059 5177 3237 5281 ipsum
3274 5216 3329 5265 et
3352 5177 3694 5287 ﬁlios

2252 5328 2272 5362 ‹
2304 5268 2432 5364 runt
2454 5268 2624 5364 cruci.
2647 5304 2823 5376 Atque
2844 5268 3039 5359 exiisto
3054 5268 3299 5371 tempore
3319 5298 3424 5353 dies
3444 5287 3517 5346 isti

2252 5422 2271 5455 ί
2301 5398 2685 5471 suntphurim,
2709 5396 2763 5453 id
2789 5404 2892 5464 est,
2917 5395 3147 5452 sortium
3165 5435 3183 5460 ,
3215 5408 3280 5448 eo
3299 5385 3432 5463 quod
3448 5381 3575 5454 phnl‘.

2253 5513 2271 5546 ι
2306 5509 2448 5560 sors,
2481 5493 2534 5546 in
2562 5506 2757 5547 urnam
2783 5490 2949 5545 missa
2978 5487 3164 5541 fuerit.
3207 5506 3229 5539 ι
3255 5483 3402 5555 Smpe
3420 5473 3534 5534 enim
3552 5459 3686 5560 ³⁸³³³2

2256 5540 2271 5546 -
2307 5540 2448 5560 ..-,,,,
2567 5540 2757 5547 ηψπ
2786 5540 2949 5545 --ηπη
2980 5540 2993 5541 ,
3016 5540 3025 5541 ,
3278 5540 3281 5541 ν
3341 5540 3361 5555 ,
3678 5540 3685 5545 ,

2241 5587 2554 5645 hominibus
2602 5585 2759 5641 aliter
2785 5599 2941 5639 suum
2978 5580 3260 5653 perveniet
3302 5585 3465 5635 votum

2240 5681 2459 5737 evenire
2473 5686 2772 5751 sperarent,
2796 5686 2849 5731 et
2873 5640 3145 5746 laqueum,
3161 5687 3321 5743 quem
3349 5668 3409 5725 ad
3432 5640 3680 5751 ἀθείρίεξνῖῗῗ

2240 5774 2362 5831 aliis
2389 5740 2701 5846 disponunt,
2728 5740 2828 5844 ipsi
2856 5772 2910 5825 in
2940 5740 3004 5825 eo
3032 5740 3353 5841 obligentur,
3380 5740 3681 5846 sicut

2244 5836 2490 5927 ostendit
2526 5836 2710 5924 dicens
2741 5836 2764 5920 τ’
2792 5884 2809 5917 ι
2843 5860 2900 5920 In
2928 5836 3280 5920 insidiisvsmis
3323 5853 3546 5930 capientur
3567 5836 3675 5894 ίωίῐω·

3602 5360 3771 5431 nsi
