3882 6484
133 430 255 491 669

1216 428 1579 487 EXPOSITIO
1617 429 1683 483 IN
1723 427 1984 487 LIBRUM
2023 429 2329 486 ESTHER.

3324 440 3430 497 670

132 549 216 604 Et
244 547 339 619 qui
378 545 514 602 fodit
558 544 791 610 foveam,
847 544 1036 600 incidit
1088 544 1143 598 in
1200 560 1318 599 eam
1373 545 1554 617 (Prov.
1581 544 1678 615 χι).
1717 564 1735 596 ι
1769 547 1818 607 Α
1847 544 1900 598 in
1928 545 2300 601 hareticorum
2330 547 2642 605 decidamus
2667 564 2941 618 errorem;
2965 550 3057 607 ubi
3084 567 3427 625 nequaquam

134 639 308 697 Unde
355 648 412 695 et
462 638 663 702 Aman,
721 635 812 707 qni
863 637 1048 692 hostes
1088 636 1398 710 praﬁgurat
1440 636 1735 706 Ecclesiae,

132 748 340 789 necem
372 746 536 802 quam
578 740 867 802 paraverat
914 728 1253 787 Mardochao
1310 732 1425 802 ipse
1467 733 1740 788 sustinere

134 826 463 899 cogebatur.
496 823 627 880 Sors
656 824 801 879 enim
832 824 887 878 in
909 838 1103 881 mnam
1125 826 1292 880 missa
1327 826 1745 896 dispositionem

136 917 436 987 cujuslibet
482 917 563 973 rei
612 916 666 971 in
714 925 897 973 mente
950 917 1186 973 hominis
1236 918 1550 989 signiﬁcat:
1588 918 1741 987 cujus

136 1016 333 1064 tamen
342 1008 901 1078 proventnsjndiv'mo
914 1006 1113 1079 pendet
1120 1009 1343 1079 judicio.
1364 1009 1521 1066 Unde
1530 1025 1624 1079 per
1640 1008 1740 1065 Sa-

134 1103 422 1158 lomonem
444 1103 674 1158 dicitur:
695 1121 721 1154 r
733 1101 919 1159 Sortes
938 1104 1228 1160 mittuntur
1249 1105 1304 1159 in
1321 1106 1463 1171 sinu,
1481 1106 1573 1161 sed
1588 1120 1618 1159 a
1634 1104 1739 1163 Do-

138 1199 300 1256 mino
328 1206 717 1269 temperantur.
770 1197 887 1252 Non
909 1206 996 1252 est
1026 1198 1172 1253 enim
1209 1199 1265 1252 in
1297 1199 1535 1254 hominis
1572 1208 1731 1269 pote-

134 1300 293 1349 state
314 1291 401 1348 via
412 1292 550 1364 ejus,
565 1292 660 1347 sed
673 1306 845 1362 neque
858 1290 1109 1356 volentis,
1129 1304 1304 1361 neque
1317 1291 1586 1346 currentis
1605 1332 1618 1354 ,
1644 1290 1737 1345 sed

134 1383 457 1440 miserentis
467 1383 947 1439 estDei.Universa
959 1382 1102 1436 enim
1116 1382 1169 1435 in
1183 1390 1318 1436 nutu
1331 1379 1446 1449 ejus
1455 1382 1732 1447 obediunt,

134 1484 201 1531 et
219 1491 403 1531 omnia
438 1490 774 1546 quacunque
802 1474 918 1529 vult
935 1474 1065 1530 facit
1100 1476 1153 1529 in
1166 1475 1369 1531 caloet
1397 1474 1449 1528 in
1484 1481 1650 1539 terra,
1679 1475 1733 1529 in

135 1569 288 1624 mari
322 1577 377 1626 et
404 1568 459 1624 in
492 1569 746 1625 omnibus
777 1568 985 1639 abyssis
1017 1566 1197 1639 (Prov.
1230 1568 1362 1639 xvr).
1400 1587 1417 1618 ι
1453 1566 1734 1634 Quomodo

132 1676 276 1734 ergo
317 1661 448 1733 ipsa
492 1662 608 1717 dies
631 1661 860 1718 sortium
906 1660 1047 1731 apud
1088 1669 1336 1730 poSteros
1388 1660 1449 1713 in
1474 1660 1733 1714 memoria

130 1756 335 1813 haberi
357 1756 610 1822 debeant,
643 1755 881 1811 ostendit
909 1753 1191 1823 Scriptura
1214 1753 1401 1808 dicens
1432 1770 1444 1805 :

217 1866 239 1900 ι
278 1846 579 1918 Suscepere
629 1845 799 1902 Judaei
846 1862 1009 1917 super
1038 1863 1097 1901 se
1133 1854 1190 1899 et
1228 1860 1413 1901 semen
1468 1859 1644 1909 suum,
1676 1853 1732 1900 et

1846 640 1994 695 salus
2042 653 2188 705 vera,
2232 642 2325 696 sed
2374 651 2522 697 certa
2559 652 2652 699 .est
2703 645 2979 700 damnatio
3032 654 3195 716 atque
3245 648 3424 704 ruina.

1846 728 1998 786 Unde
2028 729 2145 785 sine
2179 722 2342 787 dubio
2370 728 2669 802 quibusque
2695 752 2829 806 opus
2866 745 2969 800 est,
3016 737 3108 807 qui
3151 754 3209 793 se
3255 754 3425 812 agno-

1844 832 2005 879 scunt
2025 823 2229 880 semine
2256 825 2411 880 verbi
2430 825 2525 880 Dei
2546 826 2621 880 ab
2635 826 2874 883 Ecclesia
2906 837 2963 884 et
2990 829 3275 887 doctorum
3297 848 3425 889 sau-

1842 925 2052 972 ctornm
2109 917 2412 973 ministerio
2468 918 2580 973 Deo
2632 918 2778 974 Patri
2817 919 2957 976 ﬁlios
3006 921 3059 976 in
3098 922 3426 994 baptismate

1841 1019 2209 1079 regeneratus,
2251 1018 2312 1065 ut
2357 1010 2444 1081 pie
2480 1010 2746 1082 jejunem,
2776 1014 2880 1068 hoc
2901 1024 3009 1081 est,
3048 1017 3203 1086 piam
3235 1018 3420 1086 vitam,

1839 1110 2046 1155 castam
2082 1109 2138 1156 et
2163 1103 2530 1158 continentem
2570 1103 2789 1171 ducant,
2819 1104 3091 1162 eiarneres
3118 1109 3425 1165 eraﬁonum

1839 1205 2058 1245 suarum
2115 1198 2281 1262 atque
2329 1193 2702 1248 doctrinarum
2752 1195 3030 1262 excitent,
3095 1206 3151 1254 et
3196 1200 3423 1255 sortium

1838 1280 1972 1347 dies,
2001 1278 2101 1337 hoc
2130 1291 2214 1338 est
2257 1284 2501 1338 victoria
2533 1283 2774 1356 futura,,
2806 1295 3118 1342 reverenter
3159 1287 3425 1359 ﬁrmaque

1837 1387 1932 1443 spe
1971 1374 2265 1442 celebrent,
2317 1386 2373 1432 et
2400 1378 2580 1433 omnia
2616 1394 2738 1449 qua
2787 1378 2925 1435 liber
2954 1379 3186 1436 duorum
3238 1381 3427 1437 Testa-

1836 1476 2140 1524 mentorum
2197 1471 2441 1527 continet
2488 1487 2620 1527 sana
2657 1472 2762 1528 ﬁde
2810 1482 2864 1529 et
2916 1474 3055 1530 bona
3105 1475 3427 1546 operatione

1834 1558 2144 1616 observent.

2426 1640 2657 1711 CAPUT
2696 1656 2813 1710 xw

1835 1741 2269 1819 Quod_.fis_suerus
2301 1762 2393 1819 rex
2423 1757 2663 1819 cunctas
2688 1748 2889 1819 insulas
2931 1750 3051 1819 fecit
3078 1760 3389 1808 trwutarms

1945 1815 2031 1868 ubi
2065 1815 2288 1870 historia
2311 1816 2503 1871 Est/ter
2524 1818 2665 1889 apud
2692 1815 2942 1875 Hebrwos
2965 1821 3122 1888 ﬁnem
3142 1822 3311 1876 habet.

139 1957 163 1991 ε
202 1953 369 2010 super
400 1914 628 1995 cunctos
653 1938 747 2008 qui
776 1938 1022 2010 religioni
1042 1953 1229 1995 eorum
1259 1938 1547 1992 voluerunt
1567 1953 1730 2007 copu-
1756 1914 1806 1983 Β
1878 1934 1882 1939 ’
1909 1946 1927 1977 ‹
1962 1927 2077 1982 Rex
2106 1944 2234 1984 vero
2276 1930 2545 1985 Assuerus
2592 1946 2810 1986 omnem
2865 1941 3066 1987 terram
3100 1920 3175 1988 et.
3201 1942 3426 1989 cunctas

136 2048 161 2084 ι
194 2029 322 2099 lari,
350 2038 411 2085 ut
438 2030 571 2086 nulli
608 2030 768 2085 liceat
792 2029 926 2085 duos
953 2030 1052 2085 hos
1089 2029 1203 2085 dies
1245 2030 1450 2099 absque
1476 2028 1733 2085 solemni-

135 2147 157 2180 ι
190 2136 306 2184 tate
333 2126 634 2198 transigere
665 2142 679 2179 :
713 2125 856 2196 quod
880 2123 1162 2195 Scriptura
1209 2132 1461 2189 testatur,
1495 2131 1550 2177 et
1579 2133 1730 2179 certa

1847 2038 1863 2069 ι
1899 2018 2074 2073 maris
2104 2018 2309 2075 insulas
2339 2018 2467 2081 fecit
2506 2020 2857 2076 tributarias:
2888 2020 3037 2115 αξξυς
3085 2016 3341 2078 fortitudo
3374 2028 3430 2079 ct

1842 2127 1860 2160 α
1895 2111 2205 2180 imperium,
2250 2116 2304 2167 et
2344 2112 2579 2183 dignitas
2607 2123 2772 2185 atque
2798 2111 3120 2180 subliinitas,
3144 2131 3250 2186 qua
3279 2115 3425 2172 exal-

134 2239 157 2273 ι
191 2226 457 2293 expetunt
479 2187 918 2290 ιξωροηξεωηίε
943 2187 1045 2272 εειζί
1061 2216 1267 2289 iugiter
1292 2187 1727 2275 succedentibus.
1779 2187 1861 2253 α
1898 2201 2033 2256 tavit
2060 2202 2478 2270 Mardochaum,
2508 2205 2707 2275 scripta
2738 2206 2938 2261 suntin
2968 2206 3117 2262 libris
3148 2204 3424 2264 Medorum

133 2330 156 2364 ι
194 2312 292 2368 lsti
327 2320 453 2370 sunt
480 2312 619 2379 dies,
659 2328 795 2384 quos
829 2312 975 2368 nulla
1001 2328 1243 2384 unquam
1279 2313 1480 2369 delebit
1505 2312 1729 2379 oblivio,

134 2427 157 2460 ι
191 2414 251 2463 et
275 2421 376 2479 per
417 2407 659 2479 singulas
683 2409 1063 2480 generationes
1103 2417 1315 2463 cuncta
1359 2408 1416 2463 in
1462 2415 1575 2463 toto
1598 2408 1732 2463 orbe

133 2519 156 2551 ι
199 2497 496 2570 provincia:
547 2500 917 2556 celebrabunt.
968 2500 1081 2557 Nec
1129 2509 1213 2556 est
1270 2499 1378 2555 ulla
1433 2499 1626 2555 civitas
1670 2498 1728 2553 iu

134 2610 158 2643 α
192 2607 303 2663 qua
330 2590 452 2649 dies
473 2593 713 2663 phurim,
752 2593 805 2647 id
832 2601 916 2650 est
944 2592 1194 2657 sortium,
1232 2607 1341 2647 non
1370 2592 1731 2649 observentur

136 2700 158 2733 ι
192 2696 226 2737 a
253 2680 478 2747 Judais,
506 2691 561 2739 et
587 2684 655 2739 ab
681 2698 870 2739 eorum
900 2684 1179 2755 progenie,
1210 2698 1332 2756 qua
1356 2682 1443 2738 his
1473 2696 1732 2738 caremo-

136 2791 158 2825 ¢
198 2772 306 2829 niis
349 2774 584 2847 obligata
608 2782 708 2830 est.
744 2796 763 2826 ι
801 2774 925 2831 Dies
960 2790 1090 2847 ergo
1125 2775 1377 2842 sortium,
1430 2774 1485 2829 in
1534 2774 1731 2845 quibus

132 2864 284 2925 Deus
310 2867 455 2924 veris
498 2868 905 2925 confcssoribus
958 2869 1071 2925 suis
1103 2870 1197 2925 dat
1223 2869 1511 2924 victoriam
1541 2869 1608 2925 de
1635 2870 1730 2925 ho-

131 2958 339 3028 stibus,
365 2959 514 3015 nulla
554 2976 793 3031 unquam
840 2960 1111 3017 oblivione
1159 2968 1289 3017 sunt
1333 2960 1595 3026 delenda,
1636 2960 1734 3017 sed

129 3066 235 3120 per
257 3050 498 3123 singulas
521 3052 903 3122 generationes
952 3053 1008 3106 in
1062 3060 1174 3108 toto
1199 3050 1332 3108 orbe
1367 3050 1729 3116 celebranda,

128 3142 263 3211 quia
290 3140 484 3199 futura
506 3143 810 3199 animarum
837 3144 1034 3214 quietis
1066 3151 1122 3198 et
1156 3142 1576 3199 resurrectionis
1603 3156 1727 3197 cora

127 3250 331 3305 porum
352 3237 408 3292 in
435 3238 523 3293 die
557 3236 750 3306 judicii
776 3252 870 3307 spe
893 3236 1049 3292 ﬁrma
1080 3251 1294 3307 semper
1318 3237 1458 3307 apud
1482 3249 1728 3306 quosque

1840 2312 1859 2344 ι
1890 2301 2053 2363 atque
2085 2293 2402 2363 Persarum,
2435 2299 2789 2368 et'quomodo
2817 2298 3187 2358 Mardochaus
3214 2299 3424 2358 Judaici

1840 2405 1857 2437 ι
1894 2385 2107 2456 generis
2135 2388 2402 2443 Secundus
2426 2405 2455 2442 a
2483 2404 2610 2460 rege
2630 2389 2867 2445 Assuero
2898 2390 3083 2458 fuerit,
3105 2401 3159 2446 et
3199 2404 3428 2462 magnus

1839 2498 1857 2528 ι
1895 2477 2034 2547 apud
2057 2476 2292 2545 Judaos,
2314 2480 2735 2550 etacceptab'rlis
2756 2482 2897 2552 plebi
2922 2481 3151 2537 fratrum
3177 2498 3421 2549 suormn,

1838 2587 1857 2620 ‹
1890 2582 2141 2638 quarens
2181 2569 2321 2625 bona
2351 2571 2549 2642 populo
2590 2587 2708 2639 suo,
2744 2581 2799 2628 et
2838 2572 3066 2644 loquens
3107 2588 3170 2645 ea
3210 2588 3330 2645 qua
3358 2572 3427 2629 ad

1839 2683 1859 2717 ε
1892 2679 2080 2736 pacem
2123 2665 2205 2720 sui
2251 2665 2477 2721 seminis
2527 2667 2883 2738 pertinerent.
2918 2687 2935 2719 ι
2981 2642 3127 2737 ρυίᾶ
3161 2677 3247 2725 est
3284 2667 3427 2738 quod

1832 2754 1966 2810 dicit
2015 2754 2314 2811 Assuerum
2354 2770 2538 2827 regem
2591 2771 2807 2813 omnem
2859 2766 3059 2813 terram
3100 2769 3157 2813 et
3202 2767 3427 2815 cunctas

1832 2846 2001 2901 maris
2057 2847 2261 2901 insulas
2324 2845 2504 2904 facere
2571 2848 2923 2905 tributarias?
2986 2865 3109 2905 cum
3161 2865 3268 2904 non
3337 2848 3427 2904 ille

1833 2934 2129 2993 historicus
2178 2951 2272 2992 rex
2328 2936 2617 2992 Persarum
2664 2947 2827 3009 atque
2870 2938 3151 2995 Medorum
3200 2955 3418 2995 omnem

1835 3034 2034 3083 terram
2070 3042 2307 3099 unquam
2340 3030 2441 3085 sub
2470 3030 2674 3087 ditione
2720 3048 2817 3087 sua
2844 3032 3113 3097 habuerit,
3162 3046 3264 3087 nec
3293 3048 3409 3087 cuna

1833 3129 1950 3177 ctas
1979 3121 2147 3177 maris
2188 3121 2392 3178 insulas
2423 3121 2600 3179 facere
2632 3124 2947 3180 tributarias
2974 3134 3173 3196 posset,
3211 3125 3427 3195 quando

1835 3212 1902 3267 ad
1935 3213 2279 3283 supradictas
2310 3214 2521 3270 insulas
2550 3222 2604 3269 et
2644 3224 2830 3286 partes
2861 3214 3009 3271 orbis
3045 3231 3145 3272 nec
3189 3215 3425 3270 nominis

352 3288 578 3384 Regii;
1754 3288 1800 3356 C
1832 3302 1949 3373 ejus
1981 3305 2173 3359 notitia
2209 3314 2419 3361 tantum
2436 3306 2727 3394 pervenire
2748 3309 2987 3378 potuerit
3012 3326 3026 3374 ;
3061 3310 3154 3364 sed
3176 3308 3424 3363 veracius

128 3415 342 3474 Christi
382 3418 440 3473 in
483 3425 596 3476 toto
645 3418 778 3475 orbe
834 3416 997 3487 hujus
1043 3418 1321 3489 religionis
1374 3431 1569 3487 expers
1602 3430 1726 3471 esse

128 3498 319 3577 debet,
373 3511 468 3567 sed
505 3527 725 3584 semper
755 3513 919 3584 hujus
958 3512 1097 3568 ritus
1125 3511 1470 3568 saluberrimi
1516 3524 1725 3566 memor

127 3607 291 3660 omni.
328 3614 575 3677 tempore
592 3620 807 3677 semper
834 3621 893 3663 se
924 3621 1139 3678 parare,
1169 3614 1225 3660 et
1253 3605 1321 3660 ad
1370 3604 1551 3659 futu’ra
1582 3603 1723 3658 bona

126 3695 480 3768 percipienda
521 3695 887 3764 conformare,
932 3706 1199 3769 quatenus
1232 3695 1322 3751 hic
1346 3696 1491 3766 quod
1518 3701 1724 3764 tempo-

127 3786 317 3845 raliter
364 3790 629 3855 celebrat,
678 3792 736 3847 in
774 3790 879 3849 ﬁde
934 3799 992 3846 et
1039 3806 1134 3861 spe
1189 3790 1299 3845 illic
1336 3787 1723 3860 perpetualiter

126 3878 408 3949 possideat
444 3880 499 3937 in
534 3882 705 3954 ipsius
736 3883 814 3937 rei
865 3882 1096 3937 veritate
1132 3890 1188 3936 et
1240 3889 1441 3936 aterna
1488 3880 1722 3935 beatitu-

129 3968 275 4025 dine.
306 3968 571 4042 Quodque
601 3972 839 4041 interim,
885 3974 1013 4029 dum
1053 3974 1111 4029 in
1154 3974 1258 4029 hac
1281 3973 1722 4045 peregrinatione

127 4075 340 4129 sumus,
396 4063 617 4120 solertia
647 4066 928 4121 doctorum
974 4073 1031 4120 et
1059 4065 1321 4121 Ecclesia
1365 4064 1620 4120 instantia
1652 4064 1721 4119 ad

126 4151 437 4223 exemplum
482 4154 683 4212 Esther
730 4165 787 4213 et
828 4156 1151 4212 Mardochai
1197 4157 1479 4212 nobiscum
1520 4156 1578 4211 in
1626 4157 1722 4212 do-

125 4242 305 4299 ctrina
323 4252 380 4299 et
406 4245 785 4304 exhortatione
804 4262 967 4318 agere
988 4247 1168 4313 debet,
1184 4254 1244 4302 ut
1260 4247 1420 4317 hujus
1445 4246 1720 4318 religionis

125 4336 467 4396 celebranda
494 4348 659 4412 atque
688 4340 931 4398 colenda
976 4356 1191 4413 semper
1222 4341 1393 4399 simus
1426 4342 1624 4407 devoti,
1651 4340 1720 4397 de

126 4444 236 4499 quo
264 4429 517 4487 subditur
544 4450 558 4488 :

205 4540 225 4572 ι
254 4518 723 4596 Scripseruntque
766 4525 964 4582 Esther
1013 4528 1202 4598 regina
1253 4526 1364 4582 ﬁlia
1416 4526 1633 4582 Abihail
1664 4535 1721 4583 et

1828 3410 2012 3467 regem
2040 3404 2287 3452 nostrum
2322 3412 2385 3453 ac
2419 3390 2702 3454 Dominum
2725 3398 3001 3455 Christum
3026 3400 3129 3455 hac
3155 3399 3421 3455 sententia

1827 3489 2103 3559 exprimit,
2148 3489 2301 3559 cujus
2324 3498 2567 3561 potestas
2598 3492 2651 3546 in
2689 3494 2827 3550 coelo
2853 3503 2959 3561 est,
2996 3501 3047 3548 et
3083 3493 3138 3548 in
3168 3502 3334 3556 terra,
3364 3500 3422 3548 et

1826 3586 1965 3641 mari
1997 3595 2051 3640 et
2079 3586 2332 3643 omnibus
2370 3587 2582 3660 abyssis
2613 3608 2623 3642 :
2654 3591 2745 3660 qui
2779 3590 3130 3662 semetipsum
3163 3588 3215 3644 in
3246 3588 3421 3644 Evan-

1825 3676 1967 3749 gelio
1988 3678 2188 3732 ostium
2230 3679 2551 3745 nominavit,
2583 3680 2708 3751 quia
2752 3696 2849 3751 per
2876 3697 2999 3736 eum
3038 3682 3163 3737 vitae
3204 3690 3423 3739 aeterna

1825 3766 2089 3822 habemus
2138 3768 2444 3837 introitum,
2487 3785 2645 3839 quem
2674 3770 2827 3841 juxta
2865 3766 3168 3828 Psalmista
3198 3780 3396 3828 attesta

1824 3859 2024 3915 tionem
2054 3880 2065 3916 :
2102 3880 2119 3912 ι
2158 3854 2225 3916 Et
2256 3870 2399 3918 totus
2438 3863 2585 3919 orbis
2610 3864 2850 3919 universi
2904 3879 3057 3935 rcges
3092 3874 3253 3920 terra
3292 3866 3421 3921 adoo

1825 3962 1967 4006 rant.
1996 3951 2093 4008 Cui
2122 3960 2176 4009 et
2205 3969 2394 4010 omnes
2422 3969 2577 4024 reges
2607 3966 2766 4011 terra
2790 3957 3046 4021 servient,
3074 3971 3229 4029 reges
3252 3957 3419 4011 Thar-

1822 4044 1897 4099 sis
1949 4050 2003 4099 et
2052 4045 2242 4100 insula
2300 4063 2527 4103 munera
2569 4040 2820 4112 oﬂ'erent,
2872 4056 3028 4119 reges
3080 4047 3323 4104 Arabum
3363 4056 3419 4103 et

1823 4132 1967 4190 Saba
2019 4134 2161 4190 dona
2214 4138 2486 4195 adducent
2531 4137 2718 4210 (Psal.
2762 4140 2944 4211 LXXI).
2998 4160 3015 4191 ›
3066 4128 3241 4209 Hujus
3291 4153 3420 4210 ergo

1821 4227 1969 4298 regis
2025 4226 2307 4296 fortitudo,
2366 4239 2421 4286 et
2475 4231 2798 4301 imperium,
2849 4240 2903 4285 et
2941 4224 3206 4302 dignitas,
3257 4239 3421 4300 atque

1821 4321 2142 4387 sublimitas,
2175 4323 2409 4392 qualiter
2434 4323 2763 4379 exaltaverit
2785 4339 2974 4379 verum
2996 4322 3419 4391 Mardocbaum,

1819 4414 1925 4469 hoc
1964 4421 2076 4476 est,
2123 4423 2325 4469 coetum
2365 4424 2678 4471 sanctorum
2715 4415 2998 4471 doctorum
3033 4415 3418 4486 magistrorum

1819 4504 2075 4560 Ecclesia:
2098 4521 2286 4561 coram
2308 4504 2507 4577 populo
2535 4503 2866 4571 Christiano,
2888 4522 2997 4561 non
3023 4513 3233 4561 tantum
3259 4506 3419 4562 unius

131 4630 150 4663 ς
187 4611 562 4671 Nummus
594 4594 769 4673 θίίαω
806 4594 1103 4674 secunda";
1142 4617 1429 4689 episwlam
1470 4627 1530 4673 ιη
1568 4619 1716 4674 omni
1743 4602 1998 4689 1wgentis
2053 4594 2284 4667 Iudaea,
2344 4602 2437 4657 sed
2492 4602 2659 4657 etiam
2708 4600 3092 4658 universarum
3133 4601 3415 4656 nationum

130 4725 149 4757 α
184 4705 366 4763 studio
391 4706 511 4765 dies
545 4708 650 4765 ista
693 4710 954 4766 solemnis
992 4665 1296 4767 sancirgm
1328 4711 1381 4766 in
1410 4719 1710 4782 posterum.
1741 4665 1984 4752 D'voccs
2006 4706 2061 4753 et
2090 4696 2294 4767 scripta
2325 4704 2611 4753 testantur.
2647 4694 2749 4764 Qui
2773 4697 2977 4753 electos
3011 4712 3139 4753 suos
3170 4697 3238 4753 ab
3263 4696 3416 4751 initio

129 4817 148 4849 ι
179 4797 251 4853 Et
268 4798 533 4856 miserunt
577 4802 647 4857 ad
682 4817 872 4859 omnes
898 4801 1114 4859 Judaos
1145 4805 1238 4875 qui
1285 4804 1341 4858 in
1386 4813 1604 4860 centum
1628 4803 1712 4858 vi-

131 4908 151 4941 ‹
187 4890 324 4961 ginti
354 4898 561 4963 septem
583 4893 727 4965 regis
756 4894 980 4952 Assueri
1009 4896 1306 4966 provinciis
1330 4896 1711 4963 versabantur,

127 5003 145 5034 σ
190 4992 253 5037 ut
281 4983 545 5042 baberent
573 5001 764 5057 pacem
801 4997 860 5044 et
892 4990 1233 5061 susciperent
1260 4991 1547 5046 veritatem
1574 5032 1589 5057 ,
1615 4991 1713 5048 ob-

126 5092 145 5126 ι
176 5084 458 5133 servantes
499 5077 616 5134 dies
650 5080 898 5146 sortium,
931 5089 987 5138 et
1015 5097 1111 5138 suo
1150 5092 1394 5152 tempore
1425 5098 1548 5139 cum
1579 5099 1711 5154 gau-

125 5185 145 5217 ‹
179 5167 270 5224 dio
297 5168 671 5239 celebrarent,
700 5173 843 5229 sicut
868 5174 1231 5230 constituerat
1258 5175 1631 5232 Mardochaus
1657 5185 1714 5232 et

125 5278 145 5312 ι
176 5259 391 5317 Esther.
431 5262 503 5319 Et
544 5262 621 5319 illi
650 5265 989 5322 observanda
1024 5276 1378 5337 susceperunt
1407 5285 1437 5323 a
1468 5285 1527 5325 se
1552 5310 1567 5337 ,
1597 5278 1657 5325 et
1680 5286 1713 5325 a

126 5372 144 5405 ι
180 5354 390 5411 semine
433 5371 554 5423 suo,
596 5356 801 5427 jejuuia
840 5367 1004 5429 atque
1044 5360 1330 5429 clamores,
1381 5370 1436 5416 et
1483 5364 1712 5419 sortium

126 5466 145 5499 ε
183 5446 320 5514 dies,
353 5456 408 5503 et
421 5449 606 5505 omnia
635 5466 754 5521 qua
767 5449 890 5507 libri
924 5450 1103 5521 hujus,
1120 5453 1212 5524 qui
1237 5461 1464 5510 vocatur
1488 5454 1707 5524 Esther,

126 5561 144 5592 ι
174 5540 408 5597 historia
434 5544 802 5600 continentur.
844 5566 864 5599 ›
890 5544 1212 5603 Necessaria
1240 5548 1388 5605 enim
1412 5549 1569 5607 nobis
1596 5550 1712 5607 hac

121 5633 442 5704 admonitio,
468 5645 529 5692 ut
552 5636 849 5696 habeamus
889 5656 1105 5712 semper
1131 5642 1187 5696 in
1220 5642 1487 5700 cordibus
1509 5646 1723 5703 nostris

122 5742 314 5797 pacem
341 5724 729 5801 Christianam,
758 5743 814 5788 et
841 5734 1199 5804 suscipiamus
1229 5734 1509 5808 Evangelii
1538 5738 1710 5809 ipsius

123 5819 430 5893 veritatem,
458 5838 528 5881 ne
573 5823 713 5882 forte
742 5840 839 5892 per
866 5826 1196 5884 discordiam
1224 5836 1280 5884 et
1315 5827 1709 5889 dissensionem

1823 4788 1965 4844 dono
1995 4788 2186 4861 gratia
2228 4805 2338 4845 sua
2363 4789 2641 4855 exaltavit,
2673 4798 2728 4845 et
2759 4789 3026 4861 gloriosos
3048 4798 3212 4860 atque
3245 4790 3416 4844 hono-

1820 4879 2019 4935 rabiles
2082 4880 2136 4935 in
2186 4890 2480 4952 conSpectu
2538 4882 2779 4937 omnium
2842 4880 3081 4952 gentium
3133 4877 3301 4934 fecit:
3361 4878 3415 4933 hi

1816 4980 2065 5042 quarunt
2086 4974 2225 5029 bona
2238 4974 2435 5044 populo
2461 4989 2579 5041 suo,
2608 4973 2971 5043 etloquuntur
2997 4986 3117 5043 qua
3136 4970 3204 5026 ad
3224 4985 3416 5041 pacem

1816 5068 2091 5139 pertinent
2120 5068 2345 5125 seminis
2374 5068 2480 5136 sui,
2517 5069 2644 5139 quia
2679 5069 2835 5139 juxta
2874 5066 3028 5121 Isaia
3065 5063 3411 5120 vaticinatio-

1816 5176 1939 5217 nem
1986 5180 1998 5214 :
2047 5182 2063 5213 ι
2111 5161 2495 5233 Speculatores
2542 5161 2758 5218 Domini
2814 5160 3137 5216 levaverunt
3188 5171 3415 5222 vocem,

1817 5254 2085 5324 simulque
2122 5253 2420 5310 laudabunt
2453 5254 2590 5325 (Isa.
2626 5254 2748 5324 LII),
2794 5266 3026 5323 quorum
3064 5240 3229 5321 pedes
3284 5256 3414 5305 sunt

1817 5348 2050 5417 speciosi
2103 5346 2593 5416 evangelizantium
2647 5360 2867 5416 pacem,
2923 5341 3413 5416 evangelizantium

1816 5441 1955 5497 bona
2003 5439 2175 5512 (flant.
2211 5438 2303 5512 x),
2335 5459 2352 5491 ι
2381 5440 2509 5508 quia
2560 5453 2775 5509 semper
2819 5451 2882 5494 ea
2928 5445 3125 5508 rogant
3177 5451 3297 5506 quae
3340 5434 3409 5491 ad

1818 5548 2010 5603 pacem
2023 5542 2150 5590 sunt
2174 5536 2230 5589 in
2242 5531 2568 5599 Jerusalem,
2586 5540 2642 5587 et
2672 5531 2875 5588 scietur
2887 5531 2943 5586 in
2957 5530 3209 5603 gentibus
3221 5544 3405 5585 semen

1819 5642 2037 5693 eorum,
2053 5636 2113 5681 et
2125 5640 2346 5697 germen
2367 5639 2555 5680 eorum
2576 5625 2631 5680 in
2648 5625 2829 5681 medio
2842 5624 3184 5696 populorum.
3208 5622 3408 5679 Omnes

1818 5718 1911 5789 qui
1925 5718 2177 5773 viderunt
2197 5733 2291 5775 eos
2310 5726 2636 5790 cognoscent
2660 5718 2799 5787 illos,
2815 5718 2945 5792 qui
2963 5718 3055 5775 isti
3076 5723 3203 5774 sunt
3222 5729 3407 5772 semen

1819 5812 1907 5869 cui
1932 5809 2210 5868 benedixit
2229 5810 2508 5869 Dominus.
