3882 6498
531 307 634 371 σφι

1175 310 1235 369 Β.
1279 308 1530 369 RABANI
1570 306 2145 396 MAURI_ARCHIEP.
2184 306 2495 369 MOGUNT.
2538 309 2825 370 OPERUM
2863 312 3046 370 PARS
3084 312 3126 368 Ι.
3626 317 3697 377 θη

528 447 3697 491 W

1115 608 1694 740 BEATI
1773 612 2113 728 ΒΔΙ

1254 831 1645 892 FULDENSIS
1678 829 1971 888 ABBATIS
2002 828 2094 888 ET
2128 827 2515 889 MOGUNTINI
2550 825 3068 886 ARCHIEPISCOPI

612 1013 1962 1136 COMMENTARIORUM
2048 1013 2198 1133 IN
2280 1012 2816 1131 LIBRUM
2903 1009 3652 1131 SAPIENTI/E

1663 1215 1878 1279 LIBRI
1922 1214 2143 1278 TRES.
2191 1213 2436 1296 (ANNO
2489 1212 2657 1294 850.)

1898 1463 2471 1541 PROLOGUS

1332 1616 1426 1673 AD
1464 1616 1828 1676 OTGARIUM
1865 1617 2468 1678 ARCHIEPISCOPUM
2505 1618 2993 1679 MOGUNTINUM.

594 1870 823 1928 Domino
846 1869 1301 1927 reverendissimo
1322 1880 1378 1927 et
1397 1870 1544 1927 cultu
1574 1871 1962 1928 sincerissima:
1982 1872 2118 1929 cha-
2145 1880 2199 1942 Α
2222 1888 2491 1945 nusquam
2537 1871 2750 1937 haberi,
2782 1872 2877 1929 sed
2920 1872 3168 1930 Graecam
3197 1871 3381 1944 magis
3407 1871 3616 1928 redolere
3648 1871 3710 1927 de»

526 1962 703 2019 ritatis
745 1962 1083 2019 observando
1132 1970 1320 2018 sancto
1366 1962 1504 2030 viro,
1538 1972 1595 2019 et
1627 1963 1775 2019 omni
1804 1962 2011 2019 honore
2038 1963 2119 2018 di-

525 2057 806 2129 gnissimo,
828 2057 1050 2130 Otgario
1075 2058 1508 2130 archiepiscopo,
1530 2059 1791 2117 Rabanus
1817 2060 1870 2115 in
1900 2058 2120 2117 Christo

526 2146 781 2202 salutem.
1100 2156 1105 2159 '

594 2237 1032 2310 Quotiescunque
1053 2241 1396 2311 praesentiam
1418 2249 1589 2311 tuam,
1603 2241 1920 2299 beatissime
1933 2241 2116 2312 Pater,

523 2330 722 2403 cogito,
752 2332 906 2387 suavi
931 2346 1146 2404 semper
1178 2333 1535 2390 delectatione
1580 2334 1815 2404 reﬁcior,
1862 2337 2120 2394 reminis-

525 2434 655 2476 cens
701 2423 1135 2480 mansuetudinis
1179 2433 1236 2481 et
1263 2426 1608 2494 humilitatis,
1637 2429 1917 2486 modestiae
1957 2438 2121 2501 atque

525 2515 912 2584 temperantiae,
943 2531 1065 2586 quae
1093 2519 1366 2588 praecipue
1389 2520 1443 2575 in
1473 2527 1566 2575 tua
1600 2522 1895 2579 sanctitate
1912 2523 2118 2594 vigent,

524 2596 600 2660 ita
630 2616 690 2662 ut
715 2622 782 2663 ex
803 2608 909 2665 hoc
934 2611 1205 2667 veraciter
1232 2614 1547 2682 agnoscaris
1565 2613 1682 2683 ejus
1710 2629 1832 2671 esse
1856 2615 2117 2684 imitator,

521 2698 615 2769 qui
666 2699 946 2772 discipulis
999 2702 1114 2758 suis
1160 2704 1417 2775 praecepit
1454 2705 1681 2761 dicens:
1720 2705 1921 2761 Discite
1966 2724 1999 2761 a
2037 2723 2120 2761 me

520 2788 648 2859 quia
668 2791 813 2846 mitis
846 2808 963 2847 sum
1009 2802 1057 2847 et
1083 2794 1298 2850 humilis
1320 2795 1494 2851 corde.
1529 2796 1682 2854 Unde
1707 2811 1922 2869 quoque
1944 2797 2118 2869 pluri-

522 2878 600 2933 mi
638 2894 794 2936 sacra
838 2882 1127 2940 dilectione
1168 2883 1400 2952 incitati,
1433 2887 1502 2941 ad
1534 2888 1855 2958 obsequium
1893 2903 2121 2944 venera—

524 2967 689 3026 tionis
732 2980 840 3027 tuae
887 2984 1270 3044 cucurrerunt,
1320 2985 1376 3033 et
1407 2978 1766 3050 quodcunque
1795 2979 1958 3037 cilicii
1996 2996 2121 3053 pos-

522 3072 652 3118 sunt
702 3066 898 3122 devota
938 3078 1120 3123 mente
1158 3068 1354 3126 oll‘erre
1381 3072 1623 3142 cupiunt.
1655 3071 1794 3129 Hinc
1815 3073 1979 3131 etiam
2016 3088 2117 3147 ego

522 3151 651 3210 licet
678 3162 1028 3214 terrenarum
1061 3175 1244 3217 rerum
1291 3177 1422 3234 opes
1460 3179 1567 3219 non
1597 3164 1849 3233 habeam,
1900 3168 2027 3238 quia
2054 3183 2118 3224 ea

2222 1964 2534 2035 quentiam,
2598 1977 2700 2018 nec
2756 1963 2900 2019 inter
2964 1962 3263 2019 canonicas
3315 1961 3598 2033 Scripturas
3627 1962 3708 2032 apud

2222 2055 2473 2124 antiquos
2519 2054 2709 2125 recipi,
2740 2063 2801 2109 ut
2839 2052 3046 2122 Iudith,
3071 2053 3260 2111 Tobiae
3283 2062 3341 2110 et
3385 2053 3709 2109 Machameum

2221 2145 2407 2211 libros,
2447 2159 2584 2216 quos
2625 2155 2680 2202 et
2728 2146 2990 2202 moderno
3039 2154 3290 2217 tempore
3333 2145 3475 2200 inter
3500 2144 3707 2217 Scriptum

2221 2255 2408 2297 sacras
2433 2246 2621 2296 sancta
2649 2248 2930 2297 enumerat
2959 2239 3222 2305 Ecclesia,
3253 2239 3490 2310 legitque
3511 2254 3587 2295 eos
3607 2240 3698 2308 inpr

2220 2331 2364 2388 blico
2390 2332 2532 2388 sicut
2556 2340 2783 2389 caateras
2828 2331 3143 2402 Scripturas
3189 2331 3504 2397 canonicas,
3544 2329 3709 2401 iraqua-

2222 2432 2307 2481 ter
2329 2439 2546 2496 quoque
2569 2424 2856 2482 orthodoxi
2887 2426 3158 2491 doctores,
3210 2424 3421 2480 eisdem
3448 2423 3710 2480 sententiisit

2220 2514 2565 2588 dogmatibus
2593 2515 2707 2572 suis
2746 2523 2995 2572 utuntur.
3020 2513 3234 2587 ,Verum
3298 2529 3398 2570 cur
3416 2528 3509 2586 ego
3541 2513 3595 2568 ad
3615 2526 3709 2583 expc

2220 2609 2458 2664 nendum
2512 2609 2656 2664 hunc
2707 2607 2903 2664 librum
2950 2607 3194 2664 laborem
3244 2606 3620 2677 assumpserim,
3646 2605 3709 2658 hac

2220 2713 2385 2757 causa
2426 2698 2530 2754 fuit
2559 2699 2723 2770 :quia
2757 2699 2963 2755 nullam
3015 2707 3176 2754 antea
3221 2714 3392 2770 super
3418 2706 3568 2753 totum
3590 2696 3708 2750 lilm

2219 2791 2613 2865 expositionem
2664 2792 2865 2859 inveni,
2903 2791 3033 2848 licet
3058 2791 3359 2863 praedictus
3385 2787 3707 2863 presbytcrﬂel-

2221 2887 2363 2944 lator
2390 2895 2517 2944 octo
2537 2886 2705 2943 libros
2729 2888 2783 2942 in
2814 2900 2879 2943 eo
2901 2901 2961 2943 se
2982 2885 3200 2951 fecisse,
3217 2894 3279 2941 ut
3304 2885 3538 2957 praedixi,
3556 2896 3708 2939 eamme

2219 2988 2419 3046 moret,
2450 2979 2566 3035 hmc
2612 2980 2877 3036 hactenus
2906 2980 2974 3034 ad
2996 2994 3097 3036 nos
3127 2994 3239 3035 non
3265 2984 3615 3050 pervenerunt.
3643 2973 3706 3043 Ep

2221 3079 2401 3125 autem
2422 3071 2527 3127 hoc
2546 3085 2682 3141 opus
2711 3085 2893 3126 meum
2927 3070 3104 3126 tribus
3139 3069 3342 3126 libellis
3367 3066 3616 3140 perstrinxi
3635 3079 3707 3134 qm-

2222 3167 2381 3216 tenus
2400 3160 2731 3231 aliquantam
2755 3160 3163 3232 intelligentiam
3208 3161 3266 3216 in
3309 3158 3562 3231 mysteriis
3590 3154 3704 3225 preﬁ-

521 3246 859 3305 solummodo
896 3252 1150 3321 possideo
1199 3268 1321 3327 qua:
1350 3256 1420 3311 ad
1453 3267 1766 3314 sanctorum
1814 3275 2115 3332 pauperum
2144 3258 2193 3318 B
2221 3251 2295 3305 6ιί
2321 3250 2445 3306 libri
2476 3252 2635 3308 aVidO
2673 3251 2864 3308 lecwri
2890 3252 3117 3319 darem;
3171 3262 3435 3308 οωιεηιω
3477 3246 3705 3321 Ρεΐῖθαίθη

517 3333 722 3393 Christi
744 3341 1125 3400 necessitatem
1152 3344 1542 3402 sublevandam
1580 3350 1880 3419 pertinent,
1926 3360 2112 3407 tamen

518 3426 623 3516 hoc
643 3428 785 3500 quod
811 3445 880 3487 ex
900 3433 1081 3490 divina
1104 3437 1278 3507 gratia
1303 3440 1544 3510 percepi,
1561 3443 1734 3499 sacris
1756 3443 1958 3500 divitiis
1982 3460 2120 3516 quas

524 3515 867 3575 abundanter
902 3522 1071 3580 habes
1099 3524 1155 3580 in
1186 3526 1450 3599 sapientia
1478 3539 1531 3585 et
1565 3532 1792 3588 scientia
1822 3515 2018 3591 divinas
2042 3535 2120 3591 le-

519 3608 604 3680 gis
628 3610 936 3669 voluntaria
963 3614 1294 3675 liberalitate
1319 3620 1587 3692 quoddam
1616 3626 1996 3683 munusculum
2027 3628 2120 3684 ad-

518 3699 755 3758 dendum
773 3705 999 3774 contuli,
1026 3718 1222 3780 optans
1247 3712 1407 3769 valde
1429 3722 1490 3770 ut
1505 3717 1934 3789 quotiescunque
1956 3733 2118 3780 sacro

517 3799 833 3867 conspectui
865 3806 959 3856 tuo
997 3800 1129 3859 illud
1148 3814 1528 3875 prmsentetur,
1568 3810 1673 3865 mei
1703 3811 2030 3879 recorderis,
2060 3820 2118 3870 et

519 3886 566 3942 si
594 3887 726 3958 quid
756 3888 1006 3948 utilitatis
1034 3892 1087 3948 in
1117 3907 1183 3950 eo
1205 3896 1467 3966 reperias,
1500 3905 1613 3954 tam
1640 3906 1734 3956 tuo
1760 3916 1920 3972 quam
1948 3903 2115 3960 etiam

521 3987 742 4034 tuorum
767 3981 889 4037 usui
919 3991 1108 4056 aptare
1139 3985 1398 4061 digneris.
1426 3988 1525 4044 Est
1572 3991 1843 4062 siquidem
1893 4010 2112 4062 munus,

516 4067 585 4123 de
609 4083 718 4139 quo
741 4070 955 4142 loquor,
981 4090 1222 4146 praesens
1249 4077 1501 4135 volumen
1522 4083 1667 4152 quod
1690 4084 1745 4139 in
1775 4084 2115 4157 explanatio-

517 4173 644 4214 nem
681 4160 812 4217 libri
858 4162 1150 4235 Sapientiae
1174 4168 1267 4239 qui
1297 4185 1328 4224 a
1349 4171 1625 4244 plerisque
1664 4174 1970 4233 Salomonis
2009 4193 2110 4233 no-

519 4249 668 4306 mine
696 4251 1017 4311 inscribitur
1040 4273 1215 4330 nuper
1263 4261 1431 4330 edidi,
1481 4279 1643 4334 quem
1684 4275 1869 4323 tamen
1920 4267 2114 4325 beatus

518 4340 882 4417 Hieronymus
912 4350 1108 4405 asserit
1144 4366 1254 4408 non
1284 4368 1316 4408 a
1344 4352 1655 4428 Salomone,
1680 4365 1746 4413 ut
1759 4374 1891 4416 usus
1923 4360 2109 4429 habet,

517 4436 614 4492 sed
637 4451 668 4490 a
696 4436 925 4495 Philone
969 4439 1285 4500 doctissimo
1314 4444 1501 4502 Iudaeo
1522 4447 1690 4504 fuisse
1715 4450 2107 4522 conscriptum,

511 4542 672 4598 quem
719 4531 1193 4605 pseudographum
1249 4539 1596 4608 praenotavit,
1626 4550 1927 4613 propterea
1960 4544 2110 4613 quod

2221 3340 2639 3412 perfectioribus
2683 3357 2993 3398 reservans.
3025 3342 3106 3397 Tu
3167 3352 3375 3409 autem,
3408 3337 3704 3408 religiosissime

2221 3430 2426 3488 Christi
2455 3433 2704 3500 antistes,
2731 3439 2888 3490 utere
2914 3447 3139 3489 munere
3177 3447 3210 3489 a
3242 3433 3441 3490 devoto
3478 3429 3558 3486 tibi
3579 3423 3706 3482 famulo

2220 3522 2442 3590 collato,
2469 3530 2525 3579 et
2567 3524 2613 3581 si
2635 3524 2765 3595 quid
2786 3523 2843 3579 in
2869 3539 2936 3581 eo
2957 3533 3172 3597 gratum
3222 3525 3485 3597 reperias,
3510 3520 3588 3577 Dei
3621 3517 3703 3573 dom

2220 3614 2561 3671 solummodo
2586 3614 2871 3683 ascribas;
2902 3616 2949 3673 si
2980 3616 3112 3688 quid
3149 3625 3340 3673 autem
3364 3608 3704 3688 reprehensible.

2218 3723 2354 3765 mea:
2390 3709 2674 3780 imperitia;
2703 3717 2868 3780 atque
2895 3709 3199 3767 inﬁrmitati
3223 3710 3401 3784 magis
3440 3710 3532 3765 hoc
3554 3706 3700 3775 depol“

2219 3817 2385 3873 quam
2413 3801 2663 3870 malitiae,
2694 3810 2752 3858 et
2778 3818 2887 3874 quo
2918 3803 3079 3860 modo
3102 3801 3511 3879 emendandum
3556 3790 3703 3859 sitm“

2215 3893 2539 3950 remandare
2566 3909 2675 3951 non
2704 3895 2920 3962 tardes;
2954 3893 3299 3951 orationibus
3329 3879 3704 3965 quoqueapnddi-

2214 3991 2397 4046 vinam
2450 3990 2709 4061 pietatem
2747 4005 2924 4047 meam
2966 3990 3395 4047 imbecillitatem
3446 3982 3703 4043 sublevet».ll

2215 4083 2473 4153 quoniam
2501 4082 2616 4155 jam
2649 4082 2799 4139 dedit
2825 4083 2966 4139 velle
2988 4092 3045 4139 et
3092 4083 3279 4154 aliquo
3334 4081 3487 4139 modo
3524 4073 3699 4142 incipem

2214 4175 2330 4245 ipse
2359 4174 2523 4231 donet
2546 4174 2725 4230 omnia
2749 4175 3045 4231 secundum
3086 4174 3422 4231 voluntatem
3442 4182 3571 4228 suam
3586 4157 3700 4234 μέθ’

2213 4274 2321 4322 cte.
2376 4264 2487 4321 Nec
2515 4265 2619 4321 hoc
2659 4265 2946 4321 celandum
2977 4264 3220 4322 arbitror
3260 4268 3586 4322 reverentiam
3609 4260 3700 4307 tuan

2212 4357 2356 4430 quod
2384 4357 2532 4414 aliud
2550 4372 2687 4430 opus
2705 4357 2878 4414 habeo
2912 4357 2970 4414 in
2995 4357 3267 4423 manibus,
3297 4356 3401 4413 hoc
3419 4359 3511 4415 est.
3529 4342 3698 4416 ειΡ¹²¹¹²¹
3782 4342 3783 4413 ἓ

2210 4450 2412 4506 tionem
2441 4448 2566 4506 libri
2617 4448 3010 4517 Ecclesiastici,
3051 4463 3214 4519 quem
3241 4445 3426 4504 Iesum
3468 4439 3547 4497 lilii
3576 4430 3696 4491 Sindi

2210 4548 2548 4613 nuncupant,
2572 4547 2629 4596 et
2655 4538 2826 4595 multa
2843 4538 3084 4595 continet
3111 4537 3317 4594 Christi
3353 4543 3407 4593 et
3431 4527 3695 4613 Ecclesiﬂf
3782 4527 3783 4599 ξ

510 4620 927 4690 usurpationem
972 4624 1211 4682 nominis
1256 4628 1359 4684 sibi
1388 4608 1889 4690 vindicet—alterius.
1943 4608 2107 4705 Cujus
2134 4620 2181 4684 C
2212 4608 2511 4689 cramehta.
2564 4631 2679 4688 Hoc
2724 4644 2941 4702 quoque
2977 4646 3125 4698 cum,
3155 4630 3385 4685 Domino
3441 4623 3626 4681 volente,
3658 4608 3694 4665 ³δ

510 4709 802 4768 voluminis
856 4715 1250 4785 expositionem
1286 4722 1575 4794 presbyter
1626 4723 1863 4782 Bellator
1890 4735 2014 4783 octo
2038 4727 2106 4783 li-

510 4799 629 4855 bris
653 4815 713 4858 se
767 4806 1128 4878 assumpsisse
1154 4816 1385 4868 testatus
1419 4821 1523 4869 est.
1553 4813 1631 4870 De
1663 4830 1771 4887 quo
1809 4825 1966 4888 pater
1992 4816 2105 4873 Au-

511 4895 761 4966 gustinus
789 4906 847 4955 et
887 4907 1109 4957 sanctus
1128 4900 1449 4962 Ambrosius
1496 4906 1845 4965 homiliarum
1885 4911 2107 4968 nomine

510 4987 767 5044 nonnulla
819 4989 1106 5048 dixerunt.
1135 4993 1301 5067 Cujus
1354 5012 1570 5069 quoque
1621 4998 1750 5055 libri
1804 5000 1972 5058 dictio
2017 5011 2106 5059 est

510 5081 836 5139 suavissima
869 5093 927 5143 et
953 5102 1147 5145 revera
1172 5089 1411 5146 nominis
1440 5091 1524 5147 sui
1550 5089 1816 5163 dignitate
1859 5093 2104 5164 resplen-

510 5170 667 5241 dens,
698 5183 863 5247 atque
887 5179 955 5235 ad
980 5180 1365 5251 instruendam
1412 5181 1710 5239 Ecclesiam
1752 5183 1851 5241 Dei
1879 5186 2102 5242 utilissi-

509 5277 624 5333 ma,
650 5265 781 5323 licet
824 5284 987 5340 supra
1034 5281 1368 5330 memoratus
1421 5275 1618 5332 divinae
1650 5276 1786 5350 legis
1830 5278 2103 5350 interpres

510 5353 874 5418 Ilieronvmus
932 5364 1079 5422 dicat
1118 5369 1369 5425 eumdem
1408 5368 1607 5427 librum
1661 5372 1806 5442 apud
1844 5371 2102 5434 Hebraeos

2212 4726 2377 4782 ﬁnem
2432 4725 2739 4796 perduxero
2764 4765 2781 4792 ,
2829 4725 2878 4781 si
2939 4738 3181 4795 praesens
3235 4736 3429 4781 munus
3471 4716 3692 4788 primumI

2208 4825 2302 4872 tua
2323 4818 2615 4873 sanctitate
2639 4824 2919 4889 gratanter
2938 4824 3219 4887 acceptum
3244 4814 3425 4881 fuerit,
3460 4821 3563 4866 mox
3594 4802 3692 4857 hem
3782 4878 3783 4891 χ

2207 4907 2328 4963 vola
2359 4914 2539 4963 mente
2560 4908 2658 4963 tibi
2687 4908 2922 4979 dirigere
2933 4906 3189 4963 conabor.

2279 4997 2477 5055 Sancta
2497 4999 2643 5055 Deus
2658 4998 2898 5055 Trinitas
2921 5006 2977 5054 et
2993 4998 3223 5054 indivisa
3236 4997 3415 5053 unitas
3444 4984 3688 5049 dilectio”
3782 5042 3783 5051 χ

2205 5098 2357 5147 tuam
2428 5090 2651 5148 illaesam
2720 5097 2778 5146 et
2850 5089 3337 5148 incontaminatam
3403 5087 3455 5144 in
3508 5081 3684 5168 ﬁeri“?

2205 5197 2532 5240 conservare
2597 5183 2852 5256 dignetur
2874 5222 2893 5252 ,
2955 5189 3144 5240 sancte
3198 5180 3392 5248 Pater,
3440 5180 3608 5233 memor
3639 5170 3685 5217 95

2203 5275 2374 5331 nostr’

1823 5641 2490 5682 IIII-‘00,—
