3882 6482
109 411 240 475 675

974 417 1326 477 COMMENT.
1366 418 1437 478 IN
1473 421 1735 481 LIBRUM
1774 422 2181 485 SAPIENTIAE.
2216 458 2291 472 —-
2326 428 2457 488 LIB.
2495 430 2538 487 Ι.

3264 437 3386 503 ’6⁸14

110 565 3376 635 -----------.--.............,,,,,,,,

1310 731 1611 814 LIBER
1711 734 2128 815 PRIMUS.

1654 913 1852 929 ῃ

634 1000 868 1060 CAPUT
893 1004 1181 1066 PRIMUM.

1719 1016 1777 1078 A
1796 1019 1974 1076 omnis
2014 1022 2269 1093 cogitatio
2290 1025 2455 1098 impia
2490 1035 2547 1085 et
2572 1044 2739 1101 prava
2759 1033 3007 1094 voluntas
3036 1038 3183 1096 nullo
3216 1044 3378 1100 modo

107 1104 586 1207 Sariemgz'ﬂw
614 1114 885 1207 ’φιφτη
914 1130 1017 1207 ρξ’,
1057 1123 1292 1207 rma?“
1315 1125 1695 1207 hagimoﬁbus
1788 1108 2051 1207 jungatur
2074 1115 2323 1187 Domino,
2350 1136 2451 1178 nec
2477 1126 2771 1183 concordet
2790 1143 3001 1187 summo
3025 1133 3204 1202 bono;
3250 1137 3376 1206 quia

187 1189 345 1236 terra:
366 1180 460 1237 dili

184 1251 525 1328 cogitationes
578 1251 822 1327 separant
869 1251 903 1313 ξι
941 1260 1072 1328 Deo,

136 1333 150 1342 ‘
182 1319 297 1376 lam
324 1324 556 1382 animam
601 1319 705 1382 non
725 1328 960 1386 introibit
986 1319 1265 1406 sapientiu.

184 1451 319 1523 (CAP
346 1452 410 1527 ι.)
460 1455 679 1529 Diligite
709 1461 1001 1533 justitiam,
1050 1466 1140 1537 qui
1166 1467 1427 1538 judicatis
1472 1481 1688 1530 terram.

92 1540 382 1635 Admonet
433 1549 697 1619 sapientia
746 1552 926 1610 divina
982 1560 1299 1630 praepositos
1348 1564 1533 1635 populi
1573 1566 1689 1633 Dei,

94 1636 311 1725 quibus
330 1633 610 1707 iudicandi
649 1642 774 1698 data
812 1654 897 1700 est
918 1656 1180 1719 potestas,
1230 1660 1290 1708 ut
1311 1633 1585 1725 justitiam
1605 1658 1691 1714 di-

92 1724 298 1800 ligant,
357 1738 414 1786 et
462 1733 773 1802 aequitatem
810 1735 866 1792 in
896 1738 1100 1810 judicio
1147 1724 1491 1805 conservent.
1542 1749 1693 1809 Alias

92 1829 288 1889 potest
310 1822 424 1879 haec
446 1826 714 1881 sententia
739 1828 807 1885 ad
848 1845 1036 1887 omnes
1056 1836 1379 1905 generaliter
1419 1841 1694 1910 pertinere

93 1913 200 1983 qui
243 1914 454 1973 ratione
491 1916 677 1989 vigent
703 1928 759 1976 et
802 1922 1194 1997 intelligibilem
1225 1940 1461 1989 mentem
1491 1934 1693 1993 habent

91 2013 410 2077 utterram,
452 2010 556 2068 hoc
605 2023 713 2080 est,
744 2029 969 2074 carnem
1013 2020 1499 2091 suamjudicantes
1525 2025 1691 2097 justi-

92 2098 241 2154 tiam
272 2100 513 2173 diligant,
551 2106 759 2163 scilicet
796 2118 858 2165 ut
892 2125 999 2167 non
1040 2112 1246 2171 iaciant
1292 2120 1474 2176 carnis
1503 2136 1688 2178 curam

91 2188 163 2244 in
184 2194 655 2265 concupiscentiis,
687 2198 781 2256 sed
821 2203 1048 2273 spiritus
1069 2205 1299 2279 imperio
1336 2209 1484 2267 illam
1519 2213 1689 2286 subji-

91 2281 338 2351 cientes,
370 2286 663 2347 virtutibus
691 2293 887 2365 quibus
941 2298 1122 2354 anima
1170 2302 1408 2359 nutritur
1452 2308 1688 2365 maxime

462 1188 581 1254 gere
594 1185 882 1283 justitiam,
908 1185 1168 1283 in't‘im'ans‘
1179 1185 1254 1250 eis
1276 1196 1415 1283 qujod
1441 1212 1695 1283 perversa:
1795 1202 1942 1259 nulla
1968 1214 2054 1262 est
2099 1185 2333 1269 societas
2373 1211 2507 1270 lucis
2536 1215 2606 1272 ad
2655 1218 2907 1275 tenebras
2949 1236 3050 1277 nec
3086 1185 3377 1283 convehtio

1119 1273 1169 1320 et
1197 1265 1354 1349 ,φιοά
1383 1265 1449 1322 in
1468 1265 1697 1324 malevo-

1119 1345 1259 1374 mtuo,

1802 1293 1999 1353 Christi
2036 1299 2103 1355 ad
2133 1299 2318 1357 Belial.
2345 1303 2449 1361 Ubi
2469 1316 2649 1363 autem
2671 1308 2903 1368 intentio
2922 1321 2978 1369 et
3011 1316 3248 1373 studium
3294 1332 3378 1374 sa-

1794 1404 2012 1447 crarum
2032 1392 2293 1453 virtutum
2314 1398 2406 1469 pio
2424 1400 2642 1458 inerunt
2660 1404 2831 1472 cordi,
2854 1405 3224 1478 insipientium
3235 1427 3350 1467 sem

1792 1495 1892 1552 per
1915 1481 2049 1538 vitia
2063 1485 2356 1556 reprobant
2383 1496 2545 1561 atque
2564 1502 2798 1565 arguunt
2820 1510 3037 1555 errores
3060 1514 3076 1554 :
3098 1499 3240 1556 unde
3275 1516 3376 1557 ne-

1794 1585 1946 1629 cesse
1964 1573 2179 1632 habent
2225 1588 2498 1638 amatores
2528 1599 2656 1640 vere
2691 1587 2975 1657 sapientiae
3012 1597 3074 1645 ut
3113 1593 3376 1649 mundent

1794 1678 1888 1720 sua
1916 1666 2103 1735 corda,
2150 1677 2205 1725 et
2234 1677 2407 1728 totam
2458 1675 2817 1735 intentionem
2852 1680 3021 1737 animi
3040 1680 3097 1738 in
3123 1681 3376 1740 affectum

1793 1763 2426 1833 convertantconditoris
2448 1769 2553 1824 sui.

1865 1847 2129 1915 Quoniam
2166 1854 2223 1909 in
2261 1854 2570 1914 malevolam
2610 1861 2840 1917 animam
2883 1880 2987 1920 non
3029 1866 3264 1923 introibit
3289 1883 3379 1923 sa-

1790 1939 2009 2011 pientia,
2033 1959 2124 1998 nec
2144 1944 2402 2001 habitabit
2427 1947 2483 2003 in
2505 1965 2722 2021 corpore
2739 1953 2950 2010 subdito
2969 1958 3215 2025 peccatis.
3237 1956 3379 2015 Huic

1792 2033 2102 2091 testimonio
2126 2034 2362 2094 Iacobus
2391 2041 2667 2109 apostolus
2692 2045 2843 2115 paria
2872 2047 3153 2104 sentiendo
3167 2050 3225 2105 in
3251 2048 3381 2120 Epi-

1790 2122 1931 2179 stola
1953 2139 2052 2179 sua
2069 2126 2287 2198 scripsit
2306 2128 2517 2187 dicens:
2540 2133 2797 2207 Nunquid
2821 2146 3009 2208 potest,
3036 2139 3227 2210 fratres
3253 2142 3377 2209 mei,

1788 2215 1921 2284 licus
1948 2216 2114 2275 olivas
2137 2219 2329 2292 facere,
2352 2233 2446 2279 aut
2467 2226 2583 2282 vitis
2605 2227 2737 2298 ﬁcus
2760 2230 2786 2284 γ
2816 2231 2892 2285 sic
2914 2248 3077 2303 neque
3094 2233 3240 2289 salsa
3263 2232 3382 2288 dul-

1790 2323 1903 2362 cem
1934 2319 2100 2380 potest
2123 2310 2300 2381 facere
2333 2331 2546 2386 aquam.
2577 2316 2710 2385 Quis
2739 2322 2949 2392 sapiens
2977 2332 3028 2378 et
3073 2322 3382 2395 disciplina—

48 2410 51 2414 -
89 2388 325 2444 operam
360 2376 716 2450 impendant;
749 2384 943 2443 deinde
993 2392 1209 2460 corpori
1258 2409 1356 2451 suo
1394 2398 1691 2455 secundum
1717 2403 1766 2464 B
1793 2408 1879 2456 tus
1922 2376 2058 2458 inter
2076 2403 2215 2461 vos.’
2267 2404 2523 2463 Ostendat
2578 2409 2768 2466 bonam
2836 2415 3277 2471 conversationem
3323 2414 3383 2470 in

89 2466 508 2538 necessitatem,
553 2480 609 2528 et
633 2488 742 2530 non
779 2480 1077 2535 secundum
1100 2482 1449 2555 voluptatem,
1497 2504 1692 2547 consu-

88 2553 238 2624 lant,
289 2558 590 2619 recolentes
639 2579 856 2637 semper
927 2570 1077 2626 illam
1127 2553 1452 2635 sententiam
1505 2580 1687 2654 legis:

92 2647 243 2713 Quia
266 2666 369 2705 non
417 2653 472 2706 in
503 2654 614 2709 solo
634 2672 768 2726 pane
792 2660 913 2714 vivit
946 2662 1123 2731 homo,
1170 2667 1261 2721 sed
1283 2667 1339 2723 in
1366 2669 1509 2724 omni
1538 2673 1690 2727 verbo

86 2738 241 2809 quod
278 2743 510 2811 procedit
532 2746 597 2800 ab
656 2764 745 2804 ore
773 2749 872 2806 Dei
937 2753 1092 2826 (Luc.
1136 2756 1233 2828 tv).
1265 2757 1335 2813 Et
1373 2760 1504 2817 illud
1526 2777 1691 2819 evan-

88 2830 331 2903 gelicum
362 2838 725 2897 testimonium
772 2859 880 2913 quo
903 2845 1154 2904 Salvator
1194 2849 1486 2923 discipulos
1507 2854 1692 2912 docuit

88 2925 288 2983 dicens
312 2944 325 2979 :
352 2928 532 2986 Nolite
552 2949 673 3003 ergo
718 2935 930 2992 solliciti
955 2956 1065 2996 esse
1084 2940 1311 2999 dicentes
1332 2963 1352 2999 :
1377 2943 1518 3011 Quid
1540 2964 1692 3004 man-

84 3017 430 3089 ducabimus,
463 3034 557 3080 aut
588 3026 839 3097 bibemus,
880 3041 973 3086 aut
1021 3050 1126 3105 quo
1181 3038 1474 3108 operiemur
1495 3041 1522 3095 ?
1556 3040 1689 3097 Hazc

88 3108 239 3165 enim
287 3114 464 3169 omnia
507 3126 682 3187 gentes
729 3119 1020 3192 inquirunt.
1063 3124 1174 3181 Scit
1227 3130 1366 3184 enim
1399 3129 1565 3187 Pater
1601 3149 1688 3188 ve-

88 3209 206 3257 ster
252 3204 376 3275 quia
424 3206 505 3262 his
555 3209 795 3266 omnibus
828 3212 1091 3285 indigetis.
1144 3217 1374 3284 Quterite
1418 3238 1540 3293 ergo
1580 3225 1690 3295 pri-

90 3309 244 3349 mum
266 3313 479 3368 regnum
502 3299 602 3355 Dei
619 3311 671 3356 et
683 3302 947 3373 justitiam
979 3308 1115 3379 ejus,
1137 3318 1187 3366 et
1210 3312 1321 3368 hazc
1346 3315 1690 3387 omnia‘adji-

91 3385 309 3441 cientur
335 3390 475 3444 vobis
493 3389 709 3463 (Matth.
737 3396 836 3468 γι).

171 3476 373 3534 Sentite
417 3481 480 3536 de
518 3483 741 3542 Domino
777 3488 834 3544 in
862 3490 1113 3560 bonitate,
1165 3503 1215 3550 et
1251 3496 1309 3551 in
1352 3497 1687 3570 simplicitate

92 3569 278 3625 cordis
305 3574 523 3642 qutcrite
565 3575 732 3633 illum.
763 3578 823 3635 In
866 3581 1115 3641 bonitate
1134 3595 1319 3644 autem
1356 3591 1423 3646 de
1453 3569 1685 3649 Domino

1791 2494 2252 2551 mansuetudinem
2290 2498 2561 2568 sapientiae
2586 2501 2612 2554 γ
2652 2500 2808 2568 Quod
2835 2503 2882 2558 si
2933 2504 3103 2560 zelum
3136 2522 3381 2561 amarum

1791 2580 2012 2647 habetis,
2038 2592 2087 2639 et
2120 2588 2471 2644 contentiones
2493 2590 2549 2647 in
2577 2592 2771 2649 animis
2819 2596 3027 2661 vestris,
3061 2596 3220 2653 nolite
3268 2596 3381 2669 glo-

1792 2671 1924 2726 riari
1961 2670 2011 2728 et
2033 2676 2309 2734 mendaces
2352 2695 2463 2736 esse
2514 2682 2766 2740 adversus
2804 2686 3095 2744 veritatem.
3130 2687 3254 2744 Non
3303 2698 3382 2745 est

1791 2764 1930 2819 enim
1950 2766 2054 2822 ista
2073 2770 2331 2840 sapientia
2364 2774 2661 2853 desursum
2687 2778 3000 2836 descendens
3030 2799 3064 2836 a
3107 2791 3256 2852 patre
3299 2780 3384 2837 lu-

1791 2856 2022 2925 minum;
2056 2861 2147 2916 sed
2185 2871 2415 2933 terrena,
2445 2866 2722 2935 animalis,
2770 2869 3054 2927 diabolica.
3100 2870 3200 2926 Ubi
3239 2873 3379 2928 enim

1791 2948 1935 3005 zelus
1998 2960 2049 3007 et
2090 2957 2373 3022 contentio,
2424 2959 2497 3013 ibi
2551 2959 2929 3030 inconstantia,
2964 2973 3012 3019 et
3058 2980 3211 3019 omne
3249 2980 3381 3035 opus

1790 3057 2029 3111 pravum.
2067 3043 2200 3111 Qua:
2227 3057 2404 3103 autem
2424 3049 2489 3105 de
2511 3068 2721 3107 sursum
2744 3062 2820 3109 est
2850 3056 3127 3126 sapientia,
3151 3056 3382 3127 primum

1791 3131 2002 3202 quidem
2036 3134 2231 3205 pudica
2263 3147 2362 3203 est,
2411 3139 2599 3196 deinde
2621 3143 2867 3213 paciﬁca,
2910 3145 3169 3212 modesta,
3199 3145 3384 3200 suadi-

1791 3220 1932 3288 bilis,
1958 3223 2105 3279 bonis
2126 3227 2470 3294 consentiens,
2495 3228 2649 3299 plena
2669 3231 3032 3286 misericordia
3050 3242 3099 3287 et
3122 3232 3383 3302 fructibus

1791 3314 1962 3382 bonis,
1993 3316 2248 3385 judicans
2285 3319 2399 3375 sine
2445 3319 2805 3377 simulatione.
2840 3320 3073 3378 Fructus
3089 3332 3268 3379 autem
3289 3324 3386 3394 ju-

1790 3406 1950 3462 stitia:
1990 3409 2046 3463 in
2075 3426 2205 3479 pace
2247 3412 2539 3467 seminatur
2588 3413 2903 3482 facientibus
2945 3432 3125 3488 pacem
3170 3414 3380 3487 (Iacob.

1790 3497 1895 3569 ιιι).
1926 3497 2279 3571 Nequaquam
2328 3503 2474 3559 enim
2506 3503 2563 3559 in
2614 3505 2934 3561 malevolam
2962 3515 3199 3562 mentem
3251 3521 3381 3562 vera

1790 3589 2055 3660 sapientia
2082 3592 2267 3661 intrat,
2330 3610 2432 3651 nec
2459 3596 2517 3650 in
2540 3595 2852 3654 facinoroso
2877 3597 3096 3653 homine
3136 3597 3385 3653 habitare

93 3663 268 3718 sentit
311 3666 404 3735 qui
447 3682 660 3725 sacram
698 3671 1036 3744 Scripturam
1072 3679 1369 3737 secundum
1425 3683 1684 3753 pietatem
1787 3684 2028 3752 poterit;
2076 3686 2196 3742 ideo
2270 3686 2475 3744 frustra
2527 3689 2632 3745 sibi
2678 3689 3032 3745 blandiuntur
3075 3690 3382 3761 philosophi

93 3754 230 3826 legit
267 3764 428 3828 atque
454 3757 741 3834 intelligit,
787 3772 842 3820 et
866 3765 921 3821 in
945 3768 1294 3840 simplicitate
1339 3774 1518 3830 cordis
1558 3790 1684 3832 eum
1713 3762 1760 3826 C
1790 3776 2095 3847 gentilium,
2125 3785 2181 3834 et
2211 3793 2403 3835 omnes
2432 3780 2692 3847 hazretici,
2717 3795 2820 3837 nec
2843 3796 2953 3838 non
2991 3789 3050 3838 et
3080 3780 3200 3837 falsi
3224 3781 3384 3838 Chri-

93 3846 314 3918 qumrit,
355 3851 447 3919 qui
495 3851 775 3910 humiliter
796 3854 913 3925 ejus
953 3858 1217 3917 voluntati
1261 3877 1321 3918 se
1370 3865 1590 3936 subjicit
1614 3867 1684 3923 ad
1788 3846 1971 3933 stiani,
2025 3868 2120 3939 qui
2146 3885 2206 3925 se
2231 3871 2570 3927 arbitrantur
2594 3870 2813 3928 sordida
2843 3880 3026 3927 mente
3059 3881 3117 3928 et
3150 3872 3379 3932 scelesta

95 3943 515 4001 custodiendum
542 3948 793 4006 videlicet
817 3951 1074 4009 mandata
1118 3954 1253 4024 ejus.
1308 3955 1444 4012 Nam
1473 3959 1565 4029 qui
1597 3959 1686 4032 pie
1788 3960 2201 4017 conversatione
2222 3962 2503 4033 percipere
2528 3978 2690 4035 posse
2714 3964 3038 4035 sapientiam
3062 3964 3188 4031 Dei,
3215 3980 3382 4036 quam

95 4033 299 4103 quatrit
343 4035 653 4107 Dominum,
693 4041 927 4098 honorat
970 4060 1179 4102 sacram
1212 4046 1573 4120 Scripturam,
1629 4060 1686 4107 et

95 4138 209 4180 non
234 4127 586 4197 reprehendit
611 4133 755 4202 quod
784 4135 1024 4192 nondum
1055 4138 1326 4212 intelligit,
1354 4149 1412 4198 et
1438 4153 1687 4214 propter-

95 4231 165 4272 ea
202 4233 311 4273 non
352 4220 558 4277 resistit
600 4241 612 4277 :
645 4227 789 4295 quod
843 4237 927 4284 est
980 4230 1169 4286 mitem
1205 4246 1350 4300 esse,
1376 4235 1445 4290 de
1492 4252 1599 4306 quo
1630 4238 1687 4292 in

97 4306 396 4381 Evangelio
439 4309 655 4371 Veritas
694 4316 813 4387 ipsa
858 4319 936 4373 ait
973 4318 1168 4377 :Beati
1228 4323 1399 4391 mites,
1436 4327 1687 4396 quoniam

98 4400 201 4471 ipsi
241 4404 574 4472 possidebunt
608 4418 804 4465 terram
847 4410 1061 4484 (Matth.
1086 4415 1162 4489 v).
1204 4416 1343 4475 Hinc
1366 4434 1497 4490 ergo
1534 4438 1690 4477 mun-

99 4490 159 4546 di
189 4493 514 4568 philosophi,
556 4509 611 4556 et
638 4516 825 4560 eorum
860 4520 1121 4577 sequaces
1146 4510 1689 4587 hiercticicxcipiun-

101 4590 196 4637 tur
236 4585 329 4656 qui
350 4587 563 4646 ratione
584 4592 822 4651 humana
849 4605 1061 4655 secreta
1088 4616 1149 4657 se
1193 4603 1468 4660 aastimant
1493 4585 1689 4677 capere

1790 4053 1890 4109 soli
1927 4055 2131 4111 mundo
2156 4057 2321 4115 corde
2354 4057 2496 4114 dono
2525 4055 2761 4129 Spiritus
2788 4057 2964 4115 sancti
2992 4057 3242 4131 accipere
3270 4073 3360 4114 me

1789 4153 1994 4200 rentur.

2431 4260 2661 4316 CAPUT
2698 4228 2773 4316 n.‘

1793 4360 2065 4431 Sapientia
2104 4359 2303 4431 indicat
2359 4359 2498 4429 quod
2547 4358 2782 4431 (Spiritus
2813 4367 3047 4431 sanctus
3088 4358 3381 4429 disciplinae

1860 4428 2072 4500 e/fugiet
2115 4430 2319 4500 ﬁctum,
2341 4428 2391 4500 et
2416 4429 2556 4500 quod
2575 4431 2686 4500 ipse
2712 4428 2871 4500 replet
2892 4428 3070 4484 orbem
3091 4428 3377 4497 terrarum,

1863 4498 1955 4555 nec
1973 4498 2097 4556 eum
2118 4498 2329 4572 aliquid
2361 4498 2524 4556 latere
2547 4498 2717 4572 posse.

1863 4613 2091 4670 Sanctus
2122 4615 2261 4669 enim
2284 4613 2518 4686 Spiritus
2543 4612 2838 4687 disciplina:
2854 4614 3069 4687 effugiet
3091 4614 3299 4684 ﬁctum,
3330 4623 3382 4670 et

101 4691 266 4747 posse
320 4680 523 4753 divina,
574 4700 698 4742 cum
765 4691 1026 4762 scriptum
1071 4693 1186 4750 sit:
1218 4694 1544 4768 Sapientiam
1590 4700 1691 4757 Dei
1790 4704 1993 4774 auferet
2014 4721 2070 4760 se
2106 4723 2141 4760 a
2173 4680 2578 4776 cogitationibus
2625 4722 2744 4778 qua!
2784 4714 2909 4761 sunt
2951 4706 3064 4762 sine
3094 4705 3378 4763 intellectu.

101 4772 480 4841 prtccedentem
512 4781 689 4836 omnia
728 4783 844 4854 quis
872 4785 1241 4859 investigabit?
1285 4787 1355 4845 Et
1394 4789 1688 4862 Apostolus

103 4863 390 4923 manifeste
414 4869 559 4927 dicat
582 4890 596 4927 :
624 4873 1175 4948 Iucomprehensibilia
1198 4897 1305 4936 esse
1315 4883 1527 4952 judicia
1565 4884 1686 4954 Dei,

1793 4794 1949 4851 Unde
1975 4795 2352 4861 Manichtenm,
2403 4795 2615 4863 Arium,
2648 4804 2705 4853 et
2731 4796 3080 4863 Eunomium,
3125 4804 3383 4854 caeteros-

1790 4902 1897 4958 que
1947 4887 2231 4943 haereticos
2287 4888 2539 4959 dogmata
2589 4903 2688 4945 sua
2736 4889 3012 4945 erroribus
3070 4888 3384 4958 plenissima

103 4964 156 5009 et
180 4957 562 5030 investigabiles
591 4965 700 5019 vias
722 4967 837 5036 ejus
860 4982 880 5023 :
907 4970 999 5039 qui
1020 4971 1075 5026 in
1094 4973 1348 5041 praesenti
1373 4974 1482 5029 vita
1511 4977 1691 5045 potius
1790 4957 1909 5036 sine
1939 4977 2175 5048 Spiritus
2223 4957 2396 5035 sancti
2429 4980 2602 5051 gratia
2654 4980 2962 5035 condidisse
3014 4979 3383 5036 certissimum

105 5046 366 5106 colendus
402 5061 487 5108 est
529 5064 674 5111 recta
706 5058 828 5127 ﬁde,
861 5076 1025 5132 quam
1053 5063 1264 5122 incauta
1302 5065 1686 5138 disputatione.

108 5140 263 5199 Unde
296 5145 638 5218 subjungitur
666 5172 678 5206 :

181 5236 446 5304 Quoniam
488 5242 748 5299 invenitur
792 5248 857 5302 ab
881 5249 976 5319 his,
1005 5250 1097 5321 qui
1143 5267 1247 5306 non
1278 5262 1479 5309 tentant
1509 5256 1687 5327 illum,

106 5339 326 5400 apparet
346 5344 520 5390 autem
556 5339 631 5392 eis
675 5340 766 5408 qui
790 5339 950 5408 ﬁdem
980 5342 1167 5398 habent
1191 5345 1246 5397 in
1268 5344 1439 5400 illum.
1473 5347 1695 5407 Pericu-

109 5422 286 5479 losutn
326 5434 412 5481 est
451 5428 598 5484 enim
631 5430 865 5486 humana
905 5435 1325 5506 praesumptione
1369 5436 1541 5494 Deum
1574 5448 1694 5496 ten—

109 5524 253 5582 tare,
315 5532 438 5575 cum
492 5522 758 5593 scriptum
805 5524 920 5579 sit:
962 5523 1090 5580 Non
1139 5528 1359 5583 tentabis
1408 5528 1707 5586 Dominum.

107 5604 281 5664 Deum
318 5618 485 5667 tuum.
514 5612 622 5669 Sed
654 5615 870 5672 salubre
896 5626 979 5673 est
1006 5617 1113 5673 fide
1145 5629 1291 5675 recta
1335 5620 1484 5677 illum
1520 5623 1692 5679 hono-

111 5716 259 5768 rare,
307 5705 431 5774 quia
454 5706 635 5776 justus
661 5725 727 5763 ex
781 5709 887 5767 ﬁde
922 5711 1073 5766 vivit.

184 5794 454 5852 Perversa:
474 5799 612 5853 enim
634 5802 971 5871 cogitationes
992 5816 1235 5875 separant
1256 5825 1289 5860 a
1310 5806 1455 5874 Deo;
1476 5810 1697 5879 probata

117 5897 290 5946 autem
318 5890 479 5948 virtus
505 5894 719 5955 corripit
745 5895 1060 5967 insipientes.
1086 5896 1427 5956 Manifestum
1448 5906 1533 5957 est
1554 5902 1698 5971 quod

1793 5076 2027 5134 constat,
2061 5068 2189 5138 quia
2216 5067 2453 5139 Spiritus
2476 5070 2692 5126 Domini
2718 5071 2895 5126 bonus
2921 5084 3136 5141 semper
3165 5070 3385 5127 deducit

1714 5129 1770 5191 D
1797 5162 1853 5217 in
1882 5129 2025 5216 viam
2053 5129 2290 5227 rectam}
2310 5129 2319 5131 ἓ
2339 5161 2608 5232 malignus
2632 5169 2813 5217 autem
2834 5160 3058 5231 spiritus
3076 5161 3302 5226 seducit,
3329 5171 3387 5219 et

1754 5308 1771 5315 _
1797 5268 1921 5311 secu
1930 5262 2074 5310 tores
2109 5252 2305 5310 suosin
2334 5253 2587 5323 laqueum
2612 5251 2934 5324 perditionis
2952 5260 3173 5308 atterna:
3193 5265 3382 5310 secum

1797 5347 1984 5414 trahit,
2012 5347 2079 5403 de
2101 5363 2207 5417 quo
2240 5354 2297 5401 et
2325 5345 2574 5402 subditur
2598 5359 2614 5399 :

1868 5441 1936 5496 Et
1972 5442 2283 5511 corripietur
2312 5456 2346 5493 a
2369 5438 2759 5509 superveniente
2779 5438 3072 5509 iniquitate.
3100 5435 3238 5505 Quia
3260 5450 3387 5493 cum

1799 5532 2172 5588 retributionis
2202 5539 2413 5600 tempus
2442 5528 2745 5595 advenerit,
2771 5543 2961 5584 omnes
2989 5528 3139 5597 impii
3185 5535 3240 5583 et
3267 5542 3391 5598 pec-

1800 5632 2013 5679 catores
2042 5638 2140 5692 pro
2175 5620 2550 5691 iniquitatibus
2576 5620 2687 5675 suis
2716 5634 2932 5690 poenam
2963 5619 3232 5689 recipient
3261 5632 3361 5688 per

1801 5729 2037 5788 petuam.

1874 5810 2138 5880 Benignus
2150 5820 2225 5864 est
2242 5809 2381 5862 enim
2399 5808 2617 5879 spiritus
2634 5810 2924 5880 sapientia,
2947 5817 2998 5864 et
3019 5823 3122 5862 non
3147 5803 3387 5858 liberabit

1806 5902 2137 5961 maledictum
2182 5920 2212 5957 a
2236 5901 2387 5958 labiis
2410 5901 2537 5967 suis,
2576 5901 2825 5973 quoniam
2854 5915 3036 5959 renum
3066 5896 3208 5953 illius
3237 5894 3387 5971 testis
