3882 6544
138 378 283 442 6⁸17

1031 372 1384 431 COMMENT.
1424 376 1492 431 IN
1532 372 1790 430 LIBRUM
1829 368 2233 428 SAPIENTIE.
2274 400 2345 410 —
2381 369 2509 425 LIB.
2548 371 2591 425 ἰ.
2675 382 2681 385 '

3335 374 3440 431 678

147 515 320 557 rrum.
354 501 698 568 quapropter
726 494 941 565 quando
968 492 1124 550 nobis
1153 494 1217 549 de
1269 490 1565 563 Scripturis
1587 490 1756 546 sacris
1784 490 1836 551 Α
1862 490 2003 542 niam
2028 496 2149 542 sunt
2174 495 2337 542 morte
2358 488 2525 559 digni,
2565 490 2655 560 qui
2703 498 2825 545 sunt
2860 509 2927 547 ea:
2965 502 3113 564 parte
3158 495 3321 552 ilctus.
3349 497 3443 555 Ju-

150 589 473 647 menticndi
526 593 799 659 ponuntur
845 585 1112 657 exempla,
1170 594 1262 641 aut
1321 585 1599 641 mendacia
1656 599 1762 637 non

149 690 323 750 sunt,
356 682 449 738 sed
500 686 759 752 putantur
796 692 916 735 esse
940 679 1069 734 dum
1094 693 1201 734 non
1232 678 1638 751 intelliguntur;
1669 684 1762 730 aut

150 781 215 835 si
244 777 529 836 mendacia
569 784 715 841 sunt,
777 776 1036 832 imitanda
1076 792 1183 832 non
1245 785 1390 843 sunt,
1438 776 1566 846 quia
1609 773 1759 843 iusta

148 885 428 927 essenon
458 874 706 940 possunt,
737 867 831 922 sed
856 868 1001 938 quod
1054 868 1312 937 scriptum
1341 875 1424 922 est
1466 884 1477 920 :
1510 868 1647 921 bene
1670 866 1757 920 te-

148 966 314 1021 cisse
343 964 512 1019 Deum
543 959 931 1018 obstetricibus
961 961 1311 1018 Hebraeorum
1338 969 1393 1017 ct
1439 977 1561 1017 cum
1608 961 1758 1017 Raab

148 1055 549 1114 Jerichuntina
584 1053 894 1119 meretrice,
932 1067 1039 1108 non
1064 1053 1188 1108 ideo
1243 1052 1444 1109 factum
1473 1061 1577 1118 est,
1630 1053 1756 1122 quia

150 1148 414 1207 mentitae
446 1155 590 1211 sunt,
627 1145 721 1201 sed
755 1144 882 1215 quia
919 1144 975 1197 in
1013 1144 1261 1200 homines
1308 1144 1403 1199 Dei
1449 1143 1758 1199 misericor—

150 1241 269 1296 des
312 1238 546 1294 fuerunt.
577 1235 695 1292 Non
726 1242 814 1292 est
836 1237 1017 1307 itaque
1040 1236 1095 1289 in
1131 1236 1210 1291 eis
1255 1246 1603 1291 remunerata
1656 1234 1758 1289 fal-

150 1319 331 1397 lacia,
379 1331 472 1386 sed
498 1329 877 1386 benevolentia
905 1345 919 1394 ;
954 1328 1261 1399 benignitas
1282 1328 1497 1389 mentis,
1530 1327 1757 1382 nonini-

151 1425 355 1496 quitas
397 1422 732 1478 mentientis.
781 1419 933 1475 Sicut
958 1421 1101 1475 enim
1127 1420 1328 1475 mirum
1359 1419 1759 1489 absurdumque

152 1532 280 1570 non
331 1520 496 1578 esset,
552 1512 596 1567 si
634 1510 741 1566 alio
771 1510 920 1582 prius
964 1518 1206 1581 tempore
1259 1510 1546 1565 commissa
1580 1510 1647 1563 ab
1678 1509 1757 1564 eis

148 1606 311 1663 mala
338 1619 522 1677 opera,
550 1604 692 1659 Deus
714 1609 934 1674 propter
957 1601 1260 1671 posteriora
1289 1615 1453 1672 opera
1474 1600 1616 1656 bona
1649 1600 1758 1654 vel-

150 1702 240 1756 let
271 1701 573 1772 ignoscere,
612 1697 684 1751 ita
702 1695 1015 1752 mirandum
1038 1711 1146 1751 non
1187 1694 1437 1765 estquod
1459 1710 1566 1751 uno
1620 1702 1757 1749 tem-

1866 579 2012 634 stitia
2031 593 2163 646 ergo
2182 579 2321 634 bene
2342 586 2599 651 perpetua
2641 590 2700 637 et
2724 581 3047 645 immortalis
3068 600 3189 645 esse
3209 587 3406 647 dicitur
3423 609 3437 645 :

1863 671 2040 740 quiaa
2060 678 2327 741 perpetua
2364 680 2543 727 morte
2578 686 2635 728 se
2680 674 3046 744 obsequentes
3098 677 3314 735 liberat.
3347 680 3442 736 In-

1851 761 2065 831 justitia
2105 770 2280 817 autem
2304 763 2487 817 mortis
2514 772 2588 817 est
2614 766 2912 835 acquisitio,
2941 768 3067 837 quia
3092 769 3290 828 inferni
3315 788 3439 831 cru-

1862 855 2036 909 ciatus
2052 863 2405 926 peccatorum
2438 844 2590 913 certa
2614 865 2698 914 est
2724 863 3107 921 remuneratio.
3138 863 3291 937 [mpii
3350 884 3447 924 au-

1856 954 1968 1001 tem
1998 947 2247 1004 matribus
2271 955 2326 1003 et
2346 949 2527 1004 verbis
2549 951 2921 1010 accersierunt
2945 953 3287 1026 iniustitiam,
3316 961 3445 1031 quia

1858 1040 2021 1097 dictis
2040 1041 2275 1098 ettactis
2305 1052 2605 1113 sequuntur
2628 1044 2801 1113 illam,
2830 1054 2887 1103 et
2928 1062 3120 1109 emere
3146 1051 3362 1125 decepti
3386 1071 3445 1113 se

1859 1132 2080 1203 impune
2104 1149 2332 1204 peccare
2346 1150 2508 1205 posse
2544 1135 2866 1194 conﬁdendo
2883 1140 3033 1201 nullo
3048 1146 3217 1205 modo
3238 1146 3308 1205 ab
3328 1147 3445 1218 ejus

1859 1229 2137 1283 consortio
2161 1229 2337 1285 divelli
2358 1232 2729 1301 consentiunt,
2776 1234 2906 1305 quia
2922 1232 3038 1303 iam
3062 1235 3210 1307 justo
3236 1240 3442 1311 judicio

1861 1319 1956 1374 Dei
2002 1321 2243 1376 damnati
2267 1322 2497 1379 evadere
2520 1324 2670 1381 illam
2696 1342 3039 1398 nequaquam
3084 1334 3436 1390 contendunt.

1860 1409 2014 1467 Unde
2033 1420 2117 1467 est
2139 1412 2272 1468 illud
2290 1414 2575 1487 Evangelii
2605 1436 2617 1471 :
2642 1416 2751 1484 Qui
2782 1429 2957 1475 autem
2988 1436 3094 1476 non
3114 1423 3277 1478 credit
3324 1424 3441 1494 jam

1850 1504 2124 1574 judicatus
2151 1515 2229 1560 est
2255 1521 2273 1558 :
2303 1508 2427 1579 quia
2462 1525 2569 1564 non
2591 1511 2810 1565 credidit
2851 1513 2907 1567 in
2951 1515 3159 1570 nomine
3188 1516 3443 1586 unigeniti

1861 1595 1990 1653 Filii
2016 1597 2115 1654 Dei
2135 1599 2317 1671 (Joan.
2340 1601 2452 1674 lli).
2473 1603 2541 1658 Et
2566 1604 2761 1659 item
2795 1623 2807 1659 :
2834 1606 2941 1672 Qui
2960 1608 3144 1674 credit,
3162 1608 3363 1679 inquit,
3384 1610 3443 1664 in

1858 1686 2059 1745 Filium
2073 1691 2189 1759 Dei,
2212 1694 2366 1748 habet
2388 1697 2547 1750 tritam
2562 1706 2840 1755 cateruam.
2866 1697 2972 1764 Qui
2992 1708 3169 1756 autem
3188 1702 3440 1763 incredu-

146 1808 298 1864 pore
320 1792 375 1846 in
412 1806 519 1845 una
539 1794 712 1846 'causa
750 1789 891 1844 Deus
934 1795 1224 1859 utrumque
1251 1788 1591 1859 conspiciens
1610 1787 1755 1843 idem
1777 1861 1813 1865 _
1858 1779 1941 1836 ιυε
1960 1793 2036 1837 est
2055 1784 2169 1853 ﬁlio
2188 1803 2295 1841 non
2320 1788 2506 1845 videbit
2534 1789 2721 1856 vitam,
2747 1792 2839 1845 sed
2860 1791 2944 1847 ira
2971 1790 3070 1847 Dei
3083 1803 3267 1849 .manet
3287 1809 3444 1865 super

152 1861 370 1941 iactum
389 1883 840 1949 misericorditer,
863 1881 1523 1952 factumquefallaciteret
1544 1883 1749 1938 bonum

1871 1876 2192 1953 rum(Ibid.).

150 1976 552 2043 remuneravit,
586 1984 641 2030 et
688 1982 909 2046 propter
958 1976 1063 2031 hoc
1112 1975 1313 2031 bonum
1363 1975 1495 2032 illud
1549 1975 1752 2032 malum
1806 2045 1810 2049 η

148 2069 386 2140 ignovit.

235 2160 416 2217 Nolite
444 2160 614 2215 zelare
635 2169 853 2215 mortem
888 2162 943 2214 in
973 2175 1149 2215 errore
1200 2161 1318 2215 vitta
1342 2168 1551 2227 vestrae,
1588 2177 1754 2232 neque

146 2238 449 2328 acquiratis
494 2254 837 2326 perditionem
882 2255 937 2308 in
975 2253 1215 2324 operibus
1258 2271 1515 2309 manuum
1566 2264 1757 2310 vestra-

150 2365 301 2402 rum.
342 2345 605 2414 Quoniam
654 2346 797 2402 Deus
832 2356 1050 2401 mortem
1075 2353 1201 2419 Lnon
1229 2345 1368 2416 fecit,
1428 2362 1520 2401 nec
1543 2347 1758 2402 lwtatur

148 2441 213 2494 in
261 2440 557 2511 perditione
617 2439 873 2493 virorum.
913 2436 1176 2508 Superius
1210 2438 1517 2492 numeravit
1542 2453 1606 2493 ea
1635 2453 1757 2509 qua:

152 2532 326 2588 noxia
353 2531 559 2587 homini
602 2538 780 2596 erant,
821 2531 924 2586 hoc
954 2538 1057 2597 est,
1101 2532 1616 2598 murmurationem,
1666 2531 1755 2587 de-

152 2627 510 2693 tractionem,
560 2632 614 2680 et
661 2624 1023 2690 mendacium,
1065 2640 1094 2678 a
1146 2625 1342 2695 quibus
1383 2642 1442 2683 se
1492 2627 1759 2682 custodiri

152 2719 440 2792 przecepit.
488 2717 643 2772 Nunc
670 2718 814 2773 idem
867 2717 988 2772 aliis
1036 2718 1216 2773 verbis
1270 2718 1498 2788 replicat
1527 2728 1587 2773 ut
1614 2719 1759 2775 scili-

154 2819 249 2866 cet
289 2825 351 2865 ea
379 2825 499 2880 qua:
537 2809 701 2864 morti
750 2809 986 2865 obnoxia
1035 2818 1165 2865 sunt
1193 2825 1264 2865 ne
1290 2809 1576 2878 faciamus,
1631 2826 1760 2882 quo-

154 2904 310 2959 niam
338 2903 450 2959 Deo
478 2903 734 2959 interitus
763 2909 951 2957 noster
976 2917 1086 2957 non
1120 2902 1319 2972 placet,
1368 2903 1460 2972 qui
1490 2904 1607 2959 vult
1636 2917 1756 2958 om-

154 3012 262 3055 nes
287 2996 539 3052 homines
566 2996 746 3050 salvos
783 3009 923 3062 esse,
954 3003 1010 3050 et
1039 2996 1107 3051 ad
1136 2997 1470 3068 agnitionem
1505 2998 1760 3054 veritatis

155 3089 469 3165 pervenire.
498 3086 600 3156 Qui
628 3102 727 3159 per
746 3087 1070 3157 prophetam
1098 3088 1173 3141 ait
1208 3106 1220 3141 :
1257 3087 1435 3154 Quare
1460 3089 1760 3144 moriemini

156 3180 548 3247 domuslsrael
566 3181 591 3235 Ζ)
623 3181 749 3253 quia
780 3180 899 3235 nolo
930 3190 1150 3235 mortem
1182 3182 1455 3236 morientis
1480 3182 1606 3236 dicit
1650 3182 1761 3237 Do-

2505 1974 2733 2031 CAPUT
2780 1975 2865 2033 IV.

1868 2088 1967 2145 Ubi
2015 2091 2181 2163 impii,
2239 2093 2569 2162 desperantes
2616 2092 2680 2147 de
2719 2092 2888 2148 salute
2925 2110 3044 2159 sua,
3091 2102 3349 2159 perituros
3391 2112 3446 2151 se

1935 2172 2195 2228 asserunt,
2256 2173 2305 2216 et
2371 2164 2732 2218 tantummodo
2760 2164 2817 2219 in
2844 2164 3097 2235 praesenti
3132 2165 3325 2221 seculo
3371 2167 3447 2223 uin

1934 2242 2108 2288 οιανοε
2114 2273 2127 2287 .

1941 2344 2092 2416 (Cap.
2133 2344 2218 2419 ιι.)
2255 2344 2509 2401 Dixerunt
2535 2346 2672 2400 enim
2720 2346 2867 2418 impii
2913 2347 3054 2418 apud
3083 2364 3137 2403 se
3165 2350 3449 2421 cogitantes

1864 2455 1969 2493 non
1994 2447 2126 2493 recte
2152 2452 2170 2490 :
2199 2437 2467 2509 Exiguum
2493 2447 2541 2493 et
2560 2454 2677 2493 cum
2702 2426 2860 2495 ta’dio
2891 2449 2965 2494 est
2992 2449 3193 2512 tempus
3214 2442 3332 2497 vita:
3360 2459 3453 2498 no-

1863 2540 2011 2597 strte,
2036 2540 2085 2585 et
2114 2546 2217 2585 non
2239 2539 2313 2591 est
2337 2528 2671 2603 refrigerium
2696 2530 2749 2585 in
2773 2529 2877 2599 ﬁne
2902 2531 3150 2603 hominis,
3174 2540 3221 2586 et
3244 2549 3348 2588 non
3374 2542 3449 2590 est

1866 2623 1963 2692 qui
2013 2621 2228 2691 agnitus
2267 2621 2332 2676 sit
2383 2637 2614 2677 reversus
2665 2621 2730 2676 ab
2770 2621 2996 2691 inferis:
3021 2623 3146 2694 quia
3176 2639 3242 2679 ex
3288 2623 3453 2678 nihilo

1866 2716 1978 2770 nati
2013 2730 2216 2779 sumus,
2246 2723 2293 2769 et
2332 2723 2445 2785 post
2475 2715 2570 2768 hoc
2597 2715 2814 2783 erimus,
2842 2724 3092 2786 tanquam
3134 2716 3185 2780 si
3213 2733 3320 2771 non
3342 2717 3456 2788 fue-

1864 2808 2066 2871 rimus;
2087 2807 2337 2877 quoniam
2359 2806 2536 2875 funtus
2549 2816 2597 2863 et
2619 2808 2780 2878 ﬂatus
2803 2816 2878 2862 est
2900 2807 2957 2869 in
2984 2807 3201 2873 ausibus
3225 2808 3453 2873 rwstris;

1862 2913 1913 2958 et
1963 2919 2133 2961 sermo
2186 2900 2429 2959 scintilla:
2458 2901 2527 2959 ad
2575 2901 3003 2965 commovetsz
3028 2918 3123 2966 cor
3169 2912 3404 2967 nostrum
3437 2915 3455 2951 :

1862 2996 1990 3066 quia
2015 2995 2304 3051 exstinctus
2333 2993 2464 3051 cinis
2489 2994 2587 3049 erit
2627 3009 2815 3063 corpus
2846 3002 3105 3060 nostrum,
3146 3002 3201 3058 “et
3239 2994 3456 3064 spiritus

1864 3088 2234 3159 diffundantur
2284 3097 2535 3157 tanquam
2578 3085 2757 3145 mollis
2791 3103 2903 3153 aer,
2944 3095 3000 3147 .et
3050 3086 3296 3149 transibit
3350 3086 3456 3141 vita

1864 3190 2049 3235 nostra
2094 3190 2348 3252 tanquam
2371 3179 2648 3250 uestigium
2668 3179 2843 3246 nubis,
2872 3188 2921 3235 et
2962 3179 3097 3241 sicut
3128 3177 3319 3241 nebula
3348 3177 3459 3239 dis—

158 3274 340 3329 minus
382 3272 525 3329 Deus
574 3272 791 3347 (Ezech.
845 3273 1027 3343 xvm).
1074 3273 1432 3330 Revertimini
1462 3283 1517 3330 et
1576 3276 1762 3334 vivite.
1796 3277 1842 3341 C
1873 3274 2124 3341 soluetur,
2155 3292 2273 3347 quae
2299 3275 2484 3345 fugata
2505 3283 2581 3329 est
2615 3291 2650 3328 ιι
2674 3273 2840 3328 radiis
2863 3272 3010 3337 solis,
3055 3282 3105 3329 et
3135 3290 3167 3329 a
3195 3271 3373 3329 calore
3393 3271 3461 3325 il-

160 3364 312 3423 Deus
337 3366 482 3420 enim
516 3373 708 3420 auctor
732 3365 920 3421 salutis
942 3382 1050 3421 non
1079 3368 1401 3439 perditionis
1426 3377 1626 3424 nostra
1655 3378 1761 3437 est,

163 3455 263 3527 qui
284 3456 409 3511 vidit
427 3465 611 3511 cuncta
633 3456 914 3529 quat-fecit,
930 3467 979 3513 et
999 3470 1149 3513 erant
1168 3459 1321 3514 valde
1341 3461 1498 3514 bona.
1518 3461 1624 3517 Sed
1642 3461 1767 3532 jux-

167 3553 227 3600 ta
272 3543 610 3616 Apostolum,
658 3545 987 3619 Stipendium
1024 3551 1225 3622 peccati
1264 3561 1339 3607 est
1393 3569 1553 3619 mors,
1590 3554 1764 3625 gratia

167 3646 351 3692 autem
376 3637 477 3693 Dei
498 3639 601 3693 vita
626 3649 821 3695 (eterna
839 3641 1011 3712 (Rom.
1040 3643 1140 3715 γι).
1190 3669 1200 3682 -

240 3730 449 3786 Creavit
469 3734 608 3789 enim
632 3743 688 3788 ut
715 3744 883 3790 essent
904 3737 1080 3791 omnia
1107 3754 1125 3803 ;
1156 3744 1203 3790 et
1234 3736 1499 3793 sanabiles
1513 3738 1637 3809 fecit
1671 3756 1767 3794 na-

166 3825 337 3879 tiones
365 3823 505 3879 orbis
537 3833 841 3893 terrarum;
879 3837 925 3881 et
949 3844 1053 3883 non
1080 3838 1156 3883 est
1188 3828 1295 3884 illis
1320 3830 1763 3886 medicamentum

167 3918 492 3985 exterminii,
540 3935 632 3974 nec
656 3920 947 3990 inferorum
991 3938 1207 3993 regnum
1230 3924 1285 3978 in
1314 3932 1474 3979 terra.
1504 3923 1617 3981 Hac
1645 3941 1767 3981 sen-

171 4011 344 4067 tentia
371 4012 511 4068 sicut
540 4021 595 4068 et
617 4013 673 4067 in
701 4013 885 4085 priore
916 4013 1302 4070 manifestatur
1327 4016 1471 4088 quod
1498 4017 1766 4075 Dominus

172 4113 259 4161 est
312 4112 502 4161 auctor
550 4107 822 4162 bonorum
876 4120 1101 4176 operum
1150 4123 1258 4163 non
1309 4109 1595 4175 malorum,
1644 4111 1766 4166 ideo

162 4196 349 4269 justus
378 4207 465 4254 est
485 4197 674 4271 iudex,
717 4200 810 4270 qui
841 4200 1083 4256 vindicat
1132 4216 1330 4270 pravos
1357 4209 1510 4257 actus
1548 4210 1602 4258 et
1630 4219 1756 4274 pec-

171 4300 319 4347 cata.
342 4290 453 4349 Nec
474 4291 803 4347 necessitate
836 4306 1127 4362 peccamus
1141 4291 1270 4347 dum
1296 4292 1643 4363 deliquimus,
1671 4296 1767 4351 sed

171 4398 431 4455 perversa
478 4383 759 4443 voluntate
791 4399 911 4454 qum
961 4398 1027 4439 ex
1058 4384 1218 4441 liberi
1275 4386 1486 4441 arbitrii
1520 4389 1767 4457 procedit

175 4478 455 4550 qualitate.
500 4477 609 4535 Nos
666 4478 837 4535 Deum
862 4478 1069 4548 justum
1098 4488 1152 4535 et
1174 4482 1377 4536 bonum
1409 4482 1489 4538 sic
1516 4483 1766 4541 humanae

174 4571 517 4639 substantias,
559 4580 614 4628 et
658 4575 981 4630 interiorum
1023 4575 1468 4649 exteriorumque
1505 4594 1764 4635 sensuum

1870 3365 1974 3421 lius
2016 3375 2304 3437 aggravata
2331 3383 2350 3430 ;
2400 3375 2450 3421 et
2472 3381 2663 3421 nomen
2713 3374 2954 3421 nostrum
2984 3363 3298 3423 obliuionem
3322 3363 3463 3421 acci-

1868 3461 1972 3531 piet
2013 3475 2106 3530 per
2127 3470 2354 3529 tempus,
2385 3467 2434 3513 et
2488 3473 2638 3513 uento
2664 3457 2974 3515 memoriam
3002 3455 3212 3512 habebit
3247 3471 3461 3526 operum

1868 3560 2188 3607 nostrorum.
2210 3549 2418 3606 Umbrae
2428 3551 2568 3607 enim
2582 3550 2844 3613 tmnsitus
2860 3559 2945 3609 est
2968 3558 3173 3619 tempus
3189 3556 3429 3605 nostrum
3440 3589 3454 3614 ,

1867 3653 1918 3698 et
1973 3659 2078 3698 non
2112 3652 2187 3699 est
2226 3643 2451 3698 reversio
2488 3643 2611 3712 ﬁnis
2638 3643 2824 3707 nostri,
2858 3642 3113 3714 quoniam
3144 3641 3461 3712 consignata

1867 3748 1967 3807 est,
1991 3749 2039 3796 et
2065 3757 2215 3797 nemo
2264 3742 2556 3796 revertitur.
2600 3738 2777 3795 Venite
2800 3755 2946 3811 ergo,
2967 3748 3018 3794 et
3041 3738 3286 3809 fruamur
3312 3736 3462 3792 bonis

1866 3852 1985 3906 qua:
2005 3844 2148 3901 sunt,
2200 3843 2251 3889 et
2277 3842 2491 3888 utamur
2536 3842 2783 3895 creatura
2828 3842 3081 3905 tauquam
3115 3832 3173 3886 in
3192 3830 3466 3901 iuuentute

1870 3928 2123 3983 celeriter.
2167 3925 2302 3983 Vino
2325 3928 2554 3997 pretioso
2601 3935 2649 3979 et
2688 3925 2969 3996 unguentis
2996 3940 3089 3978 nos
3120 3920 3466 3993 impleamus;

1867 4030 1916 4076 et
1944 4037 2047 4075 non
2078 4029 2355 4092 pratereat
2403 4035 2499 4073 nos
2544 4020 2642 4089 ﬂos
2688 4019 2955 4089 temporis.
3004 4016 3328 4079 Carmelus
3370 4029 3466 4068 nos

1868 4112 2022 4177 rosis,
2105 4120 2386 4183 antequam
2432 4121 2759 4166 marcescant
2788 4125 2807 4162 :
2830 4110 3037 4165 nullum
3102 4116 3318 4179 pratum
3373 4107 3467 4172 sit,

1868 4204 2007 4276 quod
2033 4219 2139 4258 non
2174 4213 2506 4274 pertranseat
2526 4203 2744 4257 luxuria
2773 4211 2973 4257 nostra.
3029 4200 3202 4256 Nm
3234 4206 3468 4254 uestrum

1867 4315 2020 4355 exors
2046 4300 2111 4352 sit
2138 4298 2370 4352 luxuriae
2408 4306 2644 4353 nostra:
2678 4298 2869 4367 ubique
2911 4294 3268 4365 relinth
3311 4293 3464 4363 signa

1868 4392 2067 4447 laetitiis
2090 4404 2108 4442 :
2135 4391 2385 4462 quoniam
2408 4390 2523 4444 hac
2543 4398 2619 4443 est
2643 4405 2766 4459 pars
2792 4397 2988 4453 nostra,
3012 4396 3061 4441 et
3095 4388 3209 4441 hac
3228 4393 3304 4440 est
3332 4400 3468 4443 sors.

1868 4485 1997 4542 Haec
2020 4501 2124 4541 vox
2177 4484 2515 4555 perditorum
2551 4490 2655 4547 est,
2707 4481 2801 4551 qui
2858 4492 3008 4535 more
3037 4480 3323 4534 brutorum
3345 4476 3468 4535 ani-

1872 4578 2097 4633 malium
2120 4575 2390 4647 aspiciunt
2425 4575 2480 4629 in
2515 4572 2827 4644 praesentia.
2863 4585 2968 4627 nec
3003 4570 3247 4642 cogitent
3273 4568 3343 4625 de
3386 4567 3473 4623 tu-

174 4664 425 4720 novimus
453 4674 780 4736 creatorem,
812 4677 873 4724 ut
916 4684 1141 4741 prorsus
1188 4670 1374 4731 abillo
1402 4673 1473 4728 sit
1510 4674 1773 4746 quidquid
1798 4654 1853 4713 Β
1878 4672 2036 4738 turis,
2070 4685 2245 4741 neque
2281 4679 2405 4741 post
2453 4668 2613 4738 hujus
2657 4667 2783 4723 vita:
2834 4665 3124 4722 terminum
3173 4677 3326 4734 spem
3374 4662 3475 4717 ha-

174 4759 413 4830 pertinet
457 4760 524 4815 ad
563 4771 836 4829 naturam,
890 4769 946 4818 et
993 4777 1219 4836 prorsus
1252 4765 1319 4820 ab
1372 4766 1465 4822 illo
1523 4782 1629 4822 non
1679 4768 1770 4834 sit,

176 4849 441 4922 quidquid
476 4860 665 4907 contra
695 4861 947 4909 naturam
991 4863 1094 4910 est.
1120 4854 1410 4915 Peccatum
1439 4867 1620 4916 autem
1644 4876 1772 4916 con-

180 4950 267 4998 tra
295 4952 547 4999 naturam
579 4952 685 5013 eSt,
712 4946 800 5003 v’de
848 4963 956 5018 quo
982 4961 1130 5002 mors
1164 4960 1219 5005 et
1258 4952 1441 5007 omnia
1479 4968 1598 5022 qum
1651 4960 1778 5007 sunt

180 5036 373 5093 mortis
407 5038 675 5096 oriuntur.
717 5040 925 5110 Quibus
947 5047 1105 5103 malis
1130 5055 1258 5103 tunc
1300 5062 1359 5103 se
1396 5048 1560 5103 homo
1601 5047 1775 5103 induit

181 5132 396 5202 quando
442 5132 592 5189 illum
644 5133 751 5191 ﬁde
804 5136 1216 5212 obedientiaque
1243 5141 1517 5213 privatum
1552 5140 1606 5194 in
1645 5155 1772 5195 suas

180 5226 570 5297 promissiones
613 5227 861 5286 diabolus
915 5248 945 5287 a
992 5233 1107 5304 lege
1143 5235 1240 5289 Dei
1297 5234 1560 5299 traduxit,
1591 5232 1776 5287 omnia

184 5315 285 5372 sibi
357 5320 691 5389 posteritatis
760 5322 877 5397 ejus
944 5327 1188 5392 germina
1253 5342 1350 5397 per
1411 5325 1777 5381 conditionem

186 5406 459 5477 deputatae
490 5409 676 5482 stirpis
723 5412 1035 5473 obstrinxit.
1067 5416 1143 5472 De
1180 5434 1287 5488 quo
1327 5419 1504 5475 adhuc
1551 5416 1776 5471 subiun-

184 5498 349 5573 gitur.

258 5588 477 5646 Iustitia
487 5596 621 5647 enim
636 5604 883 5668 perpetua
900 5606 972 5652 est
986 5606 1033 5652 et
1045 5598 1664 5671 immortalis.’lnjustitia
1687 5618 1782 5654 au-

190 5691 289 5738 tem
315 5687 496 5741 mortis
530 5698 604 5742 est
633 5691 929 5761 acquisitio.
952 5692 1111 5763 Impii
1134 5702 1306 5746 autem
1336 5695 1578 5748 manibus
1604 5703 1651 5746 et
1672 5710 1781 5747 rer-

194 5777 272 5833 bis
301 5785 651 5839 accersierunt
680 5784 825 5839 illam
860 5800 876 5837 :
905 5796 951 5840 et
1012 5786 1326 5840 mstimantes
1358 5786 1503 5840 illam
1533 5789 1783 5853 amicam,

196 5873 548 5947 deﬂuxerunt,
582 5885 628 5932 et
664 5877 963 5948 sponsiones
988 5885 1272 5948 posuerunt
1320 5875 1388 5930 ad
1433 5873 1579 5931 illam
1613 5891 1628 5929 :
1660 5896 1789 5949 quo-

1879 4766 2008 4821 bent
2028 4763 2190 4819 ullam
2220 4770 2438 4817 aeternae
2460 4760 2683 4831 quietis,
2725 4758 2793 4813 de
2843 4756 3095 4828 qualibus
3120 4768 3221 4825 per
3243 4752 3471 4825 psalmi-

1880 4869 2018 4917 stam
2042 4859 2239 4915 dicitur
2266 4876 2279 4913 :
2306 4856 2479 4911 Homo
2510 4872 2629 4910 cum
2680 4856 2738 4909 in
2761 4854 2958 4908 honore
3007 4858 3136 4906 esset
3187 4865 3291 4903 non
3314 4845 3472 4902 intel-

1880 4951 2028 5018 lexit,
2060 4927 2392 5022 comparatus
2417 4956 2492 5002 est
2513 4946 2769 5017 jumentis
2800 4942 3186 5014 insipientibus,
3218 4948 3269 4994 et
3289 4938 3475 4995 similis

1882 5044 2054 5114 factus
2079 5052 2152 5097 est
2192 5041 2297 5096 illis
2340 5039 2516 5113 (Psal.
2546 5037 2759 5109 vam).
2810 5036 3054 5104 Quorum
3080 5048 3269 5090 vocem
3304 5032 3475 5088 Isaias

1851 5136 2146 5207 propheta
2176 5134 2423 5206 increpat
2448 5133 2633 5189 dicens
2671 5149 2684 5185 :
2730 5129 2956 5185 Biristis
2988 5128 3127 5183 enim
3159 5142 3177 5181 :
3204 5123 3478 5180 Percussi-

1882 5242 1997 5281 mus
2025 5226 2194 5296 ftedus
2219 5242 2338 5280 cum
2360 5233 2546 5289 morte,
2593 5231 2641 5277 et
2671 5236 2791 5275 cum
2840 5220 3049 5290 inferno
3088 5217 3344 5288 faciemus
3371 5232 3473 5287 pa-

1884 5328 2044 5373 ctum.
2090 5315 2390 5388 Flagellum
2413 5314 2676 5370 inundans
2710 5328 2827 5366 cum
2860 5309 3128 5365 transierit
3169 5324 3274 5363 non
3299 5308 3475 5362 veniet

1885 5426 2041 5482 super
2062 5426 2176 5475 nos,
2205 5409 2331 5480 quia
2353 5404 2596 5478 ponimus
2627 5403 2959 5458 mendacium
2980 5417 3122 5473 spent
3146 5409 3403 5465 nostram,
3428 5405 3479 5453 et

1888 5501 2162 5556 mendacio
2206 5498 2422 5571 protecti
2476 5512 2657 5550 sumus
2697 5494 2834 5566 (Isa.
2866 5492 3081 5563 xxvm).
3129 5492 3337 5549 Idcirco
3362 5491 3478 5546 haec

1893 5593 2023 5651 dicit
2064 5590 2328 5645 Dominus
2361 5607 2373 5641 :
2407 5585 2612 5641 Ponam
2630 5585 2897 5656 judicium
2943 5585 3000 5640 in
3026 5583 3278 5656 pondere,
3312 5589 3359 5635 et
3376 5581 3473 5650 ju-

1893 5688 2087 5742 stitiam
2111 5687 2165 5739 in
2188 5698 2471 5746 mensura;
2500 5690 2544 5734 et
2576 5678 2832 5734 subvertet
2875 5677 3076 5749 grando
3103 5691 3245 5733 suem
3261 5672 3478 5728 menda-

1895 5783 1982 5848 cii,
2010 5790 2055 5834 et
2089 5778 2454 5849 protectioucm
2486 5792 2636 5847 aqua:
2666 5774 2991 5840 immdantis,
3025 5781 3074 5827 et
3102 5770 3357 5825 delebitur
3376 5767 3477 5838 fma
3540 5802 3547 5811 .

1896 5876 1993 5931 dus
2036 5884 2255 5929 vestrum
2286 5888 2400 5925 cum
2446 5882 2607 5925 morte
2664 5881 2709 5924 et
2756 5878 2966 5942 paetum
3007 5875 3228 5921 vestrum
3254 5862 3479 5922 cumin-z
