3882 6458
601 394 709 454 679

1267 390 1329 447 Β.
1371 390 1629 448 RABANI
1670 390 1893 449 MAURI
1932 389 2253 448 ARCHIEP.
2294 386 2605 447 MOGUNT.
2647 388 2933 448 OPERUM
2971 391 3151 450 PARS
3185 393 3228 449 l.

3678 409 3733 468 ϐυ

599 509 751 580 ferna
778 523 881 562 non
901 507 1079 561 stabit.
1118 506 1418 578 Flagellum
1439 508 1705 563 inundans
1728 523 1847 562 eum
1890 506 2179 571 transierit,
2209 506 2263 568 Α
2286 504 2568 573 sphemuui
2597 502 2902 567 interﬁcere
2934 504 3264 576 cogitabant.
3297 507 3448 564 Unde
3490 510 3733 590 inlisam,

597 602 741 654 eritis
791 600 839 653 ei
868 599 925 653 in
949 597 1420 664 conculcationem,
1458 599 1875 671 quandocunque
1920 606 2186 669 pertrans-

593 692 713 746 ierit
739 690 883 745 tollet
928 707 1015 745 vos
1063 690 1198 763 (lea.
1241 690 1460 763 xxvm).
1513 690 1612 773 (lui
1662 690 1817 761 paria
1843 690 2013 773 Amos
2058 704 2185 760 pro-

592 781 757 852 pheta
798 780 1022 853 protulit
1047 781 1233 838 dicens
1259 800 1271 836 :
1315 780 1402 836 Va:
1421 782 1512 852 qui
1529 764 1762 852 opulenti
1783 764 1928 847 estis,
1953 789 2000 835 et
2028 796 2185 849 sepa-e

594 883 695 936 rati
723 882 780 935 in
814 878 953 933 diem
980 874 1204 941 malum,
1232 883 1282 929 et
1309 873 1742 944 appropinquatis
1768 871 1900 928 solio
1934 870 2186 942 iniquita-

589 973 691 1037 tis;
740 971 831 1043 qui
854 967 1101 1024 dormitis
1132 967 1189 1021 in
1235 964 1382 1020 lectis
1414 964 1675 1031 eburneis,
1727 974 1776 1019 et
1824 963 2076 1019 lascivitis
2124 963 2181 1018 in

587 1063 770 1120 stratis
817 1060 1042 1125 vestris;
1086 1057 1189 1128 'qui
1253 1055 1527 1111 comeditis
1571 1072 1765 1127 agnum
1808 1057 1874 1111 de
1914 1072 2085 1127 grege,
2128 1064 2180 1110 et

586 1156 775 1211 vitulos
824 1154 889 1209 de
955 1150 1129 1207 medio
1188 1148 1455 1215 armenti;
1509 1147 1599 1219 qui
1640 1148 1830 1204 canitis
1876 1147 1946 1202 ad
2003 1163 2177 1203 vocem

582 1246 842 1318 psalterii,
889 1246 1025 1301 sicut
1066 1241 1242 1298 David
1261 1249 1576 1313 putaverunt
1596 1256 1652 1296 se
1677 1240 1864 1296 habere
1886 1256 2013 1295 vasa
2041 1257 2173 1296 can-

583 1338 695 1392 tici.
741 1336 984 1392 Bibentes
1019 1335 1195 1390 vinum
1239 1333 1295 1388 in
1342 1330 1559 1403 phialis,
1590 1341 1641 1388 et
1679 1333 1874 1404 optimo
1909 1341 2173 1404 unguento

581 1430 832 1486 delibuti.
863 1437 913 1486 et
938 1428 1070 1484 nihil
1086 1427 1424 1499 patiebantur
1441 1442 1600 1498 super
1614 1426 1928 1482 contritione
1951 1426 2169 1499 Ioseph.

582 1519 914 1592 Quapropter
959 1535 1100 1574 nunc
1140 1516 1441 1589 migrabunt
1472 1517 1530 1572 in
1578 1518 1748 1589 capite
1788 1518 2172 1590 transmigran-

577 1611 732 1677 tium,
774 1619 825 1666 et
874 1610 1149 1680 auferetur
1198 1609 1360 1680 factio
1413 1608 1797 1664 lascivientium
1843 1609 2027 1682 (Amos
2067 1609 2165 1683 vr).

574 1698 643 1755 Et
679 1700 924 1757 iterum:
957 1698 1068 1755 Pro
1110 1716 1170 1755 eo
1212 1700 1352 1771 quod
1400 1698 1731 1770 diripiebatis
1770 1716 2080 1770 pauperem,
2117 1709 2169 1755 et

571 1792 809 1863 praedam
829 1791 1048 1846 electam
1087 1789 1351 1846 tollebatis
1397 1790 1462 1844 ab
1487 1806 1548 1844 eo
1604 1790 1790 1845 domos
1826 1790 2033 1861 quadra
2086 1790 2167 1846 la-

2285 597 2550 667 scriptum
2577 604 2659 652 est
2683 616 2695 651 :
2722 596 3059 652 Sustulerunt
3086 598 3288 671 lapides
3310 599 3483 657 Iudaei
3506 644 3520 671 ,
3556 609 3733 681 πω.

2285 696 2397 742 rent
2441 704 2580 742 eum.
2628 687 2910 759 Respondit
2959 690 3035 744 eis
3080 690 3274 746 Iesus:
3305 691 3472 748 Multa
3515 712 3632 767 opem
3664 706 3734 763 ια)

2283 784 2486 838 ostendi
2514 784 2657 839 vobis
2685 801 2749 839 ex
2777 782 2940 840 Patre
2971 802 3106 850 meo,
3152 796 3366 857 propter
3388 790 3518 859 quod
3548 809 3674 851 ωηιι
3694 803 3733 855 ιι

2279 872 2475 943 pidatis
2527 873 2649 928 me?
2701 873 3101 945 Responderunt
3158 893 3283 947 ergo
3346 877 3515 935 Iudici
3541 883 3637 940 :De
3667 890 3734 946 te.

2281 979 2433 1034 opere
2462 982 2566 1020 non
2591 964 2890 1037 lapidamus
2917 976 2988 1033 te,
3009 968 3100 1022 sed
3130 968 3193 1023 de
3215 968 3546 1041 blasphemia,
3568 985 3607 1030 et
3621 980 3735 1048 quin;

2279 1054 2435 1110 homo
2467 1073 2587 1111 cum
2615 1060 2687 1112 sis
2704 1098 2720 1123 ,
2767 1057 2903 1128 facis
2948 1060 3170 1131 teipsum
3195 1059 3394 1130 Deum,
3419 1071 3516 1119 etc.
3544 1064 3674 1137 (Im.
3697 1072 3733 1139 ιι

2278 1146 2483 1202 lnvidia
2509 1147 2657 1203 enim
2684 1148 2924 1221 instigati
2949 1165 3059 1205 non
3092 1151 3221 1220 quid
3252 1151 3373 1223 ipse
3402 1160 3735 1232 agereth

2275 1238 2377 1309 ipsi
2406 1254 2567 1311 agere
2595 1239 2869 1297 noluerint
2887 1252 3198 1312 pensantes,
3225 1243 3285 1298 in
3302 1243 3439 1301 lucis
3457 1247 3736 1310 radiisohten.

2276 1329 2630 1398 brescebant;
2663 1332 2806 1388 unde
2843 1332 3214 1404 hujuscemodi
3241 1335 3411 1392 verba
3440 1336 3537 1393 illis
3564 1345 3735 1399 conisus

2271 1420 2423 1489 bant,
2454 1430 2515 1478 ut
2564 1422 2850 1480 dicerent:
2888 1422 3076 1481 Gravis
3105 1436 3183 1482 est
3214 1428 3381 1482 etiam
3408 1430 3543 1484 nobis
3565 1432 3618 1485 ad
3640 1434 3735 1490 tilia-

2270 1515 2418 1583 dum,
2447 1516 2700 1588 quoniam
2739 1516 3011 1573 dissimilis
3041 1528 3117 1574 est
3138 1518 3262 1574 aliis
3292 1520 3397 1575 vita
3427 1519 3575 1588 illius,
3593 1526 3735 1580 etsbai

2269 1617 2363 1664 net
2386 1624 2446 1666 se
2473 1625 2507 1666 a
2547 1609 2651 1667 viis
2686 1611 2892 1668 nostris
2936 1620 3195 1684 tanquam
3242 1614 3316 1671 ab
3371 1613 3678 1673 immunditiis.
3705 1619 3735 1673 ii

2268 1702 2396 1773 quia
2430 1703 2498 1760 de
2539 1702 2723 1760 futura
2759 1705 2872 1760 vita
2911 1720 3022 1762 non
3051 1706 3402 1779 cogitabant,
3455 1708 3562 1765 ideo
3595 1710 3735 1782 prdem

2270 1810 2381 1851 sua:
2408 1794 2674 1867 voluptati
2702 1797 3001 1854 novissima
3048 1796 3331 1867 iustorum
3356 1841 3372 1867 ,
3427 1799 3521 1857 hoc
3541 1810 3634 1867 est,
3657 1819 3735 1873 ςμ

571 1883 692 1953 pide
722 1881 1078 1951 wdiﬁcabitis,
1117 1890 1167 1936 et
1192 1898 1296 1936 non
1341 1879 1703 1935 inhabitabilis
1739 1880 1793 1935 in
1820 1881 1932 1947 eis;
1986 1881 2164 1938 vineas
2192 1882 2243 1946 B
2268 1885 2464 1943 futurae
2512 1887 2639 1943 vitae
2689 1887 2976 1957 dolebant;
3019 1889 3255 1961 indeque
3282 1892 3480 1962 .pravis
3502 1893 3680 1948 consiliis
3705 1896 3735 1947 at

570 1975 963 2030 amantissimas
983 1974 1312 2046 plantabitis,
1335 1983 1384 2029 et
1413 1989 1517 2028 non
1544 1973 1727 2030 bibetis
1753 1974 1930 2029 vinum
1944 1990 2162 2031 earum:

568 2063 694 2136 quia
714 2064 930 2135 cognovi
948 2062 1116 2117 multa
1134 2063 1332 2118 scelera
1350 2074 1548 2131 vestra,
1572 2072 1621 2119 et
1639 2062 1804 2134 fortia
1827 2075 2042 2136 peccata
2072 2082 2161 2123 ve-

566 2165 698 2212 stra.
728 2154 1041 2226 Sequuntur
1064 2156 1243 2212 adhuc
1269 2156 1580 2228 voluptuosi
1607 2166 1773 2229 atque
1812 2158 2060 2217 hzeretici
2103 2169 2162 2217 et

565 2246 773 2304 addunt
798 2246 917 2304 hac
937 2246 1215 2319 prioribus
1236 2248 1397 2304 dictis
1434 2248 1567 2307 suis.

1185 2362 1413 2421 CAPUT
1453 2362 1514 2419 V.

563 2475 880 2553 Consilium,
905 2481 1187 2553 impiorum
1226 2481 1541 2538 Iudtvorum
1570 2484 1820 2539 adversus
1852 2484 2155 2552 Christum,

631 2551 987 2628 tractantium
1006 2552 1073 2608 de
1096 2562 1263 2628 morte
1289 2554 1426 2624 ejus,
1455 2564 1503 2609 et
1515 2556 1860 2628 causantium
1878 2572 1997 2611 eum
2014 2551 2157 2628 quod

630 2621 739 2695 ipse
760 2622 1135 2709 improperaret
1160 2624 1234 2679 eis
1263 2621 1477 2696 peccata
1505 2624 1652 2697 legis.

679 2734 1005 2804 pprimamus
1024 2751 1307 2808 pauperem
1341 2736 1549 2807 justum
1574 2746 1624 2792 et
1653 2754 1757 2793 non
1777 2755 2059 2809 parcamus
2081 2741 2154 2795 vi-

558 2824 702 2891 dute,
726 2842 818 2881 nec
851 2830 1081 2883 veterani
1129 2846 1462 2885 revereamur
1505 2846 1666 2885 canos
1688 2831 1841 2886 multi
1883 2834 2149 2905 temporis.

555 2916 641 2973 Sit
675 2927 852 2973 autem
878 2917 1132 2989 fortitudo
1176 2931 1359 2977 nostra
1394 2922 1480 2978 lex
1518 2924 1750 2995 justitite
1774 2941 1793 2980 :
1834 2927 1973 2997 quod
2013 2928 2153 2983 enim

551 3008 823 3077 inﬁrmum
859 3019 935 3065 est
971 3011 1157 3067 inutile
1202 3013 1481 3069 invenitur.
1534 3014 1686 3073 Licet
1733 3017 1851 3073 haec
1886 3018 2152 3090 generali-

553 3106 639 3153 ter
665 3098 938 3168 pertinere
963 3102 1177 3172 possint
1200 3104 1269 3159 ad
1302 3119 1397 3162 eos
1416 3121 1509 3176 qui
1544 3115 1956 3164 contemnentes
1978 3108 2149 3165 Deum

2266 1973 2386 2045 ejus
2404 1974 2843 2035 interfectionem
2869 1978 3187 2047 tendebant,
3212 1982 3361 2053 quod
3396 1982 3733 2054 sequendam

2265 2067 2657 2126 demonstrant.
3792 2067 3793 2083 ἶ

2344 2159 2629 2218 Videamus
2673 2179 2797 2236 ergo
2826 2165 2875 2219 si
2905 2181 3169 2221 sermones
3199 2165 3349 2223 illius
3375 2169 3479 2223 veri
3508 2169 3609 2231 sint,
3628 2179 3733 2223 etta-

2261 2261 2449 2321 temus,
2479 2270 2597 2326 qua:
2627 2254 2807 2326 futura
2830 2256 2938 2312 sint
2962 2256 3074 2324 illi,
3111 2258 3344 2314 sciemus
3367 2274 3481 2330 qua:
3501 2269 3624 2315 erunt
3645 2261 3734 2312 nteit

2259 2345 2396 2401 sima
2424 2345 2587 2402 illius.
2624 2346 2687 2404 Si
2717 2348 2857 2404 enim
2904 2357 2983 2405 est
3036 2366 3188 2405 verus
3216 2348 3396 2405 Filius
3436 2349 3558 2416 Dei,
3591 2350 3733 2418 sudus

2259 2436 2434 2506 illum,
2456 2448 2507 2493 et
2532 2437 2771 2495 liberabit
2792 2457 2913 2496 eum
2933 2442 2999 2496 de
3023 2458 3188 2498 manu
3216 2443 3603 2498 contrariorum.
3621 2440 3733 2496 Cous

2258 2529 2416 2585 melia
2443 2540 2491 2586 et
2514 2540 2773 2588 tormento
2804 2533 3186 2606 interrogemus
3207 2552 3355 2602 eum,
3384 2545 3441 2590 ut
3466 2536 3732 2590 sciamusne-

2259 2624 2483 2678 rentiam
2527 2624 2694 2691 illius,
2724 2633 2775 2680 et
2800 2626 3076 2696 probemus
3096 2628 3417 2697 patientiam
3444 2629 3602 2699 ipsius.
3640 2625 3731 2679 lae

2255 2722 2563 2793 turpissima
2610 2722 3010 2779 condemnemus
3046 2722 3234 2790 illum;
3283 2724 3387 2779 efit
3412 2724 3539 2778 enim
3569 2721 3608 2776 ei
3636 2735 3729 2789 rupt-

2255 2821 2369 2867 ctus
2416 2829 2481 2868 ea:
2520 2813 2849 2868 sermonibus
2890 2813 3057 2869 illius.
3113 2813 3213 2871 His
3262 2815 3524 2872 concinna
3563 2813 3729 2882 deseriplt

2254 2913 2384 2978 sunt
2409 2906 2465 2961 in
2494 2906 2809 2979 Evangelio,
2839 2907 2933 2963 ubi
2983 2906 3273 2978 Pontiﬁces
3298 2919 3349 2964 et
3394 2905 3729 2963 Phariseicnsi-
3794 2905 3795 2979 ᾗ

2253 2996 2384 3051 lium
2414 2998 2669 3066 inierunt,
2688 3000 2951 3071 quomodo
2981 3000 3166 3056 Iesum
3210 3002 3376 3056 morti
3404 2997 3729 3063 traderent,etin
3794 2996 3795 3019 ³

2252 3104 2405 3143 cruce
2433 3090 2658 3160 positum
2697 3091 2956 3162 principes
2982 3094 3320 3150 sacerdotum
3347 3112 3464 3150 cum
3489 3092 3634 3148 scribis
3651 3100 3730 3145 rte-

550 3186 686 3242 nulli
722 3199 953 3260 parcunt
998 3193 1151 3249 sexui
1190 3203 1286 3250 aut
1334 3197 1514 3265 aetati,
1561 3198 1655 3255 sed
1684 3213 1783 3268 per
1823 3198 2147 3269 injustmam
2176 3252 2217 3269 Α
2250 3176 2487 3233 m'oribus
2538 3178 2816 3237 madentes
2861 3182 3103 3239 dicebant
3127 3200 3146 3239 :
3177 3184 3331 3242 Alios
3377 3186 3535 3241 salvos
3560 3183 3727 3254 fecit,»
3794 3180 3795 3183 “

550 3252 1036 3351 atque-avaritiam
1075 3300 1265 3342 omnes
1289 3252 1831 3359 ορρνίωξτξίγοὶυηι,
1859 3252 2041 3349 ᾧωεη
2064 3294 2144 3348 ηι-
2173 3252 2218 3316 C
2249 3268 2420 3340 ipsum
2462 3286 2566 3325 non
2595 3272 2779 3342 potest
2804 3272 3008 3329 salvum
3039 3274 3232 3342 facere.
3269 3275 3335 3333 Si
3376 3293 3465 3331 rex
3510 3271 3642 3329 Israel
3671 3278 3727 3331 ut.

548 3373 687 3431 tiore
708 3373 816 3431 ﬁne
846 3377 914 3431 ad
939 3377 1177 3448 perﬁdos
1205 3390 1585 3449 persecutores
1609 3383 2066 3453 Christianorum,
2087 3395 2145 3443 et

548 3465 836 3521 haereticos
864 3467 1036 3540 redigi
1055 3478 1301 3538 possunt,
1329 3472 1422 3542 qui
1445 3488 1741 3544 pauperem
1765 3475 2025 3533 Ecclesiae
2051 3493 2145 3548 po-

552 3557 739 3626 pulum
771 3558 885 3615 suis
916 3560 1172 3629 nequitiis
1199 3569 1364 3634 stque
1393 3566 1865 3635 perseeutionibus
1892 3579 2140 3639 gravant,

547 3658 604 3705 et
631 3649 849 3706 viduam
877 3650 1025 3706 illam
1052 3653 1120 3709 de
1157 3670 1265 3725 qua
1299 3656 1561 3727 scriptum
1583 3667 1710 3714 est:
1749 3659 1978 3717 Viduam
2026 3680 2143 3734 ejus

548 3740 855 3798 benedicens
869 3743 1190 3812 benedicam,
1205 3762 1458 3818 pauperes
1482 3748 1595 3817 ejus
1607 3759 1726 3804 satu
1734 3751 1860 3806 rabo
1880 3754 2104 3823 panibus
2119 3771 2139 3811 :

542 3832 780 3903 pessima
807 3834 1085 3892 voluntate
1123 3845 1408 3895 conterere
1451 3840 1711 3911 cogitant,
1741 3845 2142 3917 prophetasque

541 3931 599 3979 et
624 3926 897 3995 apostolos
923 3943 1062 3999 quos
1103 3937 1393 3987 veteranos
1420 3931 1510 3987 hic
1537 3934 1804 3999 nominat,
1831 3935 1887 3989 in
1922 3937 2038 3993 suis
2059 3938 2141 3995 di-

541 4014 646 4071 ctis
680 4018 1080 4086 reprehendere
1105 4020 1373 4088 nitentes;
1411 4036 1758 4095 nequaquam
1780 4025 1918 4098 legis
1946 4027 2140 4084 divina:

539 4106 752 4163 sancita
775 4110 1072 4177 custodire,
1100 4112 1197 4168 sed
1226 4113 1432 4170 erroris
1454 4114 1539 4171 sui
1576 4116 1733 4172 devia
1769 4132 1997 4189 pergere
2016 4136 2135 4177 mo-

540 4196 770 4266 liuntur,
793 4216 895 4257 nec
920 4201 1026 4272 ipsi
1058 4202 1223 4274 capiti
1251 4213 1439 4262 nostro
1464 4215 1720 4277 parentes
1744 4248 1760 4274 ,
1804 4210 1900 4265 sed
1929 4212 1985 4266 in
2011 4226 2135 4268 eum

539 4289 913 4361 hujuscemodi
971 4294 1265 4368 impietatis
1314 4299 1481 4356 verba
1536 4302 1864 4371 portendere
1928 4320 2137 4377 praesu-

536 4391 711 4439 munt.

609 4471 1092 4534 Circumveniamus
1128 4496 1254 4551 ergo
1295 4481 1525 4551 justum,
1549 4486 1802 4555 quoniam
1829 4487 2033 4543 inutilis
2057 4497 2135 4543 est

2243 3360 2524 3417 descendat
2550 3364 2616 3419 de
2639 3380 2815 3432 cruce,
2843 3375 2892 3420 et
2937 3367 3196 3423 credimus
3223 3368 3295 3424 ei.
3326 3367 3540 3438 Conﬁdit
3559 3367 3601 3421 in
3621 3361 3728 3420 Deni-

2242 3472 2309 3511 no
2324 3473 2345 3523 ;
2375 3456 2554 3513 liberet
2580 3475 2699 3514 eum
2726 3476 2865 3515 nunc
2909 3461 2956 3515 si
3006 3460 3147 3515 vult:
3172 3460 3327 3517 Dixit
3355 3463 3487 3518 enim
3512 3461 3612 3533 quis
3634 3455 3729 3511 Filii:

2242 3548 2341 3605 Dei
2368 3567 2485 3606 sum
2529 3551 2682 3626 (Luc.
2735 3554 2915 3625 XXIII).
2950 3552 3181 3612 Mortem
3228 3555 3580 3627 turpissimam
3599 3563 3727 3607 cum

2242 3641 2508 3707 nominat,
2539 3644 2668 3713 quia
2694 3644 2810 3714 ipsa
2839 3652 3014 3716 usque
3034 3646 3105 3701 ad
3132 3646 3449 3717 passionem
3461 3643 3628 3702 Christi
3637 3654 3728 3711 pm

2242 3734 2344 3789 fuit
2372 3749 2611 3801 reorum,
2646 3751 2768 3807 quae
2792 3753 2937 3792 nunc
2968 3746 3053 3794 est
3078 3746 3346 3809 tropmum
3369 3738 3583 3794 victoria:
3610 3732 3726 3803 etpo-

2241 3826 2322 3881 ria
2350 3826 2705 3882 credentium.
2736 3827 2887 3898 Quod
2917 3830 3065 3886 enim
3101 3830 3257 3897 dicat,
3285 3833 3385 3888 erit
3410 3832 3457 3887 ei
3486 3836 3727 3899 respectu“

2239 3919 2565 3974 sermonibus
2607 3918 2792 3988 illius,
2838 3922 2943 3978 hoc
2991 3924 3217 3995 respicit
3263 3925 3337 3982 ad
3387 3919 3727 3981 resurrectione!

2237 4010 2382 4081 ejus;
2413 4014 2670 4084 quoniam
2707 4015 2811 4071 hoc
2850 4013 3157 4072 difﬁdentes
3197 4016 3374 4074 Judaei
3399 4016 3599 4089 probare
3616 4009 3727 4063 νοιω·

2240 4112 2367 4159 runt
2394 4114 2580 4162 utrum
2608 4114 2735 4177 post
2774 4114 3006 4164 mortem
3046 4124 3270 4166 carnem
3323 4125 3473 4167 suam
3507 4103 3726 4164 resvde

2239 4196 2476 4265 valeret,
2530 4199 2658 4269 quia
2692 4200 2963 4257 recordati
3002 4209 3131 4257 sunt
3174 4216 3304 4257 eum
3349 4201 3567 4258 dixisse:
3607 4192 3726 4252 Solvit

2237 4288 2487 4360 templum
2510 4292 2628 4358 hoc,
2651 4300 2701 4347 et
2726 4292 2782 4346 in
2822 4292 2990 4348 tribus
3019 4293 3202 4348 diebus
3228 4295 3469 4350 excitabo
3491 4291 3600 4348 illud
3612 4285 3722 4359 (lul-

2236 4377 2319 4449 ιι).
2345 4378 2413 4433 Et
2434 4378 2600 4435 alibi:
2634 4378 2791 4447 Ecce,
2825 4380 3022 4453 inquit,
3047 4383 3383 4440 ascendimus
3418 4378 3724 4449 Hierosolyllﬂ

2234 4483 2285 4529 et
2312 4476 2814 4531 consummabantur
2839 4478 3017 4532 omnia
3049 4493 3168 4549 quae
3213 4479 3413 4552 scripta
3447 4485 3555 4533 sunt
3574 4482 3723 4541 ριητο·

536 4565 707 4632 nobis,
730 4575 779 4621 et
804 4569 1104 4623 contrarius
1135 4580 1212 4625 est
1245 4572 1486 4643 operibus
1521 4576 1747 4643 nostris,
1776 4586 1825 4632 et
1876 4579 2134 4649 imprope-

537 4665 620 4679 μ.
650 4656 797 4679 μυ,
828 4669 1037 4679 μημμ
1297 4672 1309 4679 .
1360 4664 1444 4679 μ..
1572 4667 1620 4679 -.
2072 4671 2104 4679 ..

2248 4566 2417 4621 ohetas
2442 4566 2507 4622 de
2530 4565 2643 4637 ﬁlio
2663 4568 2911 4623 hominis.
2946 4568 3209 4626 Tradetur
3246 4572 3388 4626 enim
3425 4567 3623 4642 gentibus
3641 4556 3721 4616 etil-

535 4665 621 4712 rat
648 4656 797 4712 nobis
824 4669 1039 4729 peccata
1085 4660 1233 4731 legis,
1260 4672 1311 4718 et
1337 4664 1582 4735 di/famat
1601 4667 1658 4721 in
1684 4684 1778 4724 nos
1806 4680 2021 4739 peccata
2048 4671 2130 4726 di-

534 4746 772 4819 sciplina:
798 4757 1014 4804 nostrae.
1040 4749 1310 4807 Promittit
1340 4771 1395 4809 se
1421 4756 1695 4812 scientiam
1721 4758 1821 4814 Dei
1842 4759 2054 4829 habere,
2079 4772 2130 4818 et

534 4837 708 4908 ﬁlium
726 4838 826 4894 Dei
850 4856 905 4895 se
928 4842 1183 4897 nominat.
1222 4841 1422 4901 Factus
1463 4858 1539 4902 est
1574 4850 1721 4905 nobis
1738 4852 1806 4929 _in
1838 4853 2129 4910 traductio-

538 4948 656 4986 nem
673 4932 1051 5003 cogitationum
1079 4946 1401 4993 nostrarum.
1439 4938 1628 4997 Gravis
1659 4953 1735 4999 est
1771 4944 1918 5001 nobis
1971 4949 2129 5004 etiam

535 5021 604 5075 ad
632 5022 929 5090 videndum,
957 5027 1205 5096 quoniam
1227 5027 1499 5085 dissimilis
1521 5041 1595 5086 est
1626 5032 1747 5089 aliis
1767 5035 1874 5090 vita
1891 5036 2054 5106 illius,
2077 5049 2127 5095 et

535 5112 827 5168 immutata:
852 5125 977 5170 sunt
1002 5116 1098 5172 via:
1126 5118 1262 5197 ejus.
1296 5117 1570 5192 Tanquam
1610 5139 1834 5194 nugaces
1885 5129 2132 5184 (estimati

534 5219 717 5259 sumus
744 5204 808 5259 ab
834 5205 951 5271 illo,
979 5217 1027 5262 et
1064 5209 1285 5264 abstinet
1304 5227 1359 5265 se
1379 5228 1413 5265 a
1434 5213 1531 5268 viis
1562 5216 1753 5270 nostris
1781 5224 2033 5289 tanquam
2063 5223 2128 5277 ab

535 5293 906 5363 immunditiis,
934 5307 982 5352 et
1003 5302 1212 5370 praefert
1236 5305 1520 5361 novissima
1534 5306 1825 5377 justorum,
1853 5321 1900 5365 et
1932 5311 2128 5383 gloria-

534 5392 623 5436 tur
670 5399 874 5453 patrem
918 5405 974 5444 se
1017 5391 1204 5449 habere
1254 5395 1445 5451 Deum.
1481 5397 1886 5458 Circumvenire
1917 5402 2124 5472 justum

536 5472 727 5565 perﬁdi
761 5473 931 5533 Judaei
959 5488 1067 5536 tum
1096 5484 1488 5555 disponebant,
1534 5492 1753 5560 quando
1798 5494 2123 5565 evangelicis

532 5563 962 5624 dicﬁseonventi
998 5573 1256 5641 pristinas
1294 5578 1483 5634 sordes
1507 5580 1760 5636 vitiorum
1792 5563 2043 5642 deserere
2067 5595 2123 5643 et

529 5667 926 5730 praeceptorum
955 5662 1049 5721 Dei
1076 5668 1367 5725 veritatem
1398 5672 1549 5741 sequi
1589 5689 1685 5743 per
1719 5675 1996 5733 Christum
2026 5679 2122 5735 ad-

530 5751 911 5821 monebantur,
938 5758 1033 5812 sed
1073 5759 1129 5814 in
1160 5776 1226 5816 eo
1254 5761 1396 5818 unde
1440 5778 1662 5821 causam
1688 5766 1877 5824 salutis
1900 5784 2121 5840 sperare

532 5846 849 5924 debuerant,
880 5870 1045 5927 grave
1078 5857 1393 5919 scandalum
1449 5868 1754 5932 sumentes,
1794 5865 1949 5936 quasi
1996 5866 2116 5924 bla-

2237 4655 2465 4724 ludetur,
2496 4666 2544 4713 et
2580 4658 2938 4731 ﬂagellabitur
2980 4670 3029 4715 et
3069 4672 3422 4733 conspuetur;
3455 4668 3501 4716 et
3538 4664 3719 4730 potiti!“

2236 4746 2619 4819 ﬁagellaverint
2670 4750 2910 4806 occident
2946 4768 3105 4819 eum,
3156 4762 3206 4807 et
3270 4754 3357 4809 die
3388 4752 3530 4809 tertia
3574 4751 3718 4811 τεευισ

2238 4836 2453 4910 (Matth.
2485 4840 2598 4914 xx).
2636 4839 2789 4899 Unde
2814 4852 2871 4900 et
2898 4844 2954 4898 in
2980 4844 3235 4913 passione
3261 4861 3360 4901 sua
3385 4844 3450 4901 ad
3477 4832 3715 4900 Pilatumdi-

2236 4931 2469 4988 cebant:
2508 4934 2751 5003 Domine,
2775 4938 3037 4993 recordati
3085 4956 3267 4995 sumus
3306 4941 3429 5013 quia
3462 4938 3535 4993 hic
3560 4932 3716 4989 κάππα

2236 5030 2371 5084 dixit
2393 5031 2567 5086 adhuc
2610 5031 2781 5087 vivens
2804 5044 2824 5085 :
2854 5029 2984 5087 Post
3027 5041 3133 5087 tres
3185 5033 3298 5090 dies
3344 5043 3597 5102 resurgant.
3636 5017 3716 5077 llll

2233 5137 2356 5192 ergo
2401 5121 2656 5177 custodiri
2688 5122 2985 5194 sepulcrum
3020 5142 3183 5196 usque
3212 5126 3268 5180 in
3309 5125 3507 5180 tertium
3530 5119 3653 5176 diem,
3678 5121 3714 5159 η

2232 5216 2370 5287 forte
2396 5217 2605 5272 veniant
2631 5218 2878 5289 discipuli
2918 5219 3053 5290 ejus,
3075 5229 3123 5274 et
3151 5220 3393 5290 furentur
3410 5232 3531 5279 eum,
3550 5207 3713 5267 etM

2230 5307 2368 5378 plebi
2391 5321 2410 5361 :
2439 5307 2683 5365 Surrexit
2712 5327 2745 5365 a
2769 5311 3022 5376 mortuis;
3044 5320 3091 5365 et
3111 5311 3211 5367 erit
3236 5310 3527 5367 novissimus
3540 5309 3712 5366 errat!”

2219 5399 2316 5470 jor
2341 5401 2508 5472 priori
2532 5402 2747 5475 (Matth.
2779 5402 2975 5476 xxvu).

2300 5502 2433 5559 Iltrc
2460 5506 2837 5575 cogitaverunt,
2883 5514 2933 5562 et
2968 5517 3305 5573 erraverunt;
3351 5507 3590 5562 excirent“
3622 5491 3709 5549 ἀι

2226 5613 2314 5651 eas
2348 5596 2550 5651 malitia
2576 5597 2810 5665 illorum,
2837 5610 2884 5654 et
2912 5601 3208 5654 nescierunt
3233 5604 3537 5655 sacramenta
3555 5587 3710 5649 Da)"

2224 5703 2323 5757 que
2355 5689 2646 5745 mercedem
2682 5700 3019 5761 speraverant
3053 5691 3282 5761 justitite
3321 5707 3407 5747 nec
3434 5679 3704 5759 jmlicautrﬂlu

2226 5778 2471 5834 honorem
2514 5781 2812 5837 animarum
2856 5794 3181 5841 sanctarum.
3214 5785 3584 5842 Sacranian
3622 5778 3705 5834 ergo

2225 5869 2435 5929 consilii
2464 5871 2559 5929 Dei
2591 5873 2756 5931 invidi
2798 5882 2862 5943 ,ει
2896 5875 3061 5933 dolosi
3093 5878 3366 5951 percipere
3392 5890 3484 5933 nou
3512 5862 3697 5923 valebam»
