3882 6472
105 343 212 402 681

968 339 1326 397 COMMENT.
1365 340 1434 397 IN
1473 339 1744 399 LIBRUM
1783 341 2192 402 SAPIENTUE.
2234 375 2304 386 -—
2340 344 2471 403 LIB.
2507 347 2552 402 l.

3293 354 3398 412 682

103 455 360 516 quoniam
392 454 448 510 in
477 452 784 510 malevolam
833 453 1065 509 animam
1093 471 1198 510 non
1222 455 1460 510 introibit
1494 455 1702 527 sapien-
1727 459 1779 520 A
1805 457 1931 528 quia
1955 457 2096 514 sicut
2121 473 2316 515 aurum
2345 477 2450 517 non
2483 461 2606 533 igne
2638 462 2836 530 uritur,
2872 466 2967 521 sed
3013 468 3289 538 probatur,
3323 473 3398 529 ita

105 551 190 605 tia
216 546 365 620 (Sap.
400 547 473 618 l);
525 562 625 601 nec
673 545 974 617 intelligere
1023 555 1316 617 potuerunt
1366 547 1508 616 quod
1563 562 1711 602 mors

103 642 317 700 Christi
341 642 516 696 honor
543 648 627 694 est
646 647 700 693 ct
721 639 866 695 salus
892 640 1197 695 animarum
1223 648 1560 706 sanctarum,
1580 655 1712 711 quo-

105 735 259 790 niam
291 749 390 804 per
423 732 597 802 ipsam
629 731 935 787 mercedem
965 739 1187 802 sperant
1221 731 1446 804 justitize
1466 774 1480 799 ,
1527 740 1581 788 et
1627 733 1711 788 in-

107 826 336 881 troitum
371 823 678 894 percipiunt
701 825 854 896 regni
889 825 1149 880 caelestis.

187 921 453 988 Quoniam
492 919 634 976 Deus
662 922 857 976 creavit
890 921 1151 977 hominem
1184 922 1710 990 inexterminabilem,

106 1022 157 1066 et
183 1011 255 1065 ad
282 1008 564 1081 imaginem
591 1009 951 1065 similitudinis
981 1026 1093 1066 sua:
1141 1011 1262 1081 fecit
1298 1010 1469 1066 illum.
1501 1010 1712 1066 Invidia

107 1113 293 1158 autem
321 1103 524 1160 diaboli
544 1120 686 1158 mors
709 1104 941 1159 introivit
968 1105 1024 1160 in
1055 1104 1230 1159 orbem
1257 1113 1518 1160 terrarum
1545 1119 1562 1157 :
1593 1105 1714 1160 imi-

108 1202 288 1248 tantur
312 1204 497 1262 .autern
525 1194 676 1248 illum
717 1196 806 1266 qui
831 1204 953 1251 sunt
978 1213 1043 1251 ea:
1084 1206 1232 1264 parte
1256 1196 1422 1251 illius.
1449 1195 1561 1252 Hac
1585 1211 1712 1253 sen-

109 1285 288 1340 tentia
323 1285 620 1341 destruitur
651 1301 808 1343 error
852 1287 1294 1354 Manichaeorum,
1328 1287 1419 1359 qui
1448 1289 1582 1344 duas
1612 1303 1712 1342 na-

107 1383 271 1430 turas
292 1383 346 1432 et
374 1377 707 1433 substantias
750 1379 1184 1445 introduxerunt,
1213 1379 1270 1434 id
1298 1388 1383 1434 est
1410 1379 1608 1435 bonam
1659 1388 1714 1436 et

105 1470 316 1524 malam
347 1489 359 1524 :
391 1471 518 1542 quia
546 1481 762 1529 creator
802 1480 984 1530 noster
1014 1489 1118 1529 non
1169 1483 1254 1530 est
1306 1483 1495 1530 auctor
1542 1474 1714 1529 ruinae

105 1568 337 1626 nostrae,
373 1569 430 1615 et
451 1570 711 1632 quantum
758 1565 827 1619 ad
876 1573 1084 1619 naturae
1112 1565 1350 1634 pertinet
1389 1566 1707 1632 veritatem,

107 1650 452 1708 immortales
481 1653 550 1707 ab
577 1655 695 1724 ipso
717 1656 923 1712 conditi
951 1673 1155 1712 sumus.
1181 1656 1286 1713 Per
1307 1673 1588 1714 assensum
1617 1675 1714 1713 au-

105 1752 226 1798 tem
258 1745 580 1813 serpentinae
603 1748 963 1818 suggestionis
1006 1749 1197 1804 mortis
1242 1751 1524 1806 sententiae
1547 1750 1714 1818 subji-

1811 551 2129 621 martyrium
2157 560 2345 607 sancta
2393 554 2693 610 substantia
2723 571 2831 612 non
2879 558 2945 612 ad
2987 557 3254 616 defectum
3283 579 3400 634 per-

1812 642 2056 705 ducitur,
2096 643 2193 698 sed
2223 645 2292 698 ad
2320 645 2784 702 immortalitatem
2815 657 2870 703 et
2893 649 3122 720 gloriam
3160 651 3400 710 futuram

1811 744 2180 806 praeparatur;
2219 745 2276 792 et
2311 737 2452 792 sicut
2481 738 2858 797 holocaustum
2909 744 3052 814 quod
3096 752 3270 802 totum
3303 763 3403 818 per

1811 826 1989 898 ignem
2015 825 2243 883 oll‘ertur
2267 829 2380 884 Deo
2425 838 2509 885 est
2550 831 2880 889 sacriﬁcium
2928 837 3398 908 acceptissimum,

1812 917 1888 974 ita
1919 927 1975 974 et
1996 919 2180 989 passio
2220 928 2522 992 martyrum
2554 938 2652 993 per
2682 925 2920 984 calorem
2967 928 3090 985 ﬁdei
3131 939 3188 987 et
3230 931 3405 990 fervo-

1813 1027 1928 1068 rem
1957 1013 2240 1068 charitatis
2283 1013 2340 1070 in
2387 1014 2610 1072 odorem
2647 1018 2931 1076 suavitatis
2961 1021 3192 1079 Domino
3221 1025 3406 1082 oblata

1811 1119 2010 1160 munus
2041 1104 2116 1160 illi
2162 1113 2340 1160 exstat
2363 1105 2730 1177 gratissimum
2783 1116 2839 1163 et
2877 1110 3076 1166 donum
3125 1115 3406 1184 pretiosis-

1812 1196 2028 1252 simum.
2051 1195 2205 1252 Unde
2233 1211 2331 1267 per
2354 1196 2699 1253 Psalmistam
2722 1198 2922 1255 dicitur
2946 1219 2958 1255 :
2982 1199 3227 1260 Pretiosa
3254 1214 3329 1260 est
3348 1207 3404 1261 in

1813 1296 2088 1358 conspectu
2116 1287 2332 1343 Domini
2353 1304 2495 1343 mors
2531 1300 2835 1368 sanctorum
2861 1291 2996 1361 ejus.
3028 1293 3183 1360 Quod
3223 1303 3405 1351 autem

1814 1379 2063 1435 subditur
2088 1396 2101 1433 :
2134 1378 2201 1432 In
2231 1389 2461 1451 tempore
2485 1381 2585 1435 erit
2633 1391 2893 1453 respectus
2923 1383 3170 1451 illorum,
3201 1386 3407 1458 signiti-

1814 1479 1903 1526 cat
1927 1471 2071 1541 quod
2108 1487 2214 1527 non
2237 1470 2395 1541 juxta
2434 1473 2848 1531 aestimationem
2893 1476 3244 1547 reproborum
3277 1492 3404 1548 per—

1813 1570 1974 1634 petua
1999 1570 2083 1618 est
2109 1577 2258 1618 mors
2284 1572 2628 1632 sanctorum;
2657 1567 2752 1622 sed
2793 1568 2966 1639 magis
2996 1569 3053 1623 in
3079 1569 3166 1625 die
3213 1569 3406 1639 judicii

1815 1654 2035 1712 Christo
2057 1654 2336 1724 judicante
2369 1656 2744 1727 copiosissima
2769 1666 2852 1714 est
2891 1662 3259 1716 remuneratio
3289 1663 3408 1719 illo-

1817 1763 1956 1803 rum.

105 1833 428 1901 ciebamur;
463 1844 702 1892 attamen
733 1839 966 1908 primam
1013 1839 1206 1896 stolam
1261 1841 1708 1907 immortalitatis,
1739 1826 1787 1888 Β
1887 1839 2186 1912 Fulgebunt
2207 1839 2344 1912 justi
2387 1849 2434 1895 et
2463 1851 2715 1912 tanquam
2738 1841 2982 1898 scintilla:
3010 1843 3068 1898 in
3093 1844 3408 1900 arundineto

103 1941 275 1996 quam
297 1927 593 1984 humanum
607 1945 778 2002 genus
801 1933 866 1988 ad
888 1933 1175 2005 imaginem
1190 1935 1286 1991 Dei
1301 1937 1369 1991 ab
1389 1936 1544 1992 initio
1560 1951 1712 1992 crea-

103 2027 254 2084 tum,
283 2019 378 2074 sed
419 2035 518 2090 per
563 2021 821 2078 invidiam
874 2023 1071 2081 diaboli
1102 2027 1384 2084 seductum
1437 2029 1494 2084 in
1535 2028 1710 2084 Adam

100 2111 477 2184 perdidit,per
501 2113 703 2172 Christi
727 2126 956 2175 mortem
971 2120 1168 2176 iterum
1193 2123 1425 2194 recepit:
1453 2124 1710 2195 quoniam

101 2216 262 2256 mors
290 2213 476 2259 nostra
504 2205 560 2260 in
579 2206 748 2276 ipsius
765 2217 940 2266 morte
962 2210 1235 2270 destructa
1252 2222 1358 2281 est,
1374 2223 1430 2271 et
1449 2215 1506 2271 in
1529 2231 1712 2271 resur-

105 2292 355 2349 rectione
383 2292 500 2363 ejus
529 2296 641 2352 vita
666 2307 851 2354 nostra
887 2310 1161 2372 reparata,
1194 2305 1440 2372 quamvis
1463 2304 1532 2360 ad
1562 2305 1711 2361 illam

103 2389 314 2437 sortem
342 2399 450 2440 non
471 2388 778 2456 pertineant
804 2390 882 2445 illi
904 2393 996 2462 qui
1027 2393 1308 2450 diabolicae
1345 2396 1565 2454 invidiae
1593 2415 1710 2454 ma-

103 2473 189 2544 gis
216 2474 521 2534 imitatores
542 2495 664 2536 esse
683 2481 891 2554 eligunt
914 2500 1078 2556 quam
1109 2487 1435 2547 humilitatis
1463 2506 1529 2547 ac
1552 2507 1708 2549 man-

103 2566 413 2623 suetudinis
437 2567 661 2626 Christi.

733 2662 963 2723 CAPUT
1008 2669 1089 2724 VI.

103 2745 187 2805 De
205 2752 406 2807 sanctis
430 2755 768 2836 martyribus,
798 2759 936 2828 quod
963 2777 1144 2836 eorum
1166 2763 1336 2834 gloria
1379 2781 1473 2836 per
1494 2766 1712 2822 tribula-

456 2834 649 2881 tionem
684 2839 994 2897 praesentem
1016 2834 1113 2886 erit
1145 2845 1363 2891 teterna.

179 2929 335 3006 (CAP.
384 2937 496 3009 tu.)
524 2936 802 2994 Justorum
848 2951 1023 2997 autem
1065 2946 1260 3002 animle
1304 2948 1360 3002 in
1407 2965 1568 3004 manu
1611 2949 1712 3006 Dei

104 3036 257 3093 sunt,
287 3037 336 3082 et
363 3045 467 3083 non
491 3037 666 3101 tanget
693 3030 814 3086 illos
854 3043 1172 3090 tormentum
1202 3039 1408 3093 mortis.
1439 3039 1500 3094 In
1529 3040 1712 3110 priore

106 3119 351 3188 capitulo
398 3119 709 3191 iniquorum
765 3125 1034 3180 sententia
1079 3141 1335 3198 expressa
1382 3138 1502 3198 est,
1547 3146 1711 3202 quam

1814 1934 2130 1989 discurrant.
2162 1931 2321 1987 Aliud
2351 1931 2658 2002 exemplum
2703 1949 2934 2004 ponens,
2961 1935 3194 1990 subitam
3226 1936 3281 1990 in
3309 1951 3406 1990 ex-

1814 2035 1989 2082 tremo
2029 2025 2235 2096 judicio
2265 2025 2760 2081 remunerationem
2808 2033 3142 2091 sanctorum,
3171 2034 3227 2082 et
3261 2026 3406 2082 cele-

1812 2135 1929 2177 rem
1957 2122 2292 2177 demonstrat
2314 2120 2611 2176 vindictam
2637 2134 2758 2175 esse
2782 2119 3156 2190 reproborum.
3179 2121 3408 2188 Quando

1812 2214 1957 2270 enim
1985 2213 2305 2280 electorum,
2334 2213 2402 2268 de
2423 2212 2770 2282 corruptione
2816 2211 2872 2267 in
2921 2212 3406 2282 incorruptionem,

1812 2304 1881 2360 de
1908 2302 2238 2358 mortalitate
2278 2303 2334 2356 in
2368 2301 2834 2357 immortalitatem
2860 2341 2876 2368 ,
2912 2301 2980 2356 de
3019 2301 3313 2372 ignominia
3341 2302 3411 2359 ad

1813 2396 2040 2469 gloriam
2068 2395 2174 2452 erit
2217 2395 2542 2462 immutatio,
2575 2401 2703 2450 tunc
2736 2392 2850 2463 jam
2894 2392 3235 2448 adversarios
3281 2408 3412 2449 suos

1807 2487 2107 2558 judicaturi
2158 2494 2519 2558 consurgent,
2557 2494 2614 2540 et
2661 2485 2802 2541 sicut
2838 2483 3073 2540 scintilla
3111 2484 3255 2555 ignis
3283 2483 3412 2540 sub-

1815 2580 1951 2634 itam
1982 2579 2255 2634 ﬂammam
2297 2579 2352 2633 in
2404 2578 2729 2634 arundineto
2759 2577 2998 2643 excitat,
3026 2576 3102 2632 ita
3143 2577 3413 2634 sententia

1808 2668 1940 2740 justi
1966 2669 2156 2740 judicii
2202 2677 2517 2725 sanctorum
2555 2668 2789 2725 validam
2813 2669 2868 2723 in
2909 2668 3192 2738 reprobos,
3222 2675 3278 2724 et
3320 2683 3414 2725 ve-

1812 2768 1988 2824 locem
2012 2781 2300 2839 ptnnarum
2325 2766 2571 2823 immittit
2609 2765 2926 2822 vindictam.
2960 2763 3116 2821 Unde
3155 2772 3214 2820 et
3236 2765 3414 2837 sequi-

1815 2868 1904 2914 tur
1933 2901 1944 2916 .

1884 2949 2211 3005 Judicabunt
2256 2951 2515 3015 nationes,
2541 2956 2593 3002 et
2637 2947 3049 3004 dominabuntur
3089 2946 3332 3021 populis,
3363 2955 3415 3002 et

1815 3039 2055 3111 regnabit
2085 3039 2344 3094 Dominus
2371 3037 2587 3093 illorum
2614 3039 2671 3092 in
2711 3048 3038 3110 perpetuum.
3085 3037 3414 3094 Judicabunt

1815 3131 1985 3186 sancti
2015 3131 2277 3196 nationes,
2309 3130 2404 3185 sed
2433 3146 2531 3201 per
2557 3128 2676 3185 illos
2693 3129 2902 3201 judicat
2930 3130 3095 3198 Deus,
3123 3129 3216 3200 qui
3260 3141 3414 3183 men-

106 3221 303 3266 contra
338 3221 499 3283 caput
534 3222 780 3271 nostrum
823 3232 993 3288 pravo
1036 3233 1200 3276 sensu
1248 3231 1304 3278 et
1333 3223 1558 3280 nefariis
1597 3241 1714 3280 ser-
1737 3227 1792 3288 D
1817 3223 1962 3277 tibus
1989 3236 2181 3276 eorum
2226 3219 2502 3292 praesidet.
2531 3219 2960 3275 Dominabuntur
2991 3218 3234 3290 populis,
3287 3217 3414 3288 quia

106 3305 366 3361 monibus
393 3307 752 3377 protulerunt.
785 3308 941 3366 Nunc
979 3320 1163 3368 autem
1217 3315 1530 3372 eorumdem
1559 3331 1717 3374 error

107 3397 525 3469 condemnatur,
543 3416 704 3472 quem
725 3403 782 3457 in
803 3403 1030 3460 interitu
1056 3407 1428 3463 membrorum
1454 3407 1571 3477 ejus
1597 3408 1716 3466 ﬁeri

108 3493 542 3563 aestimaverunt,
572 3499 787 3568 quando
840 3488 934 3556 eos
983 3501 1211 3558 diversis
1247 3504 1425 3574 poenis
1454 3520 1553 3574 pro
1580 3521 1711 3561 con-

108 3582 358 3640 fessione
408 3587 640 3644 nominis
691 3590 861 3660 ipsius
910 3575 1334 3650 trucidaverunt.
1399 3595 1715 3652 Sanctorum

111 3692 242 3746 ergo
273 3687 566 3750 martyrum
608 3682 801 3738 animle
825 3684 883 3739 in
919 3701 1080 3740 manu
1102 3685 1200 3741 Dei
1230 3696 1372 3754 sunt,
1400 3689 1504 3744 hoc
1529 3697 1634 3756 est,
1657 3690 1714 3746 in

110 3769 458 3839 protectione
509 3772 685 3841 illius,
757 3790 858 3830 nec
904 3789 999 3832 eos
1057 3787 1385 3834 tormentum
1437 3789 1712 3851 perpetua:

111 3861 312 3916 mortis
338 3862 394 3917 in
422 3864 606 3935 aliquo
633 3866 830 3924 hedera
858 3878 1055 3940 potest.

195 3951 310 4008 Visi
339 3964 460 4010 sunt
484 3956 652 4013 oculis
678 3959 1197 4034 insipientiumlmori
1221 3981 1240 4029 ;
1271 3972 1320 4018 et
1352 3965 1613 4020 wstimata
1638 3975 1715 4022 est

112 4047 329 4118 aﬁlictio
345 4049 516 4104 exitus
537 4066 738 4118 eorum,
758 4061 806 4106 et
819 4054 957 4125 quod
983 4071 1015 4108 a
1029 4055 1176 4109 nobis
1192 4064 1265 4109 est
1290 4057 1388 4110 iter
1398 4057 1712 4124 exterminii,

112 4138 194 4191 illi
223 4149 399 4194 autem
438 4151 560 4196 sunt
589 4142 645 4196 in
696 4161 843 4215 pace.
894 4143 1034 4200 Vere
1089 4145 1408 4216 insipientes
1461 4145 1712 4214 fuerunt,

112 4233 334 4303 quando
363 4235 597 4305 palmam
647 4249 950 4310 martyrum
991 4238 1336 4296 alllictionem
1373 4249 1429 4296 et
1455 4242 1715 4297 extermi-

113 4326 267 4379 nium
296 4340 417 4383 esse
449 4327 877 4395 aestimaverunt,
907 4345 1034 4386 cum
1086 4332 1204 4388 haec
1247 4333 1354 4388 illis
1376 4333 1618 4390 victoria:
1659 4343 1716 4390 et

113 4427 391 4490 perpetuae
416 4421 618 4492 quietis
643 4437 804 4479 causa
834 4425 958 4490 fuit,
987 4425 1132 4481 unde
1160 4434 1216 4481 et
1243 4427 1490 4497 sequitur
1518 4441 1533 4481 :

184 4508 310 4564 Etsi
354 4508 534 4566 coram
569 4513 868 4570 hominibus
902 4524 1160 4571 tormenta
1219 4518 1361 4587 passi
1391 4528 1553 4586 sunt,
1599 4537 1715 4592 spes

1821 3312 1969 3368 nulla
1996 3313 2076 3369 eis
2107 3322 2374 3384 repugnat
2400 3312 2703 3368 adversitas
2743 3312 3166 3368 contrarietatts.
3199 3309 3413 3380 Regna-

1822 3405 1894 3460 bit
1934 3405 2192 3460 Dominus
2219 3405 2436 3460 illorum
2474 3405 2530 3460 in
2559 3414 2897 3477 perpetuum,
2929 3405 3057 3475 quia
3085 3403 3288 3460 Christi
3334 3417 3417 3458 re-

1821 3511 1986 3567 gnum
2017 3497 2134 3552 sine
2159 3497 2268 3552 ullo
2300 3496 2533 3552 termino
2571 3497 2677 3554 erit
2710 3512 3150 3568 permansurum.
3180 3495 3259 3551 De
3305 3509 3416 3566 quo

1821 3589 2045 3662 angelus
2069 3590 2137 3644 ad
2163 3589 2388 3644 Mariam
2415 3590 2528 3645 ait:
2569 3588 2732 3644 Dabit
2766 3589 2845 3644 illi
2873 3589 3130 3643 Dominus
3154 3587 3297 3642 Deus
3335 3604 3418 3642 se-

1819 3683 1936 3740 dem
1965 3683 2136 3738 David
2157 3685 2324 3755 patris
2354 3684 2492 3754 ejus,
2520 3691 2568 3738 et
2608 3682 2842 3753 regnabit
2875 3683 2933 3736 in
2977 3682 3134 3735 domo
3161 3678 3330 3734 Iacob
3361 3679 3417 3733 in

1819 3787 2074 3834 teternum
2095 3787 2144 3832 et
2168 3777 2311 3848 regni
2337 3776 2451 3847 ejus
2481 3791 2586 3832 non
2631 3776 2730 3830 erit
2754 3774 2878 3844 ﬁnis
2903 3773 3057 3845 (Luc.
3087 3771 3150 3842 ι).
3177 3771 3332 3828 Unde
3361 3780 3418 3826 et

1816 3886 1916 3942 per
1940 3869 2134 3926 Isaiam
2178 3867 2423 3923 dicitur:
2467 3865 2913 3939 Multiplicabitur
2949 3867 3065 3936 ejus
3115 3863 3412 3935 imperium,

1817 3972 1867 4018 et
1905 3963 2052 4034 pacis
2085 3978 2188 4016 non
2213 3961 2313 4016 erit
2341 3959 2462 4029 ﬁnis
2491 3959 2647 4031 (Isai.
2675 3956 2774 4030 ut).
2803 3957 3130 4042 liegnabunt
3149 3961 3206 4010 et
3237 3953 3417 4009 sancti

1817 4070 1942 4111 cum
1971 4068 2099 4124 rege
2123 4069 2242 4121 suo,
2273 4053 2328 4109 id
2350 4061 2457 4118 est,
2487 4051 2734 4107 membra
2771 4064 2895 4105 cum
2920 4049 3098 4120 capite
3125 4062 3244 4113 suo,
3269 4045 3415 4117 quod

1817 4149 1886 4204 ad
1916 4146 2190 4202 Danielem
2221 4145 2278 4200 in
2303 4145 2514 4200 visione
2540 4142 2856 4215 prophetica
2896 4139 3070 4210 angeli
3095 4139 3261 4195 verba
3289 4153 3415 4210 pro-

1817 4248 2110 4306 testantur,
2142 4239 2218 4292 ita
2243 4235 2512 4293 dicentis:
2544 4233 2787 4304 Regnum
2813 4241 2990 4287 autem
3019 4241 3068 4287 et
3106 4241 3336 4302 potestas
3363 4239 3413 4286 et

1817 4329 2129 4402 magnitudo
2156 4328 2324 4399 regni,
2348 4343 2466 4399 qua:
2489 4334 2565 4380 est
2592 4341 2752 4396 super
2785 4339 2936 4378 omne
2965 4322 3176 4388 caelum,
3199 4322 3416 4376 dabitur

1816 4425 2009 4495 populo
2056 4430 2360 4478 sanctorum
2384 4418 2666 4484 Altissimi,
2695 4415 2848 4487 cujus
2879 4431 3092 4486 regnum
3146 4415 3418 4485 sempiter-

1819 4532 1945 4571 num
1986 4523 2084 4581 est,
2112 4523 2160 4570 et
2207 4527 2385 4567 omnes
2436 4525 2580 4582 reges
2617 4509 2840 4565 servient
2875 4506 2951 4573 ei,
2982 4514 3031 4561 et
3073 4503 3313 4561 obedient
3363 4504 3417 4560 ei

113 4601 333 4657 illorum
357 4603 752 4661 immortalitate
778 4605 933 4677 plena
970 4616 1065 4663 est.
1092 4607 1161 4662 In
1201 4609 1384 4680 paucis
1411 4613 1610 4677 vexati,
1657 4613 1714 4667 in
1738 4603 1793 4664 D
1819 4605 2050 4680 (Daniel.
2087 4604 2210 4677 vn).

113 4693 300 4751 multis
325 4695 451 4751 bene
490 4696 874 4769 disponentur:
903 4700 1157 4771 quoniam
1185 4699 1326 4756 Deus
1368 4703 1584 4758 tentavit
1606 4720 1715 4770 eos,

113 4795 164 4844 α
192 4787 389 4842 invenit
418 4786 537 4844 illos
565 4788 751 4860 dignos
782 4806 857 4845 se.
889 4789 1166 4863 Tanquam
1197 4808 1388 4847 aurum
1423 4794 1477 4848 in
1503 4793 1719 4863 fornace

113 4877 355 4949 probavit
389 4877 510 4934 illos
535 4919 552 4947 ,
611 4889 659 4934 et
705 4881 856 4952 quasi
902 4881 1195 4938 holocausti
1242 4883 1472 4939 hostiam
1522 4887 1718 4957 accepit

116 4967 265 5034 illos,
287 4969 416 5024 etin
453 4978 680 5041 tempore
707 4973 805 5025 erit
840 4981 1100 5042 respectus
1128 4973 1364 5029 illorum.
1409 4974 1556 5031 Mors
1583 4984 1719 5032 tem-

117 5061 328 5134 poralis
354 5071 410 5118 et
437 5062 656 5119 alilictio
687 5065 973 5134 praesentis
1002 5066 1126 5120 vitae
1150 5067 1568 5136 prosperitatem
1595 5082 1722 5122 san-

120 5154 229 5209 ctis
255 5153 350 5208 Dei
375 5156 830 5212 remunerationis
858 5157 1069 5228 peperit
1105 5166 1400 5229 perpetuae,
1425 5159 1552 5230 quia
1597 5174 1722 5229 spes

122 5243 344 5299 illorum
381 5243 705 5301 indefectiva
737 5255 793 5302 et
835 5244 970 5303 ﬁdes
1019 5247 1189 5303 solida
1231 5263 1403 5318 usque
1457 5249 1526 5304 ad
1556 5248 1720 5305 linem

122 5336 446 5406 permansit.
471 5335 616 5392 Deus
644 5335 789 5392 enim
818 5337 986 5392 variis
1016 5338 1408 5394 tentationibus
1432 5340 1724 5411 castigavit

125 5414 271 5495 illos,
301 5437 354 5484 et
393 5443 492 5501 per
530 5428 874 5484 tolerantiam
912 5428 1186 5498 patientiae
1217 5429 1466 5501 probavit
1509 5447 1603 5488 eos
1637 5433 1720 5489 di-

125 5536 265 5592 gnos
295 5537 416 5579 esse
455 5529 659 5576 aeterna
701 5536 925 5576 corona.
970 5521 1088 5577 Duo
1115 5530 1295 5577 autem
1322 5523 1569 5594 exempla
1599 5539 1721 5596 quae

125 5615 334 5688 posuit,
355 5616 457 5671 hoc
478 5623 562 5671 est
584 5613 703 5669 auri
731 5615 788 5669 in
815 5613 1021 5670 fornaci
1040 5614 1274 5684 probati,
1301 5624 1356 5671 et
1378 5616 1721 5673 holocausta-

131 5726 254 5766 rum
294 5710 348 5765 in
395 5711 519 5780 igne
573 5715 943 5764 crematorum
994 5705 1450 5762 examinationem
1505 5708 1720 5765 illorum

133 5803 569 5873 probatissimam
591 5809 646 5856 et
672 5801 962 5871 puritatem
982 5797 1438 5872 perfectissimam
1460 5801 1717 5870 ostendit,

533 5897 813 5958 Parnon.
852 5891 1019 5965 CLX.

1894 4699 1998 4765 Qui
2021 4697 2291 4768 conﬁdunt
2318 4697 2373 4750 in
2400 4695 2492 4750 illo
2521 4692 2808 4765 intelligent
2841 4691 3112 4748 veritatem
3139 4698 3189 4747 et
3234 4688 3418 4761 ﬁdeles

1819 4793 1878 4846 in
1900 4790 2175 4844 dilectione
2198 4788 2524 4859 acquiescent
2555 4785 2636 4840 illi
2661 4825 2677 4852 ,
2721 4785 2972 4855 quoniam
3000 4782 3200 4837 donum
3226 4790 3276 4836 et
3313 4797 3422 4852 pax

1822 4892 1897 4938 est
1923 4880 2099 4937 electis
2127 4879 2292 4934 illius.
2321 4876 2665 4933 Manifestum
2714 4883 2800 4930 est
2849 4874 2993 4945 quod
3037 4873 3130 4944 qui
3179 4870 3422 4942 perfecte

1825 4977 2050 5032 conﬁdit
2080 4976 2135 5031 in
2167 4973 2397 5029 Domino
2423 4972 2478 5028 in
2523 4970 2778 5043 praesenti
2811 4969 2925 5024 vita
2967 4965 3126 5038 juxta
3155 4964 3421 5020 distribu-

1824 5070 2028 5126 tionem
2054 5067 2292 5138 Spiritus
2315 5065 2487 5121 sancti
2511 5105 2526 5128 ,
2576 5061 2872 5120 secundum
2905 5059 3128 5115 modum
3157 5056 3261 5112 sibi
3289 5070 3419 5112 con-

1827 5162 2135 5218 venientem
2191 5160 2281 5215 hic
2328 5157 2661 5214 intellectum
2689 5151 2923 5225 percipit
2960 5149 3238 5216 veritatis;
3293 5147 3423 5219 quia

1828 5269 1974 5310 nunc
2000 5253 2249 5308 videmus
2273 5266 2372 5321 per
2399 5247 2682 5319 speculum
2719 5252 2774 5300 et
2815 5244 2870 5298 in
2913 5241 3238 5312 aenigmate,
3291 5248 3425 5295 tunc

1831 5353 2012 5400 autem
2037 5343 2176 5398 facie
2206 5341 2274 5397 ad
2303 5339 2533 5403 faciem;
2559 5351 2704 5392 nunc
2737 5333 3115 5406 cognoscimus
3144 5347 3210 5388 ex
3238 5339 3417 5403 parte,

1827 5447 1957 5492 tunc
2007 5443 2187 5490 autem
2240 5444 2631 5504 cognoscemus
2681 5427 2826 5484 sicut
2860 5435 2916 5484 et
2961 5425 3162 5498 cogniti
3207 5439 3417 5482 sumus.

1831 5527 1990 5583 Nunc
2019 5535 2196 5580 autem
2223 5531 2437 5578 manent
2487 5520 2618 5589 ﬁdes
2636 5560 2652 5586 ,
2694 5535 2827 5590 spes,
2861 5518 3116 5584 charitas,
3138 5517 3244 5575 tria
3265 5515 3378 5570 hac
3399 5527 3420 5566 :

1826 5616 2004 5686 major
2029 5621 2206 5667 autem
2254 5610 2442 5663 horum
2493 5615 2570 5661 est
2606 5605 2857 5660 Charitas.
2895 5603 3033 5673 Quia
3082 5601 3298 5659 caeteris
3327 5601 3420 5655 de-

1828 5705 2212 5766 scendentibus
2241 5701 2331 5758 illa
2366 5700 2540 5757 solum
2567 5705 2872 5771 permanet,
2902 5696 3047 5752 unde
3072 5693 3238 5749 dicit:

1899 5795 2110 5853 Fideles
2133 5797 2189 5850 in
2215 5794 2492 5850 dilectione
2517 5793 2841 5863 acquiesceret
2864 5785 3235 5861 illi,quouiam
3258 5781 3416 5839 electi
