3882 6462
536 339 644 399 685

1192 338 1255 393 Β.
1297 334 1553 393 RABANI
1589 336 1814 396 MAUR!
1850 339 2175 402 ARCHIEP.
2218 343 2533 405 MOGUNT.
2579 345 3085 408 OPERUM‘PABS
3122 374 3166 409 ι.

3636 369 3698 427 ιιι

528 456 627 513 Dei
674 459 800 524 post
828 449 992 507 ﬁnem
1036 450 1223 506 mundi
1266 450 1415 506 bono
1454 453 1598 521 quod
1620 459 1756 509 ante
1809 454 1916 511 ﬁde
1946 463 2007 512 et
2029 471 2128 528 spe
2150 460 2457 532 A'gloriam
2506 463 2633 531 Dei,
2679 472 2807 519 tunc
2837 471 2893 520 et
2936 465 3052 537 ipsa
3093 450 3294 527 laboris
3334 472 3413 528 sui
3437 478 3698 544 praemiatrix:

529 548 842 605 ambiebant
871 544 1288 616 praesentialiter
1314 545 1646 602 delectantes
1675 547 1822 604 nullo
1847 550 2008 605 modo
2054 552 2123 608 ab

522 643 643 714 eius
666 641 1180 713 societatepossunt
1212 639 1415 707 divelli,
1444 642 1742 699 cuin-dono
1778 651 1996 701 aeternae
2041 660 2125 703 sas

522 734 731 794 tietatis
756 735 1090 791 remunerati
1112 748 1249 807 pace
1274 732 1527 790 fruentur
1560 742 1843 807 perpetua.

1129 893 1361 952 CAPUT
1396 893 1506 953 VII.

521 1008 676 1078 Quod
708 1008 865 1080 impii
880 1006 1349 1081 -secundum_qa¢z_
1366 1021 1633 1080 gesserunt
1665 1008 1918 1081 recipient
1936 1009 2121 1065 condi-

744 1078 877 1151 gnas
897 1094 1097 1149 mea,
1118 1078 1245 1148 quia
1264 1078 1900 1137 aDominoreceuerunt.

590 1190 621 1245 I
626 1191 757 1261 mpii
774 1199 951 1245 autem
975 1191 1263 1247 secundum
1284 1208 1403 1263 qua:
1428 1193 1805 1264 cogitaverunt,
1831 1196 2117 1265 correptio-

519 1295 640 1335 nem
664 1280 943 1346 habebunt,
972 1284 1097 1353 quia
1118 1282 1453 1354 neglexerunt
1465 1285 1863 1355 justitiam-atra
1886 1286 2117 1343 Domino

521 1380 863 1428 recesserunt.
903 1372 1184 1429 Sententia
1229 1376 1550 1432 universalis
1590 1375 1785 1447 iudicii
1823 1380 2112 1451 completa,

518 1462 737 1532 quando
754 1464 929 1519 sancti
949 1463 1223 1533 coniuncti
1239 1466 1351 1538 regi
1371 1481 1472 1522 suo
1497 1466 1736 1524 casiastis
1764 1470 1954 1539 patriae
1979 1487 2112 1542 gau-

517 1553 710 1610 dentes
735 1554 1016 1610 intrabunt
1055 1571 1304 1630 regnum,
1333 1565 1459 1613 tunc
1514 1557 1753 1628 impii‘et
1800 1569 2114 1631 peccatores

516 1646 608 1718 qui
636 1645 706 1701 de
736 1646 917 1704 salute
932 1649 1385 1720 suanegligentes
1410 1648 1650 1723 merant,
1669 1651 2114 1707 secundumeon-

513 1737 598 1793 dis
618 1738 702 1793 sui
730 1746 786 1793 et
815 1747 1035 1795 actuum
1062 1738 1404 1811 iniquitatem
1433 1756 1555 1796 cum
1585 1741 1798 1809 diabolo
1830 1744 1884 1798 in
1915 1742 2109 1799 inferni

2225 552 2434 609 caelesti
2460 553 2795 611 beatitudine
2821 558 3101 633 percipiet.

2295 643 2366 698 Et
2394 647 2558 717 spado
2576 647 2666 720 qui
2696 664 2804 704 non
2822 659 3070 721 operatus
3094 661 3169 706 est
3200 670 3296 725 per
3320 672 3493 715 manus
3529 680 3621 719 suat
3639 668 3699 722 iri.

2221 737 2497 808 quitatem,
2521 756 2615 794 nec
2657 741 2925 813 cogitavit
2950 744 3196 799 adversus
3244 745 3408 801 Deum
3444 756 3700 825 nequissima;

2223 829 2439 885 dabitur
2470 833 2607 888 enim
2631 833 2711 888 illi
2736 834 2865 904 ﬁdei
2893 835 3090 891 donum
3122 838 3366 908 electum,
3395 850 3439 897 et
3459 861 3553 899 sors
3575 851 3613 901 in
3629 861 3701 904 lcu-

2219 921 2309 994 ple
2366 923 3014 997 Domini-acceptissima.
3060 928 3246 985 Potest
3284 933 3439 1003 juxta
3495 940 3705 1010 tropolog'n

2220 1016 2461 1087 regulam
2487 1018 2540 1072 in
2567 1020 2787 1075 nomine
2830 1020 2986 1077 istius
3030 1024 3186 1079 beata
3216 1026 3437 1093 sterilis,
3482 1042 3560 1084 seu
3583 1033 3703 1103 spado-

2219 1111 2305 1167 nis
2333 1112 2603 1184 virginum
2629 1114 2882 1187 intelligi,
2910 1118 2977 1172 de
3001 1132 3108 1189 quo
3157 1120 3209 1174 in
3251 1120 3387 1177 Isaia
3431 1123 3496 1178 ita
3535 1128 3704 1197 scriptum

2218 1210 2302 1258 est
2336 1222 2348 1257 :
2388 1203 2514 1259 Non
2540 1205 2678 1260 dicat
2701 1211 2971 1265 eunuchus
2995 1225 3011 1263 :
3040 1209 3177 1266 Ecce
3218 1230 3314 1284 ego
3341 1213 3523 1285 lignum
3551 1220 3701 1285 αήάιιιι,

2216 1297 2345 1369 quia
2376 1298 2488 1353 lucc
2513 1298 2641 1354 dicit
2681 1300 2939 1357 Dominus
2985 1305 3235 1360 eunuchis
3262 1319 3280 1357 :
3309 1307 3702 1372 Qui‘custodieiw

2217 1389 2438 1445 sabbata
2459 1406 2595 1459 mea,
2613 1402 2663 1447 et
2679 1393 2944 1466 elegerunt
2966 1414 3082 1468 quia
3104 1398 3331 1465 volui,’et
3349 1407 3588 1455 tenuerunt
3606 1403 3703 1471 [eiu

2217 1498 2408 1550 meum,
2434 1485 2572 1539 dabo
2598 1486 2672 1540 eis
2699 1486 2754 1541 in
2776 1486 2931 1542 domo
2970 1505 3085 1543 mea
3115 1492 3241 1544 etin
3275 1493 3436 1546 muris
3461 1493 3568 1546 meis
3587 1493 3703 1556 locus,

2216 1583 2267 1628 et
2289 1590 2476 1630 nomen
2501 1574 2691 1632 melius
2717 1596 2749 1632 a
2783 1578 2912 1647 ﬁliis
2964 1589 3014 1634 et
3041 1580 3255 1650 ﬁliabus
3283 1623 3298 1648 ,
3343 1599 3513 1637 nomen
3537 1587 3705 1653 sempiter-

2218 1681 2343 1721 num
2367 1666 2502 1722 dabo
2530 1669 2604 1723 eis
2624 1670 2899 1741 quodnon
2915 1672 3104 1742 peribit
3126 1672 3261 1746 (Isa.
3298 1675 3428 1746 LVI).
3458 1673 3565 1730 Hac
3586 1678 3705 1731 sterilis

2215 1762 2525 1832 virginitate
2551 1763 2781 1820 fecunda
2807 1773 2908 1821 est.
2926 1765 3025 1822 Hic
3054 1770 3338 1824 eunuchus
3361 1784 3513 1841 regno
3536 1770 3706 1827 calonis

512 1831 915 1903 demergenturt
948 1832 1223 1904 abyssum,
1254 1833 1346 1888 ubi
1375 1833 1506 1905 sine
1546 1835 1665 1887 iine-
1687 1835 2103 1904 cruciabuntnr,

2217 1831 2327 1911 vini
2359 1856 2527 1926 facit,
2581 1866 2636 1914 et
2665 1858 2933 1915 violenter
2959 1860 3144 1930 diripit
3176 1861 3331 1917 illud.
3363 1831 3461 1917 iste
3502 1872 3639 1918 custos
3663 1875 3707 1917 est

510 1922 639 1992 quia
663 1924 871 1980 vermis
895 1938 1088 1980 eorum
1133 1939 1257 1980 non-
1293 1925 1558 1991 moritur,
1590 1933 1645 1982 et
1671 1926 1815 1997 ignis
1860 1942 1969 1982 non
2014 1944 2112 1983 ex-

511 2013 838 2086 stinguetur.

582 2104 919 2178 Sapientiam
938 2109 1101 2185 enim}
1120 2118 1171 2164 et
1201 2110 1535 2191 disciplinam
1569 2114 1659 2182 qui
1708 2113 1897 2184 abjeeit
1922 2114 2111 2185 infelix

506 2208 607 2267 eet;
625 2209 1111 2275 et‘vacua-eu’spes
1138 2203 1376 2271 illorum,
1397 2213 1446 2259 et
1476 2196 1679 2260 labore:
1694 2207 1817 2260 sine
1837 2206 2035 2277 fructu,
2059 2216 2110 2263 et

505 2290 874 2349 inhabitabilia
919 2295 1495 2367 operaxillorunreunt.
1528 2295 1687 2353 Nunc
1711 2299 1950 2354 ostendit
1977 2298 2133 2370 quid-

504 2386 577 2444 sit
590 2387 705 2443 hoc
726 2429 741 2453 ,
782 2390 927 2459 quod
952 2390 1443 2459 superiuszdixerat
1463 2406 1495 2445 a
1510 2391 1749 2446 Domino
1784 2391 2106 2458 recessisse,

505 2478 629 2534 hoe-
646 2488 755 2545 est;
792 2481 1119 2551 sapientiam
1147 2490 1203 2537 et
1223 2483 1564 2555 disciplinam
1592 2482 1846 2553 abjieere,
1873 2499 2108 2555 quorum

504 2585 679 2626 vacua
709 2579 795 2627 est
827 2586 977 2643 spes,
1007 2582 1064 2629 et
1097 2574 1313 2630 labores
1341 2574 1491 2630 sine-v
1512 2575 1714 2640 fructu,
1768 2576 1893 2647 quia
1922 2578 1985 2631 iri
2017 2590 2108 2631 va-

504 2677 637 2718 num
667 2672 891 2733 sperant
905 2680 967 2720 se
988 2666 1376 2737 temporalibus
1404 2668 1791 2739 perpetualiter
1816 2670 1899 2724 uti
1922 2684 2105 2739 posse,

509 2756 607 2813 vel
620 2765 846 2829 peccata
862 2758 1131 2815 faciendo
1147 2760 1439 2831 impunitos
1450 2763 1894 2832 posse-evadere,
1910 2763 2106 2819 horum

503 2858 561 2907 et
585 2850 802 2908 labores
833 2860 960 2907 sunt
990 2853 1109 2908 sine
1138 2853 1321 2908 fructu
1344 2852 1539 2909 futura:
1565 2856 1852 2923 mercedis,
1867 2864 1923 2911 et
1941 2871 2106 2927 opera

503 2942 1125 3000 illoruminhabitabilia
1156 2962 1169 2998 :
1203 2945 1464 3016 quoniam
1506 2948 1817 3016 operarium
1863 2942 2106 3017 ipsorum

503 3033 1116 3091 cmlestis'habitationis
1144 3051 1254 3092 non
1284 3047 1513 3106 possunt
1547 3037 1735 3094 facere
1752 3038 2100 3108 participem.

503 3123 604 3178 Cui
644 3139 797 3179 eum--
814 3124 1125 3195 iniquorum
1175 3128 1417 3183 omnium
1461 3128 1640 3199 capite
1686 3130 2105 3200 improperando

2215 1949 2597 2015 sabbatorum,
2649 1956 2705 2004 et
2754 1964 3032 2021 nunquam
3076 1951 3241 2008 faciet
3288 1968 3447 2024 opera
3473 1955 3703 2024 nuptiamm.

2213 2040 2320 2096 Iste
2348 2040 2530 2113 elegit
2552 2054 2673 2111 quae
2693 2040 2957 2098 Dominus
2990 2043 3159 2099 voluit
3188 2050 3248 2100 ut
3272 2044 3394 2115 plus
3419 2045 3582 2100 oﬁ‘erat
3610 2060 3704 2114 quam

2212 2140 2556 2203 praeceptum
2596 2140 2713 2200 est,
2761 2141 2821 2189 ut
2850 2150 2957 2189 non
2989 2135 3383 2208 indulgentiam
3428 2136 3614 2209 apostoli
3635 2134 3703 2203 ejus

2215 2224 2310 2280 sed
2338 2224 2683 2280 voluntatem
2711 2227 3037 2283 consideret.
3067 2227 3171 2283 iste
3214 2238 3363 2285 tenet
3401 2229 3554 2284 foedus
3574 2225 3706 2282 Domiti

2213 2315 2875 2386 sempiternum‘ut'non'
2899 2318 2981 2373 ad‘
3018 2328 3231 2389 tempus
3270 2328 3426 2377 vacet
3466 2319 3660 2384 orationi,
3675 2326 3705 2373 et

2213 2411 2410 2465 iterum
2434 2410 2502 2465 ad
2518 2411 2707 2482 ipsum
2734 2419 3057 2477 revertatur,
3094 2413 3189 2468 sed
3237 2421 3563 2485 accepturum
3593 2428 3633 2468 se
3650 2429 3701 2467 ne

2210 2506 2355 2561 verit
2373 2516 2503 2561 esse‘
2523 2506 2768 2561 iu’domo
2796 2505 3033 2574 Domini,
3050 2523 3169 2578 quae
3198 2517 3288 2564 est
3306 2507 3528 2569 Ecclesia
3555 2505 3704 2579 ejus,le

2211 2613 2335 2654 cum
2389 2597 2655 2670 optimum
2682 2617 2693 2651 :
2722 2598 2906 2654 multa:
2960 2600 3105 2655 enim
3161 2601 3464 2657 mansiones
3503 2608 3601 2655 sunt
3621 2598 3701 2668 apud

2209 2690 2451 2747 Patrem.
2487 2690 2556 2745 Et
2587 2690 2680 2761 qui
2716 2690 2999 2746 eunuchus
3038 2690 3206 2747 fuerit
3234 2699 3291 2746 et
3333 2692 3510 2747 fecerit
3538 2690 3703 2746 universi

2210 2798 2330 2854 qua;
2362 2783 2739 2855 scripta'sunt,
2770 2782 2992 2839 habebit
3019 2782 3072 2838 in
3102 2784 3276 2841 muris
3305 2781 3418 2853 ejus
3443 2781 3590 2838 locum
3618 2778 3702 2849 opti-

2209 2890 2359 2929 mum
2380 2882 2440 2929 ut
2469 2874 2675 2931 scilicet
2703 2874 2869 2930 turris
2902 2874 3114 2930 Domini
3164 2874 3447 2940 eﬂiciatur,
3461 2882 3509 2929 et
3533 2874 3576 2927 in
3595 2882 3704 2927 sata:-

2208 2965 2375 3021 dotali
2413 2966 2677 3021 consistat
2708 2967 2896 3037 gradu,
2922 2974 2980 3021 ut
3005 2981 3104 3037 pro
3134 2967 3321 3033 carnis
3348 2965 3466 3021 ﬁliis
3488 2961 3701 3019 multaibi

2208 3057 2333 3111 beat
2360 3055 2499 3111 ﬁlios
2527 3057 2816 3127 spiritales.
2853 3057 3041 3114 Talem
3072 3058 3239 3114 fuisse
3282 3059 3579 3123 eunuchum,
3607 3070 3702 3126 quea

2208 3145 2366 3203 Jesus
2384 3149 2586 3204 amavit
2598 3149 2687 3220 plu
2696 3151 2912 3217 rimUm,
2931 3152 3327 3223 evangelistam
3343 3148 3700 3216 Joannem,ercle

503 3215 709 3270 scelera
768 3231 866 3272 sua
905 3217 1195 3274 Psalmista
1242 3220 1497 3290 praedixit
1533 3199 1774 3276 dicens-:7
1813 3199 2103 3293 Propterea

2215 3199 2226 3202 -
2522 3199 2529 3202 .
2935 3199 2959 3205 ν
2978 3199 2986 3207 ,
3002 3199 3327 3223 _._D-_.-_-..._
3343 3199 3685 3216 --_-_---_.,---.-

2208 3239 2442 3295 siasticze
2473 3239 2696 3295 tradunt
2721 3242 2995 3310 hiStorize;
3032 3244 3124 3314 qui
3161 3245 3412 3300 recubuit
3432 3258 3568 3314 super
3587 3253 3702 3312 pratis

500 3306 733 3362 destruet
750 3318 809 3363 te
832 3308 999 3378 Deus,
1028 3310 1083 3365 in
1128 3310 1233 3379 ﬁne
1260 3310 1441 3366 evellet
1467 3322 1537 3380 te,
1575 3321 1623 3367 et
1660 3313 1938 3385 emigrabit
1956 3322 2009 3369 te
2037 3315 2103 3369 de

500 3401 841 3457 tabernaculo
884 3413 975 3457 tuo
998 3412 1045 3458 et
1070 3404 1301 3460 radicem
1335 3414 1481 3460 tuam
1524 3406 1591 3460 de
1636 3416 1777 3461 terra
1822 3407 2112 3461 viventium

501 3490 676 3566 (Paul.
706 3493 802 3567 LI).
834 3494 1067 3552 Possunt
1107 3506 1162 3552 et
1193 3498 1437 3554 haeretici
1469 3498 1525 3553 in
1551 3498 1654 3554 hac
1678 3499 1947 3555 sententia
1992 3513 2101 3553 non

501 3584 947 3641 inconvenienter
969 3587 1163 3658 accipi,
1193 3589 1286 3658 qui
1313 3588 1638 3658 sapientiam
1665 3590 1909 3645 divinam
1937 3598 1993 3644 et
2022 3603 2104 3644 re-

499 3676 679 3748 gulam
706 3686 873 3733 reeta:
914 3678 1037 3734 ﬁdei
1074 3678 1413 3748 abjicientes;
1447 3680 1663 3737 labores
1693 3680 1961 3737 doctrinae
1987 3696 2107 3736 suae

501 3778 670 3840 atque
696 3784 947 3826 errorum
976 3780 1155 3828 sectas
1182 3773 1237 3827 in
1263 3788 1493 3829 vacuum
1529 3783 1595 3829 et.
1621 3775 1740 3829 sine
1766 3773 1949 3829 fructu
1974 3774 2102 3828 vitai

498 3871 716 3920 aeterna:
740 3865 1068 3936 expendunt,
1101 3879 1333 3935 quorum
1360 3866 1589 3922 intentio
1618 3866 1782 3921 stulta
1805 3874 1861 3921 et
1880 3867 2103 3937 nequis-

506 3956 646 4011 sima
680 3964 806 4011 sunt
826 3971 1009 4028 opera.
1041 3956 1203 4021 Unde
1220 3956 1601 4029 subiungitur:

576 4044 825 4101 Mulieres
850 4062 1031 4102 eorum
1059 4049 1343 4103 incensam:
1370 4057 1524 4114 sunt,
1569 4058 1617 4103 et
1662 4049 1968 4120 nequissimi
2001 4048 2111 4117 [illil

498 4151 700 4191 eorum.
729 4135 980 4195 Mulieres
1007 4138 1094 4196 vel
1138 4138 1393 4196 libidines
1412 4139 1692 4206 carnales,
1721 4140 2125 4211 vel'interpver

500 4226 735 4283 tationes
766 4242 955 4286 sensus
982 4230 1204 4287 nefandi
1240 4229 1514 4302 appellate
1544 4234 1835 4304 exquibus
1858 4234 2101 4304 tnequiss

498 4318 622 4374 simi
658 4318 786 4387 ﬁlii,
835 4322 939 4379 hoc
973 4331 1085 4390 est,
1137 4322 1518 4380 actusnefarii
1565 4326 2109 4399 seu’dogmatu-per»

496 4427 667 4468 versa-
677 4415 998 4485 procedunt,
1024 4418 1119 4488 qui
1154 4433 1265 4473 non
1288 4417 1704 4491 regni‘ctelestis
1730 4420 1976 4490 praemio,
2001 4420 2123 4476 sed“

2206 3330 2370 3399 Jcsu;
2402 3333 2495 3403 qui
2532 3332 2694 3389 Petro
2730 3334 2937 3390 tardius
2965 3336 3282 3395 ambulante
3309 3338 3532 3393 elevatus
3555 3331 3697 3403 virgini-

2210 3424 2333 3480 tatis
2360 3424 2461 3480 alis
2489 3425 2731 3481 cucurrit
2776 3425 3198 3483 ad'Dominum.
3234 3428 3486 3485 Facessat
3520 3435 3700 3498 ergooﬂr

2208 3516 2294 3571 nis
2332 3515 2603 3572 cavillatio
2649 3515 2982 3585 Iudaeorum,
3016 3527 3071 3573 et
3120 3518 3283 3575 risui'
3316 3520 3539 3591 praebere
3572 3526 3699 3572 seca

2206 3617 2293 3664 set
2319 3609 2572 3679 operiens
2597 3608 2870 3664 semiviris
2897 3623 3064 3681 regna
3088 3610 3355 3667 caelorum
3378 3627 3489 3667 cum
3514 3605 3698 3680 pudicitia,

2206 3714 2315 3755 non
2364 3701 2419 3755 in
2473 3700 2751 3757 debilitate
2789 3703 3036 3773 corporis
3066 3703 3169 3760 sibi
3209 3705 3309 3760 sed
3342 3706 3394 3760 in
3423 3702 3563 3759 animi
3586 3698 3699 3753 mlun-

2209 3798 2342 3858 tate,
2373 3806 2474 3847 nec
2500 3791 2707 3848 desidia
2738 3792 2864 3849 boni
2920 3795 3129 3865 praemii
3159 3796 3383 3857 habebit
3422 3788 3698 3855 meritunnsei

2203 3883 2294 3954 pia
2326 3884 2578 3941 certatio.
2606 3883 2759 3941 Unde
2782 3894 2837 3941 et
2857 3887 3140 3958 sequitur:

2275 3974 2543 4030 Bonorum
2587 3976 2726 4031 enim
2762 3975 3000 4033 labarum
3038 3979 3305 4050 gloriosus
3359 3995 3430 4036 est
3476 3980 3697 4048 fructui,“

2202 4082 2319 4141 qua:
2342 4084 2449 4123 non
2473 4069 2713 4125 concidat
2736 4070 2891 4126 radix
2914 4072 3205 4144 sapientia.
3230 4073 3501 4130 Gloriosus
3523 4068 3697 4125 nimirum

2201 4161 2469 4216 bonorum
2512 4160 2763 4217 laborum
2789 4169 2873 4217 est
2926 4161 3166 4232 fruetus;
3202 4167 3331 4235 quia
3378 4172 3599 4220 internum
3618 4171 3696 4229 gau-

2202 4253 2352 4310 dium
2382 4262 2435 4308 et
2460 4254 2680 4326 requies
2706 4263 2859 4311 certa
2889 4256 3011 4311 illas
3041 4258 3311 4328 sequitur,
3345 4273 3441 4314 nec
3461 4272 3517 4312 ea
3537 4248 3697 4327 gemini

2202 4344 2576 4401 doctrinarum
2607 4360 2706 4402 seu
2733 4348 3009 4403 actionum
3040 4364 3161 4420 quae
3208 4365 3275 4405 ex
3308 4351 3479 4405 radice
3502 4359 3611 4402 vera
3625 4353 3695 4412 pro

2202 4446 2488 4492 cesserunt
2536 4437 2847 4508 sapientize,
2879 4452 3157 4510 nunquam
3202 4441 3407 4497 habent
3453 4428 3694 4501 casum,sed

499 4507 997 4565 tormentojnferni
1033 4518 1160 4566 sunt
1193 4511 1542 4568 obnoxiibe
1593 4526 1703 4584 quo
1751 4513 1931 4569 adhuc
1972 4515 2103 4570 sub~

2208 4538 2477 4599 perpetuae
2527 4507 2717 4584 salutis
2757 4507 3288 4587 aﬁ‘erenti‘ructum.
3342 4533 3409 4587 At
3455 4538 3606 4587 contra
3641 4522 3693 4576 de
3782 4507 3783 4589 Ῐ

496 4598 646 4654 ditur
672 4618 684 4653 :

569 4691 857 4749 Maledicta
906 4706 1152 4753 creatura
1198 4698 1436 4768 illorum,
1465 4702 1567 4758 hoc
1595 4710 1698 4769 est,
1733 4701 1946 4759 factura
1996 4719 2091 4759 eo-

496 4800 639 4842 rum.
669 4782 797 4841 NOn‘
814 4786 960 4842 enim
989 4788 1252 4859 sapientia
1297 4791 1479 4848 divina
1518 4792 1789 4849 creaturis
1818 4795 1934 4861 Dei,
1959 4810 2095 4865 quos

494 4876 745 4935 conditor
768 4877 1011 4949 ipsorum
1047 4882 1495 4941 benedicendoin
1522 4885 1678 4943 initio
1712 4889 1937 4955 creavit,
1972 4903 2091 4944 ma-

491 4969 801 5028 ledictionis
824 4978 1011 5029 notam
1047 4973 1268 5046 ingerit,
1300 4976 1395 5032 sed
1424 4978 1796 5049 operationem
1828 4982 2090 5052 reprobo-

493 5077 614 5119 rum
640 5064 1024 5122 maledi‘ctione
1041 5075 1257 5124 interna
1285 5069 1446 5141 digna
1472 5084 1595 5127 esse
1618 5074 1875 5128 ostendit.

568 5162 832 5230 Quoniam
858 5166 988 5237 felix
1009 5177 1087 5224 est
1107 5170 1325 5238 sterilis;
1354 5181 1403 5226 et
1424 5174 1843 5245 incoinquinata,
1863 5192 1981 5247 qua:
2011 5193 2091 5230 ne-

493 5253 641 5310 scivit
674 5257 887 5312 tlr‘orum
926 5259 985 5315 in
1028 5260 1250 5329 delicto,
1301 5263 1506 5319 habebit
1551 5264 1781 5334 fructum
1830 5270 1885 5322 in
1924 5286 2075 5340 respe

493 5346 665 5401 ctione
702 5350 1005 5406 animarum
1032 5364 1357 5410 sanctarum.
1416 5357 1624 5414 Laudat
1671 5361 1946 5429 sterilem,
1988 5365 2091 5421 hoc

492 5446 599 5508 est,
628 5448 837 5497 castam
861 5452 915 5498 et
939 5446 1306 5506 continentem
1336 5452 1598 5523 animam,
1628 5471 1748 5527 quae
1776 5474 1884 5514 nou
1913 5460 2087 5531 pollu-

491 5538 549 5589 ta
592 5540 679 5588 est
728 5534 978 5591 sordibus
1025 5537 1471 5613 hairecticorum,
1504 5562 1681 5618 neque
1729 5550 2085 5610 immunditiis

492 5626 811 5685 idololatriae
845 5633 1246 5705 contaminata;
1286 5638 1401 5695 haec
1422 5642 1567 5699 enim
1590 5642 1811 5702 habebit
1849 5646 2085 5705 fructum

494 5720 555 5777 iu
579 5722 917 5794 respectione
942 5724 1248 5784 animarum
1276 5742 1589 5791 sanctarum
1615 5778 1628 5803 ,
1677 5739 1864 5809 utique
1911 5742 1964 5797 in
1996 5742 2084 5798 die

491 5814 710 5891 iudicii,
737 5820 956 5891 quando
981 5822 1154 5879 sancti
1181 5824 1465 5898 rapiuntur
1498 5830 1565 5885 ad
1613 5834 2083 5911 contemplandam

2120 4581 2183 4641 Ι)

2184 4628 2383 4692 'gmata
2415 4620 2795 4677 haereticorum
2815 4629 2872 4677 et
2898 4621 3150 4693 discipuli
3178 4636 3245 4679 ac
3275 4629 3544 4693 sequentes
3567 4611 3690 4684 nequi-

2204 4711 2293 4766 tiae
2318 4710 2543 4767 illorum
2568 4713 3105 4781 exterminabuntur;
3157 4729 3258 4772 nec
3307 4716 3553 4772 habebunt
3601 4717 3689 4777 spem
3782 4736 3783 4739 η

2203 4803 2418 4869 salutis,
2472 4804 2589 4859 sed
2618 4805 2814 4861 acerba
2850 4814 3026 4863 morte
3073 4807 3341 4863 damnatiL
3368 4808 3418 4864 in
3461 4802 3689 4862 oblivionem

2204 4891 2487 4949 tradentur
2507 4902 2853 4966 perpetuam.
2887 4897 2964 4952 De
2993 4911 3101 4968 quo
3129 4907 3186 4954 et
3218 4898 3492 4955 subditur:

2792 5028 3021 5088 CAPUT
3070 5030 3203 5089 VIII.

2205 5121 2354 5189 Quod
2386 5123 2486 5191 ﬁlii
2505 5123 2911 5207 adulterorum,
2944 5128 3012 5182 id.
3039 5137 3116 5184 est
3144 5121 3682 5207 hermam-agger:
3782 5116 3783 5137 ‘

2268 5195 2616 5271 summatione
2641 5206 2814 5271 erant,
2848 5207 2895 5252 et
2926 5206 3192 5257 castorum
3229 5196 3485 5271 generatio

2267 5265 2321 5319 in
2348 5276 2597 5336 perpetua
2623 5266 2881 5322 claritate.

2270 5376 2399 5434 Filii
2427 5391 2601 5439 autem
2620 5380 2984 5439 adulterorum
3006 5386 3062 5441 in
3083 5386 3549 5447 contumatiam
3570 5378 3682 5432 σηιίν

2195 5480 2244 5527 et
2276 5474 2341 5528 ab
2362 5473 2543 5545 iniquo
2565 5475 2716 5531 tltoro
2752 5480 3396 5539 semenexterminabitur.
3428 5465 3681 5544 Εηίμίάβ

2195 5564 2346 5637 longe
2366 5566 2610 5634 vixerint,
2650 5569 2706 5623 in
2736 5570 2956 5626 nihilum
2978 5575 3428 5643 computabuntur,
3467 5579 3507 5625 et
3527 5567 3608 5622 sint
3622 5558 3679 5610 δυ’

2195 5675 2320 5716 nare
2369 5661 2463 5714 erit
2505 5663 2785 5719 novissima
2812 5674 3049 5723 senectus
3092 5665 3326 5724 illorum.
3370 5664 3495 5721 Etsi
3528 5650 3673 5713 ειλιάυ

2193 5750 2427 5819 defuncti
2456 5738 2650 5823 fuerint
2697 5772 2809 5813 nam.
2833 5757 3094 5814 habebunt
3130 5775 3294 5829 spem,
3323 5776 3406 5814 nec
3427 5758 3474 5809 in
3498 5740 3675 5813 diedi“

2192 5843 2349 5899 tionis
2379 5843 2766 5903 allocutionem.
2824 5848 3079 5907 Nationes
3100 5851 3238 5907 enim
3274 5852 3446 5932 iniqua:
3467 5845 3566 5901 dira
3595 5840 3669 5888 sui!
