3882 6476
135 448 253 550 ess

987 454 1339 550 C-OMMENT.
1382 492 1452 548 1N
1490 490 1751 548 LIBRUM
1787 487 2196 548 SAPIENTIE.
2237 519 2308 531 —
2344 489 2473 545 us.
2515 489 2556 545 ι.

3310 487 3417 546 686

130 606 630 668 consummationis.
673 607 914 665 Adulteri
938 607 1156 680 quidem
1183 608 1422 664 haeretici
1444 616 1590 671 sunt.
1632 608 1725 678 qui
1750 612 1806 674 Α
1828 606 2068 662 ctionum
2115 621 2303 662 eorum
2339 616 2464 664 sunt
2498 608 2651 680 pravi
2706 615 2867 680 atque
2895 609 3176 679 venenosi,
3215 617 3269 667 ct
3289 608 3416 666 ideo

129 698 513 756 adulterantes
543 698 765 755 verbum
798 699 897 755 Dei
942 699 999 759 in
1043 699 1274 755 aliorum
1317 714 1541 755 sensum
1588 698 1721 754 illud

130 787 442 846 transferre
468 796 752 845 conantur.
778 788 981 846 Horum
1004 788 1123 857 lilii,
1139 790 1244 846 hoc
1270 796 1353 845 est
1371 788 1638 860 discipuli,
1669 789 1722 844 in

129 880 609 949 consummatione
650 889 831 948 erunt,
880 881 1007 952 quia
1045 881 1115 937 ad
1158 889 1419 939 sternam
1465 881 1724 952 perditio-

131 986 270 1031 netu
296 973 541 1029 tendunt.
587 970 655 1026 lli
691 972 760 1027 ab
788 972 973 1045 iniquo
1005 973 1162 1029 thoro
1202 972 1405 1044 polluto
1449 972 1725 1030 conscien-

131 1063 235 1120 tia:
290 1063 558 1119 virulenta
603 1071 918 1134 erumpente
962 1063 1258 1119 nutrimine
1301 1063 1537 1130 educati,
1594 1062 1724 1120 licet

132 1155 367 1227 longaevi
396 1155 505 1211 sint
531 1170 694 1227 super
733 1163 950 1222 terram.
980 1164 1162 1215 tamen
1191 1155 1326 1211 nihil
1355 1156 1434 1211 eis
1473 1156 1578 1211 hoc
1600 1169 1725 1227 pro-

132 1248 308 1315 derit,
359 1246 575 1318 quando
617 1246 683 1302 ad
711 1246 1142 1303 combustionem
1197 1245 1365 1302 futuri
1413 1254 1541 1302 sunt
1582 1245 1723 1315 ignis

130 1338 349 1395 aeterni.
394 1338 630 1405 Quorum
671 1338 950 1397 novissima
974 1346 1211 1395 senectus
1234 1339 1347 1392 sine
1372 1338 1567 1393 honore
1599 1337 1721 1404 erit,

129 1432 269 1502 quia
293 1431 550 1487 memoria
581 1431 793 1486 illorum
838 1432 893 1486 in
923 1439 1186 1493 mternum
1223 1430 1604 1487 benedictione
1632 1445 1722 1486 ca-

130 1525 303 1592 rebit,
350 1539 452 1581 nec
479 1523 535 1579 in
560 1523 647 1580 die
686 1523 997 1596 agnitionis,
1036 1523 1168 1578 hora
1214 1522 1465 1579 videlicet
1507 1522 1723 1578 univer-

128 1617 270 1675 salis
295 1616 511 1689 judicii,
534 1615 751 1687 quando
800 1615 1010 1671 electia
1052 1612 1241 1685 judice
1287 1630 1386 1672 suo
1424 1614 1598 1687 agniti
1650 1614 1723 1673 ad

126 1709 534 1779 possessionem
577 1708 731 1779 regni
753 1708 989 1767 omlestis
1009 1716 1171 1764 erunt
1200 1707 1438 1775 invitati,
1468 1709 1574 1780 ipsi
1604 1709 1727 1766 nul»

127 1799 187 1857 la
218 1818 316 1874 spe
357 1800 772 1858 restauationis
820 1815 932 1855 suae
984 1799 1434 1869 consolabuntur,
1492 1800 1589 1858 sed
1663 1802 1722 1859 in

127 1899 402 1947 aeternum
432 1890 708 1949 cruciandi
755 1905 788 1945 a
834 1898 1127 1963 conspectu
1170 1890 1396 1947 humani
1444 1892 1591 1964 regis
1630 1906 1724 1949 ex-

126 1985 423 2055 pellentur.

206 2093 361 2165 (Car.
408 2093 511 2164 tv.)
561 2093 608 2149 0
650 2110 808 2166 quam
844 2092 1069 2164 pulchra
1126 2102 1207 2149 est
1256 2103 1405 2151 casta
1453 2094 1721 2165 generatio

126 2205 260 2243 cum
287 2187 566 2244 claritate!
595 2186 920 2243 [mortalis
946 2196 1023 2243 est
1061 2187 1201 2242 enim
1234 2188 1487 2243 memoria
1530 2186 1676 2243 illius
1700 2206 1721 2254 ;

128 2279 386 2351 quoniam
431 2288 481 2333 et
507 2279 649 2349 apud
699 2279 871 2334 Deum
914 2288 1040 2335 nota
1084 2287 1160 2335 est
1206 2287 1256 2334 et
1279 2278 1421 2350 apud
1465 2280 1719 2335 homines.

131 2368 271 2424 Cum
295 2385 521 2440 presens
546 2377 642 2436 est,
694 2370 967 2424 imitantur
991 2368 1177 2436 illam;
1202 2379 1252 2425 et
1277 2369 1576 2425 desiderant
1605 2387 1725 2424 eam

128 2478 255 2517 cum
282 2477 336 2516 se
354 2462 615 2528 edisserit,
655 2470 705 2516 et
744 2462 801 2516 in
825 2470 1130 2531 perpetuum
1155 2472 1407 2517 coronata
1433 2461 1724 2532 triumphat

127 2546 650 2623 incoinquiuetorum
672 2553 1017 2611 certaminum
1043 2553 1318 2623 prmium
1342 2553 1575 2608 uincens.
1600 2551 1723 2609 Sic-

129 2652 194 2698 ut
245 2644 493 2713 superius
562 2644 887 2714 vituperavit
947 2644 1340 2703 haeresiarchas
1362 2685 1379 2712 ,
1428 2659 1728 2716 eorumque

128 2750 396 2806 sequaces
433 2737 832 2804 schisnmtioos,
886 2737 962 2792 ita
996 2754 1143 2794 nunc
1187 2738 1372 2796 laudat
1429 2738 1727 2795 catholicos

129 2828 458 2898 illenunque
508 2827 821 2899 discipulos,
873 2843 1108 2899 quorum
1153 2829 1291 2885 ﬁdes
1331 2838 1415 2885 est
1462 2844 1618 2899 pura,
1670 2836 1729 2884 et

129 2920 363 2992 simplex
413 2921 658 2977 doctrina
704 2929 867 2992 atque
904 2932 1144 2989 aeterna;
1174 2939 1270 2994 per
1318 2924 1424 2980 hoc
1463 2924 1727 2981 memoria

132 3013 317 3084 digna,
370 3014 627 3083 quoniam
664 3014 908 3086 ipsorum
934 3017 1213 3087 generatio
1262 3018 1406 3088 apud
1436 3017 1726 3074 Dominum

52 3150 73 3169 ,
128 3104 357 3174 probata
389 3112 494 3170 est,
542 3112 598 3160 et
626 3107 769 3176 apud
798 3107 1044 3163 homines
1073 3108 1455 3166 venerabiliter
1478 3118 1723 3180 accepta.

132 3192 264 3250 limo
309 3194 365 3249 in
401 3197 655 3263 praesenti
680 3198 790 3252 vita
842 3214 942 3269 per
963 3214 1120 3255 sacra
1158 3201 1409 3273 exempla
1460 3202 1726 3260 bonorum

130 3300 361 3355 operum
382 3285 618 3345 fructum
639 3290 831 3362 gignit,
869 3300 926 3347 et
954 3295 1023 3348 ad
1045 3308 1270 3366 regnum
1290 3294 1515 3352 cmleste
1551 3304 1727 3353 tram-

132 3376 249 3447 ιω
282 3378 501 3450 dignam
537 3380 621 3436 sui
669 3383 1103 3440 recordationem
1154 3387 1388 3458 posteris
1442 3388 1724 3459 relinquit,

136 3484 245 3525 nec
279 3470 417 3527 ullus
460 3472 565 3527 erit
606 3473 760 3530 dolor
798 3474 865 3530 de
890 3486 1112 3544 peracto
1153 3478 1472 3545 certamine,
1510 3480 1728 3549 quando

134 3563 581 3632 persecutionum
627 3566 1051 3638 magnitudinem
1088 3569 1373 3640 praemium
1419 3570 1617 3628 vincet.

211 3695 506 3770 Hultigena
527 3700 665 3755 enim
685 3700 964 3771 impiorum
989 3702 1271 3758 multitudo
1306 3719 1410 3758 non
1432 3704 1529 3759 erit
1557 3704 1725 3771 utilis,

134 3797 187 3844 et
234 3788 415 3859 spuria
460 3789 767 3845 vitulamina
806 3807 908 3847 non
945 3793 1144 3848 dabunt
1193 3794 1395 3849 radices
1429 3793 1585 3863 altas,
1635 3812 1729 3851 nec

134 3879 322 3935 stabile
358 3879 749 3949 ﬁrmamentum
798 3881 1146 3939 collocabant.
1206 3883 1541 3942 Alternando
1582 3886 1728 3941 enim

134 3972 379 4042 loquitur
425 3972 491 4027 de
515 3972 798 4028 catholicis
834 3983 889 4028 et
923 3975 1195 4031 haereticis
1232 3984 1294 4031 ut
1336 3976 1566 4033 istorum
1615 3977 1730 4032 lau-

137 4065 373 4121 dabilem
417 4064 667 4121 ostendat
719 4068 1057 4138 sapientiam,
1114 4078 1168 4125 et
1192 4069 1407 4126 illorum
1458 4073 1730 4143 vitupera-

137 4162 305 4220 bilem
338 4164 671 4220 demonstret
712 4165 1025 4220 versutiam.
1084 4164 1377 4236 Multigena
1426 4168 1623 4239 quippe
1676 4178 1730 4224 et

138 4254 423 4324 multiplex
464 4256 845 4312 haareticorum
878 4256 1125 4312 doctrina
1153 4272 1265 4313 non
1291 4259 1396 4313 erit
1430 4258 1598 4325 utilis,
1636 4257 1731 4314 sed

140 4348 369 4415 nociva;
404 4363 502 4404 nec
526 4348 800 4420 superﬂua
850 4349 1066 4405 illorum
1098 4359 1435 4421 argumenta,
1492 4366 1613 4421 quae
1658 4351 1732 4406 si-

141 4447 311 4510 gnant
342 4440 525 4509 spuria
567 4440 908 4508 vitulamina,
938 4442 1143 4497 habent
1168 4442 1407 4498 radicem
1452 4442 1729 4509 veritatis,

142 4533 268 4588 ideo
306 4533 729 4589 stabilimentum
781 4550 887 4590 non
934 4537 1136 4592 habent
1180 4536 1537 4604 fortitudinis,
1572 4536 1667 4593 sed
1697 4550 1731 4591 a

141 4632 309 4680 vento
346 4626 783 4695 persecutionum
831 4627 944 4682 sive
970 4627 1220 4684 examine
1270 4627 1503 4684 districti
1538 4626 1729 4700 judicii

144 4717 357 4783 attacti,
401 4718 509 4773 cito
538 4733 570 4772 a
604 4733 700 4773 sua
731 4718 988 4775 ﬁrmitate
1037 4719 1330 4788 decidunt;
1361 4720 1503 4778 unde
1546 4729 1607 4777 et
1640 4735 1722 4778 se-
1752 4714 1808 4775 D

143 4810 335 4881 quitur
356 4828 371 4865 :

220 4924 289 4980 Et
313 4926 359 4981 si
390 4926 445 4982 in
474 4927 633 4982 ramis
665 4927 721 4982 in
747 4936 976 5000 tempore
995 4930 1419 5001 germinaverint,
1455 4931 1736 5003 infirmiter

143 5017 337 5088 posita,
388 5035 422 5072 a
452 5029 597 5074 vento
631 5021 1107 5086 conmouebuntur,
1153 5030 1258 5077 eta
1297 5022 1564 5078 nimietate
1616 5041 1736 5080 uen-

146 5116 323 5160 torum
377 5109 807 5164 eradicabuntur.
853 5107 1262 5181 Confringentur
1295 5112 1433 5166 enim
1479 5115 1612 5167 rami
1654 5115 1736 5169 in-

148 5201 515 5266 consummati,
546 5209 593 5255 et
621 5200 823 5271 fructus
864 5202 1074 5259 illorum
1118 5206 1346 5275 inutiles,
1370 5217 1418 5264 et
1453 5210 1625 5265 acerbi
1667 5213 1737 5267 ad

152 5290 599 5359 manducandum,
634 5304 681 5349 et
708 5294 776 5348 ad
805 5296 1025 5350 nihilum
1060 5299 1187 5368 apti.
1246 5298 1444 5357 Ramos
1493 5303 1737 5360 nominat

152 5380 453 5438 sententias
506 5386 894 5457 scripturarum
949 5403 1349 5459 perversarum,
1393 5402 1447 5449 et
1507 5392 1736 5465 fructus,

153 5489 348 5531 sensus
398 5477 638 5548 ipsarum
684 5482 1105 5549 sententiarum;
1138 5500 1233 5555 per
1260 5473 1449 5543 ventos
1498 5505 1735 5561 quoque,

154 5575 253 5624 aut
299 5571 735 5642 persecutionum
783 5574 1059 5630 molestias
1114 5585 1204 5631 aut
1249 5577 1610 5637 discussiones
1654 5582 1740 5653 ju-

156 5659 285 5716 dicii
324 5661 602 5736 designat:
635 5665 759 5736 quia
786 5666 925 5722 sicut
960 5668 1095 5722 rami
1126 5667 1340 5741 fragiles
1379 5688 1408 5725 a
1434 5683 1614 5739 vento,
1667 5676 1740 5729 ita

158 5767 348 5807 eorum
376 5756 654 5811 sententiae
682 5757 1007 5828 imperfecte
1031 5759 1097 5813 ab
1122 5761 1446 5818 adversitate
1478 5764 1739 5835 qualibet,

163 5861 259 5901 seu
290 5846 622 5904 discussione
652 5851 878 5921 pulsata:
926 5851 1082 5912 facile
1123 5869 1463 5927 rumpuntur,
1512 5858 1744 5916 fructus-

166 5952 271 6019 que
306 5953 494 5997 eorum
549 5951 673 5999 sunt
707 5944 923 6004 inutiles
966 5956 1019 6005 ct
1050 5948 1249 6019 acerbi,
1283 5951 1405 6027 quia
1434 5966 1624 6009 sensus
1660 5952 1741 6010 di-

1830 695 1899 752 ad
1934 695 2138 751 nullam
2164 696 2456 752 utilitatem
2486 698 2619 768 apti.

1894 788 1983 844 Ea:
2010 790 2201 863 iniquis
2228 790 2366 844 enim
2411 806 2590 846 omnes
2641 790 2742 859 lilii
2774 793 2864 864 qui
2905 801 3215 861 nascuntur,
3264 801 3419 850 testes

1826 890 1948 937 sunt
1995 883 2238 956 nequitia:
2281 882 2527 938 adversus
2556 895 2795 954 parentes
2834 886 3241 958 interrogatione
3289 901 3413 943 sua.

1824 972 1993 1030 Filios
2020 974 2325 1046 iniquorum
2343 983 2524 1030 autem
2547 975 2838 1046 discipulos
2860 975 3093 1049 appellat
3113 985 3205 1031 aut
3225 992 3413 1049 opera,

1825 1066 1955 1137 quia
2000 1066 2137 1124 sicut
2188 1067 2392 1125 alumni
2434 1068 2811 1125 hzereticorum
2859 1069 2915 1124 in
2951 1070 3038 1125 die
3072 1069 3266 1141 judicii
3318 1087 3416 1127 au-

1827 1167 2043 1228 gmenta
2083 1166 2207 1213 sunt
2245 1158 2488 1214 dolorum
2531 1159 2617 1214 his
2644 1160 2737 1232 qui
2768 1175 2827 1216 se
2855 1161 3039 1231 pravis
3075 1160 3420 1233 dogmatibus

1826 1251 2175 1316 seduxerunt,
2233 1251 2308 1305 ita
2351 1266 2519 1322 prava
2553 1267 2717 1324 opera
2764 1252 2819 1306 in
2851 1260 3097 1325 tempore
3137 1253 3420 1313 novissimi

1825 1338 2092 1395 examinis
2119 1338 2531 1410 prohamentum
2562 1350 2689 1397 sunt
2715 1341 2971 1412 nequitia:
3007 1342 3240 1415 illorum,
3273 1341 3419 1401 unde

1826 1431 2022 1486 merito
2047 1429 2389 1486 damnentur.

2446 1543 2674 1603 CAPUT
2713 1546 2809 1602 IX.

1829 1638 1984 1706 Quod
2021 1641 2292 1715 juston
2332 1640 2527 1715 animae
2566 1652 2683 1715 post
2711 1651 2933 1698 mortem
2980 1652 3133 1715 erunt
3161 1644 3231 1715 in
3256 1643 3421 1715 ωτι-

1989 1711 2153 1783 gerio,
2206 1728 2296 1767 nec
2345 1712 2413 1766 sit
2455 1711 2710 1767 transitus
2751 1730 2931 1767 eorum
2978 1712 3254 1785 lugendus.

1896 1805 2084 1860 Justus
2121 1816 2296 1862 autem
2322 1808 2367 1861 si
2413 1817 2575 1862 morte
2607 1818 3002 1880 praeoccupatus
3027 1808 3213 1879 fuerit,
3255 1810 3310 1864 in
3342 1827 3421 1866 re-

1827 1897 2043 1969 frigerio
2068 1899 2184 1954 erit.
2218 1897 2353 1956 Cum
2384 1906 2542 1955 antea
2568 1900 2795 1956 dixisset
2837 1900 2904 1956 de
2928 1900 3195 1957 malorum
3242 1903 3415 1959 inter-

1747 1981 1798 2043 B
1826 1992 1922 2059 itu,
1961 2009 2106 2049 nunc
2130 1993 2196 2049 de
2242 1994 2508 2050 honorum
2534 1995 2721 2066 requie
2750 1995 3145 2066 subscquenter
3164 2005 3416 2064 enarrat,

1823 2084 1951 2155 quia
1988 2092 2119 2156 post
2143 2084 2307 2140 linem
2338 2085 2620 2156 praesentis
2650 2085 2777 2140 vitae
2824 2101 2945 2156 quae
2972 2085 3128 2142 bonis
3166 2095 3222 2142 et
3250 2086 3408 2143 malis

1823 2175 2127 2230 communis
2170 2182 2271 2241 est,
2319 2173 2455 2245 justi
2505 2183 2632 2230 tunc
2671 2175 2932 2248 incipient
2972 2175 3163 2232 melius
3207 2176 3410 2243 vivere,

1824 2265 2040 2338 quando
2054 2266 2122 2322 ab
2143 2265 2343 2337 iniquis
2363 2266 2614 2322 videntur
2634 2265 2877 2322 funditus
2900 2267 3141 2335 interire,
3165 2267 3421 2341 quoniam

1824 2368 2053 2433 externa
2108 2360 2327 2430 requies
2388 2367 2518 2416 tunc
2566 2358 2676 2414 illis
2728 2360 2965 2428 dabitur,
3024 2362 3244 2432 quando
3300 2361 3421 2418 istis

1823 2464 1986 2522 pinna
2032 2451 2275 2507 succedit
2323 2459 2588 2525 perpetua

1895 2540 2145 2599 Senectus
2182 2543 2319 2599 enim
2344 2544 2649 2613 venerabilis
2681 2553 2756 2599 est
2790 2561 2893 2600 non
2928 2544 3199 2614 diuturna,
3258 2563 3419 2618 neque

1826 2656 2041 2695 numero
2070 2656 2331 2695 annorum
2359 2649 2679 2711 computata.
2729 2639 2861 2696 Cani
2886 2650 3009 2696 sunt
3040 2651 3215 2697 autem
3238 2658 3421 2696 sensus

1826 2739 2120 2805 hominum,
2146 2748 2194 2793 et
2226 2746 2355 2792 tetas
2380 2739 2657 2793 senectutis
2684 2738 2791 2793 vita
2817 2736 3182 2793 immaculata.
3235 2736 3424 2793 Osten-

1827 2830 1906 2887 dit
1932 2829 2062 2900 quid
2092 2829 2149 2884 in
2178 2836 2459 2885 senectute
2482 2829 2832 2900 quaerendum
2855 2828 2951 2895 sit,
3002 2828 3128 2900 quia
3154 2842 3263 2884 non
3286 2837 3420 2883 tetas

1828 2922 2094 2993 corporis,
2143 2920 2239 2977 sed
2266 2922 2555 2977 maturitas
2598 2921 2797 2976 mentis
2829 2929 2887 2974 et
2913 2935 3128 2975 morum
3172 2919 3416 2990 probitas

1828 3013 1887 3071 in
1924 3029 1991 3069 ea
2025 3013 2278 3069 laudatur
2322 3032 2335 3067 :
2378 3014 2519 3070 unde
2570 3014 2628 3068 in
2666 3012 3029 3069 Numerorum
3075 3012 3213 3068 libro
3252 3010 3425 3083 Moysi

1829 3102 2089 3158 Dominus
2105 3102 2269 3173 jussit
2295 3104 2635 3176 septuaginta
2663 3104 2863 3175 eligere
2887 3105 3256 3174 presbyteros,
3286 3118 3423 3172 quos

1829 3194 1947 3266 ipse
1974 3202 2159 3250 nosset
2185 3208 2306 3251 esse
2330 3194 2676 3267 presbyteros
2719 3202 2776 3249 ut
2802 3195 3158 3250 constitueret
3186 3208 3281 3249 eos
3309 3208 3423 3247 ma-

1832 3287 2037 3357 gistros
2073 3286 2256 3356 populi
2278 3301 2342 3342 ac
2370 3286 2602 3358 judices.
2666 3287 2735 3341 Et
2764 3285 2964 3341 Paulus
2985 3285 3054 3341 ad
3077 3284 3421 3340 Timotheum

1831 3377 2079 3434 scribens
2099 3378 2175 3432 ait
2203 3392 2218 3431 :
2252 3376 2421 3433 Nemo
2466 3377 2871 3433 adolescentiam
2908 3386 3054 3432 tuam
3084 3384 3419 3441 contemnat;

1829 3471 1921 3525 sed
1945 3470 2236 3541 exemplum
2265 3480 2374 3525 esto
2394 3469 2628 3539 ﬁdelium
2659 3471 2714 3525 in
2743 3470 2914 3537 verba,
2934 3471 2989 3525 in
3010 3468 3423 3536 conuersatione,

1830 3565 1887 3620 in
1911 3565 2184 3629 charitate,
2216 3566 2269 3618 in
2309 3563 2436 3634 ﬁde,
2485 3564 2541 3619 in
2586 3565 2847 3619 castitate.

1906 3654 2127 3713 Placeas
2154 3653 2260 3709 Deo
2291 3654 2461 3725 factus
2490 3665 2566 3710 est
2594 3655 2836 3721 dilectus,
2876 3664 2923 3708 et
2946 3655 3116 3709 vivens
3144 3653 3280 3709 inter
3304 3669 3423 3727 pec-

1833 3755 2035 3800 catores
2070 3744 2360 3800 translatus
2396 3756 2491 3801 est.
2535 3745 2733 3817 Raptus
2758 3755 2831 3800 est
2858 3762 2920 3801 ne
2945 3744 3150 3800 malitia
3181 3754 3407 3801 mutaret

1831 3834 2149 3890 intellectum
2174 3836 2311 3907 ejus,
2335 3846 2425 3890 aut
2450 3854 2512 3891 ne
2534 3835 2677 3907 ﬁctio
2707 3837 2960 3908 deciperet
2992 3837 3224 3891 animam
3251 3836 3417 3891 illius.

1831 3925 1951 3981 Non
1990 3926 2111 3983 ideo
2145 3925 2286 3983 tollit
2312 3926 2457 3986 Deus
2489 3929 2763 3985 hominem
2794 3944 2957 4001 quem
2988 3927 3161 4002 diligit
3209 3932 3275 3986 de
3304 3932 3408 3985 hoc

1830 4017 2055 4085 mundo,
2107 4018 2249 4089 quod
2280 4034 2391 4076 non
2431 4020 2603 4090 possit
2650 4034 2773 4075 eum
2811 4020 2954 4075 inter
2976 4028 3292 4090 peccatores
3343 4020 3424 4074 vi-

1830 4121 2047 4167 ventem
2088 4111 2384 4169 immunem
2414 4130 2632 4170 servare
2660 4130 2688 4169 a
2714 4123 2959 4184 peccato,
3002 4114 3095 4185 qui
3126 4114 3425 4187 discipulos

1832 4218 1958 4258 suos
1980 4204 2135 4273 quasi
2160 4219 2328 4275 agnos
2360 4205 2500 4261 inter
2538 4206 2692 4276 lupos
2722 4206 2945 4262 mittens
2980 4207 3125 4277 patri
3147 4222 3425 4263 commen-

1833 4292 1980 4348 davit
2007 4292 2190 4349 dicens
2221 4313 2233 4349 :
2282 4292 2407 4349 Non
2448 4313 2570 4366 rogo
2610 4307 2666 4349 ut
2694 4296 2850 4350 tollas
2872 4313 2956 4351 eos
2998 4297 3063 4352 de
3082 4297 3299 4364 mundo,
3331 4296 3425 4351 sed

1832 4398 1888 4442 ut
1931 4403 2097 4441 serves
2144 4406 2175 4440 α
2216 4386 2354 4441 malo
2414 4386 2596 4459 (Joan.
2670 4388 2844 4461 xvu);
2898 4391 2991 4446 sed
3039 4400 3099 4445 ut
3160 4389 3425 4445 rationem

1826 4477 2017 4550 judicii
2046 4479 2131 4535 sui
2159 4480 2430 4546 observet,
2473 4489 2533 4535 ut
2575 4494 2712 4549 quos
2732 4481 3009 4550 prrescivit
3060 4490 3116 4537 et
3139 4479 3423 4552 praedesti-

1832 4574 1983 4629 navit
2007 4572 2311 4630 conformes
2345 4574 2464 4630 tieri
2500 4573 2752 4646 imaginis
2782 4574 2875 4630 lilii
2926 4576 3032 4643 sui,
3086 4576 3185 4630 hos
3222 4588 3425 4632 convo-

1834 4675 1940 4734 cet,
1978 4666 2261 4737 justilicet,
2294 4664 2625 4736 magniﬁcet,
2654 4681 2717 4721 ac
2742 4665 3043 4738 gloriﬁcet;
3068 4674 3296 4723 caeteros
3323 4680 3418 4720 au-

1837 4769 1945 4815 tem
1968 4774 2067 4829 pro
2105 4757 2393 4828 iniquitate
2439 4773 2537 4813 sua
2559 4760 2710 4828 justo
2721 4757 2928 4828 judicio
2951 4748 3296 4813 damnet'Dc
3316 4772 3424 4828 quo

1836 4847 2032 4909 Petrus
2078 4849 2355 4921 apostolos
2396 4849 2512 4903 ait:
2546 4846 2709 4905 Novit
2749 4848 2892 4904 Deus
2916 4865 3030 4920 ριοδ
3055 4849 3120 4903 de
3144 4849 3428 4904 tentatione

1837 4944 2056 5013 eripere,
2104 4942 2311 5013 iniquos
2339 4957 2455 4996 vero
2482 4942 2539 4997 in
2571 4941 2657 4996 die
2677 4936 2877 5012 judicii
2911 4937 3227 4994 cruciandos
3260 4954 3424 4995 reser-

1839 5051 1959 5089 uare
2005 5032 2089 5107 (ΙΙ
2141 5031 2289 5088 Petr.
2330 5034 2412 5106 ιι).

1914 5123 2223 5179 Fuscinatio
2266 5125 2403 5179 enim
2436 5124 2753 5196 nugacitatis
2795 5121 3040 5178 obscurat
3072 5121 3230 5189 bona,
3270 5132 3318 5177 et
3347 5123 3428 5178 in-

1870 5218 2133 5271 onstantia
2154 5216 2585 5287 concupiscentiae
2609 5214 2908 5270 transumit
2938 5231 3151 5271 sensum
3179 5216 3291 5271 sine
3312 5230 3427 5271 ma-

1840 5306 1975 5361 litia.
2021 5306 2133 5364 Hac
2164 5309 2433 5364 sententia
2464 5307 2591 5363 licet
2618 5304 2946 5380 generaliter
2991 5308 3213 5364 lascivia
3255 5309 3425 5366 deno-

1842 5406 1987 5453 tetur
2034 5401 2409 5470 reproborum,
2458 5396 2805 5455 manifestius
2839 5407 3021 5455 tamen
3050 5399 3105 5455 in
3128 5416 3193 5456 ea
3240 5401 3432 5457 redar-

1843 5492 2026 5563 guitur
2054 5492 2253 5547 astutia
2280 5490 2681 5558 haereticorum,
2728 5507 2848 5562 qua:
2868 5490 3051 5564 pravis
3082 5491 3344 5549 doctrinis
3371 5498 3429 5548 et

1842 5584 2136 5653 cupiditate
2173 5583 2363 5638 nociva
2412 5599 2631 5639 sensum
2653 5584 2887 5640 hominis
2914 5587 3108 5640 avertit
3136 5600 3170 5639 a
3211 5584 3433 5641 tramite

1844 5675 2122 5740 veritatis;
2157 5675 2384 5730 fascinat
2425 5676 2590 5741 enim,
2641 5677 2745 5732 hoc
2788 5688 2871 5733 est
2919 5686 3132 5749 gravat,
3177 5675 3269 5746 qui
3302 5674 3431 5730 adu-

1844 5765 2002 5821 lando
2048 5766 2287 5836 impedit,
2354 5768 2436 5822 vel
2480 5767 2745 5824 laudando
2795 5770 3010 5840 decipit.
3072 5768 3321 5838 Legimus
3371 5763 3433 5822 in

1845 5861 2101 5931 Apostolo
2124 5881 2134 5915 :
2161 5860 2456 5917 Currebatis
2481 5862 2754 5936 bene,quis
2776 5882 2860 5919 vos
2888 5860 3203 5934 fascinavit?
3229 5857 3431 5935 (Calai.

1847 5956 1955 6025 ιιι.)
1992 5955 2055 6011 Et
2094 5955 2147 6013 iu
2172 5954 2474 6014 Proverbiis
2508 5975 2517 6011 :
2552 5956 2761 6018 Donum
2800 5955 2962 6014 invidi
2986 5954 3187 6011 cruciat
3227 5949 3429 6011 oculos.
