3882 6460
503 406 614 469 687

1144 400 1206 456 Β.
1243 395 1500 456 RABANI
1539 395 1760 454 MAURI
1796 393 2119 453 ARCHIEP.
2160 386 2476 449 MOGUNT.
2519 382 2808 444 OPERUM
2841 379 3024 440 PARS
3061 379 3105 438 l.
3613 388 3676 449 ω

505 525 612 598 Qui
657 523 797 596 apud
825 535 926 578 nos
974 517 1205 583 invidus,
1251 516 1393 588 apud
1431 515 1650 573 Graaeos
1701 510 2092 584 signiﬁcantius
2119 509 2171 572 Α
2195 505 2374 570 Deus;
2401 503 2648 598 uidebunt
2664 501 2803 557 enim
2850 509 2901 555 et
2929 505 3255 598 contemnent
3278 497 3435 598 :iltos
3455 505 3681 598 autenm.

501 620 728 695 ponitur
764 615 1061 672 fascinator
1092 631 1104 644 ·
1147 614 1204 667 in
1250 612 1447 681 quibus
1497 607 1759 679 exemplis
1810 607 2086 669 docemur,

503 711 651 784 quod
696 708 784 765 vel
819 707 1033 763 invidus
1061 704 1238 760 aliena
1285 701 1544 759 felicitate
1592 699 1884 765 crucietur,
1929 695 2017 752 vel
2042 696 2091 752 is

503 807 561 863 in
598 818 705 875 quo
730 803 875 860 bona
920 808 1048 857 sunt
1076 799 1277 869 aliqua,
1327 797 1432 852 alio
1479 795 1781 851 fascinante
1822 791 1908 848 vel
1947 790 2091 847 invi-

507 900 667 955 dente
733 903 1016 952 noceatur.
1068 892 1272 947 Invidia
1327 889 1475 946 enim
1530 887 1913 944 haereticorum
1970 897 2093 953 quae

481 970 678 1063 'nugas
707 1005 904 1053 meras,
962 1004 1071 1044 non
1106 986 1511 1042 ﬁrmamentum
1542 980 1795 1038 veritatis
1828 977 2095 1052 praeferre

506 1083 660 1147 solet,
678 1082 934 1138 obscurat
958 1092 1101 1150 saepe
1122 1079 1177 1133 in
1199 1076 1532 1148 simplicibus
1554 1074 1696 1130 bona
1719 1070 2092 1137 mortalitatis,

507 1191 667 1247 quate
702 1185 790 1231 est
834 1173 1003 1230 illud:
1033 1171 1385 1242 Corrumpunt
1419 1185 1590 1223 mores
1634 1168 1794 1222 bonos
1833 1163 2097 1237 colloguia

507 1267 651 1322 mala
674 1266 731 1339 (Ι
770 1264 894 1321 Cor.
940 1264 1053 1335 xv).
1101 1263 1256 1321 Unde
1278 1261 1557 1332 Sapientia
1576 1267 1726 1317 vetat
1754 1273 1879 1313 cum
1908 1254 2097 1325 unjus-

506 1360 657 1415 modi
702 1359 907 1414 habere
934 1356 1290 1417 consortium,
1320 1355 1506 1409 dicens
1550 1354 1606 1407 in
1630 1349 1942 1407 Proverbiis
1972 1367 1984 1402 :
2016 1348 2100 1402 Ne

510 1449 755 1505 comedas
815 1465 936 1503 cum
971 1448 1180 1503 homine
1220 1445 1420 1511 invido,
1485 1460 1579 1499 nec
1639 1442 1903 1498 desideres
1953 1440 2094 1495 cibos

510 1544 645 1615 ejus,
712 1543 964 1616 quoniam
1018 1540 1415 1595 similitudinem
1467 1536 1624 1592 arioli
1700 1544 1747 1590 et
1789 1532 2102 1605 conjectoris

510 1639 738 1693 restimat
773 1638 912 1709 quod
953 1637 1181 1707 ignorat.
1227 1631 1451 1689 Comede
1471 1640 1518 1686 et
1546 1629 1680 1698 bibe,
1734 1629 1869 1684 dicet
1894 1627 2011 1692 tibi,
2052 1634 2101 1679 et

510 1746 657 1786 mens
684 1729 798 1800 ejus
830 1744 935 1783 non
959 1736 1034 1782 est
1074 1736 1267 1781 tecum.
1303 1725 1457 1780 Cibos
1488 1740 1618 1797 quos
1656 1722 1955 1778 comederas
1986 1737 2104 1776 evo-

510 1831 731 1887 mas,.et
761 1821 943 1892 perdes
967 1818 1212 1891 pulchros
1235 1834 1499 1873 sermones
1529 1826 1646 1873 tuos
1703 1815 1884 1890 (Prov.
1914 1816 2098 1887 xnn).

584 1884 992 1966 consummatus
1041 1910 1097 1963 in
1144 1909 1306 1975 brevi,
1366 1907 1587 1979 explevit
1629 1884 1860 1978 tempora
1914 1884 2102 1961 multa.
2132 1884 2183 1945 Β
2210 1911 2341 1952 Voce
2355 1893 2842 1961 excusationis,ita
2864 1900 2927 1948 ut
2949 1893 3060 1948 sint
3078 1890 3701 1979 mneperomniainemsa-

513 2001 726 2057 Placita
750 2001 886 2056 enim
932 2009 1043 2055 erat
1072 2000 1180 2055 Deo
1208 2000 1387 2054 anima
1411 1999 1557 2054 illius
1580 2015 1598 2054 :
1625 2008 1836 2070 propter
1859 1999 1955 2054 hoc
1986 2013 2110 2069 pro-

510 2095 709 2165 peravit
754 2095 972 2149 educere
1017 2092 1169 2148 illum
1216 2091 1281 2146 de
1330 2091 1500 2147 medio
1548 2092 1910 2163 iniquitatum.
1957 2089 2110 2145 Sicut

511 2186 567 2241 in
624 2185 804 2256 priore
852 2195 1121 2240 commate
1164 2184 1546 2240 haereticorum
1600 2181 1890 2238 denudavit
1939 2181 2106 2253 perli-

512 2277 679 2341 diam,
718 2277 799 2333 sic
847 2286 902 2331 et
941 2293 1088 2332 nunc
1132 2278 1186 2332 in
1217 2275 1464 2347 sequenti
1502 2283 1807 2347 martyrum
1851 2274 2111 2346 exprimit

512 2368 765 2439 gloriam,
812 2368 904 2438 qui
930 2368 1056 2424 licet
1079 2368 1132 2423 in
1164 2369 1317 2423 brevi
1356 2384 1456 2439 per
1481 2376 1753 2424 tormenta
1793 2376 2111 2439 persecuto-

511 2477 634 2518 rum
663 2462 986 2518 laudabilem
1007 2461 1379 2532 expcnderunt
1405 2460 1597 2525 vitam,
1620 2467 1798 2515 tamen
1822 2459 1937 2530 ipsa
1960 2474 2109 2517 mors

512 2569 618 2627 pro
658 2568 865 2610 annosa
895 2563 1056 2609 aetate
1095 2553 1177 2609 eis
1203 2554 1515 2624 deputatur,
1547 2553 1675 2622 quia
1714 2561 1975 2608 reternam
2004 2553 2110 2610 illis

516 2648 732 2720 peperit
773 2646 960 2701 vitam.
1012 2644 1241 2701 Creator
1264 2645 1462 2715 quippe
1500 2659 1689 2699 eorum
1746 2644 1977 2715 diligens
2015 2660 2109 2700 eos

514 2754 550 2795 a
607 2738 870 2793 malorum
922 2738 1183 2793 societate
1239 2735 1621 2806 sequestravit,
1671 2742 1727 2790 et
1766 2751 1797 2790 a
1825 2736 2110 2806 praesentis

513 2830 641 2885 vitta
688 2829 957 2884 calumnia
1001 2830 1210 2894 eduxit,
1271 2837 1541 2900 quatenus
1588 2827 1644 2881 in
1687 2842 1855 2897 regno
1900 2826 2108 2882 caelesti

516 2922 878 2979 absconderet
922 2937 1017 2977 eos
1058 2921 1113 2976 in
1149 2921 1334 2976 abdito
1366 2920 1544 2976 vultus
1583 2919 1691 2985 sui,
1740 2935 1770 2973 a
1814 2918 2107 2974 conturba-

515 3016 664 3071 tioue
716 3016 1015 3081 hominum,
1057 3024 1112 3069 ct
1155 3022 1465 3085 protegeret
1498 3014 1554 3068 in
1604 3012 1959 3068 tabernaculo
2009 3026 2109 3068 suo

515 3123 548 3162 a
566 3108 1011 3164 contradictione
1039 3107 1366 3177 linguarum.

589 3199 782 3271 Populi
822 3209 995 3253 autem
1020 3200 1251 3254 videntes
1296 3207 1344 3254 et
1366 3216 1471 3253 non
1492 3197 1859 3270 intelligentes,
1899 3216 1991 3254 nec
2016 3216 2111 3271 po-

516 3303 693 3349 nentes
745 3294 801 3347 in
840 3293 1146 3363 pra’cordiis
1195 3292 1347 3359 talia,
1393 3293 1642 3365 quoniam
1690 3292 1864 3363 gratia
1903 3291 2002 3346 Dei
2062 3303 2111 3347 et

514 3385 878 3443 misericordia
905 3397 980 3441 est
1019 3388 1074 3441 in
1109 3396 1320 3441 sanctos
1357 3385 1523 3440 illius.
1577 3383 1934 3455 Nequaquam
1982 3400 2114 3455 ergo

512 3488 896 3549 persecutores
935 3486 1235 3550 martyrum
1283 3486 1581 3550 potuerunt
1620 3492 1921 3549 agnoscere
1970 3477 2115 3532 l'utu-

517 3583 635 3623 ram
687 3569 937 3638 gloriam,
993 3586 1114 3641 quae
1157 3570 1265 3625 illis
1293 3571 1582 3637 successit,
1640 3571 1735 3627 sed
1780 3577 2114 3641 putaverunt

514 3675 613 3719 eos
638 3676 761 3716 cum
789 3662 965 3732 prunis
983 3676 1274 3731 corporum
1303 3663 1464 3717 simul
1493 3662 1750 3729 deﬁcere,
1774 3677 1878 3718 nec
1895 3671 2115 3718 aeternas

516 3754 646 3810 vita:
680 3754 1070 3810 beatitudinem
1124 3764 1248 3825 post
1293 3763 1523 3811 mortem
1582 3770 1742 3826 posse
1792 3756 2109 3825 suscipere:

518 3848 615 3921 sed
644 3847 859 3903 diverse
879 3848 1162 3918 utriusque
1183 3848 1432 3917 partibus
1460 3848 1643 3903 omnia
1667 3848 1944 3913 eveniunt,
1989 3846 2115 3917 quia

518 3941 660 3996 sicut
690 3940 862 3995 bonos
899 3947 1021 4011 post
1049 3946 1283 3995 mortem
1331 3946 1591 4010 sequetur
1616 3939 1731 3994 vita
1776 3953 1842 3995 ac
1861 3938 2112 4004 victoria,

519 4031 600 4087 sic
619 4039 675 4087 et
700 4032 875 4087 malos
916 4039 1041 4103 post
1064 4032 1235 4087 vitam
1271 4032 1628 4102 temporalem
1678 4040 1938 4102 sequetur
1969 4047 2116 4088 mors

517 4133 576 4180 et
618 4125 898 4179 damnatio
939 4133 1219 4195 perpetua.

591 4214 917 4270 Condernnat
955 4226 1130 4272 autem
1147 4217 1333 4288 justus
1370 4226 1610 4274 mortuus
1646 4218 1783 4275 vivos
1807 4218 2017 4292 impios,
2067 4227 2117 4274 et

511 4307 762 4380 juventus
805 4308 1025 4363 celerius
1067 4320 1432 4366 consummata
1481 4309 1693 4383 longam
1722 4312 2113 4383 vitaminjusti.

518 4400 713 4471 Liquet
754 4400 998 4471 proiecto
1025 4403 1170 4473 quod
1196 4411 1466 4475 martyres
1491 4402 1699 4459 Christi
1727 4414 1851 4475 post
1881 4414 2119 4461 mortem

517 4501 929 4564 persecuturum
972 4497 1204 4548 suorum'
1227 4493 1439 4563 judices
1461 4492 1630 4550 futuri
1655 4504 1839 4562 erunt,
1890 4497 2033 4551 sicut
2061 4497 2114 4551 in

517 4584 840 4655 Apocalypsi
901 4586 955 4639 in
1003 4586 1350 4641 damnatione
1426 4586 1719 4659 Babylonis
1776 4603 1882 4643 vox
1933 4589 2115 4645 divina
2146 4588 2452 4674 nollem!“
2485 4570 2716 4628 fruetus-

517 4678 757 4732 oslcudit
797 4679 984 4733 dicens
1010 4697 1023 4732 :
1054 4677 1213 4733 Exite
1242 4680 1306 4734 de
1338 4679 1431 4734 illa
1474 4680 1697 4751 populus
1722 4698 1888 4750 meus,
1940 4694 1997 4736 ut
2029 4701 2123 4740 nec

516 4770 799 4843 participes
824 4770 939 4823 sitis
964 4769 1275 4824 delictorum
1298 4770 1436 4840 ejus,
1487 4780 1537 4825 et
1559 4772 1624 4825 de
1643 4771 1814 4843 plagis
1857 4773 1974 4844 ejus
2016 4790 2123 4829 non

518 4861 814 4932 accipiatis,
849 4861 1101 4930 quoniam
1143 4870 1488 4932 pervenerunt
1540 4870 1754 4932 peccata
1796 4863 1911 4935 ejus
1956 4881 2120 4937 usque

516 4954 589 5011 ad
618 4954 824 5020 caelum,
874 4963 924 5009 et
964 4953 1271 5009 recordatus
1323 4965 1397 5008 est
1445 4953 1704 5010 Dominus
1770 4957 2117 5028 iniquitatum

514 5046 654 5120 ejus.
704 5045 927 5102 Reddite
972 5045 1054 5100 illi
1106 5045 1242 5100 sicut
1287 5046 1403 5116 ipsa
1450 5045 1699 5112 reddidit,
1750 5058 1798 5102 et
1850 5047 2115 5120 duplicate

520 5136 752 5206 duplicia
797 5138 1085 5193 secundum
1135 5154 1293 5209 opera
1338 5137 1472 5207 ejus.
1520 5138 1587 5191 In
1634 5138 1823 5209 poculo
1867 5157 1970 5210 quo
2015 5140 2116 5194 mi-

516 5231 678 5297 scuit,
726 5232 937 5286 miscete
975 5231 1055 5285 illi
1081 5230 1343 5302 duplum;
1386 5241 1644 5302 quantum
1690 5231 2006 5303 gloriﬁcavit
2033 5249 2112 5298 se,

519 5333 569 5379 et
616 5324 671 5377 in
717 5323 918 5379 deliciis
962 5326 1083 5395 fuit,
1123 5335 1324 5379 tantum
1364 5324 1444 5378 illi
1488 5326 1609 5379 date
1647 5334 2023 5380 tormentorum
2068 5334 2117 5380 et

518 5416 784 5483 luctuum,
835 5418 962 5489 quia
1006 5420 1062 5474 in
1083 5419 1237 5474 corde
1260 5435 1356 5474 suo
1400 5418 1528 5473 dicit
1557 5436 1575 5473 :
1602 5418 1770 5474 Sedeo
1805 5419 2017 5489 regina,
2070 5429 2119 5474 et

517 5512 681 5570 uidua
728 5526 832 5565 non
859 5527 999 5576 sum,
1042 5520 1090 5565 et
1133 5510 1330 5566 luctum
1362 5529 1465 5567 non
1498 5512 1700 5567 videbo.
1745 5511 1875 5567 Ideo
1910 5514 1965 5567 in
2010 5528 2118 5567 una

519 5603 606 5658 die
632 5602 835 5657 venient
862 5601 1032 5673 plaga:
1051 5601 1185 5671 ejus,
1203 5620 1344 5657 mors
1374 5613 1422 5658 et
1444 5602 1613 5659 luctus
1635 5614 1685 5658 et
1710 5604 1901 5675 fames,
1921 5612 1969 5659 et
2000 5605 2118 5675 igne

523 5683 854 5751 comitaretur
894 5696 1080 5767 (Apoc.
1113 5695 1211 5768 ιν).

602 5788 859 5845 Videbunt
891 5787 1032 5843 enim
1077 5785 1236 5857 ﬁnem
1276 5787 1543 5857 sapientis,
1596 5799 1643 5845 et
1693 5806 1797 5845 non
1827 5788 2116 5860 intelligent

529 5882 652 5945 quid
670 5881 973 5946 cogitaverit
1004 5880 1067 5937 de
1087 5879 1179 5936 illo
1208 5880 1372 5947 Deus,
1424 5893 1472 5936 et
1500 5898 1657 5945 «(nare
1693 5881 1937 5937 munierit
1968 5879 2117 5935 illum

2140 3250 2187 3314 C

2193 599 2368 653 minus
2416 594 2696 661 irridebit,
2731 602 2779 648 et
2812 601 2965 647 erunt
3010 601 3126 663 post
3163 593 3273 646 hac
3324 591 3586 649 decedemus
3613 598 3682 654 iis:

2195 692 2409 756 honore,
2470 698 2517 744 et
2545 689 2598 744 in
2619 685 2935 742 contumelia
2966 686 3103 741 inter
3127 693 3361 741 mortuos
3380 686 3433 739 in
3449 698 3682 759 perperam,

2196 782 2557 840 {Estirnabant
2577 779 2724 835 enim
2763 784 3139 850 persecutores
3171 775 3422 832 Ecclesiae
3443 776 3623 846 Christi,
3651 790 3688 839 st

2197 876 2453 942 diximus,
2496 882 2797 948 martyrum
2821 873 2985 930 ﬁnem
3015 888 3138 930 esse
3156 872 3451 938 interitum,
3486 873 3585 929 ideo
3609 890 3688 931 ma-

2197 974 2541 1039 tempserunt
2600 980 2789 1022 eorum
2826 965 2952 1021 ﬁdei
3000 964 3443 1021 stabilimentum.
3502 963 3590 1021 Sed
3627 967 3690 1024 llo-

2198 1062 2380 1117 minus
2407 1077 2501 1118 eos
2520 1061 2787 1128 irridebit,
2840 1060 3057 1132 quando
3077 1060 3180 1116 hoc
3208 1058 3357 1130 quod
3390 1057 3462 1114 illi
3486 1060 3694 1130 sperabat

2199 1154 2303 1210 sibi
2342 1155 2616 1224 prodesse,
2674 1154 2929 1211 ostendet
2964 1153 3046 1209 eis
3073 1152 3298 1209 omnino
3326 1151 3588 1218 nocuisse;
3617 1154 3693 1224 qui:

2200 1259 2328 1301 cum
2351 1244 2489 1302 falsa
2512 1246 2735 1302 numina
2762 1245 2987 1302 deorum
3014 1259 3235 1301 suorum
3259 1254 3445 1301 contra
3483 1243 3694 1302 Christico-

2201 1339 2283 1396 las
2307 1338 2598 1396 defendere
2627 1338 2906 1405 volebant,
2951 1338 3277 1409 semetipsos
3312 1337 3367 1392 in
3395 1337 3696 1393 damnationes

2202 1438 2521 1503 perpetuam
2551 1431 2858 1487 tradebant.

2278 1523 2543 1589 Quoniam
2559 1524 2848 1595 disrumpet
2858 1522 2979 1579 illos
2990 1522 3205 1594 inﬂatos
3215 1523 3331 1577 sine
3342 1538 3477 1587 voce,
3494 1529 3537 1576 et
3549 1537 3699 1577 costu-

2205 1615 2336 1671 vebit
2358 1614 2477 1671 illos
2491 1633 2525 1670 a
2545 1615 2928 1683 fundamentis,
2939 1624 2989 1671 et
3007 1631 3177 1686 usque
3196 1614 3268 1669 ad
3281 1626 3560 1684 supremam
3570 1614 3699 1668 duali-

2208 1708 2435 1773 buntur;
2484 1716 2533 1762 et
2556 1718 2709 1762 erunt
2729 1716 2988 1778 gementes
2999 1684 3060 1761 .et
3085 1684 3343 1761 memoria
3365 1704 3556 1759 illorum
3568 1704 3699 1773 periti.

2210 1800 2821 1872 Disrumpeteuimillos
2834 1799 3094 1855 Dominus
3124 1797 3384 1870 superbia
3413 1796 3611 1863 inﬂatos,
3632 1797 3700 1853 s‘se

2212 1987 2374 2053 biles,
2388 1987 2514 2058 quia
2528 2001 2647 2040 cum
2662 1984 3020 2055 cognovissent
3034 1983 3228 2049 Deum,
3243 1998 3353 2037 non
3362 1982 3488 2036 sicut
3498 1979 3627 2035 Densi
3639 1978 3702 2050 gls-

2212 2079 2570 2148 riﬁcaverunt,
2585 2088 2677 2132 aut
2701 2077 2902 2148 gratias
2924 2085 3177 2148 egerunt;
3199 2076 3302 2131 ‘sed
3329 2073 3703 2130 evanumstisu-

2211 2172 2553 2245 gitationibus
2580 2172 2714 2237 suis,
2750 2180 2798 2225 et
2830 2170 3172 2225 obscuratum
3209 2177 3291 2224 est
3342 2166 3567 2234 insipiens
3580 2180 3702 2219 corco-

2212 2281 2353 2329 rum;
2385 2263 2614 2318 dicentes
2637 2263 2775 2318 enim
2796 2278 2851 2317 se
2877 2278 2988 2317 esse
3016 2262 3305 2332 sapientes,
3328 2257 3470 2313 stulti
3488 2255 3592 2327 facti
3606 2266 3702 2315 snt;

2210 2367 2259 2412 et
2288 2365 2618 2411 mutaverunt
2648 2354 2873 2427 gloriam
2893 2352 3313 2424 incorruptibilis
3332 2350 3429 2406 Dei
3451 2351 3499 2404 in
3544 2346 3703 2402 similitu-

2211 2449 2391 2504 dinem
2414 2447 2661 2518 imaginis
2686 2445 3043 2516 corruptibilis
3078 2444 3330 2509 hominis,
3363 2452 3413 2498 et
3464 2440 3701 2497 volucrum

2211 2541 2533 2613 serpentium
2579 2550 2628 2595 et
2659 2538 3083 2611 quadrupedum.
3116 2536 3408 2609 Propterea
3441 2531 3622 2590 tradidit
3637 2529 3703 2585 illa

2214 2634 2358 2690 Deus
2379 2634 2433 2688 in
2462 2633 2735 2705 passiones
2764 2630 3089 2702 ignominiis,
3116 2638 3166 2684 et
3193 2628 3254 2683 in
3278 2626 3537 2700 reprobatis
3556 2638 3702 2681 sensu.

2212 2736 2269 2781 ut
2326 2725 2565 2796 facerent
2618 2740 2680 2779 ea
2719 2739 2835 2795 qua:
2872 2737 2991 2777 non
3049 2720 3380 2784 conveniunt,
3439 2715 3618 2787 repletas
3643 2728 3705 2768 os-

2214 2819 2268 2873 ni
2303 2817 2601 2890 iniquitate,
2624 2815 2852 2881 malitia,
2879 2813 3254 2885 fornicatione,
3281 2811 3517 2875 avaritia,
3540 2804 3704 2877 mtiliti

2212 2909 2393 2982 plenos
2414 2908 2635 2973 invidia,
2678 2906 2978 2971 homicidio,
3024 2905 3378 2968 contentione,
3406 2894 3705 2968 (1014),ηῶςύ

2213 3010 2344 3068 tate,
2369 3016 2701 3063 susurrones,
2743 2998 3086 3063 duractores,
3115 2996 3230 3051 Deo
3258 2993 3492 3056 odibiles,
3525 2997 3702 3045 contrar-

2215 3093 2397 3160 liosos,
2427 3091 2704 3163 superbos,
2733 3088 2920 3155 elatos,
2962 3090 3266 3143 inventores
3305 3084 3566 3146 malorum,
3592 3093 3705 3150 para-

2216 3188 2356 3243 tibus
2392 3203 2498 3242 non
2538 3185 2855 3250 obedientes,
2906 3182 3232 3252 insipientes,
3285 3171 3704 3248 incompositus!

2219 3282 2523 3352 affectione,
2545 3278 2739 3350 absque
2766 3276 2981 3348 findere,
3010 3275 3122 3330 sine
3149 3270 3535 3333 misericordia;
3558 3264 3624 3337 qui
3640 3276 3705 3316 csa

2221 3372 2581 3444 cognovissent
2600 3369 2867 3441 justitiam
2882 3366 3004 3433 Dei,
3029 3380 3132 3420 non
3156 3363 3531 3425 intellexerunt,
3549 3354 3704 3429 quasi!

2217 3468 2308 3539 qui
2329 3465 2461 3521 talia
2476 3473 2639 3535 agunt
2658 3462 2805 3533 digni
2817 3470 2940 3517 sunt
2955 3468 3120 3515 morte
3134 3456 3320 3530 (Rom.
3338 3455 3400 3529 1);
3414 3463 3462 3508 et
3480 3444 3705 3508 εοαιιυῑὸῧ

2217 3573 2305 3612 eos
2320 3573 2353 3610 a
2367 3554 2749 3626 fundamentis,
2763 3552 2889 3624 quia
2904 3550 3146 3622 funditus
3169 3556 3359 3603 evertet
3380 3554 3551 3600 statum
3568 3539 3704 3593 siren-

2219 3665 2358 3716 rum,
2386 3656 2433 3704 et
2468 3663 2634 3719 usque
2666 3646 2737 3701 ad
2766 3658 3068 3716 supremum
3088 3639 3493 3702 desolabuntur;
3516 3633 3613 3705 quis

2217 3759 2381 3815 quam
2403 3751 2530 3816 post
2546 3715 2672 3798 bace
2690 3740 2873 3812 aliqua
2897 3735 3273 3794 consolatione
3298 3715 3706 3819 relevabuntur,_stl

2220 3812 2373 3890 erunt
2394 3812 2653 3907 gementes
2682 3833 2737 3888 in
2758 3831 2960 3903 pinnis,
2982 3837 3032 3885 et
3052 3826 3312 3883 memoria
3324 3823 3521 3880 illorum
3536 3812 3665 3890 ρετὲῢίι
3679 3812 3708 3862 il

2217 3936 2503 3985 aeternum.

2298 4018 2518 4076 Venient
2547 4020 2604 4075 in
2627 4016 2943 4091 cogitatione
2964 4023 3299 4088 peccatorum

2218 4112 2493 4167 traducent
2518 4111 2637 4166 illos
2658 4083 2724 4166 ea;
2747 4083 2974 4166 adverso
2996 4105 3305 4179 iniquitates
3328 4102 3541 4158 illorum.
3559 4092 3601 4148 ln
3621 4083 3706 4159 indi.

2219 4204 2363 4260 cium
2388 4218 2520 4275 ergo
2543 4203 2765 4257 venient
2796 4201 2945 4273 impii
2978 4197 3316 4255 conscientia
3338 4189 3707 4267 peccatorum!»

2224 4311 2349 4352 rum
2381 4294 2578 4360 timidi,
2635 4295 2763 4364 quia
2795 4292 3067 4364 cogitatus
3093 4304 3284 4345 eorum
3312 4288 3545 4343 accusant
3567 4278 3706 4340 ωερω

2219 4386 2383 4444 malis
2431 4402 2552 4457 qua:
2589 4393 2717 4441 ante
2762 4393 3067 4457 gesserunt,
3108 4396 3210 4438 nec
3251 4381 3414 4437 datur
3453 4374 3569 4430 ullus
3598 4364 3706 4421 delen-

2224 4480 2364 4537 sioni
2414 4478 2590 4546 locus,
2637 4479 2731 4535 ubi
2769 4478 2949 4534 nullus
2996 4484 3083 4533 est
3116 4476 3170 4532 in
3200 4464 3704 4531 conscientiammeIl

2852 4679 3083 4738 CAPUT
3126 4678 3195 4735 X.

2228 4794 2383 4864 Quod
2403 4794 2459 4849 in
2486 4793 2713 4864 aduentu
2733 4790 2949 4847 Domini
2992 4789 3205 4845 stabunt
3221 4785 3357 4858 justi
3397 4782 3451 4838 in

2296 4838 3199 4937 ﬁguratius;paeanas;
3221 4838 3375 4937 ἱῖᾧέ,
3400 4861 3483 4937 λιι
3498 4936 3501 4937 ί
3516 4838 3700 4937 ngf;

2296 4916 2664 5008 persecutores
2684 4916 2913 4988 tandem
2940 4916 3127 4986 seram
3168 4916 3508 5008 paenitentiam
3526 4916 3654 4989 ξενίαι
3673 4916 3701 4951 ⁸³

2301 4998 2511 5077 inferno
2559 5005 2625 5059 de
2658 5020 2837 5059 errore
2864 5019 2960 5058 suo
3001 4998 3428 5073 atque’peccatis.
3708 5012 3715 5052 l

2292 5143 2442 5215 (CAP.
2472 5140 2551 5214 v.)
2605 5139 2752 5195 Tunc
2791 5138 3001 5195 stabunt
3019 5137 3158 5209 justi
3202 5136 3258 5190 in
3299 5146 3480 5205 magna
3780 5184 3781 5193 χ

2219 5206 2468 5289 aduersus
2489 5206 2578 5287 eos
2617 5230 2708 5302 qui
2732 5246 2788 5285 se
2820 5206 3271 5301 angustiaverunt,
3305 5236 3352 5282 et
3372 5222 3454 5291 qui
3477 5206 3701 5302 abtum.”
3780 5268 3781 5287 ἢ

2219 5326 2425 5381 labores
2465 5300 2665 5379 eorum.
2726 5300 2969 5376 Videntes
3019 5319 3370 5374 turbabuntur
3407 5313 3563 5368 timore
3594 5300 3698 5389 illi":

2224 5418 2335 5484 bili,
2396 5425 2445 5471 et
2484 5414 2822 5470 mirabuntur
2871 5413 2927 5466 in
2972 5411 3286 5466 subitatione
3328 5407 3559 5474 insperata

2222 5511 2448 5565 dicentes
2474 5509 2616 5562 intra
2637 5523 2713 5573 se,
2739 5504 3096 5577 paenitentiam
3119 5510 3348 5574 agentes,
3368 5507 3413 5553 et
3433 5507 3526 5567 pm
3542 5484 3696 5577 ηυνξ

2221 5560 2442 5672 iuit-ti;
2468 5560 2771 5669 omne.
2806 5593 2878 5650 m
3058 5560 3191 5665 quo?
3223 5560 3482 5647 ιιαοέιεπιέιε

2230 5665 2280 5747 in
2305 5665 2562 5756 derisum,
2610 5697 2660 5742 et
2684 5687 2740 5741 in
2763 5684 3165 5741 similitudinem
3194 5676 3491 5755 imprOperii.
3530 5665 3611 5723 Νει⁸
3635 5667 3686 5756 βξ

2224 5784 2420 5840 sensuri
2487 5748 2651 5839 vitam
2695 5778 2915 5834 illorum
2966 5748 3367 5834 wstimabamus-
3408 5748 3694 5826 insaniam.“

2225 5877 2381 5947 ﬁnem
2406 5876 2618 5932 illorum
2640 5874 2751 5928 sine
2797 5872 3011 5928 honore.
3064 5868 3339 5937 Quomodo
3360 5879 3466 5934 ergo
3498 5845 3690 5915 εοκνκίίπ
