3882 6470
170 414 282 476 689

1008 419 1362 478 COMMENT.
1403 421 1472 476 IN
1508 419 1774 479 LIBRUM
1812 421 2220 481 SAPIENTIIE.
2261 455 2333 468 —-
2369 416 2498 484 LIB.
2535 429 2577 484 l.

3343 434 3454 493 690

166 543 295 587 sunt
317 531 455 585 inter
477 528 616 598 filios
637 528 756 596 Dei,
781 536 829 584 et
855 529 992 586 inter
1026 540 1236 586 sanctos
1261 530 1358 586 Dei
1399 548 1514 586 sors
1537 530 1752 586 illorum
1780 536 1836 597 Α
1858 531 2024 589 fluere
2083 536 2452 604 conqueritur,
2504 537 2712 610 fugacis
2742 541 2870 595 vitae
2899 556 2962 596 ac
2993 550 3335 599 terrenarum
3365 559 3456 601 re-

163 635 251 683 εει
277 626 304 680 ?
336 625 487 681 Tunc
514 627 701 696 utique
742 626 961 682 stabunt
980 627 1112 698 justi
1155 627 1211 681 in
1232 642 1426 698 magna
1455 626 1758 682 constantia

163 719 434 776 adversus
457 725 840 788 persecutores
880 734 1026 785 suos,
1077 718 1285 790 quieos
1307 717 1484 788 pernis
1505 717 1761 773 indebitis

161 809 265 866 hic
303 808 620 875 affecerunt,
652 817 708 865 et
733 809 946 866 labores
969 810 1184 866 illorum
1212 811 1368 880 quasi
1391 809 1588 865 stultos
1620 809 1758 864 vitu-

159 907 540 971 peraverunt;
587 901 841 970 quoniam
872 900 1118 957 claritate
1141 916 1372 972 superna
1405 901 1630 956 relevati
1666 898 1761 970 ju-

161 991 321 1048 dices
349 998 513 1046 erunt
538 992 832 1048 secundum
856 991 1163 1059 veritatem,
1203 993 1295 1063 qui
1322 1001 1448 1047 ante
1476 1007 1536 1049 se
1564 991 1763 1062 injuste

162 1083 581 1139 damnaverunt.
634 1082 788 1139 Unde
815 1083 892 1138 illi
939 1099 1065 1139 cum
1099 1099 1158 1140 se
1187 1084 1470 1142 subitanea
1516 1097 1763 1139 commu-

163 1177 379 1232 tatione
403 1175 638 1232 viderint
660 1177 728 1233 de
755 1177 928 1250 gloria
955 1179 1024 1234 ad
1043 1177 1436 1250 ignobilitatem
1473 1177 1764 1248 perductos

159 1277 229 1324 et
251 1283 282 1325 e
308 1269 580 1325 contrario
603 1269 941 1326 adversarios
967 1287 1094 1328 suos
1133 1272 1199 1326 de
1225 1271 1514 1328 afﬂictione
1555 1279 1762 1339 tempo—

157 1359 274 1414 rali
320 1361 386 1415 ad
412 1361 672 1418 honorem
699 1377 994 1434 supernum
1041 1364 1350 1431 translatos,
1417 1378 1538 1420 sera
1581 1359 1761 1432 paeni-

160 1451 339 1506 tentia
383 1460 545 1522 atque
579 1452 913 1510 infructuosa
941 1463 1070 1511 tunc
1090 1457 1440 1528 conquirunt,
1482 1463 1624 1530 quod
1661 1478 1761 1518 an-

157 1552 281 1610 tea,
327 1545 456 1600 dum
488 1545 642 1602 licuit
685 1547 732 1603 si
765 1547 966 1604 vellent
989 1547 1264 1606 fructuose
1309 1567 1470 1622 agere
1510 1565 1757 1624 possent.

243 1635 387 1706 Ergo
425 1637 714 1694 erravimus
750 1655 784 1692 a
817 1641 900 1694 via
923 1641 1176 1708 veritatis,
1229 1651 1279 1697 et
1318 1643 1542 1713 justitiaz
1587 1645 1763 1701 lumen

162 1741 275 1780 non
315 1723 450 1779 luxit
498 1726 667 1793 nobis,
710 1737 760 1782 et
810 1727 889 1782 sol
933 1729 1287 1801 intelligentia:
1330 1749 1435 1787 non
1485 1743 1560 1788 est
1618 1745 1763 1791 ortus

162 1816 336 1871 nobis.
395 1816 495 1872 Via
522 1819 774 1876 veritatis
800 1820 1153 1892 Evangelium
1184 1822 1386 1880 Christi
1421 1835 1526 1892 est,
1569 1837 1625 1883 et
1676 1829 1762 1884 lex

1863 641 1985 680 rum
2041 625 2284 682 defectus
2355 629 2511 684 nobis
2579 630 3004 688 demonstratur.
3089 632 3244 690 Sicut
3301 636 3451 692 enim

1865 717 2054 774 umbra
2110 718 2424 775 ﬁrmitatem
2469 721 2552 776 sui
2610 729 2784 778 status
2847 723 3048 778 nullam
3094 724 3280 792 habet,
3351 741 3457 784 nec

1863 809 2084 865 nuntius
2107 809 2418 866 discurrens
2454 826 2636 867 moras
2665 814 2934 871 sustinere
2965 815 3189 885 patitur,
3236 823 3292 871 et
3314 817 3458 874 sicut

1863 899 1977 956 avis
2009 899 2067 955 in
2100 899 2257 967 coelo,
2318 900 2401 956 vel
2429 901 2581 957 navis
2603 902 2659 958 in
2682 904 2842 972 mari,
2891 906 2977 961 vel
3002 907 3200 979 sagitta
3242 907 3297 963 in
3323 923 3456 964 aere

1865 992 2072 1051 incerto
2098 995 2314 1050 tramite
2338 1004 2588 1067 pergunt,
2647 997 2726 1054 sic
2757 999 3086 1055 transitoria:
3113 1001 3239 1056 vitae
3280 1001 3455 1057 insta-

1862 1083 1988 1140 bilis
2026 1093 2083 1140 et
2103 1085 2340 1140 incertus
2390 1101 2603 1156 semper
2627 1095 2709 1142 est
2734 1104 2946 1155 cursus,
3010 1104 3111 1146 nec
3135 1090 3339 1161 aliquid
3387 1106 3457 1147 ex

1865 1191 1931 1232 eo
1951 1175 2118 1231 ﬁxum
2145 1179 2402 1244 manebit,
2445 1179 2548 1234 nisi
2569 1179 2712 1250 quod
2737 1196 2835 1250 pro
2865 1181 3062 1251 adeptu
3086 1181 3210 1238 vitae
3235 1191 3455 1238 aeterna:

1863 1267 1954 1338 pio
1979 1266 2163 1323 labore
2191 1269 2532 1338 expenditur,
2572 1267 2730 1337 juxta
2756 1269 3070 1341 allegoriam
3101 1279 3283 1328 autem
3336 1288 3457 1327 uin-

1863 1359 1963 1414 bra
2014 1359 2338 1415 oblivionem
2372 1361 2570 1416 mentis
2620 1370 2716 1416 aut
2751 1371 2981 1418 mortem
3006 1363 3220 1430 carnis,
3259 1364 3458 1435 quibus

1865 1451 2102 1506 humana
2161 1451 2273 1508 vita
2325 1453 2558 1508 obnoxia
2605 1461 2708 1520 est,
2737 1469 3025 1524 possumus
3077 1455 3344 1526 accipere.
3397 1456 3457 1511 ln

1865 1545 2055 1599 nuntio
2091 1553 2441 1615 percurrente
2484 1548 2869 1618 propassiones
2897 1549 3092 1603 animae
3142 1548 3258 1603 sive
3300 1548 3458 1620 aegri-

1870 1636 2081 1692 tudines
2129 1637 2398 1708 corporis,
2464 1653 2584 1708 quae
2647 1639 2890 1694 indicant
2957 1655 3021 1696 ac
3076 1649 3461 1711 praeconantur

1867 1743 2124 1784 occasum
2154 1729 2521 1801 corruptibilis
2552 1731 2696 1787 vitae.
2745 1731 2851 1788 Per
2887 1748 3043 1787 avem
3080 1742 3261 1788 autem
3287 1733 3461 1788 extol-

1871 1820 2092 1876 lentiam
2130 1821 2410 1892 jactantiae
2441 1825 2749 1890 mundanae,
2807 1826 2921 1880 sive
2944 1827 3191 1882 haeresis.
3230 1827 3334 1882 Per
3360 1843 3457 1882 na-

163 1906 398 1972 divina,
429 1907 497 1964 de
527 1924 635 1979 qua
661 1921 983 1967 erraverunt
1018 1913 1191 1984 impii,
1228 1916 1482 1986 quoniam
1527 1918 1602 1974 illi
1636 1935 1762 1977 crc-

1870 1926 1993 1968 vem
2013 1928 2144 1970 vero
2168 1913 2447 1970 levitatem
2472 1915 2724 1971 humanae
2751 1917 2967 1984 mentis,
3024 1934 3146 1989 qua:
3183 1934 3281 1988 per
3314 1935 3464 1975 ama-

162 1998 297 2055 dere
334 2008 390 2057 et
437 2002 658 2058 obedire
700 2003 1007 2060 noluerunt.
1073 2006 1279 2075 Quibus
1324 2019 1381 2066 et
1418 2011 1643 2081 iustitia:
1683 2013 1764 2069 lu-

162 2106 293 2146 men
330 2107 439 2146 non
487 2092 644 2160 luxit,
690 2102 746 2150 et
783 2095 863 2151 sol
917 2096 1284 2170 intelligentia:
1334 2115 1441 2156 non
1468 2109 1552 2156 est
1586 2111 1761 2171 ortus,

162 2183 294 2251 quia
344 2199 466 2238 cum
497 2185 577 2240 eis
615 2184 868 2243 Christus
917 2204 1025 2245 non
1073 2200 1156 2246 est
1185 2190 1276 2246 lux
1303 2207 1455 2259 vera,
1485 2211 1602 2265 qua:
1640 2195 1764 2250 illu-

161 2276 333 2330 minat
383 2294 586 2333 onmem
620 2278 884 2334 hominem
915 2282 1200 2338 venientem
1244 2284 1299 2338 in
1325 2285 1465 2338 hunc
1505 2286 1762 2343 mundum

164 2365 349 2437 (Joan.
382 2369 444 2438 ι),
483 2377 538 2424 et
557 2369 639 2425 sol
663 2370 887 2441 justitia:
922 2374 1014 2442 qui
1037 2374 1215 2430 oritur
1259 2377 1577 2432 timentibus
1615 2393 1762 2434 eum.

161 2457 224 2512 In
269 2458 422 2528 cujus
466 2461 630 2515 etiam
660 2462 839 2532 poenis
873 2478 1000 2519 vera
1043 2474 1128 2521 est
1164 2467 1391 2533 sanitas,
1419 2470 1676 2538 quoniam
1710 2471 1765 2526 in

161 2550 500 2618 protectione
542 2551 660 2622 ejus
692 2554 816 2607 vitae
834 2565 1112 2624 perpetuae
1141 2566 1356 2613 constat
1381 2559 1622 2631 largitas,
1652 2561 1768 2632 ipse

164 2640 386 2711 perﬁdis
413 2643 695 2714 gentilium
724 2644 1082 2717 philosophis,
1136 2664 1239 2704 nec
1265 2665 1374 2706 non
1412 2661 1469 2706 et
1494 2653 1765 2709 haereticis

163 2744 277 2784 non
311 2729 467 2797 luxit,
526 2733 786 2802 quoniam
833 2735 1107 2791 tramitem
1143 2738 1397 2796 veritatis
1451 2743 1758 2812 spernendo

165 2839 336 2880 vanas
382 2825 700 2882 traditiones
747 2835 803 2883 et
829 2836 1009 2885 sectas
1053 2829 1318 2888 nefandas
1367 2835 1520 2905 sequi
1561 2835 1769 2892 malue-

165 2928 315 2987 runt,
373 2927 664 2991 propterea
712 2922 1106 2992 subsequentes
1147 2925 1379 2981 dicunt:

235 3015 442 3070 Lassati
476 3032 659 3071 sumus
686 3016 740 3070 in
777 3017 860 3070 via
898 3018 1195 3088 iniquitatis
1246 3029 1296 3074 et
1322 3021 1667 3091 perditionis,
1713 3032 1762 3076 et

166 3108 550 3166 ambulavimus
579 3111 687 3165 vias
711 3110 967 3181 difﬁciles,
1006 3112 1142 3166 viam
1168 3123 1346 3168 autem
1372 3114 1589 3169 Domini
1612 3116 1768 3185 igno-

167 3204 416 3258 ravimus.
463 3203 677 3259 Lassati
699 3211 824 3259 sunt
850 3203 1156 3275 philosophi
1184 3205 1240 3260 in
1265 3206 1353 3261 via
1379 3206 1682 3277 iniquitatis
1711 3216 1768 3263 et

1869 2018 1960 2057 ras
2005 2002 2184 2059 saeculi
2212 2003 2371 2074 hujus
2397 2004 2574 2062 undas
2602 2005 3006 2062 immundorum
3036 2008 3328 2078 spirituum
3369 2008 3464 2064 ﬁa-

1867 2093 2013 2150 tibus
2058 2093 2310 2165 agitatur.
2364 2094 2469 2151 Per
2503 2095 2756 2167 sagittam
2806 2097 2959 2153 dolos
3015 2106 3181 2169 atque
3235 2099 3465 2157 insidias

1869 2189 2198 2259 iniquorum.
2260 2188 2386 2244 llaec
2439 2189 2585 2244 enim
2643 2191 2827 2246 omnia
2898 2192 2952 2246 in
2997 2193 3280 2277 praesentis
3335 2192 3461 2247 vita:

1866 2296 2109 2336 aerumna
2134 2289 2443 2348 versantur,
2489 2281 2584 2337 sed
2621 2291 2744 2352 post
2768 2291 3048 2352 peractum
3081 2283 3243 2339 ﬁnem
3285 2284 3463 2338 infru-

1867 2380 2113 2428 ctuosam
2142 2372 2520 2442 paenitentiam
2565 2374 2971 2442 possessoribus
3000 2376 3114 2430 suis
3149 2375 3290 2446 apud
3331 2372 3466 2429 infe-

1869 2481 1960 2522 ros
1988 2465 2320 2536 relinquunt,
2363 2481 2464 2536 pro
2489 2467 2687 2538 quibus
2717 2481 2936 2537 semper
2975 2476 3190 2538 gement
3228 2477 3285 2523 et
3317 2467 3466 2522 nulla

1867 2558 2237 2613 consolatione
2281 2557 2729 2626 sublevabuntur,
2777 2567 3068 2629 propterea
3116 2559 3464 2630 subsequitur

1870 2649 2148 2719 Scriptura
2172 2649 2358 2706 dicens
2388 2667 2401 2704 :

1941 2739 2093 2794 Talia
2126 2740 2374 2795 dixerunt
2403 2741 2460 2795 in
2487 2741 2694 2810 inferno
2716 2745 2769 2794 In
2791 2757 2880 2812 qut
2919 2749 3258 2812 peccaverunt
3281 2754 3301 2792 :
3330 2756 3460 2812 quo-

1869 2833 2012 2886 niam
2051 2849 2166 2903 spes
2206 2832 2353 2903 impii
2390 2841 2641 2904 tanquam
2672 2833 2864 2903 lanugo
2899 2845 3169 2904 estquam
3191 2841 3338 2886 vento
3361 2832 3462 2887 tol-

1867 2925 2012 2991 litur,
2039 2935 2086 2979 et
2109 2938 2360 2996 tanquam
2385 2942 2572 2995 spuma
2613 2924 2826 2996 gracilis
2869 2941 2987 2995 qua:
3027 2941 3060 2978 a
3086 2923 3317 2996 procella
3345 2924 3459 2978 dis-

1866 3020 2123 3090 pergitur,
2146 3028 2194 3073 et
2237 3028 2488 3089 tanquam
2515 3019 2694 3087 {timus
2734 3017 2824 3089 qui
2858 3036 2891 3072 a
2917 3026 3064 3072 vento
3089 3017 3320 3088 di/[usus
3360 3026 3462 3083 est,

1867 3121 1915 3164 et
1945 3121 2197 3182 tanquam
2237 3112 2487 3166 memoria
2517 3112 2738 3181 hospitis
2762 3112 2918 3165 unius
2955 3111 3059 3165 diei
3083 3110 3463 3182 prwtereuntis.

1867 3201 2059 3256 Adhuc
2114 3210 2348 3271 quatuor
2395 3202 2603 3270 species
2632 3201 2765 3256 alias
2802 3201 3102 3256 introduxit
3149 3200 3217 3255 ad
3243 3200 3470 3255 demon-

165 3294 502 3366 perditionis,
546 3295 672 3364 quia
713 3309 837 3350 cum
889 3295 1263 3352 ratiocinando
1312 3297 1499 3353 mundi
1559 3297 1765 3352 maehi-
1793 3277 1838 3340 C
1870 3292 2150 3348 strandam
2177 3292 2551 3362 inﬁrmitatem
2587 3293 2700 3362 spei
2726 3293 3061 3363 iniquorum,
3089 3307 3194 3361 qua
3219 3291 3303 3347 vel
3326 3307 3467 3363 prae-

169 3402 300 3441 nam
357 3386 540 3442 divino
567 3386 773 3442 honore
801 3387 1104 3443 sublimare
1133 3389 1446 3455 voluerunt,
1495 3397 1551 3444 et
1600 3405 1756 3446 erea-

171 3485 307 3533 turae
331 3478 507 3547 potius
530 3479 734 3534 servire
754 3479 919 3550 quam
944 3480 1180 3535 creatori
1208 3480 1488 3551 elegerunt
1517 3498 1531 3536 :
1558 3481 1614 3536 in
1646 3483 1766 3552 ipsa

168 3569 532 3640 exquisitione
553 3584 650 3626 sua
678 3570 1014 3637 defecerunt,
1040 3580 1098 3627 et
1125 3587 1233 3627 non
1258 3572 1488 3627 salutem
1510 3573 1605 3628 sed
1634 3588 1763 3642 per-

168 3659 429 3716 ditionem
482 3661 821 3716 invenerunt.
872 3661 1137 3718 Similiter
1187 3671 1241 3718 et
1280 3663 1521 3720 haeretici
1575 3679 1766 3734 super-

164 3751 363 3808 biendo
389 3752 507 3809 vias
529 3751 772 3810 difﬁciles
807 3753 1147 3810 ambulantes
1180 3763 1360 3810 sectas
1407 3769 1763 3827 composuere

166 3843 450 3911 nefandas,
480 3859 581 3902 nec
612 3846 754 3901 viam
781 3845 1022 3912 Domini,
1061 3861 1182 3917 quae
1209 3854 1292 3902 est
1311 3847 1515 3902 veritas
1538 3855 1594 3902 et
1620 3846 1752 3912 vita,

165 3945 542 4008 agnoverunt;
575 3938 698 3994 ideo
725 3939 1046 4009 semetipsos
1079 3939 1136 3994 in
1165 3939 1522 4010 perditionem
1571 3955 1766 4010 perpe-

168 4035 314 4083 tuam
367 4027 727 4095 tradiderunt,
781 4044 882 4086 nec
909 4029 989 4085 eis
1037 4029 1271 4086 studium
1314 4031 1602 4101 praesentis
1639 4031 1766 4086 vitae

166 4121 464 4191 quidquam
514 4121 762 4178 utilitatis
817 4122 1071 4191 contulit,
1120 4123 1316 4194 quibus
1361 4131 1484 4196 post
1526 4133 1764 4180 mortem

167 4227 280 4267 non
323 4211 604 4284 praemium
645 4213 742 4270 sed
773 4227 934 4285 ptena
962 4215 1226 4272 successit
1257 4232 1272 4282 ;
1323 4215 1468 4272 unde
1520 4213 1766 4272 dolentes

167 4304 360 4361 dicunt
393 4323 406 4359 :

244 4395 387 4462 Quid
426 4397 574 4452 nobis
601 4398 802 4469 profuit
860 4399 1104 4470 superbia
1128 4400 1154 4453 Ρ
1201 4408 1291 4454 aut
1339 4400 1644 4456 divitiarum
1663 4402 1760 4472 ja-

167 4487 370 4542 ctantia
403 4488 529 4560 quid
551 4489 773 4545 contulit
823 4489 970 4545 nobis
994 4492 1020 4544 ?
1054 4489 1399 4546 Transierunt
1441 4495 1620 4548 omnia
1667 4493 1765 4550 illa

167 4588 425 4650 tanquam
451 4580 660 4648 umbra,
709 4589 759 4636 et
797 4591 1049 4653 tanquam
1077 4583 1290 4638 nuntius
1338 4600 1671 4655 percurrens,
1715 4595 1766 4641 et

1867 3385 2044 3440 sentia
2067 3385 2284 3439 stabilia
2342 3391 2507 3455 atque
2536 3399 2942 3452 mansuraesse
2973 3390 3320 3452 putaverunt,
3382 3380 3470 3438 vel

1867 3492 1926 3532 se
1965 3475 2018 3530 in
2049 3475 2292 3544 peccatis
2329 3474 2574 3529 viventes
2627 3474 2846 3543 impune
2875 3473 3109 3528 evadere
3139 3486 3298 3541 posse
3320 3471 3465 3526 aesti-

1868 3576 2176 3623 maverunt.
2226 3567 2448 3637 Lanugo
2503 3567 2649 3621 enim
2702 3581 2822 3636 quae
2871 3581 2938 3620 ex
2997 3564 3291 3618 herbarum
3338 3562 3473 3618 flore

1867 3668 2237 3716 marcescente
2264 3660 2458 3726 oritur,
2482 3657 2830 3730 fragilitatem
2850 3659 3030 3714 carnis
3049 3658 3321 3730 exprimit,
3349 3671 3472 3728 quae

1868 3771 1899 3810 a
1928 3763 2089 3811 vento
2131 3755 2510 3826 aegritudinum
2546 3752 2630 3808 vel
2659 3754 2906 3809 molestia
2955 3755 3199 3824 corporis
3241 3754 3467 3822 tollitur,

1867 3862 1969 3904 nec
2012 3847 2270 3902 diuturna
2304 3861 2524 3902 manere
2573 3846 2928 3916 permittitur,
2973 3847 3099 3916 quia
3134 3847 3302 3901 ontnis
3339 3861 3468 3900 caro

1869 3938 2070 4010 fenum,
2095 3949 2141 3994 et
2166 3938 2336 3993 omnis
2358 3937 2526 4009 gloria
2545 3937 2661 4008 ejus
2683 3947 2932 4008 tanquam
2960 3938 3059 4007 [los
3081 3936 3209 4006 feni.
3238 3936 3468 3991 Exaruit

1872 4030 2053 4101 fenum
2080 4040 2128 4085 et
2147 4031 2246 4100 ﬂos
2271 4030 2385 4100 ejus
2407 4030 2604 4085 decidit
2627 4047 2647 4096 ;
2681 4029 2891 4084 verbum
2923 4039 3097 4083 autem
3119 4027 3329 4082 Domini
3355 4045 3470 4082 ma-

1871 4130 1957 4176 net
2010 4121 2062 4175 in
2112 4131 2366 4176 wternum
2416 4120 2553 4192 (Isa.
2602 4119 2715 4191 IL).
2765 4120 2970 4191 Spuma
3019 4127 3202 4174 autem
3252 4135 3374 4190 qua:
3399 4134 3469 4174 ex

1870 4213 2026 4283 aquis
2048 4212 2196 4268 edita
2225 4212 2382 4281 aquis
2419 4219 2756 4282 supernatat,
2811 4211 3084 4281 appetitus
3129 4211 3351 4266 humani
3389 4211 3470 4264 fa-

1869 4306 2020 4363 voris
2056 4314 2111 4360 et
2148 4303 2415 4374 jactantia
2465 4303 2708 4374 vulgaris
2739 4303 2972 4372 intelligi
3019 4311 3246 4372 potest:
3277 4318 3398 4373 quae
3435 4319 3468 4359 a

1875 4397 2114 4470 procella
2163 4397 2525 4453 tentationum
2542 4396 2628 4452 vel
2673 4395 3021 4452 discussione
3067 4395 3235 4450 futuri
3274 4395 3465 4467 judicii

1871 4489 2218 4560 dispergitur,
2258 4488 2384 4559 quia
2417 4501 2585 4558 quam
2621 4501 2763 4541 vana
2787 4484 2992 4542 fuerint
3033 4499 3228 4549 eorum
3257 4493 3464 4542 attactu

1871 4581 2151 4653 probatur,
2210 4579 2290 4635 sic
2317 4586 2373 4634 et
2397 4577 2580 4635 fumus
2615 4578 2918 4634 vanitatem
2960 4579 3179 4635 caduca:
3200 4577 3326 4634 vita:
3369 4577 3465 4634 de-

168 4681 427 4743 tanquam
445 4673 588 4729 navis
601 4690 718 4745 qua:
736 4643 1038 4746 pertransiit
1056 4643 1402 4746 ﬂuctuantem
1422 4696 1616 4751 aquam
1640 4693 1659 4731 :
1682 4696 1771 4734 cu-
1793 4643 1850 4705 Β
1875 4684 2180 4740 monstrat;
2221 4673 2480 4745 quoniam
2519 4672 2660 4728 sicut
2695 4669 2878 4729 fumus
2924 4680 3090 4728 vento
3123 4669 3462 4738 diffunditur,

159 4761 286 4832 jus,
331 4779 455 4842 cum
474 4765 806 4834 praeterierit,
848 4783 956 4820 non
983 4775 1058 4820 est
1084 4766 1356 4837 vestigium
1401 4769 1651 4836 invenire,
1681 4787 1771 4824 ne-

165 4869 274 4924 que
296 4855 533 4909 semitam
548 4857 743 4912 carina:
757 4856 899 4913 illius
921 4859 978 4913 in
1001 4857 1245 4928 ﬂuctibus
1257 4875 1277 4925 ;
1292 4868 1383 4913 aut
1397 4870 1648 4931 tanquam
1662 4863 1772 4918 avis

1874 4768 1955 4824 sic
1986 4767 2225 4822 humana
2277 4765 2386 4820 vita
2434 4773 2738 4835 temporum
2785 4763 3085 4821 mutatione
3132 4762 3462 4819 dissolvitur.

1876 4861 2030 4918 Unde
2085 4869 2141 4917 et
2168 4875 2266 4931 per
2295 4857 2701 4914 similitudinem
2735 4857 3038 4914 transeunti
3069 4855 3268 4926 hospiti
3313 4869 3464 4910 com-

167 4947 588 5017 quwtransvolat
601 4951 658 5004 in
677 4966 818 5016 aere,
834 4951 987 5021 cujus
1005 4953 1208 5007 nullum
1228 4953 1776 5024 inveniturargumen—
1876 4962 2139 5024 paratur;
2169 4951 2298 5022 quia
2326 4964 2528 5007 omnes
2567 4951 2656 5007 hic
2694 4949 2938 5018 hospites
2977 4956 3034 5003 et
3060 4945 3333 5018 peregrini
3368 4961 3463 5000 su-

171 5041 523 5108 tumitineris,
552 5043 642 5097 sed
662 5052 863 5098 tantum
887 5045 1087 5100 sonitus
1107 5045 1314 5099 alarum
1328 5046 1604 5101 verberans
1618 5047 1776 5101 levem
1880 5061 2024 5112 mus,
2074 5046 2142 5101 de
2181 5059 2288 5116 quo
2333 5043 2690 5100 Ecclesiastes
2722 5043 2798 5097 ait
2835 5059 2848 5096 :
2893 5037 3169 5096 Generatio
3211 5048 3464 5110 praeterit,

171 5144 406 5202 ventum,
452 5146 499 5190 et
515 5135 755 5191 scindens
773 5152 864 5206 per
885 5137 985 5190 vim
1000 5129 1214 5191 itineris
1246 5153 1420 5191 aerem
1450 5138 1762 5192 :commotis

173 5226 280 5282 alis
294 5227 626 5284 transvolavit
667 5237 715 5284 et
752 5238 867 5298 post
887 5230 984 5284 hoc
1013 5229 1216 5284 nullum
1264 5230 1472 5301 signum
1508 5229 1768 5284 invenitur

171 5325 384 5379 itineris
404 5325 582 5392 illius;
604 5335 694 5381 aut
715 5337 967 5395 tanquam
991 5329 1180 5398 sagitta
1209 5330 1403 5383 emissa
1421 5328 1665 5384 inlocum
1678 5329 1768 5384 de-

172 5415 433 5470 stinatum
448 5432 466 5470 :
482 5416 677 5471 divisus
690 5434 782 5471 aer
796 5418 1040 5472 continuo
1060 5419 1116 5472 in
1129 5435 1183 5473 se
1199 5419 1430 5474 reclusus
1444 5429 1539 5484 est,
1556 5429 1612 5473 ut
1625 5419 1770 5491 igno-

175 5513 325 5561 retur
343 5509 596 5563 transitus
615 5507 880 5562 illius:sic
905 5519 952 5562 et
975 5526 1065 5563 nos
1094 5510 1203 5564 nati
1226 5511 1470 5565 continuo
1486 5511 1782 5584 desinimus

173 5613 312 5662 esse,
344 5607 393 5652 et
421 5599 622 5652 virtutis
635 5599 846 5670 quidem
875 5599 1078 5654 nullum
1095 5601 1302 5672 signum
1314 5601 1574 5656 valuimus
1590 5613 1764 5657 osten-

175 5689 336 5744 dere:
371 5689 425 5742 in
447 5688 772 5760 malignitate
805 5700 980 5745 autent
1017 5703 1199 5746 nostra
1229 5695 1524 5764 consumpti
1561 5711 1765 5749 sumus.

177 5778 290 5835 Per
313 5779 552 5850 quinque
577 5782 784 5852 species
809 5782 1242 5850 similitudinum,
1273 5799 1409 5852 quas
1444 5783 1770 5854 proferendo

1869 5147 1917 5192 et
1963 5137 2228 5208 generatio
2280 5135 2509 5203 advenit,
2555 5145 2698 5189 terra
2737 5142 2910 5188 autem
2951 5133 3008 5186 in
3044 5129 3296 5186 sarculum
3338 5140 3464 5196 stat,

1869 5228 1987 5283 ideo
2028 5227 2204 5284 omnia
2263 5229 2468 5284 vanitas
2527 5225 2725 5299 (Eccle.
2769 5225 2829 5297 ι).
2886 5224 3029 5291 Quid
3081 5223 3228 5279 enim
3269 5224 3465 5280 vanius

1874 5321 1977 5377 hac
2014 5321 2276 5387 vanitate,
2329 5335 2494 5390 quam
2517 5328 2721 5375 terram
2759 5331 2984 5372 manere
3032 5331 3154 5387 quae
3181 5316 3461 5372 hominum

1874 5425 2039 5466 causa
2062 5410 2203 5466 facta
2234 5419 2318 5467 est
2358 5419 2414 5466 et
2455 5410 2632 5480 ipsum
2672 5407 2946 5464 hominem
2991 5416 3153 5464 terra:
3185 5407 3464 5464 dominum

1876 5503 1933 5561 in
1961 5504 2236 5574 pulverem
2269 5510 2488 5574 repente
2510 5501 2766 5558 dissolvi:
2800 5501 2940 5556 unde
2973 5500 3255 5577 sequitur:
3277 5497 3461 5555 Oritur

1877 5595 1957 5651 sol
2006 5605 2054 5650 et
2092 5596 2304 5662 occidit,
2351 5603 2399 5648 et
2426 5593 2495 5648 ad
2537 5592 2710 5648 locum
2737 5608 2890 5647 suum
2928 5591 3199 5647 revertitur
3245 5586 3458 5660 (Ιὸιιω.

1877 5686 2013 5741 Nam
2054 5687 2167 5755 ipse
2193 5687 2296 5752 sol,
2336 5687 2428 5756 qui
2461 5686 2514 5740 in
2536 5685 2710 5741 lucem
2739 5683 3059 5740 mortalibus
3093 5683 3250 5739 datus
3269 5690 3353 5735 est
3378 5681 3463 5733 in-

1880 5780 2099 5835 teritum
2134 5779 2318 5835 mundi
2349 5788 2472 5834 ortu
2497 5794 2595 5835 suo
2617 5778 2856 5848 quotidie
2881 5777 3105 5842 indicat,
3145 5782 3202 5831 et
3227 5786 3462 5827 occasu:

183 5870 514 5959 iniquorum
534 5873 866 5962 infructuosa
901 5873 1228 5962 pwnitcutia
1253 5875 1467 5961 labores
1492 5890 1634 5953 suos
1677 5877 1776 5940 ὼε
1828 5955 1831 5958 ι
1880 5879 2066 5944 ethoc
2104 5884 2277 5942 totum
2319 5876 2524 5939 idcirco
2569 5883 2632 5937 ut
2657 5873 2853 5937 doceat
2895 5866 3280 5934 mutationibus
3320 5871 3464 5939 ιθιιιετ
