3882 6478
546 421 650 479 695

1185 414 1247 470 Β.
1288 410 1544 471 RABANI
1582 410 1808 471 MAURI
1846 409 2169 468 ARCHIEP.
2211 406 2525 469 MOGUNT.
2564 405 2855 466 OPERUM
2893 405 3075 464 PARS
3111 406 3156 462 1.
3648 412 3708 469 ωε

546 530 824 597 Sapientia
852 530 969 585 hrec
994 525 1243 584 Christus
1280 532 1365 582 est
1392 524 1563 581 Filius
1593 524 1711 591 Dei,
1751 523 1822 581 de
1854 537 1964 594 quo
1991 522 2135 592 Apo-
2161 524 2215 585 Α
2238 521 2443 579 sederit
2481 526 2698 577 aeternae
2736 518 3087 577 beatitudinis
3112 517 3431 590 participem
3458 532 3561 577 esse
3587 521 3710 581 faciet;

545 625 719 691 stolas
747 621 862 677 ait:
901 618 1166 676 Christum
1191 618 1310 674 dico
1338 619 1438 675 Dei
1461 620 1704 674 virtutem
1732 628 1784 674 et
1807 617 1907 674 Dei
1930 617 2137 688 sapien-

544 717 696 782 tiam,
717 715 775 778 in
799 730 903 787 quo
928 713 1097 769 omnis
1119 712 1388 784 plenitudo
1414 711 1704 767 divinitatis
1730 711 1932 766 habitat
1957 727 2141 783 corpo-

544 804 731 862 raliter
759 803 813 876 (I
835 800 957 860 Cor.
994 803 1057 878 ι).
1088 802 1191 860 Hic
1227 818 1357 876 ergo
1384 819 1484 860 sua
1516 802 1690 875 gratia
1721 818 1912 860 omnes
1936 818 2142 875 praeoc-

546 906 740 969 cupat,
779 897 1091 968 quicunque
1124 895 1193 952 ad
1238 895 1356 968 ejus
1394 910 1635 952 amorem
1682 893 1967 962 anhelant,
2013 895 2143 966 quia

545 989 661 1060 ipse
679 995 766 1044 est
783 986 896 1053 via,
919 985 1147 1052 veritas,
1167 992 1224 1042 et
1245 985 1382 1052 vita,
1407 999 1505 1055 per
1524 984 1700 1056 ipsum
1722 983 1853 1051 itur,
1876 985 1943 1041 ad
1964 983 2142 1055 ipsum

546 1077 806 1145 tenditur,
836 1075 906 1131 ad
932 1077 1108 1148 ipsum
1137 1076 1470 1149 pervenitur.
1495 1075 1589 1131 llle
1614 1082 1797 1132 autem
1818 1074 1911 1146 qui
1937 1074 2006 1130 ab
2032 1074 2143 1131 ori-

546 1172 672 1244 gine
696 1170 1063 1227 illucescentis
1092 1170 1147 1226 in
1176 1186 1235 1227 se
1264 1170 1390 1227 ﬁdei
1411 1171 1574 1227 corde
1599 1162 1794 1227 devote
1813 1170 2137 1243 vigilaverit,

548 1277 657 1318 non
691 1277 867 1318 vacuo
895 1261 1080 1318 labore
1114 1261 1482 1328 consumitur,
1529 1262 1623 1317 sed
1663 1277 1761 1333 pro
1803 1261 1933 1317 boni
1963 1260 2145 1332 operis

550 1352 732 1409 studio
755 1353 824 1407 ab
851 1353 970 1424 ipso
998 1360 1305 1408 coronatur.
1332 1350 1676 1407 Assidentem
1715 1351 1860 1407 enim
1885 1350 2032 1406 illam
2065 1350 2147 1408 l'o-

552 1444 707 1500 ribus
754 1444 869 1500 suis
917 1444 1186 1510 inveniet,
1223 1444 1350 1514 quia
1395 1443 1513 1515 ejus
1559 1443 1888 1515 adiutorium
1933 1458 2148 1514 semper

551 1544 806 1607 paratum
847 1535 1089 1593 habebit.
1140 1534 1295 1593 Unde
1340 1536 1396 1591 in
1442 1536 1767 1608 Apocalypsi
1812 1536 1929 1606 ipse
1974 1536 2142 1593 dicit:

554 1627 691 1684 Ecce
715 1645 809 1701 ego
837 1638 917 1685 sto
947 1629 1018 1685 ad
1047 1628 1240 1685 ostium
1269 1636 1321 1683 et
1361 1627 1550 1699 pulso;
1593 1628 1639 1683 si
1675 1628 1792 1699 quis
1819 1637 1993 1683 autem
2018 1627 2148 1682 mihi

556 1721 845 1793 aperuerit,
873 1721 1098 1777 introibo
1125 1721 1194 1777 ad
1217 1736 1358 1788 eum,
1389 1729 1437 1775 et
1463 1718 1676 1775 ctenabo
1711 1736 1831 1775 cum
1855 1736 1916 1775 eo
1950 1730 1999 1774 et
2038 1720 2149 1791 ipse

552 1830 757 1869 mecum
786 1814 971 1886 (Apoc.
1003 1814 1112 1886 ιιι).

2242 614 2385 671 unde
2411 620 2468 669 et
2493 612 2742 684 sequitur
2771 631 2785 668 :

2314 706 2537 763 Initium
2558 709 2698 763 enim
2728 705 2877 763 illius
2906 706 3179 763 verissima
3204 714 3284 762 est
3311 697 3575 776 disciplina
3601 726 3714 765 cera.

2240 802 2516 873 piscentia.
2550 800 2692 856 Cura
2719 818 2842 873 ergo
2866 800 3180 872 disciplima,
3206 799 3419 855 dilectio
3450 810 3547 865 est;
3578 811 3614 856 et
3640 804 3715 859 die

2244 895 2366 962 ctio,
2398 893 2638 950 custodia
2664 894 2835 965 legum
2856 892 3002 949 illius
3033 902 3144 960 est;
3169 893 3449 949 custoditio
3463 895 3716 966 autenlegn

2245 986 2625 1042 consummatio
2669 985 3080 1057 incorruptionis
3123 995 3240 1053 est;
3290 988 3583 1059 incorruptis
3616 998 3715 1044 sua

2245 1078 2374 1149 facit
2407 1095 2517 1135 esse
2553 1080 2849 1151 proximum
2890 1080 3016 1136 Deo.
3060 1077 3494 1152 Concupiscentia
3519 1082 3650 1153 itaque
3675 1101 3718 1137 u-

2243 1169 2454 1241 pientite
2472 1170 2681 1225 deducit
2698 1170 2768 1225 ad
2788 1187 3003 1242 regnum
3021 1181 3356 1243 perpetuum.
3378 1170 3535 1240 liuius
3550 1175 3716 1230 eorum

2246 1272 2427 1318 autem
2455 1262 2795 1333 profectuum
2838 1264 3038 1336 gradus
3078 1263 3279 1322 Petrus
3324 1265 3574 1336 apostolus
3604 1267 3643 1320 in
3669 1284 3718 1322 su

2246 1353 2486 1425 Epistola
2513 1354 2752 1413 ostendit
2778 1354 3001 1411 dicens:
3050 1353 3155 1411 Vos
3179 1365 3382 1422 autem,
3414 1356 3593 1424 fratres,
3617 1373 3718 1411 cum

2248 1463 2453 1503 omnem
2479 1447 2856 1518 subinferentes
2892 1448 3187 1503 ministrate
3227 1449 3292 1503 in
3335 1446 3440 1517 ﬁde
3478 1458 3613 1503 vestra
3633 1450 3720 1501 rim-

2248 1550 2373 1608 tem,
2400 1540 2457 1595 in
2476 1540 2665 1595 virtute
2688 1550 2865 1596 autem
2885 1539 3178 1606 scientiam,
3206 1540 3264 1594 in
3290 1540 3504 1597 scientia
3519 1550 3647 1594 autem
3661 1541 3721 1594 ιιι·

2250 1632 2616 1700 tinentiam,in
2637 1631 2951 1687 abstinentia
2975 1642 3151 1687 autem
3171 1631 3555 1703 patientiam,in
3571 1633 3721 1701 patienia

2250 1730 2427 1776 autem
2452 1722 2721 1792 pietatem,
2750 1722 2807 1777 in
2835 1722 3028 1792 pietate
3066 1733 3241 1776 autem
3279 1737 3505 1777 antorem
3531 1721 3723 1790 fraternu-

2251 1812 2350 1879 tis,
2401 1812 2458 1866 in
2503 1828 2684 1868 amore
2725 1823 2900 1867 autem
2949 1812 3305 1883 fraternitatis
3348 1813 3628 1868 charitateut.
3657 1812 3722 1865 lia

562 1924 567 1929 ’
621 1903 869 1976 Cogitare
901 1922 1025 1978 ergo
1050 1906 1114 1962 de
1150 1906 1243 1962 illa
1265 1947 1280 1973 ,
1307 1924 1492 1964 sensus
1521 1918 1914 1963 consummatus
1942 1916 2059 1973 est;
2092 1916 2147 1964 et
2173 1910 2223 1972 B
2250 1913 2425 1957 autem
2446 1904 2627 1958 omnia
2653 1904 2702 1958 εἰ
2728 1903 2990 1960 vobiscum
3020 1904 3198 1960 adsint
3238 1914 3291 1960 et
3324 1915 3573 1975 superent,
3598 1920 3724 1959 "om

551 1996 643 2066 qui
672 1996 960 2068 vigilaverit
990 2009 1202 2069 propter
1222 1999 1369 2055 illam
1400 2001 1502 2056 cito
1527 2001 1628 2057 erit
1657 2018 1873 2057 securus
1894 2002 2145 2073 quoniam

552 2086 741 2159 dignos
768 2105 825 2144 se
844 2091 959 2161 ipsa
988 2092 1176 2146 circuit
1200 2109 1470 2164 qurerens,
1495 2103 1545 2149 et
1576 2095 1633 2149 in
1661 2096 1758 2150 viis
1786 2095 1897 2150 suis
1922 2094 2147 2149 ostendit

549 2196 607 2234 se
630 2178 737 2235 illis
762 2181 1023 2250 hilariter,
1049 2193 1097 2240 et
1127 2186 1187 2241 in
1205 2187 1347 2242 omni
1379 2186 1706 2258 providentia
1746 2197 1982 2244 occurret
2002 2186 2144 2257 [illim

551 2270 821 2344 Cogitatio
840 2290 991 2347 pura:
1011 2276 1211 2333 mentis
1235 2277 1567 2334 desiderium
1590 2286 1677 2336 est
1695 2278 1893 2335 divinae
1912 2288 2151 2335 contem-

551 2364 844 2438 plationis;
884 2370 1157 2440 quomodo
1174 2385 1305 2443 ergo
1330 2370 1418 2428 ille
1445 2386 1608 2429 sensu
1633 2387 1743 2430 non
1762 2372 1870 2430 erit
1895 2387 2151 2430 consum-

553 2469 755 2527 matus,
789 2462 882 2532 qui
905 2463 973 2518 ad
994 2478 1235 2519 amorem
1265 2464 1463 2520 summi
1483 2465 1612 2520 boni
1635 2479 1849 2537 semper
1871 2472 1956 2521 est
1975 2465 2153 2521 inten-

556 2557 665 2617 tus,
693 2559 749 2606 et
772 2550 964 2609 beatus
990 2553 1079 2610 ille
1105 2554 1235 2621 erit,
1262 2554 1355 2625 qui
1379 2556 1625 2628 pervigili
1664 2556 1964 2613 intentione
2005 2570 2154 2612 sum-

554 2657 702 2698 mam
750 2644 1088 2716 Sapientiam
1131 2649 1357 2718 quzerit,
1388 2649 1543 2721 cujus
1584 2665 1715 2706 vera
1763 2648 1981 2720 adoptio
2010 2663 2155 2706 verte

555 2734 887 2793 sinceritatis
914 2747 1001 2795 est
1024 2741 1332 2812 perceptio?
1354 2739 1461 2797 Sed
1483 2755 1645 2797 nemo
1676 2746 1901 2811 repente
1924 2738 1987 2794 ﬁt
2005 2753 2154 2794 sum-

556 2840 678 2881 ntus
702 2842 717 2893 ;
758 2828 889 2897 quin
912 2829 1092 2899 potius
1115 2846 1215 2901 per
1232 2832 1495 2888 virtutum
1518 2832 1826 2904 profectum
1848 2830 1917 2887 ad
1936 2829 2158 2887 summi-

555 2925 722 2971 tatem
753 2918 913 2975 debet
938 2936 1060 2977 esse
1089 2936 1369 2979 ascensus.
1390 2921 1453 2977 ιιι
1477 2923 1731 2994 prtesenti
1759 2936 1890 2993 ergo
1908 2921 2022 2977 vita
2040 2928 2157 2977 stu-

553 3006 702 3063 dium
753 3008 1171 3081 impendcndum
1216 3022 1302 3069 est
1343 3012 1615 3069 discendae
1661 3011 1976 3083 sapientiae,
2016 3019 2073 3067 et
2100 3011 2157 3066 in

556 3100 833 3169 moribus,
865 3103 1161 3160 secundum
1190 3105 1309 3176 ejus
1343 3104 1642 3176 disciplinae
1671 3118 1921 3160 normam
1962 3103 2157 3159 viven-

555 3191 705 3248 dum.
732 3191 870 3251 Cum
898 3203 1079 3252 autem
1104 3195 1197 3252 illa
1228 3211 1355 3254 eum
1386 3196 1647 3253 imbuerit
1679 3205 1736 3252 et
1769 3195 2008 3267 perfecte
2032 3208 2158 3267 pos-

2252 2008 2378 2048 cuos
2405 2009 2498 2047 nec
2521 1992 2634 2048 sine
2658 1992 2836 2064 fructu
2860 2010 2952 2049 vos
2972 1995 3331 2062 constituent,
3356 1994 3412 2047 in
3440 1992 3614 2048 Domini
3636 1996 3722 2047 mi

2263 2084 2393 2139 Jesu
2416 2083 2614 2140 Christi
2637 2086 2930 2156 cognitione
2946 2084 2994 2157 (1
3004 2084 3034 2139 1
3061 2084 3211 2141 Petr.
3242 2086 3309 2157 l).
3340 2083 3439 2153 Qui
3465 2085 3725 2154 eaimpmpta

2253 2176 2534 2247 sapientiae
2560 2191 2803 2233 amorem
2829 2176 3309 2248 disciplinabiliter
3339 2178 3392 2233 in
3420 2177 3512 2233 hoc
3537 2175 3721 2231 ιιιιιυόοτί»
3780 2175 3781 2247 ξ

2252 2269 2333 2325 vit
2358 2269 2672 2326 custodiens
2699 2269 2955 2326 mandata
2982 2269 3102 2338 Dei,
3133 2269 3229 2326 hic
3255 2286 3357 2341 per
3381 2284 3619 2326 sacrarum
3635 2267 3724 2321 rint-

2255 2371 2370 2420 tum
2393 2361 2716 2436 profectum,
2758 2363 2826 2421 ad
2855 2362 3323 2437 incorruptionem
3352 2361 3723 2420 immortalitatiset

2254 2465 2573 2529 perpetuam
2603 2454 2773 2511 vitam
2800 2457 3102 2528 perveniet,
3131 2473 3258 2529 quae
3286 2466 3373 2514 est
3392 2457 3557 2526 utique
3572 2450 3725 2523 incogi-

2259 2547 2404 2605 tione
2438 2548 2737 2605 divinitatis
2782 2547 2999 2605 Domini
3041 2549 3222 2606 nostri
3270 2547 3401 2605 Jesu
3441 2546 3620 2604 Christi.
3647 2543 3724 2600 [adt

2256 2639 2374 2710 ipse
2401 2638 2456 2694 in
2483 2638 2780 2712 Evangelio
2806 2640 2875 2696 ad
2907 2640 3122 2697 Patrem
3143 2640 3224 2696 ait
3247 2659 3263 2696 ;
3295 2639 3428 2696 Haec
3449 2648 3516 2695 est
3536 2634 3724 2693 astrum

2258 2740 2459 2787 tetes-na
2483 2740 2542 2786 ut
2572 2742 2888 2803 cognoscant
2920 2742 2970 2788 te
2996 2749 3160 2788 unum
3188 2749 3371 2789 verum
3395 2731 3559 2795 Deum,
3577 2738 3722 2797 eam

2257 2821 2473 2889 misisti,
2508 2821 2695 2878 Iesum
2725 2822 2994 2879 Christum
3038 2823 3234 2898 (least.
3278 2825 3443 2897 xvu).
3489 2824 3597 2879 Cum
3626 2830 3723 2874 auus

2260 2914 2576 2986 cognoverit
2600 2916 2871 2972 veraciter
2906 2916 3108 2984 Deum,
3149 2928 3281 2975 tunc
3313 2919 3369 2973 in
3406 2912 3723 2985 contemplatus:

2260 3007 2462 3080 ipsius,
2507 3009 2844 3066 beatitudine
2884 3009 3197 3082 perfruetur
3247 3022 3578 3084 sempiterna,
3604 3017 3724 3062 clm

2262 3114 2392 3173 rege
2421 3116 2521 3158 suo
2544 3101 2706 3158 simul
2734 3103 2854 3175 ipse
2880 3117 3144 3176 regnans,
3177 3104 3233 3160 in
3271 3104 3393 3161 luce
3417 3108 3642 3176 permanet
3662 3109 3723 3167 ρετ·

2260 3201 2444 3266 petua.

579 3313 3704 3347 ww

1738 3462 2040 3547 LIBER
2116 3464 2686 3546 SECUNDUS.

1078 3690 1307 3750 CAPUT
1345 3690 1634 3749 PRIMUM.

553 3783 765 3844 Laudat
807 3787 886 3843 vir
924 3786 1132 3857 sapiam
1176 3786 1411 3869 divinam
1450 3785 1808 3869 _sapientiam,
1856 3778 2156 3859 pradicans

1142 3866 1383 3913 virtutem
1412 3866 1547 3929 ejus.

628 3973 693 4031 Si
717 3989 841 4045 ergo
871 3970 1203 4028 delectamini
1240 3971 1451 4028 sedibus
1496 3982 1544 4028 et
1581 3976 1965 4043 stemmatibus,
2009 3992 2155 4050 reges

553 4065 757 4137 papuli,
784 4063 986 4135 diligite
1027 4064 1341 4134 sapientiam
1359 4105 1375 4131 ,
1406 4074 1464 4119 ut
1489 4066 1547 4121 in
1573 4076 1880 4138 perpetuum
1906 4070 2152 4140 regnetis.

553 4156 878 4214 Necessario
902 4156 1157 4212 admonet
1180 4171 1337 4229 reges
1365 4164 1528 4215 terrae
1549 4158 1776 4231 diligere
1804 4161 2152 4232 sapientiam,

555 4250 686 4321 quia
727 4250 845 4306 sine
891 4248 1157 4320 sapientia
1187 4248 1524 4321 impossibile
1551 4259 1637 4306 est
1677 4250 1781 4307 rite
1822 4266 2155 4324 quemquam

554 4357 782 4416 regnare
801 4356 980 4415 posse.
1008 4340 1163 4397 Unde
1184 4348 1269 4397 est
1290 4341 1437 4396 istud
1450 4340 1818 4398 Platonicum:
1844 4342 1995 4399 Tunc
2015 4343 2156 4401 bene

555 4435 766 4506 regitur
793 4433 1099 4507 respublica
1122 4434 1338 4505 quando
1358 4445 1587 4506 regnant
1609 4435 1938 4507 philosophi,
1962 4445 2017 4492 et
2034 4437 2158 4508 phi-

552 4527 910 4600 losophantur
930 4528 1304 4598 imperatores.
1321 4527 1454 4585 Sine
1474 4529 1741 4600 sapientia
1759 4530 1904 4586 enim
1927 4544 2154 4604 regnum

551 4626 742 4674 tenere
762 4616 928 4684 velle,
964 4617 1137 4689 magis
1161 4626 1247 4673 est
1280 4620 1576 4690 tyrannica:
1605 4619 1948 4677 truculentia:
1989 4637 2155 4693 quam

555 4709 755 4781 regalis
777 4710 1169 4781 temperantiae.
1187 4709 1531 4782 Quapropter
1550 4720 1793 4767 rectores
1806 4713 2155 4770 considerent

555 4800 835 4868 Ecclesiae,
867 4815 1030 4871 quam
1053 4802 1193 4859 bene
1219 4802 1542 4871 conveniat,
1580 4810 1641 4859 ut
1685 4803 1787 4875 ipsi
1832 4804 1890 4860 in
1927 4804 2153 4861 medita-

553 4893 702 4949 tione
744 4892 948 4949 assidui
992 4893 1103 4949 sint
1145 4893 1281 4966 legis
1308 4893 1524 4951 divinae.
1557 4893 1659 4964 Qui
1695 4895 1842 4951 enim
1871 4911 2154 4954 sacrarum

552 4984 959 5056 Scripturarum
984 4987 1039 5043 in
1072 4987 1362 5054 discendo,
1394 4987 1640 5045 docendo
1681 4997 1844 5061 atque
1875 4991 2153 5063 operando

2179 3702 2226 3766 c
2258 3695 2582 3767 sapientiam
2607 3693 2701 3751 Dei
2743 3694 2811 3751 de
2845 3695 3040 3751 mortis
3083 3694 3282 3767 laqueo
3311 3703 3535 3767 ereptum
3554 3699 3723 3763 estgau

2261 3788 2589 3856 humanum;
2626 3786 2772 3844 unde
2801 3796 2859 3845 et
2888 3787 3133 3859 sequitur
3159 3804 3173 3843 :

2332 3879 2624 3936 Multitudo
2652 3888 2827 3935 autem
2850 3880 3169 3951 sapientium
3191 3880 3396 3936 sanitas
3413 3889 3483 3936 est
3504 3877 3612 3934 orbis
3633 3887 3723 3929 tem-

2259 3988 2420 4039 rum;
2452 3980 2502 4028 et
2532 3988 2624 4027 rea:
2649 3971 2860 4043 sapiens
2887 3971 3068 4042 populi
3094 3972 3498 4028 stabilimentum
3517 3978 3592 4025 est.
3620 3960 3723 4020 llulti-

2258 4063 2392 4120 tudo
2418 4072 2599 4119 autem
2639 4062 2965 4134 sapientium
2998 4071 3172 4120 coetus
3196 4073 3287 4121 est
3317 4073 3590 4120 sanctorum
3608 4052 3721 4129 prbis

2260 4166 2531 4223 catorum,
2575 4171 2809 4227 quorum
2847 4155 3094 4212 doctrina
3132 4156 3342 4212 sanitas
3374 4164 3451 4211 est
3480 4151 3599 4209 orbis
3623 4158 3723 4201 καθ’

2260 4262 2405 4314 rum,
2451 4247 2578 4319 quia
2617 4262 2717 4318 per
2745 4247 2919 4318 ipsam
2951 4246 3021 4301 ad
3050 4244 3212 4302 iidem
3246 4246 3446 4303 Christi
3475 4242 3724 4301 conversus

2257 4341 2420 4398 turba
2483 4339 2898 4397 innumerabilis
2947 4338 3287 4396 diversarum
3341 4338 3602 4395 nationum.
3633 4328 3724 4397 the

2259 4431 2470 4489 scilicet
2491 4432 2665 4489 turbae
2689 4448 2785 4489 rex
2815 4432 3034 4504 sapiens
3052 4441 3156 4501 est,
3187 4432 3300 4489 imo
3326 4432 3436 4505 ipsa
3462 4429 3540 4485 Dei
3561 4419 3722 4496 sapienti:

2258 4532 2320 4581 et
2357 4524 2533 4581 virtus
2569 4521 2728 4580 Jesus
2769 4522 3023 4581 Christus
3057 4524 3201 4580 Deus
3246 4533 3305 4580 et
3352 4521 3577 4579 Dominus
3603 4521 3720 4571 noster.

2259 4618 2354 4689 qui
2391 4617 2686 4675 electorum
2724 4633 2949 4674 suorum
2997 4616 3422 4673 stabilimentum
3446 4613 3523 4679 ﬁt,
3548 4605 3720 4681 quoniam.

2257 4711 2548 4769 Psalmista
2582 4717 2850 4777 testante,
2882 4709 3140 4766 Dominus
3170 4710 3421 4781 fortitudo
3439 4708 3575 4782 plebis
3599 4704 3719 4761 sum

2256 4813 2521 4876 protector
2545 4802 2861 4859 salutarium
2894 4802 3091 4859 Christi
3116 4804 3202 4859 sui
3225 4814 3302 4861 est
3331 4801 3487 4876 (Psal.
3516 4786 3721 4864 smnia“

2258 4910 2369 4966 quo
2434 4894 2579 4950 idem
2629 4892 2899 4966 Propheta
2946 4894 3025 4951 ait
3072 4909 3087 4949 :
3130 4894 3384 4952 Dominus
3427 4901 3554 4965 petra
3595 4895 3669 4940 an
3693 4882 3717 4927 α

2258 4987 2423 5042 robur
2447 5003 2643 5054 meum,
2672 4995 2721 5042 et
2752 4985 2988 5042 salvator
3007 5003 3175 5055 meus,
3206 4984 3349 5045 Deus
3376 4998 3505 5041 meus
3524 4974 3719 5050 fortis,“

556 5076 807 5147 sequitur
832 5091 1104 5145 normam,
1130 5078 1250 5136 sine
1266 5078 1430 5137 dubio
1449 5081 1688 5139 caelestis
1712 5083 1864 5156 regni
1883 5083 2150 5157 percipiet
2174 5078 2231 5140 D
2255 5079 2390 5136 ‘rabo
2408 5079 2464 5135 in
2486 5096 2606 5135 eum
2644 5077 2732 5153 (II
2760 5077 2889 5151 Reg.
2916 5079 3074 5151 κιαι).

549 5165 818 5225 laetitiam.

623 5258 768 5328 Quid
804 5270 882 5317 est
926 5270 1102 5316 autent
1131 5261 1418 5335 sapientia,
1459 5274 1507 5320 et
1534 5266 1976 5337 quemadmodum
2005 5265 2151 5337 facta

551 5353 622 5408 sit
644 5352 893 5424 referam,
919 5363 968 5410 et
993 5372 1098 5411 non
1119 5357 1439 5414 abscondam
1460 5377 1493 5414 a
1514 5360 1656 5416 vobis
1674 5372 2007 5416 sacramenta
2028 5361 2149 5429 Dei,

551 5443 644 5499 sed
669 5445 736 5501 ab
757 5446 911 5502 initio
940 5449 1232 5507 nativitatis
1256 5451 1577 5523 investigabo
1604 5464 1651 5509 et
1679 5453 1873 5524 ponam
1898 5456 1954 5509 in
1979 5454 2152 5513 lucem

548 5535 823 5592 scientiam
848 5536 1016 5607 illius,
1046 5550 1220 5596 etnon
1246 5541 1524 5612 prwteribo
1548 5544 1815 5599 veritatem
1846 5561 2007 5617 neque
2023 5563 2147 5601 cum

546 5629 749 5687 invidia
772 5630 1061 5688 tabescente
1089 5634 1187 5688 iter
1213 5632 1441 5699 habebo,
1480 5638 1731 5706 quoniam
1767 5639 1867 5692 ista
1905 5656 2010 5694 non
2047 5641 2147 5696 erit

546 5725 807 5793 particeps
834 5725 1125 5795 sapientiae.
1150 5722 1501 5794 Perspicuum
1531 5731 1779 5800 estquod
1812 5731 2026 5785 invidia:
2050 5746 2146 5803 pe-

549 5814 653 5870 stis
678 5829 906 5871 consors
926 5830 1032 5869 non
1055 5824 1137 5870 est
1162 5816 1459 5888 sapientia),
1483 5819 1609 5889 quia
1630 5834 1727 5890 per
1752 5819 2009 5876 invidiam
2032 5821 2147 5877 dia-

551 5903 664 5965 boli
686 5921 837 5972 mors
864 5907 1111 5970 introivit
1138 5909 1199 5975 in
1227 5917 1403 5972 totum
1423 5908 1614 5971 orbem
1636 5902 1943 5996 terrarum,
1967 5922 2023 5974 ct
2046 5928 2147 6001 per
2169 5970 2231 6006 ,ν

901 6078 974 6095 an.

2234 5234 2295 5293 ί.»

2901 5169 3130 5228 CAPUT
3161 5171 3229 5228 ll.

2406 5264 2559 5320 Idem
2588 5266 2667 5321 vir
2696 5264 2908 5336 exponit
2930 5263 3186 5336 originem
3211 5265 3445 5321 humanae
3464 5267 3634 5315 natura.

2340 5360 2479 5435 Ergo
2506 5362 2727 5433 accipite
2746 5360 3079 5432 disciplinam
3102 5376 3196 5432 per
3217 5374 3461 5417 sermones
3486 5366 3593 5409 me“
3607 5354 3639 5401 εί
3651 5351 3717 5437 P’f’

2263 5455 2398 5510 derit
2414 5426 2590 5510 vvobis.
2620 5426 2785 5527 ⁷((Ζιιιι.
2810 5426 2934 5526 vti.)
2981 5426 3112 5509 Sum
3147 5453 3353 5525 quidem
3391 5460 3433 5506 et
3464 5462 3540 5518 ego
3568 5426 3714 5523 πιοηίίίξ

2264 5543 2444 5610 homo,
2473 5543 2662 5599 similis
2693 5544 2954 5610 omnibus,
2985 5552 3034 5598 et
3063 5560 3129 5599 ea:
3149 5560 3331 5617 genere
3354 5537 3520 5597 terreni
3534 5531 3715 5590 illius?“

2264 5638 2417 5710 prior
2439 5636 2612 5706 factus
2635 5644 2732 5700 est,
2758 5644 2804 5690 et
2827 5636 2881 5689 in
2902 5645 3074 5689 ventre
3096 5634 3275 5689 matris
3299 5633 3521 5704 figuratus
3534 5621 3711 5715 διδαξνῆ

2269 5730 2447 5785 decem
2476 5728 2732 5783 mensium
2764 5737 2992 5799 tempore
3021 5725 3323 5797 coagulatus
3351 5739 3451 5809 sum
3468 5718 3513 5775 in

2268 5840 2336 5879 ex
2356 5824 2550 5879 semine
2563 5823 2807 5888 hominis,
2834 5830 2880 5876 et
2902 5820 3275 5876 delectamento
3304 5816 3454 5874 sonmi
3474 5800 3708 5901 contruﬁ

2262 5912 2339 5982 ,Ει
2369 5930 2463 5991 ego
2489 5922 2643 5973 natus
2670 5911 2844 5987 accepi
2870 5926 3195 5972 communem
3219 5924 3410 5982 aerem,
3432 5913 3472 5965 et
3494 5903 3536 5960 in
