3882 6470
162 401 306 461 (397

1029 390 1384 456 COMMENT.
1424 395 1492 453 ΙΝ
1528 394 1792 456 LIBRUM
1831 395 2241 459 SAPIENTUE.
2282 432 2352 445 -—
2390 400 2518 462 LIB.
2559 400 2625 460 li.

3379 401 3484 469 698

170 513 230 583 f
224 531 401 578 actam
429 514 601 573 decidi
631 524 848 580 terram,
877 524 925 569 et
958 515 1183 586 primam
1218 529 1388 569 vocem
1423 512 1646 569 similem
1671 530 1784 569 om-
1814 517 1867 579 Α
1891 518 2017 588 quia
2040 527 2099 574 ut
2117 519 2392 591 apostolus
2412 518 2646 577 Iacobus
2668 520 2745 576 ait
2770 538 2784 576 :
2810 518 2916 588 Qui
2942 520 3045 579 hac
3063 519 3288 596 indiget,
3304 532 3488 596 postu-

172 613 356 668 nibus
390 608 539 666 emisi
565 606 800 679 plorans.
832 605 900 662 In
930 604 1295 663 involumentis
1322 606 1548 661 nutritus
1576 621 1714 673 sum,
1741 615 1790 660 et

171 704 345 759 curis
374 700 599 773 magnis.
625 698 795 754 Nemo
822 698 961 754 enim
988 715 1053 754 ea:
1077 698 1280 770 regibus
1309 697 1457 752 aliud
1480 698 1661 752 habuit
1696 714 1791 751 na-

172 792 417 848 tivitatis
444 790 674 845 initium.
717 785 865 843 Unus
898 805 1019 860 ergo
1058 787 1303 843 introitus
1338 797 1411 843 est
1449 787 1687 843 omnibus
1719 786 1788 842 ad

170 884 394 950 vitam,
444 890 493 937 et
542 879 732 937 similis
772 880 964 935 exitus.
999 878 1296 936 Ostensuta
1344 895 1471 953 ergo
1523 880 1789 951 sapientia

168 975 455 1032 Virtutem
483 988 639 1030 suam
658 989 759 1044 per
776 988 875 1028 vas
895 974 998 1029 sibi
1019 982 1223 1044 aptum,
1247 973 1423 1045 primo
1448 973 1625 1043 ipsum
1649 989 1789 1044 prm-

172 1066 500 1123 dicatorem
529 1082 689 1123 suum
714 1065 998 1121 humiliter
1022 1062 1349 1121 conditionis
1373 1065 1621 1120 humana:
1658 1063 1787 1121 facit

168 1171 452 1215 enarrare
463 1157 752 1229 originem,
777 1164 836 1211 ut
860 1157 1232 1228 unusquisque
1253 1157 1390 1213 sciat
1412 1156 1541 1228 quid
1568 1170 1636 1210 ex
1659 1170 1783 1211 car-

168 1251 278 1307 nis
322 1250 568 1320 origine,
605 1258 659 1306 et
699 1248 829 1321 quid
866 1265 934 1306 ex
964 1250 1106 1306 dono
1148 1250 1347 1306 habeat
1385 1250 1585 1306 divino.
1628 1247 1784 1316 Quod

166 1342 339 1399 enim
364 1342 495 1399 dicit
532 1342 722 1399 decem
755 1343 1024 1399 mensium
1060 1350 1305 1413 tempore
1340 1357 1400 1397 se
1440 1341 1779 1413 coagulatum

165 1434 485 1507 sanguine,
519 1442 574 1490 et
600 1434 807 1490 semine
837 1434 1097 1500 hominis;
1133 1442 1189 1490 et
1214 1432 1607 1489 delectamento
1636 1448 1781 1488 som-

160 1523 265 1579 nii
307 1524 687 1592 conveniente,
728 1527 1069 1582 demonstrat
1107 1524 1392 1596 utriusque
1430 1540 1594 1580 sexus
1632 1523 1781 1580 ditl‘e-

160 1619 440 1673 rentiam.
466 1617 624 1686 Nam,
656 1626 714 1674 ut
751 1619 959 1691 physici
987 1616 1159 1685 aitint,
1199 1634 1384 1675 semen
1422 1617 1660 1673 hominis
1693 1625 1777 1674 est

156 1709 495 1776 candidum,
537 1719 594 1766 et
629 1726 814 1767 semen
854 1708 1102 1768 mulieris
1145 1712 1636 1783 sanguinolentum.
1670 1711 1775 1766 Eo-

154 1817 307 1858 rum
343 1804 648 1861 commistio
678 1804 842 1860 certis
877 1796 1070 1876 spatiis
1099 1813 1403 1877 temporum
1445 1822 1643 1877 corpus
1686 1806 1772 1861 in-

1892 610 2008 666 leta
2024 612 2155 679 Deo,
2170 613 2259 684 qui
2274 612 2365 667 dat
2393 612 2634 668 omnibus
2657 614 2945 686 afﬂuenter,
2971 626 3019 669 et
3041 631 3147 671 non
3166 615 3485 689 improperat

1892 703 2035 775 (Jac.
2072 704 2145 778 ι);
2195 720 2314 775 quae
2351 712 2546 761 merito
2582 706 2919 778 praeponitur
2948 707 3133 779 regnis
3169 700 3487 765 et‘sedibus

1889 805 1947 853 et
1969 798 2171 853 divitiis
2196 798 2467 853 universis
2486 838 2500 863 ,
2540 799 2798 869 quoniam
2824 800 3006 856 omnia
3032 802 3269 873 pretiosa
3297 802 3485 858 mundi

1889 890 1944 945 in
1974 891 2378 962 comparatione
2410 890 2553 947 illius
2583 891 2867 947 vilescunt.
2908 891 3062 949 Unde
3102 893 3216 965 ipsa
3257 893 3310 948 in
3350 892 3485 949 Pro-

1888 983 2091 1039 verbiis
2144 984 2220 1038 ait
2261 1001 2274 1037 ε
2316 982 2526 1038 Mecum
2580 993 2704 1039 sunt
2756 985 2952 1039 divitia:
2992 1002 3055 1040 ac
3107 985 3303 1057 gloria,
3362 1002 3483 1057 opes

1884 1092 2124 1146 superna:
2157 1084 2207 1131 et
2235 1075 2447 1147 justitia
2475 1089 2493 1128 :
2520 1075 2706 1132 melior
2746 1086 2821 1131 est
2860 1077 3064 1148 fructus
3094 1094 3238 1131 meus
3269 1093 3401 1131 auro
3431 1084 3481 1132 et

1883 1168 2111 1239 pretioso
2141 1166 2349 1241 lapide,
2385 1178 2436 1224 et
2470 1185 2673 1241 gemma
2701 1185 2815 1224 mea
2846 1177 3060 1240 argento
3097 1169 3256 1224 electo
3293 1167 3478 1242 (Prov.

1883 1259 2025 1331 vin).
2060 1258 2197 1315 Hinc
2225 1270 2280 1313 et
2309 1260 2427 1331 ipsa
2459 1260 2672 1316 Veritas
2697 1261 2750 1315 in
2777 1260 3071 1332 Evangelio
3104 1275 3332 1331 regnum
3361 1274 3482 1316 cm-

1882 1348 2059 1405 lorum
2097 1350 2363 1406 assimilat
2400 1351 2726 1422 negotiatori
2763 1351 3026 1421 quaerenti
3056 1351 3228 1406 bonas
3254 1366 3472 1422 marga-

1881 1442 2043 1508 ritas;
2062 1442 2152 1513 qui
2179 1442 2389 1497 inventa
2410 1459 2517 1496 una
2541 1444 2768 1512 pretiosa
2794 1443 3088 1515 margarita
3111 1441 3242 1497 abiit
3275 1450 3323 1496 et
3353 1458 3479 1497 ven-

1881 1533 2012 1588 didit
2029 1535 2206 1589 omnia
2220 1551 2336 1606 quae
2356 1534 2561 1601 habuit,
2577 1542 2626 1589 et
2649 1535 2773 1588 emit
2793 1551 2911 1589 eam
2932 1533 3147 1607 (Matth.
3168 1533 3291 1605 xm)
3311 1551 3325 1601 ;
3348 1533 3480 1606 quia

1880 1627 1971 1697 qui
2003 1626 2280 1683 caelestem
2311 1627 2634 1698 sapientiam
2662 1627 2931 1683 veraciter
2952 1627 3193 1694 invenit,
3225 1628 3330 1684 hoc
3360 1631 3474 1697 est,

1876 1718 2104 1775 verbum
2127 1717 2222 1773 Dei
2251 1718 2305 1772 in
2331 1717 2581 1784 excelsis,
2610 1717 2790 1773 omnia
2811 1718 3174 1774 emolumenta
3195 1717 3481 1789 prmsenliﬁ

1884 1807 2048 1874 vitaz,
2089 1823 2305 1863 omnem
2346 1808 2749 1879 philosophiam
2788 1809 3102 1877 humanam,
3144 1822 3476 1879 omnemque

154 1893 347 1953 fantis
394 1896 524 1953 facit
568 1896 814 1963 formari,
867 1897 1043 1954 donec
1090 1898 1388 1954 animatum
1445 1899 1513 1954 ad
1561 1906 1775 1970 tempus
1801 1913 1850 1974 Β
1878 1910 2157 1958 oratorum
2189 1902 2554 1973 eloquentiam
2581 1902 2838 1972 despicit,
2871 1910 2927 1957 et
2962 1901 3060 1957 soli
3105 1901 3329 1959 theoriae
3384 1900 3472 1957 di-

150 1993 371 2057 partus
390 1987 600 2044 decimo
629 2004 815 2045 mense
848 1990 1149 2060 perveniat,
1178 1990 1427 2060 quamvis
1450 2006 1559 2046 non
1585 2004 1775 2048 omnes

153 2080 248 2135 ad
273 2080 545 2137 decimum
578 2098 822 2139 mensem
858 2082 1203 2155 pertingant,
1235 2100 1360 2141 cum
1399 2084 1490 2139 alii
1519 2084 1772 2154 septimo,

150 2173 269 2230 alii
301 2184 511 2241 octavo,
561 2175 652 2231 alii
690 2191 834 2233 nouo
866 2185 1192 2243 nascantur;
1231 2178 1327 2234 sed
1365 2179 1511 2233 hunc
1556 2187 1774 2249 partum

148 2268 269 2339 qui
297 2269 351 2325 in
375 2268 587 2325 decimo
612 2283 797 2326 mense
822 2271 1062 2343 gignitur
1081 2269 1463 2342 perfectiorem
1491 2272 1772 2343 magisque

143 2359 399 2416 vitalem
432 2375 554 2417 esse
594 2369 650 2417 et
686 2361 965 2419 salubrem
992 2372 1275 2431 asserunt,
1303 2379 1467 2436 quam
1491 2364 1642 2420 illum
1677 2365 1772 2437 qui

150 2450 230 2508 in
260 2461 455 2509 octavo
479 2454 566 2509 vel
590 2469 735 2510 nono
755 2460 944 2512 mense
970 2458 1301 2527 provenerit.
1343 2457 1480 2514 Nam
1510 2458 1617 2515 hoc
1639 2459 1772 2516 dicit

152 2543 393 2601 initium
442 2547 744 2604 nativitatis
805 2548 1061 2606 omnibus
1116 2550 1426 2608 hominibus
1483 2567 1772 2610 commune

150 2652 316 2704 esse,
346 2647 457 2695 tam
497 2640 771 2698 nobilibus
800 2648 963 2714 quam
998 2643 1349 2716 ignobilibus,
1388 2660 1663 2717 unumque
1691 2646 1773 2702 in-

150 2731 399 2788 troitum
418 2734 660 2790 omnium
674 2736 744 2791 ad
763 2734 951 2803 vitain,
973 2746 1029 2794 et
1049 2738 1280 2797 similem
1302 2740 1507 2797 exitum
1525 2742 1767 2797 omnium

150 2821 292 2880 fore
317 2825 555 2882 ostendit
587 2843 601 2881 :
627 2826 755 2897 quia
786 2827 965 2884 omnis
1002 2829 1165 2886 homo
1202 2839 1457 2888 terrenus
1484 2847 1552 2888 ex
1580 2832 1685 2887 viri
1711 2841 1767 2888 et

146 2916 416 2973 mulieris
467 2919 674 2975 semine
738 2927 891 2978 ortus
958 2921 1273 2993 temporalis
1332 2923 1458 2979 vitae
1536 2925 1767 2980 sortitur

153 3008 454 3065 exordium
484 3051 499 3078 ,
543 3019 600 3067 et
656 3027 753 3081 per
798 3014 993 3069 martis
1035 3015 1243 3071 obitum
1294 3016 1492 3072 transit
1541 3016 1610 3071 de
1663 3016 1767 3073 hoc

154 3100 392 3156 mundo.
423 3100 693 3158 Caeterum
720 3113 903 3160 autem
933 3105 1172 3163 cmlestis
1193 3106 1385 3176 Adam,
1417 3108 1513 3178 qui
1537 3107 1654 3164 sine
1679 3108 1763 3163 vi—

152 3189 259 3245 rili
286 3191 490 3248 semine
523 3206 591 3248 ex
630 3202 810 3250 matre
856 3194 1070 3268 virgine
1113 3196 1292 3253 editus
1339 3205 1445 3263 est,
1483 3199 1766 3269 proprium

1880 1995 2025 2050 vinae
2058 2009 2256 2049 vacare
2287 1993 2560 2065 gaudebit.
2596 1993 2748 2050 Unde
2782 2002 2838 2049 et
2867 1994 3113 2064 sequitur
3145 2013 3159 2048 :

1950 2086 2121 2158 Super
2150 2086 2373 2142 salutem
2400 2096 2449 2141 et
2484 2087 2704 2158 speciem
2740 2086 2903 2141 dilexi
2937 2086 3118 2153 illam,
3149 2095 3199 2141 et
3228 2085 3477 2158 proposui

1874 2195 1969 2250 pro
1987 2176 2117 2251 [luce
2144 2177 2334 2233 habere
2356 2177 2503 2233 illam
2520 2195 2539 2233 :
2562 2180 2812 2251 quoniam
2840 2179 3267 2250 inexstinguibile
3291 2189 3364 2235 est
3387 2178 3473 2234 lu-

1873 2286 1993 2325 men
2014 2268 2177 2324 illius.
2229 2267 2488 2324 Venerunt
2528 2280 2697 2325 autem
2728 2269 2854 2324 mihi
2889 2272 3065 2326 omnia
3098 2272 3234 2325 bona
3271 2270 3472 2340 pariter

1873 2377 1991 2416 cum
2020 2359 2147 2428 illa,
2177 2370 2227 2416 et
2263 2361 2661 2417 innumerabilis
2686 2361 2932 2418 honestas
2960 2379 3054 2435 per
3088 2378 3275 2417 manus
3302 2360 3472 2418 illius.

1874 2455 2034 2511 Salus
2072 2455 2286 2522 animae,
2311 2470 2433 2526 quae
2458 2463 2544 2511 est
2569 2454 2624 2510 in
2650 2455 2994 2526 possessione
3030 2454 3226 2511 divinae
3252 2454 3474 2524 sapien-

1872 2551 1996 2618 tiae,
2028 2566 2152 2607 cum
2178 2551 2435 2622 operibus
2455 2551 2703 2622 iustitiae,
2740 2550 2962 2606 omnino
2996 2549 3360 2621 praeponenda
3387 2555 3474 2605 est

1868 2642 2016 2698 omni
2047 2640 2263 2697 sanitati
2291 2642 2555 2711 corporis,
2578 2641 2836 2711 omnique
2870 2639 3072 2712 speciei
3099 2637 3468 2710 corporalium

1870 2750 2075 2801 rerum,
2104 2734 2380 2805 quoniam,
2405 2735 2547 2790 sicut
2574 2734 2630 2788 in
2654 2719 3050 2804 posterioribus
3079 2730 3471 2797 declarabitur,

1871 2828 2168 2899 speciosior
2198 2834 2283 2884 est
2315 2827 2432 2898 ipsa
2476 2826 2741 2896 sapientia
2787 2825 2919 2892 sole,
2971 2832 3028 2881 et
3055 2838 3219 2897 super
3247 2837 3472 2878 omnem

1871 2918 2282 2989 dispositionem
2327 2917 2607 2974 stellarum
2633 2960 2647 2983 ,
2696 2917 2805 2973 luci
2846 2925 3159 2987 comparata
3196 2914 3479 2971 invenitur

1869 3011 2078 3081 purior,
2123 3026 2246 3067 cum
2283 3009 2388 3066 illis
2430 3010 2690 3066 succedat
2727 3025 2837 3066 nox
2884 3025 2949 3065 ac
3002 3008 3261 3075 tenebrae,
3308 3005 3471 3077 hujus

1873 3109 2056 3157 autem
2083 3102 2267 3157 lumen
2294 3100 2737 3173 inexstinguibile
2767 3111 2872 3156 est.
2899 3099 3052 3166 Quod
3077 3106 3260 3154 autem
3290 3097 3472 3168 sequi-

1879 3203 1969 3249 tur
1995 3194 2211 3250 venisse
2236 3194 2338 3250 sibi
2370 3193 2553 3249 omnia
2585 3192 2728 3248 bona
2757 3191 2964 3263 pariter
2982 3205 3107 3245 cum
3132 3189 3242 3254 illa,
3270 3201 3470 3257 exper-

155 3296 286 3337 sua:
306 3284 605 3342 nativitatis
631 3286 798 3344 habet
824 3286 1069 3355 modum,
1097 3289 1191 3359 qui
1216 3298 1274 3347 et
1301 3290 1496 3347 mortis
1524 3306 1635 3348 suze
1664 3306 1763 3362 po-
1791 3283 1837 3346 C
1869 3293 1956 3342 tus
1984 3292 2069 3341 est
2089 3285 2205 3356 ipse
2227 3284 2509 3352 Salomon,
2536 3286 2627 3356 qui
2654 3283 2823 3340 solam
2845 3291 3037 3355 petens
3063 3297 3092 3335 a
3115 3282 3227 3335 Deo
3251 3278 3469 3349 sapien-

156 3375 439 3432 testativze
468 3378 836 3436 dominatione
863 3380 1137 3436 ordinavit
1170 3383 1504 3439 occubitum.
1536 3384 1765 3440 Verum-

160 3473 360 3522 tamen
384 3466 591 3525 decimo
624 3484 813 3526 mense
843 3479 968 3542 post
992 3471 1364 3542 conceptionis
1389 3471 1511 3541 ejus
1550 3481 1764 3545 tempus

160 3561 480 3620 nativitatis
527 3564 695 3636 ipsius
734 3582 766 3621 a
805 3564 1133 3624 Christianis
1168 3568 1479 3626 celebratur
1508 3569 1764 3625 solemni-

160 3660 273 3720 tas,
326 3654 542 3724 quando
589 3655 659 3711 ab
699 3664 893 3715 octaVo
934 3655 1300 3715 Kalendarum
1347 3659 1617 3730 Aprilium
1655 3644 1784 3731 quo‘

158 3755 464 3818 conceptus
502 3748 745 3806 creditur
782 3765 954 3821 usque
984 3751 1053 3807 ad
1097 3760 1352 3808 octavum
1391 3752 1762 3810 Kalendarum

160 3836 413 3895 Januarii
465 3841 559 3897 ubi
612 3849 773 3898 natus
822 3842 1076 3909 traditur,
1145 3844 1363 3900 ducenti
1419 3845 1763 3917 septuaginta

160 3949 264 3989 sex
294 3933 409 3990 dies
439 3920 902 4004 annumerantur,
934 3937 1027 4008 qui
1064 3953 1324 3994 numerus
1351 3938 1562 3995 dierum
1594 3953 1763 4010 copu-

162 4024 246 4080 let
282 4040 476 4083 novem
514 4042 730 4085 menses
755 4035 813 4084 et
855 4043 954 4084 sex
989 4028 1127 4097 dies,
1161 4037 1218 4085 et
1259 4031 1334 4086 ita
1373 4030 1464 4086 illa
1493 4030 1762 4088 sententia

159 4115 492 4189 Evangelica
522 4133 630 4189 qua
648 4118 793 4177 idem
822 4117 1073 4177 Salvator
1098 4122 1457 4195 quadraginta
1479 4138 1575 4179 sex
1605 4122 1766 4179 annis

160 4210 425 4282 templum
449 4212 696 4284 corporis
732 4211 817 4271 sui
848 4213 1177 4273 aediﬁcatum
1207 4233 1240 4272 a
1275 4215 1477 4275 Judaeis
1512 4217 1765 4290 praedixit

159 4302 601 4372 dissolvendum,
644 4320 743 4376 per
771 4306 970 4363 senarii
1003 4309 1216 4365 numeri
1256 4309 1763 4381 multiplicationem

162 4394 558 4469 perfectionem
591 4398 988 4456 incarnationis
1029 4397 1147 4469 ejus
1187 4402 1423 4458 ostendit
1463 4421 1475 4458 :
1509 4403 1637 4473 quia
1663 4404 1762 4458 du-

161 4490 311 4547 centi
345 4499 400 4547 et
442 4491 785 4564 septuaginta
815 4501 871 4549 et
907 4508 1005 4549 sex
1035 4493 1362 4567 quadragies
1385 4495 1564 4551 sexies
1603 4510 1763 4552 sena-

163 4584 315 4640 rium
344 4585 565 4643 habent.
592 4586 748 4644 Unde
776 4587 1059 4643 evidenter
1085 4587 1256 4646 claret
1283 4591 1428 4661 quod
1458 4591 1598 4646 sicut
1635 4605 1760 4662 per-

1867 3379 2022 3446 tiam,
2053 3378 2209 3450 regni
2235 3362 2645 3443 sublimitatem,
2678 3376 2913 3441 divitias,
2949 3389 3014 3431 ac
3042 3372 3270 3446 gloriam
3302 3368 3467 3427 simul

1866 3486 1990 3528 cum
2020 3470 2110 3526 illa
2145 3470 2466 3541 promeruit.
2501 3468 2728 3541 Mystiee
2753 3475 2936 3523 autem
2964 3466 3273 3536 quicunque
3298 3475 3458 3518 vera-

1865 3562 2002 3618 citer
2028 3560 2231 3618 Christi
2273 3560 2582 3631 perceperit
2613 3558 2885 3626 notitiam,
2909 3556 3156 3614 omnium
3194 3555 3462 3610 virtutum

1865 3673 1923 3714 se
1958 3657 2174 3713 laetatur
2199 3655 2407 3726 pariter
2434 3655 2640 3711 habere
2666 3653 2922 3725 gratiam,
2949 3659 3006 3707 et
3031 3650 3089 3707 in
3116 3648 3305 3705 futuro
3337 3658 3462 3704 cum

1866 3750 1985 3822 ipso
2008 3750 2179 3806 vitam
2204 3747 2506 3819 possidebit
2527 3754 2810 3802 aeternam.

1935 3861 2005 3917 Et
2042 3862 2251 3918 laetatus
2277 3877 2394 3916 sum
2424 3861 2482 3916 in
2518 3858 2758 3915 omnibus
2784 3898 2799 3925 ,
2841 3858 3090 3929 quoniam
3127 3853 3466 3911 antecedebat

1862 3970 1945 4009 me
1970 3954 2072 4008 ista
2104 3951 2383 4024 sapientia,
2428 3959 2477 4005 et
2521 3948 2834 4022 ignorabam
2855 3947 3103 4020 quoniam
3145 3946 3332 3999 horum
3354 3958 3467 3998 om-

1864 4047 2011 4102 nium
2055 4056 2225 4101 mater
2268 4053 2365 4100 est.
2403 4034 2790 4099 Bene'lattatur
2824 4040 2881 4096 in
2911 4039 3185 4105 omnibus,
3217 4051 3379 4108 quem
3408 4036 3465 4092 in

1863 4137 2076 4195 cunctis
2102 4136 2347 4193 consiliis
2383 4133 2496 4191 suis
2526 4143 2582 4188 et
2616 4132 2830 4190 actibus
2857 4131 3174 4203 praecedens
3203 4129 3348 4201 regit
3377 4143 3466 4186 sa-

1862 4229 2107 4300 pientia;
2140 4227 2238 4284 sed
2262 4228 2370 4282 hoc
2397 4227 2599 4281 mirum
2627 4231 2735 4289 est,
2764 4222 3037 4294 quomodo
3061 4236 3121 4279 se
3153 4220 3288 4277 dicit
3313 4220 3467 4290 igno-

1864 4339 2013 4380 rasse
2038 4324 2238 4379 horum
2261 4321 2505 4378 omnium
2538 4334 2661 4375 eam
2690 4334 2810 4375 esse
2837 4326 3090 4384 matrem,
3129 4333 3253 4373 cum
3288 4325 3452 4372 antea

1864 4417 2002 4472 dixit
2027 4430 2437 4488 praeoccupasse
2463 4414 2614 4470 illam
2639 4429 2734 4469 eos
2770 4412 2863 4483 qui
2885 4427 2944 4467 se
2969 4410 3385 4480 concupiscunt,
3406 4418 3463 4465 et

1864 4507 1971 4564 illis
2008 4522 2067 4562 se
2093 4506 2333 4578 priorem
2369 4504 2680 4570 ostendere,
2708 4504 2815 4559 nisi
2844 4500 2985 4559 forte
3005 4501 3062 4556 in
3084 4514 3345 4573 processu
3376 4500 3463 4570 ip-

1867 4601 1980 4655 sius
2020 4597 2391 4654 meditationis
2432 4594 2739 4668 intelligens
2783 4609 2844 4651 se
2880 4602 3090 4650 tantum
3138 4589 3461 4663 profecisse,

162 4677 343 4736 fectus
370 4679 529 4745 Deus,
565 4680 643 4735 ita
670 4688 726 4736 et
750 4678 1022 4750 perfectus
1047 4690 1132 4740 est
1156 4660 1496 4754 homOJesus
1515 4660 1764 4742 Christus
1788 4660 1842 4722 D
1867 4700 1928 4748 ut
1973 4692 2214 4763 priorem
2266 4688 2552 4746 scientiam
2600 4660 2889 4760 posteriori
2941 4660 3298 4757 coaequando,
3338 4698 3463 4739 cum

164 4769 432 4827 Dominus
460 4779 667 4828 noster.

788 4863 1019 4923 CAPUT
1044 4866 1132 4922 tu.
1635 4936 1639 4940 ,

160 4952 249 5011 De
269 4970 336 5034 _eo
358 4955 498 5026 quod
511 4956 801 5034 confitetur
828 4974 885 5013 se
907 4958 1150 5034 spiritum
1178 4960 1451 5034 sapientia:
1481 4963 1757 5034 accepisse,

262 5026 319 5081 in
343 5043 445 5100 quo
467 5026 629 5101 plura
648 5028 908 5084 donorum
932 5026 1053 5100 ejus
1081 5026 1406 5087 charismata
1427 5026 1662 5089 enarrat.

243 5137 467 5216 Propter
489 5145 586 5200 hoc
608 5146 781 5216 optavi
799 5186 815 5213 ,
845 5155 895 5202 et
917 5146 1074 5203 datus
1105 5157 1181 5204 est
1206 5147 1336 5204 mihi
1356 5165 1574 5216 sensus;
1603 5158 1651 5205 et
1677 5150 1762 5206 in-

163 5237 369 5304 vocavi,
403 5245 452 5292 et
481 5238 618 5293 venit
650 5237 706 5292 in
738 5254 820 5294 me
845 5238 1061 5311 spiritus
1091 5241 1397 5312 sapientiaz;
1426 5250 1476 5296 et
1498 5243 1762 5314 prteposui

161 5328 318 5387 illam
345 5328 516 5400 regnis
548 5338 596 5384 et
626 5330 834 5386 sedibus
856 5371 871 5398 ,
914 5341 965 5386 et
989 5331 1199 5387 divitias
1236 5332 1370 5387 nihil
1408 5349 1520 5389 esse
1549 5332 1681 5387 dumi
1704 5334 1761 5389 in

160 5422 560 5494 comparatione
593 5421 771 5491 illius,
812 5441 906 5479 nec
935 5426 1235 5497 comparavi
1274 5425 1355 5481 illi
1388 5425 1616 5499 lapidem
1644 5443 1763 5499 pre-

163 5514 361 5570 tiosum
393 5530 411 5568 :
436 5519 686 5588 quoniam
714 5534 864 5573 omne
892 5534 1084 5573 aurum
1110 5519 1167 5573 in
1189 5521 1580 5592 comparatione
1616 5518 1761 5575 illius

167 5623 334 5662 arena
370 5619 443 5663 est
476 5611 685 5680 exigua,
717 5619 766 5664 et
792 5620 1045 5679 tanquam
1091 5609 1260 5664 lutum
1292 5611 1640 5666 wstimabitur
1674 5625 1763 5665 ar-

168 5711 386 5772 gentum
424 5704 479 5757 in
512 5712 788 5775 conspectu
830 5701 994 5758 illius.
1043 5702 1269 5759 Amator
1314 5704 1593 5775 sapientiae
1625 5702 1765 5759 dixit

171 5807 237 5848 se
252 5802 469 5865 optasse
492 5803 547 5850 et
570 5796 852 5852 invocasse
879 5804 1043 5866 atque
1064 5797 1388 5867 expetivisse
1410 5797 1759 5868 sapientiam,

169 5891 234 5948 et
254 5884 325 5947 ob
349 5884 454 5948 hoc
470 5903 569 5965 per
584 5891 817 5966 gratiam
830 5888 1065 5959 Spiritus
1079 5888 1256 5951 sancti
1268 5904 1329 5953 sc
1341 5888 1489 5950 illam
1509 5888 1760 5965 adipisci,

1867 4785 2011 4841 hanc
2052 4782 2322 4839 excellere
2354 4782 2551 4838 viderit
2584 4780 2764 4848 illam,
2794 4780 2849 4835 in
2879 4777 3288 4852 comparatione
3306 4776 3464 4832 istius

1865 4877 2021 4949 quasi
2056 4876 2420 4950 ignorantiam
2458 4887 2581 4930 esse
2605 4872 2947 4945 deputaverit
2973 4890 2986 4926 :
3015 4870 3178 4941 quale
3212 4876 3298 4926 est
3328 4867 3461 4924 illud

1864 4973 1919 5029 in
1954 4970 2248 5044 Evangelio
2282 4989 2295 5024 :
2327 4970 2458 5041 quia
2495 4966 2730 5025 Joannes
2761 4966 3003 5037 Baptista
3044 4962 3333 5019 Dominum
3375 4959 3461 5015 fu-

1862 5072 2044 5120 turum
2058 5062 2419 5135 prmconando
2430 5069 2484 5116 et
2495 5060 2664 5133 digito
2675 5065 2997 5130 praesentem
3012 5052 3460 5118 demonstrando,

1861 5162 2152 5225 postquam
2166 5168 2290 5208 eum
2306 5150 2617 5222 baptizavit,
2634 5148 2770 5206 dixit
2785 5162 2845 5203 se
2858 5161 2984 5202 eum
3001 5153 3159 5200 antea
3174 5142 3458 5210 nesciisse,

1865 5246 1962 5303 sed
1999 5244 2208 5316 Spiritu
2247 5252 2438 5301 sancto
2506 5258 2669 5314 super
2716 5256 2841 5298 eum
2880 5238 3157 5313 veniente
3202 5238 3307 5295 sibi
3361 5237 3458 5294 de-

1865 5346 2227 5395 monstratum
2280 5352 2420 5403 esse,
2476 5335 2552 5390 ita
2597 5334 2891 5405 inquiens:
2929 5330 3003 5386 Et
3034 5347 3127 5402 ego
3168 5328 3460 5386 nesciebam

1867 5447 2008 5498 eum,
2056 5430 2145 5485 sed
2181 5429 2272 5501 qui
2317 5428 2458 5483 misit
2492 5444 2572 5482 me
2600 5426 2867 5497 baptizare
2896 5424 2951 5477 in
2989 5440 3164 5495 aqua,
3191 5420 3281 5478 ille
3329 5419 3462 5476 mihi

1867 5517 2001 5576 dixit
2028 5538 2047 5577 :
2076 5520 2245 5593 Super
2276 5536 2429 5591 quem
2455 5519 2646 5573 videris
2667 5516 3062 5573 descendentem
3085 5523 3133 5570 et
3162 5524 3461 5569 manentem

1867 5628 2024 5683 super
2047 5628 2165 5666 eum
2193 5611 2328 5665 sicut
2358 5608 2628 5675 columba,
2667 5607 2750 5662 hic
2782 5618 2857 5663 est
2881 5608 2970 5679 qui
2999 5605 3229 5676 baptizat
3255 5605 3310 5658 in
3333 5602 3457 5673 Spi-

1869 5703 1974 5757 ritu
1997 5711 2210 5756 sancto:
2231 5710 2279 5754 et
2308 5717 2401 5770 ego
2431 5700 2558 5765 vidi,
2592 5708 2640 5754 et
2667 5699 3019 5754 testimonium
3055 5694 3293 5768 perhibui
3334 5692 3460 5763 quia

1867 5795 1951 5849 hic
1981 5803 2057 5848 est
2097 5792 2270 5847 Filius
2307 5792 2402 5847 Dei
2444 5792 2628 5866 (Joan.
2673 5791 2735 5866 ι).
2785 5791 2875 5849 Sic
2908 5802 2961 5848 et
3004 5792 3061 5847 in
3099 5785 3460 5844 luminaribus

1869 5885 2058 5947 mundi
2076 5893 2274 5948 caetera
2295 5885 2492 5964 _sidcra
2518 5886 2646 5949 licet
2678 5902 2777 5965 per
2804 5901 2864 5949 se
2884 5884 3033 5946 clara
3058 5881 3192 5956 sint,
3230 5879 3288 5940 in
3310 5889 3462 5961 coxit-
