3882 6616
535 384 639 445 699

1175 377 1235 432 B.
1278 374 1532 431 RABANI
1572 369 1793 429 MAURI
1832 365 2154 426 ARCHIEP.
2194 360 3047 421 MOGUNT.‘OPERUM.PARS
3079 361 3119 416 Ι.
3666 371 3721 431 η

512 501 817 572 "paratione
860 491 1198 551 mmensolis
1232 490 1456 547 minime
1492 488 1645 542 clara
1670 500 1790 542 esse
1823 483 2123 555 deprehen-
2149 481 2201 541 A
2227 480 2470 535 dietatem
2498 489 2818 549 temporum,
2860 477 3289 532 vicissitudinum
3319 480 3724 548 permultung

534 596 753 653 duntur.
777 587 930 643 Unde
954 594 1010 641 et
1033 584 1147 654 ipse
1163 581 1263 649 sol,
1288 596 1353 636 eo
1374 580 1517 652 quod
1539 578 1683 633 solus
1706 578 1903 633 diurno
1923 573 2125 629 lumine

534 688 675 742 inter
704 690 898 739 caetera
928 687 1072 735 astra
1104 677 1303 741 luceat,
1338 673 1669 730 nominatur.

606 774 778 840 Quum
800 772 926 827 .sine
961 768 1173 838 fictione
1211 766 1393 831 didici,
1434 775 1482 818 et
1516 763 1626 818 sine
1657 763 1855 817 invidia
1888 777 2125 816 conmm-

533 868 672 933 nico,
728 874 774 920 et
827 865 1148 918 honestatem
1192 858 1335 914 illius
1386 875 1489 912 non
1535 856 1817 915 abscondo.
1865 854 2127 925 Superius

532 959 746 1013 dixerat
772 956 916 1026 quod
945 954 1181 1023 Spiritus
1208 959 1430 1008 sanctus
1458 951 1614 1005 dator
1633 949 1829 1004 divinae
1850 948 2129 1017 sapientia:

533 1049 793 1121 effugeret
822 1048 1008 1103 ﬁctum
1030 1044 1355 1115 disciplima,
1377 1051 1431 1099 et
1460 1043 1513 1099 in
1537 1040 1857 1098 malevolam
1882 1040 2125 1095 animam

533 1160 641 1200 non
694 1142 947 1207 introiret
975 1138 1272 1208 sapientia,
1311 1152 1455 1192 nunc
1494 1143 1674 1191 autem
1711 1149 1874 1189 verus
1909 1148 2125 1202 posses—

534 1250 628 1291 sor
676 1232 954 1303 sapientia:
995 1231 1136 1284 hanc
1175 1229 1308 1297 dicit
1335 1243 1393 1283 se
1434 1228 1551 1282 sine
1591 1226 1808 1282 ﬁctione
1846 1224 2126 1290 didicisse,

535 1325 765 1395 ideoque
794 1323 1063 1380 veraciter
1090 1322 1267 1391 potuit
1295 1320 1359 1376 ad
1389 1318 1505 1388 ejus
1544 1320 1790 1374 notitiam
1822 1318 2125 1388 pervenire,

536 1426 592 1472 et
624 1418 743 1472 sine
784 1416 984 1471 invidia
1026 1430 1144 1470 eam
1176 1413 1630 1475 communicasse,
1672 1420 1835 1480 atque
1869 1410 2126 1465 honesta-

534 1518 648 1563 tem
673 1508 817 1563 illius
842 1522 947 1563 non
964 1504 1344 1568 abscondisse,
1371 1504 1497 1575 quia
1524 1502 1722 1558 invidia
1752 1517 1873 1556 cum
1892 1516 2018 1555 vera
2044 1515 2131 1555 sa-

536 1600 744 1669 pientia
778 1598 925 1653 nullo
971 1598 1131 1653 modo
1165 1604 1347 1667 potest
1379 1594 1683 1657 convenire,
1719 1609 1878 1662 quam
1919 1601 2131 1647 constat

527 1690 808 1762 largitatis
863 1698 918 1746 et
973 1688 1363 1745 misericordia:
1419 1687 1734 1741 amatricem
1804 1699 1944 1739 esse.
1998 1684 2129 1749 Qua:

536 1783 675 1836 enim
715 1780 936 1836 societas
958 1789 1034 1835 est
1071 1780 1177 1833 luci
1210 1777 1278 1832 ad
1300 1778 1581 1831 tenebras?
1617 1788 1707 1831 aut
1744 1794 1861 1847 qua:
1891 1792 2128 1831 commu—

2229 574 2655 627 commutationes
2685 581 3003 643 temporum,
3047 571 3170 625 anni
3198 586 3403 624 cursus
3428 610 3444 636 ,
3477 580 3520 625 et
3549 576 3725 635 uellam

2229 667 2593 740 dispositiones
2612 708 2627 731 ,
2668 676 2884 721 naturas
2914 664 3257 730 animalium,
3300 674 3352 719 et
3386 666 3493 720 iras
3522 666 3726 737 bestiam,

2230 760 2330 813 vim
2366 767 2635 813 ventorum
2667 798 2682 825 ,
2717 767 2765 811 et
2792 758 3129 828 cogitationes
3153 757 3472 823 (coruinum,
3506 759 3727 829 Δὶῖιτωίο

2230 850 2604 921 virgultorum,
2648 860 2697 904 et
2726 850 2942 904 virtutes
2968 849 3205 904 radicum
3231 892 3247 914 ,
3287 859 3341 904 et
3370 867 3728 923 quiscunquu

2232 942 2484 997 absconsa
2521 953 2568 997 et
2612 940 2890 1012 improvisa
2933 941 3093 995 didici
3124 955 3144 995 :
3172 941 3439 994 omnium
3473 942 3594 996 enim
3620 947 3729 1017 cui};

2231 1039 2405 1093 docuit
2436 1056 2515 1093 me
2555 1038 2831 1110 sapientia.
2865 1036 3110 1105 Qualiter
3127 1046 3327 1093 autem
3357 1037 3598 1094 Salomon
3628 1043 3730 1101 diu

2230 1144 2454 1185 munere
2497 1128 2782 1185 excelleret
2828 1129 2884 1183 in
2927 1129 3218 1200 sapientia,
3276 1128 3521 1184 ostendit
3554 1129 3731 1204 Scriptis

2230 1222 2419 1277 dicens
2456 1241 2467 1274 :
2503 1220 2656 1275 Dedit
2684 1236 2887 1292 quoque
2926 1218 3068 1274 Deus
3114 1220 3451 1290 sapientiam
3493 1219 3730 1277 Salomon-1

2232 1315 2567 1386 prudentiam
2586 1312 2810 1368 multam
2833 1313 3008 1379 nimis,
3028 1321 3077 1366 et
3097 1311 3457 1367 latitudinem
3483 1315 3642 1373 cordis,
3656 1333 3733 1382 esse

2233 1423 2451 1461 arenam
2471 1423 2588 1477 qua:
2610 1414 2684 1460 est
2711 1406 2763 1459 in
2788 1404 2961 1459 littore
2989 1406 3173 1471 maris,
3196 1414 3253 1459 et
3281 1405 3597 1475 prcecedebat

2232 1501 2308 1555 tia
2342 1499 2639 1555 Salomonis
2671 1500 2986 1571 sapientiam
3023 1500 3265 1554 omnium
3305 1496 3635 1552 Orientalium
3655 1514 3734 1569 tua

2233 1595 2639 1667 ngyptiorum,
2681 1602 2727 1648 et
2767 1604 2879 1648 erat
2917 1593 3205 1663 sapientior
3244 1592 3461 1646 cunctis
3500 1594 3731 1647 hostium.

2232 1685 2758 1757 sapientiorJEthan,
2790 1686 3085 1752 Ezraelita,
3105 1696 3153 1741 et
3181 1686 3399 1751 Emori,
3429 1696 3478 1740 et
3502 1685 3735 1753 Chalcida

2235 1777 2449 1842 Dorda,
2496 1777 2621 1846 filiis
2664 1776 2879 1844 Mahol;
2918 1788 2967 1833 et
3003 1787 3117 1833 erat
3152 1778 3478 1832 nominatus
3508 1776 3555 1830 in
3581 1778 3733 1831 animi;

536 1873 736 1927 nicatio
763 1870 957 1927 Christi
986 1871 1053 1926 ad
1085 1869 1295 1925 Belial?
1319 1868 1398 1940 (ll
1430 1868 1551 1924 Cor.
1584 1875 1679 1938 γι.)
1708 1868 1862 1923 Unde
1894 1866 2130 1924 Jacobus
2162 1853 2209 1914 Β
2236 1871 2474 1942 gentibus
2509 1888 2601 1942 per
2640 1872 2938 1927 circuitum.
2974 1870 3207 1927 Locutus
3245 1880 3330 1926 est
3367 1887 3561 1942 quoque
3587 1868 3736 1924 Salue

543 1964 823 2034 apostolus
859 1964 991 2020 dicit
1024 1982 1035 2017 :
1080 1962 1211 2029 Quis
1250 1964 1458 2030 sapiens
1496 1972 1543 2015 et
1587 1961 1952 2032 disciplinatus
2001 1960 2135 2015 inter

538 2058 667 2112 vos?
707 2058 944 2113 ostendat
971 2066 1017 2112 el
1056 2057 1190 2111 bona
1221 2056 1607 2111 conversatione
1646 2072 1855 2125 operam
1888 2072 2041 2110 suum
2080 2054 2136 2107 in

540 2150 941 2205 mansuetudine
976 2150 1267 2219 sapientior.
1307 2149 1460 2215 Quod
1490 2151 1537 2204 si
1568 2148 1734 2203 zelum
1779 2166 2020 2203 amarum
2048 2150 2139 2203 ha-

539 2243 690 2309 betis,
736 2254 785 2298 et
804 2242 1170 2297 'contentioues
1208 2253 1327 2296 sunt
1361 2243 1415 2296 in
1458 2241 1704 2296 cordibus
1737 2242 1934 2305 vestris,
1979 2240 2138 2295 nolite

528 2336 794 2407 gloriari,
836 2346 881 2389 et
930 2335 1201 2389 mendaces
1243 2351 1353 2389 esse
1382 2334 1635 2389 adversus
1674 2334 1943 2387 veritatem
1979 2350 1996 2387 :
2038 2349 2141 2388 non

542 2439 616 2487 est
648 2429 787 2483 enim
818 2427 919 2482 ista
943 2428 1202 2497 sapientia
1227 2428 1502 2481 desursum
1527 2426 1845 2481 descendens
1872 2466 1887 2490 ,
1924 2424 2014 2479 sed
2036 2434 2139 2479 ter-

544 2537 695 2585 rena,
722 2519 987 2585 animalis,
1015 2519 1296 2574 diabolica.
1322 2518 1422 2572 Ubi
1449 2520 1587 2573 enim
1619 2524 1760 2573 zelus
1781 2528 1829 2573 et
1857 2519 2137 2583 contentio,

548 2612 619 2669 ibi
641 2612 738 2665 erit
767 2612 1152 2676 inconstantia,
1193 2621 1238 2665 et
1269 2627 1418 2665 omne
1442 2626 1572 2679 opus
1607 2626 1845 2681 pravum.
1886 2609 2018 2675 Qute
2046 2626 2143 2663 au-

543 2716 648 2761 tem
672 2705 949 2761 desursum
978 2714 1073 2770 est,
1103 2704 1333 2774 primum
1380 2704 1588 2773 quidem
1610 2704 1802 2773 pudica
1829 2712 1927 2767 est,
1954 2702 2144 2758 deinde

534 2800 795 2872 ,puciﬁca,
826 2799 1081 2865 modesta,
1103 2796 1410 2861 suadibilis,
1440 2798 1587 2853 bonis
1614 2797 1962 2861 consentiens,
1988 2796 2144 2867 plena

545 2889 911 2945 misericordia
952 2900 999 2945 et
1035 2889 1293 2960 fructibus
1334 2889 1501 2954 bonis,
1537 2889 1792 2959 judicans
1821 2889 1933 2945 sine
1973 2889 2143 2944 simu-

546 2981 747 3041 latione
784 2979 926 3052 (Jac.
960 2982 1063 3053 ιιι).
1101 2980 1253 3037 Unde
1282 2989 1407 3051 apte
1428 2978 1808 3051 subjungittir:

651 3075 869 3144 nﬁnitus
911 3075 1049 3129 enim
1080 3077 1358 3131 thesaurus
1393 3085 1469 3131 est
1508 3074 1807 3129 hominibus
1850 3091 1870 3128 :
1897 3091 2002 3145 quo
2053 3073 2145 3144 qui

540 3169 633 3224 usi
673 3177 817 3234 sunt,
856 3167 1135 3239 participes
1173 3167 1300 3236 facti
1331 3176 1452 3222 sunt
1493 3167 1740 3221 amicitia:
1774 3166 1893 3232 Dei,
1934 3176 2145 3236 propter

545 3261 841 3332 disciplinae
850 3261 992 3316 dona
1008 3259 1380 3316 commendati.
1397 3258 1674 3314 Inﬁnitum
1689 3258 1811 3314 ideo
1828 3260 2143 3314 thesaurum

518 3356 681 3412 {dicit
706 3370 827 3412 esse
847 3355 1148 3426 sapientiae,
1173 3354 1301 3424 quia
1333 3362 1539 3424 quanto
1561 3353 1684 3423 quis
1701 3352 1998 3409 studiosius
2020 3366 2143 3407 eam

549 3447 732 3517 discit,
754 3455 912 3507 tanto
938 3446 1348 3518 profundiorem
1373 3458 1496 3501 esse
1521 3444 1834 3516 cognoscit;
1861 3452 1917 3499 et
1932 3452 2144 3513 quanto

524 3540 723 3613 .magis
749 3542 803 3597 in
829 3556 897 3598 ea
918 3542 1229 3599 meditando
1254 3540 1573 3612 profecerit,
1605 3545 1756 3595 tanto
1787 3539 1958 3608 ipsam
1982 3537 2145 3593 altius

524 3643 735 3705 [petere
765 3632 1061 3703 mtelliget;
1092 3634 1325 3705 ideoque
1354 3633 1526 3702 ipsius
1564 3632 1916 3689 meditatores
1948 3630 2142 3687 amici—

544 3724 636 3781 tize
684 3723 780 3779 Dei
814 3726 1109 3795 participes
1140 3725 1268 3782 facti
1296 3734 1458 3791 sunt,
1490 3724 1621 3795 quia
1659 3733 2057 3796 praeceptorum
2091 3732 2146 3780 et

540 3815 842 3873 voluntatis
869 3817 966 3872 Dei
992 3817 1108 3873 veri
1148 3816 1287 3873 ﬁunt
1306 3818 1584 3888 agnitores
1621 3839 1634 3872 :
1662 3819 1729 3874 de
1769 3834 1876 3888 quo
1896 3820 2020 3890 ipsa
2050 3817 2147 3876 Ve-

543 3909 681 3966 ritas
709 3911 779 3966 ad
801 3909 1096 3983 discipulos
1124 3911 1180 3967 in
1212 3912 1503 3985 Evangelio
1531 3913 1608 3968 ait
1639 3930 1650 3965 :
1680 3913 1807 3968 Jam
1835 3931 1939 3969 non
1966 3914 2142 3968 dicam

539 4020 631 4061 vos
669 4021 866 4072 servos,
904 4006 1030 4077 quia
1065 4022 1243 4062 servus
1286 4008 1447 4063 nescit
1487 4007 1614 4077 quid
1664 4007 1828 4077 faciat
1876 4007 2140 4063 Dominus

543 4096 682 4166 ejus.
732 4093 835 4151 Vos
869 4106 1046 4152 autem
1086 4097 1200 4151 dixi
1247 4099 1441 4153 amicos
1474 4113 1492 4150 :
1518 4100 1644 4170 quia
1686 4099 1865 4154 omnia
1891 4116 2142 4171 quaecun-

546 4206 648 4259 que
678 4189 858 4244 audivi
879 4208 912 4243 a
936 4188 1098 4245 Patre
1127 4205 1240 4246 meo
1270 4200 1393 4246 nota
1415 4189 1517 4259 feci
1543 4190 1682 4244 vobis
1714 4187 1894 4260 (Joan.
1923 4189 2033 4261 xv).

620 4278 754 4334 Mihi
783 4290 960 4335 autem
997 4280 1144 4336 dedit
1182 4279 1323 4337 Deus
1362 4282 1536 4337 dicere
1561 4298 1626 4337 ea:
1650 4283 1907 4337 sententia
1932 4292 1980 4338 et
2009 4299 2147 4353 pra:-

541 4390 750 4430 sumere
780 4374 940 4446 digna
966 4374 1153 4430 horum
1177 4393 1295 4447 quae
1319 4376 1449 4431 mihi
1472 4376 1669 4431 dantur
1701 4390 1718 4427 :
1751 4377 2002 4447 quoniam
2036 4378 2146 4447 ipse

544 4468 820 4532 sapientia'
839 4467 951 4521 dua:
981 4477 1082 4533 est,
1114 4477 1160 4523 et
1187 4468 1505 4539 sapientium
1535 4468 1879 4535 emendator;
1907 4468 1962 4522 in
1984 4484 2145 4523 manu

543 4559 683 4614 enim
725 4557 870 4612 illius
910 4567 959 4612 et
1006 4574 1121 4624 nos,
1162 4569 1211 4614 et
1243 4575 1509 4617 sermones
1541 4561 1724 4623 nostri,
1768 4570 1815 4614 et
1861 4561 2032 4615 omnis
2058 4578 2145 4616 sa-
2170 4591 2224 4651 Β

542 4650 764 4722 pientia,
800 4659 846 4703 et
890 4665 1104 4719 operum
1145 4652 1365 4706 scientia
1410 4668 1472 4706 ac
1512 4652 1809 4723 disciplina.
1845 4651 2141 4724 Sapientia),

476 4796 483 4799 _
545 4741 655 4796 dux
696 4740 840 4796 Deus
871 4750 985 4808 est,
1025 4744 1280 4813 quoniam
1314 4743 1659 4815 omnipotens
1689 4743 1851 4799 Pater
1893 4745 2142 4802 incarna-

546 4831 710 4887 tionis
754 4832 1016 4905 unigeniti
1055 4832 1178 4890 Filii
1222 4836 1304 4892 sui
1350 4843 1539 4891 auctor
1578 4843 1683 4901 est,
1728 4850 1890 4905 quem
1919 4838 2064 4894 misit
2086 4840 2141 4895 in

544 4923 835 4991 mundum‘,
877 4936 939 4982 ut
966 4927 1413 4985 illuminationem
1440 4929 1684 4984 veritatis
1702 4931 2022 5002 perciperet
2051 4950 2141 5005 ge-

544 5030 650 5071 nus
674 5015 994 5083 humanum,
1018 5020 1102 5073 cui
1128 5019 1270 5073 dedit
1301 5036 1505 5074 omnem
1533 5030 1839 5090 potestatem
1857 5024 1911 5078 in
1938 5024 2065 5080 caelo
2091 5036 2140 5081 et

538 5104 601 5159 in
640 5114 815 5175 terra,
855 5109 1106 5180 quoniam
1136 5126 1201 5165 ea:
1229 5111 1341 5181 ipso
1363 5151 1377 5177 ,
1418 5120 1466 5166 et
1507 5128 1600 5181 per
1622 5113 1826 5184 ipsum,
1861 5125 1910 5170 et
1940 5118 1997 5171 in
2026 5118 2140 5189 ipso

545 5206 666 5251 sunt
706 5201 916 5264 omnia,
952 5200 1163 5272 ipseque
1202 5200 1323 5271 fecit
1356 5218 1448 5256 nos
1483 5213 1531 5257 et
1578 5220 1679 5257 non
1722 5206 1822 5276 ipsi
1864 5222 1977 5261 nos.
2026 5206 2140 5263 Nos

546 5297 723 5342 autem
751 5289 976 5360 populus
1001 5291 1138 5362 ejus,
1161 5301 1209 5346 et
1241 5308 1358 5346 oves
1379 5310 1591 5363 pascua:
1610 5295 1725 5365 ejus
1758 5294 1933 5368 (Psal.
1967 5300 2135 5371 χρη).

548 5375 718 5449 Cujus
747 5381 944 5435 donum
995 5393 1070 5437 est
1098 5383 1354 5456 quidquid
1392 5397 1527 5441 recte
1560 5389 1811 5443 sentimus
1834 5430 1848 5455 ,
1886 5390 2140 5462 quidquid

548 5479 685 5525 recte
711 5472 1026 5542 proferimus
1045 5517 1060 5544 ,
1090 5486 1139 5531 et
1169 5477 1421 5549 quidquid
1462 5479 1517 5534 in
1546 5480 1692 5535 bonis
1734 5482 1938 5538 actibus
1967 5482 2143 5540 elabo-

545 5575 729 5617 ramus

619 5650 743 5725 Ipse
765 5655 907 5713 enim
937 5656 1078 5714 dedit
1104 5660 1234 5715 mihi
1256 5662 1582 5735 horumque:
1611 5677 1731 5721 sunt
1758 5668 2031 5724 scientiam
2062 5686 2144 5725 ve-

545 5759 687 5812 ram,
725 5754 781 5801 ut
800 5745 1393 5822 sciamdispositionem
1422 5754 1559 5810 orbis
1590 5765 1875 5825 terrarum,
1901 5768 1947 5813 et
1974 5762 2141 5815 virtu-

544 5846 626 5901 tes
673 5837 1069 5915 elementorum,
1098 5842 1311 5902 initium
1351 5851 1930 5922 “consummationem
1961 5861 2009 5908 et
2036 5870 2143 5909 me-

2239 1967 2342 2020 tria
2374 1965 2540 2019 millia
2567 1965 2872 2036 parabolas,
2897 1976 2945 2021 et
2966 1967 3178 2036 fuerunt
3209 1965 3469 2020 carmina
3486 1966 3586 2035 ejus
3603 1966 3734 2035 ῃὲιιμ

2239 2068 2287 2115 et
2315 2058 2475 2124 mille,
2509 2069 2557 2113 et
2591 2060 2873 2129 disputavit
2901 2076 3057 2130 super
3080 2058 3242 2130 lignis
3270 2077 3311 2112 a
3352 2059 3509 2113 cedro
3531 2075 3626 2129 qua
3646 2063 3735 2111 uta

2241 2151 2441 2206 Libano
2468 2169 2629 2223 usque
2655 2151 2725 2206 ad
2744 2153 3027 2222 hyssopum
3040 2153 3129 2222 qui
3150 2152 3438 2223 egreditur
3455 2151 3517 2205 de
3534 2152 3731 2221 pariam

2242 2243 2485 2299 disseruit
2517 2244 2580 2299 de
2609 2245 2871 2315 jumentis
2891 2255 2939 2299 et
2966 2245 3031 2299 de
3057 2244 3392 2308 volucribus,
3425 2255 3472 2300 et
3504 2244 3729 2313 reptililstu

2241 2338 2492 2409 piscibus;
2514 2349 2562 2392 et
2584 2338 2854 2394 veniebant
2872 2338 2935 2393 de
2964 2339 3163 2393 cunctis
3185 2336 3411 2409 populis
3440 2336 3509 2391 ad
3529 2335 3729 2389 am

2236 2432 2561 2501 sapientiam
2591 2430 2919 2498 Salomonis,
2949 2440 2999 2486 et
3034 2430 3097 2485 ab
3130 2431 3401 2486 universis
3428 2429 3607 2500 regibus
3636 2439 3733 2481 une.

2244 2525 2333 2596 qui
2352 2524 2634 2579 audiebant
2661 2526 2975 2595 sapientiam
3006 2525 3121 2596 ejus
3140 2523 3189 2596 (1
3197 2522 3229 2576 Ι
3234 2523 3268 2577 Ι
3295 2522 3432 2594 Reg.
3458 2522 3546 2592 tv).
3570 2520 3732 2576 Certen!

2244 2615 2502 2685 paciﬁcus
2537 2624 2741 2683 noster,
2782 2616 2987 2686 quiest
3015 2615 3111 2672 Dei
3132 2615 3319 2670 virtus
3355 2621 3413 2669 et
3439 2612 3530 2668 Dei
3552 2610 3733 2680 sapiant

2246 2724 2430 2765 coram
2463 2708 2618 2779 cujus
2650 2710 2822 2766 oculis
2852 2710 3033 2766 omnia
3060 2710 3207 2765 nuda
3236 2716 3300 2765 et
3341 2713 3523 2779 aperta
3550 2711 3654 2765 sunt.
3678 2717 3731 2755 ω

2246 2801 2417 2858 solum
2458 2804 2573 2873 ipse
2610 2804 2795 2859 omnia
2822 2803 2975 2858 novit
3003 2818 3123 2874 quae
3157 2811 3293 2859 sunt
3315 2844 3332 2869 ,
3373 2809 3431 2857 et
3455 2814 3563 2869 qua:
3592 2796 3731 2857 tua“.

2247 2901 2411 2963 atque
2456 2894 2633 2950 futura
2664 2902 2822 2960 sunt,
2853 2910 3044 2950 verum
3076 2895 3248 2951 etiam
3285 2890 3523 2966 propriis
3545 2885 3729 2957 discimit

2246 2985 2351 3042 hoc
2397 2995 2481 3040 est
2518 2985 2780 3041 membris
2818 2986 3080 3041 nimirum
3128 2985 3267 3048 suis,
3313 2986 3411 3042 dat
3443 2978 3729 3051 intelligentiam

2248 3078 2631 3149 mysteriorum
2669 3093 2893 3134 suorum
2913 3119 2927 3142 ,
2960 3078 3035 3132 ita
3068 3086 3129 3132 ut
3158 3092 3271 3133 non
3299 3075 3474 3131 solum
3507 3085 3645 3127 rerum
3663 3068 3729 3121 ris-

2248 3170 2438 3226 bilium
2490 3169 2603 3224 imo
2655 3178 2709 3225 et
2763 3154 3117 3227 invisibilium
3166 3168 3459 3226 scientiam
3498 3162 3727 3220 iubeam

2251 3263 2379 3334 quid
2426 3262 2649 3317 historia
2696 3262 2907 3327 doceat,
2954 3272 3047 3318 aut
3092 3261 3223 3331 quid
3274 3255 3528 3330 allegoria
3563 3248 3726 3307 ostendat

2250 3356 2447 3427 quidve
2491 3354 2787 3425 tropologia
2835 3354 3201 3419 commendet,
3247 3361 3305 3409 et
3346 3350 3471 3423 quid
3500 3339 3725 3415 auagandi

2250 3444 2500 3516 supernis
2552 3445 2765 3501 intimet
2808 3445 3044 3516 perfecte
3072 3443 3408 3515 intelligant,
3452 3430 3725 3493 undebenei

2248 3537 2542 3609 Evangelio
2580 3537 2819 3608 legitur:
2853 3537 2973 3608 Ipse
3001 3545 3077 3591 est
3116 3536 3212 3591 tua:
3256 3534 3464 3595 mundi,
3489 3545 3584 3602 que
3607 3522 3720 3581 illnl-

2249 3638 2341 3684 nat
2395 3646 2599 3684 omnem
2639 3628 2901 3683 hominem
2949 3627 3236 3683 venientem
3288 3626 3344 3679 in
3410 3624 3532 3677 hunc
3573 3612 3723 3671 muria

2249 3718 2437 3793 (Joan.
2482 3721 2521 3792 ι)
2544 3762 2557 3786 ,
2589 3735 2751 3789 quem
2780 3719 2873 3791 qui
2900 3719 3144 3790 sequitur
3172 3733 3285 3775 non
3332 3713 3555 3773 ambulat
3574 3711 3614 3765 in
3640 3716 3720 3760 ten

2247 3815 2387 3883 bris,
2415 3816 2510 3872 sed
2538 3814 2761 3871 habebit
2785 3814 2963 3869 lumen
2994 3814 3137 3871 vitae.

2320 3908 2420 3965 Est
2471 3908 2608 3962 enim
2658 3908 2712 3962 in
2754 3906 2850 3961 illa
2896 3908 3112 3978 spiritus
3170 3902 3545 3977 intelligentia,
3578 3902 3717 3950 metu.

2250 4001 2460 4067 unicus,
2504 3999 2802 4071 multiplex,
2840 3999 3066 4067 subtilis,
3101 3998 3345 4064 mobilis,
3371 3984 3721 4079 disertus,

2248 4096 2520 4167 quinatus,
2567 4103 2774 4161 certus,
2799 4094 3008 4160 suavis,
3044 4110 3235 4149 autem
3260 4093 3461 4149 bonum
3494 4093 3648 4141 acM.

2250 4165 2457 4245 nullum
2485 4198 2623 4244 vetat
2652 4188 2974 4259 benefacere,
3001 4188 3290 4253 humanus,
3313 4184 3563 4254 benigni“.

2250 4292 2446 4348 certus,
2468 4298 2704 4347 securus,
2730 4297 2935 4336 omnem
2955 4279 3149 4334 habens
3172 4279 3433 4340 virtutem,
3448 4268 3717 4335 omnium?

2251 4375 2416 4439 ciens,
2436 4383 2485 4428 et
2504 4375 2593 4444 qui
2618 4375 2793 4444 capiat
2816 4389 2992 4429 omnes
3012 4372 3230 4442 spiritus
3248 4364 3547 4437 iutelligiles,
3569 4349 3715 4412 tum

2250 4466 2487 4524 subtiles.
2521 4466 2701 4521 Isaias.
2721 4465 2990 4536 Propheta
3019 4464 3351 4519 charismata
3397 4456 3552 4514 divina
3584 4454 3715 4503 cum

2250 4577 2401 4627 rans,
2440 4576 2561 4631 qua:
2589 4559 2921 4631 septemplici
2966 4558 3161 4630 spiritu
3202 4558 3260 4613 in
3292 4556 3422 4612 ﬂore
3452 4544 3609 4606 radicis
3628 4536 3713 4593 Ιδῑε

2249 4652 2594 4723 requiescere
2630 4653 2972 4723 praedixerat,
3019 4650 3254 4706 ostendit
3296 4646 3518 4705 omnium
3550 4636 3710 4692 W

2252 4742 2489 4815 Spiritus
2513 4743 2695 4811 sancti
2751 4743 3116 4813 integritatem
3158 4741 3212 4795 in
3242 4737 3547 4796 humanitate
3572 4724 3709 4783 8W

2252 4833 2580 4898 Salvatoris,
2614 4834 2666 4889 in
2700 4849 2806 4904 quo
2841 4842 2967 4888 sunt
2989 4848 3179 4889 omnes
3210 4828 3442 4888 thesauri
3468 4815 3708 4911 sapic”???

2252 4927 2494 4984 scientiae
2536 4925 2860 4991 absconditi,
2903 4934 2957 4980 et
2997 4925 3275 4996 plenitudo
3311 4905 3705 5003 divinitatishilllf‘

2252 5019 2640 5089 corporaliter;
2682 5034 2782 5074 nec
2817 5018 2867 5073 ei
2895 5017 3057 5074 Pater
3086 5017 3156 5073 ad
3188 5028 3479 5073 mensuram
3516 5007 3587 5062 (³³⁸
3612 4997 3707 5089 sli”

2255 5088 2390 5179 tum,
2422 5113 2563 5169 unde
2595 5110 2918 5169 ﬁducialiter
2944 5112 3115 5168 dicit:
3145 5109 3337 5171 Omnia
3360 5088 3701 5181 ηκωιιαιιιηεια

2234 5223 2368 5262 οηιεα
2398 5215 2550 5270 sunt;
2597 5215 2643 5261 et
2693 5221 2841 5260 nemo
2890 5206 3028 5261 novit
3077 5204 3279 5261 Filium
3311 5203 3406 5259 nisi
3440 5189 3701 5282 Ραεενὶξῇῗν

2256 5295 2473 5352 Patrem
2501 5288 2823 5369 quis'novit,
2861 5295 3048 5351 nisi.F
3051 5296 3193 5363 ilius,
3220 5308 3268 5351 et
3300 5296 3382 5351 cui
3405 5282 3577 5346 volucri!

2256 5387 2483 5445 revelare
2518 5386 2732 5459 (Matth.
2754 5386 2853 5450 δι).
2889 5387 2990 5442 llic
3019 5402 3147 5460 ergo
3178 5404 3299 5443 cum
3327 5384 3528 5453 scriptor
3552 5369 3697 5460 his”?

2252 5483 2509 5539 virtutem
2544 5481 2716 5551 ipsius
2748 5481 3027 5550 sapientia:
3064 5496 3321 5536 enarrare
3356 5474 3504 5536 vellet,
3540 5446 3691 5549 animi

2253 5574 2309 5630 in
2342 5574 2456 5644 ipsa
2490 5574 2561 5629 sit
2594 5571 2831 5644 Spiritus
2860 5571 3179 5635 intellectus,
3212 5585 3277 5625 eo
3296 5566 3426 5640 quod
3448 5554 3600 5633 agnitio
3616 5556 3679 5644 id?

2251 5642 2379 5723 tatis
2414 5681 2511 5735 per
2546 5642 2718 5734 ipsam
2746 5664 3043 5720 confertur.
3076 5661 3330 5729 Sanctus,
3358 5673 3414 5717 eo
3436 5647 3547 5727 (ιιιοά

2253 5762 2381 5818 ﬁcat
2426 5760 2629 5818 omnia.
2682 5758 2903 5825 Unicus,
2939 5758 3067 5830 quia
3109 5728 3366 5814 unitatem
3395 5760 3444 5809 et
3465 5728 3687 5830 θαιὶοιπέθηξ1

2251 5852 2308 5913 in
2351 5852 2539 5913 electis
2569 5850 2721 5913 facit.
2754 5824 3037 5924 Multiplex
3055 5892 3071 5923 ,
3100 5851 3223 5924 quia
3248 5845 3448 5910 scientia
3471 5824 3681 5898 ευπιυωω
