3882 6464
67 264 194 325 ’101

939 264 1292 325 COMMENT.
1334 266 1399 320 ΙΝ
1440 264 1702 323 LIBRUM
1741 263 2151 323 SAPIENTIE.
2180 294 2249 306 --
2287 264 2415 321 LIB.
2456 266 2519 322 ll.

3279 270 3383 327 702

70 381 425 441 varietatem
456 380 662 438 tribtn‘t.
698 379 923 438 Subtilis
960 396 1025 437 ac
1055 379 1289 445 mobilis,
1327 379 1584 448 quoniam
1605 377 1688 433 vi-
1717 380 1773 442 Α
1796 379 2000 434 virtutis
2024 395 2135 433 sua:
2157 376 2343 449 (Hebr.
2364 376 2428 448 ι).
2471 376 2633 434 Pater
2656 376 2803 435 enim
2850 379 3023 450 ipsam
3059 380 3382 450 sapientiam

68 487 198 529 vus
224 480 313 530 est
339 487 525 529 sermo
560 473 656 529 Dei
682 480 739 530 et
764 470 954 530 ellicax
971 513 987 538 ,
1032 481 1089 528 et
1116 471 1499 543 penetrabilior
1540 470 1686 525 omni

70 564 281 635 gladio
318 563 573 634 amipite,
618 577 677 621 et
706 565 1016 637 pertingens
1055 579 1225 634 usque
1254 562 1321 619 ad
1366 561 1685 618 divisionem

74 657 323 723 animae,
347 664 403 712 et
423 657 647 727 spiritus
661 674 981 730 compagum
1001 673 1215 729 quoque
1234 667 1288 714 et
1307 657 1683 725 medullarum,

74 756 153 803 et
192 749 463 806 discretor
493 751 903 823 cogitationum.
948 751 1216 818 Disertus,
1255 752 1382 821 quia
1422 751 1599 821 aperit
1625 766 1686 807 os

77 844 392 913 malorum,
414 854 474 902 et
493 846 726 904 diserta-6
744 848 960 919 linguas
983 846 1115 903 facit
1138 846 1441 902 infantium.
1470 846 1683 901 lneoin-

74 936 382 1004 quinatus,
412 938 541 1006 quia
579 937 783 994 nullius
805 938 1013 1009 peccati
1042 937 1254 992 macula
1290 937 1392 992 sibi
1425 932 1682 992 cohaer'ct.

74 1024 318 1095 Certus,
350 1029 476 1099 quia
505 1030 778 1086 neminem
804 1028 944 1085 fallit
965 1044 1067 1084 nec
1095 1028 1205 1083 falli
1240 1037 1434 1098 potest.
1469 1027 1685 1094 Suavis,

74 1119 225 1189 quia
245 1120 396 1175 mitis
416 1128 474 1175 et
490 1121 803 1177 misericors
825 1131 909 1177 est
933 1121 1185 1176 omnibus
1204 1119 1581 1175 invocantibus
1604 1133 1682 1173 se.

71 1211 305 1269 Amans
330 1213 532 1279 bonum
562 1224 766 1281 actum,
790 1222 845 1270 et
869 1213 1144 1273 neminem
1170 1221 1318 1268 vetat
1343 1210 1683 1279 benefacere,

73 1305 228 1374 quia
251 1320 354 1362 nec
379 1307 578 1377 gaudet
603 1322 766 1377 super
791 1306 1152 1377 iniquitatem,
1177 1308 1481 1378 eongaudet
1504 1313 1686 1362 autem

72 1397 334 1453 veritati.
373 1396 654 1454 Humanus
678 1408 734 1455 et
757 1400 1044 1469 benignus,
1078 1402 1206 1470 quia
1235 1400 1549 1456 misericors
1579 1407 1682 1467 est,

70 1492 281 1548 suavis
300 1500 355 1548 et
378 1493 521 1562 pius,
545 1493 779 1559 stabilis,
800 1504 1004 1560 certus,
1036 1510 1280 1559 securus,
1307 1495 1401 1564 qui
1428 1495 1483 1549 in
1506 1494 1687 1548 Evan-

72 1583 241 1653 gelio
266 1584 344 1639 ait
377 1602 391 1639 :
427 1584 680 1656 Ego.sum
714 1588 827 1650 uia,
853 1589 1065 1651 veritas,
1094 1597 1143 1642 et
1182 1588 1285 1641 vita
1314 1586 1512 1659 (Joan.
1546 1586 1683 1657 xiv).

73 1674 163 1729 Et
187 1674 399 1732 stabilis
420 1675 640 1742 dicitur,
667 1677 793 1746 quia
815 1694 914 1748 per
943 1686 1192 1733 naturam
1219 1678 1400 1734 omnia
1424 1679 1682 1733 continet.

1792 471 1924 526 dicit
1971 480 2031 525 ut
2085 468 2320 526 Verbum
2367 469 2601 539 ehssit,
2631 487 2741 527 non
2797 474 3070 543 quomodo
3105 472 3384 544 profertur

1791 578 1859 618 ex
1911 579 2005 618 ore
2034 563 2260 619 verbum
2307 579 2546 631 sonans,
2576 574 2671 620 aut
2718 574 2843 621 ante
2884 568 3383 639 pronuntiationem

1789 657 2058 726 cogitatur
2090 675 2100 709 :
2135 656 2326 727 apatiis
2359 657 2507 713 enim
2555 670 2859 729 temporum
2902 660 3005 716 hoc
3042 661 3380 733 completur,

1792 746 1923 803 illud
1946 756 2129 803 autem
2156 754 2422 804 aeternum
2448 757 2554 816 est,
2581 759 2636 806 et
2675 750 3029 809 illuminando
3050 754 3187 811 dicit
3228 755 3385 812 turbis

1790 847 1847 894 et
1877 838 1944 893 de
1970 853 2030 894 se
2052 846 2109 893 et
2138 839 2204 895 de
2230 838 2412 906 Patre,
2437 840 2581 910 quod
2626 841 2912 899 dicendum
2941 853 3028 900 est
3051 846 3380 914 hominibus,

1790 931 2023 999 ideoque
2043 932 2118 985 ait
2143 949 2154 983 :
2189 929 2358 986 Nemo
2386 941 2527 986 novit
2556 930 2758 987 Filium
2802 937 2904 990 nisi
2933 935 3118 1005 Pater,
3153 947 3203 993 et
3234 954 3384 994 nemo

1790 1023 1930 1077 novit
1945 1020 2160 1078 Patrem
2182 1024 2283 1078 nisi
2312 1022 2361 1076 F
2365 1023 2507 1089 ilius,
2520 1033 2567 1078 et
2581 1026 2667 1078 cui
2692 1025 2912 1081 soluerit
2940 1026 3116 1084 Filius
3147 1031 3380 1086 reuelare

1790 1115 2007 1187 (Matth.
2037 1116 2136 1190 xi).
2177 1118 2312 1185 Quia
2360 1132 2458 1188 per
2480 1117 2677 1173 Filium
2709 1120 2916 1175 revelat
2943 1121 3128 1187 Pater,
3173 1124 3228 1179 id
3270 1133 3375 1190 est,

1788 1225 1887 1281 per
1914 1211 2150 1267 Verbum
2187 1228 2363 1268 suum.
2395 1212 2454 1267 Si
2478 1213 2624 1268 enim
2655 1213 2757 1269 hoc
2808 1214 3035 1270 verbum
3075 1218 3219 1287 quod
3250 1234 3379 1288 pro-

1791 1300 2016 1357 ferimus
2056 1303 2352 1373 temporale
2378 1310 2435 1358 et
2480 1304 2856 1359 transitorium
2885 1313 2993 1372 est,
3037 1313 3095 1360 et
3142 1308 3382 1377 seipsnm

1791 1396 2070 1460 ostendit,
2109 1405 2166 1451 et
2193 1396 2323 1451 illud
2373 1398 2440 1452 de
2480 1412 2587 1466 quo
2623 1396 2927 1466 loquimur;
2959 1407 3166 1468 quarto
3212 1400 3387 1468 magis

1792 1489 2031 1545 Verbum
2079 1491 2176 1545 Dei
2220 1507 2318 1561 per
2344 1492 2489 1560 quod
2520 1490 2663 1547 facta
2712 1501 2841 1547 sunt
2880 1492 3086 1557 munia,
3132 1492 3278 1562 quod
3305 1492 3382 1547 ita

1790 1584 2029 1639 ostendit
2054 1582 2272 1638 Patrem
2303 1584 2464 1639 sicuti
2504 1594 2587 1639 est
2614 1583 2801 1650 Pater,
2840 1584 2965 1654 quia
3003 1592 3063 1638 et
3099 1583 3276 1653 ipsum
3312 1584 3389 1638 ita

1794 1685 1898 1741 est,
1926 1684 1981 1731 et
2006 1676 2108 1731 hoc
2131 1684 2215 1731 est
2243 1676 2386 1746 quod
2412 1676 2591 1740 Pater,
2624 1676 2922 1731 secundum
2947 1676 3095 1746 quod
3124 1675 3390 1746 sapientia

72 1765 311 1824 Mobilis
339 1776 522 1824 autem
561 1768 761 1824 dicitur
778 1809 795 1836 ,
825 1770 953 1840 quia
981 1770 1181 1840 ubique
1210 1770 1377 1825 etiam
1399 1769 1689 1825 nescienti—
1716 1761 1766 1821 Β
1793 1779 1879 1826 est
1898 1779 1953 1825 et
1980 1770 2237 1825 essentia.
2276 1768 2413 1824 Nam
2444 1770 2740 1825 secundum
2760 1768 3000 1825 Verbum
3039 1783 3148 1824 non
3183 1768 3286 1823 hoc
3307 1775 3393 1823 est

72 1856 197 1915 bus
220 1859 478 1915 occurrit.
515 1859 729 1917 Tenens
752 1876 886 1933 ergo
912 1863 1094 1917 omnia
1118 1862 1332 1918 stabilis
1361 1871 1689 1933 praesentem

72 1964 153 2005 se
183 1949 438 2005 omnibus
470 1951 735 2007 exhibens
768 1952 985 2007 mobilis
1021 1952 1342 2027 appellatur.
1377 1950 1483 2007 Sed
1516 1953 1571 2007 in
1606 1953 1692 2009 his

78 2043 277 2099 verbis
305 2043 508 2099 nostris
544 2060 737 2114 magna
777 2046 1004 2116 quaestio
1038 2047 1235 2114 oritur,
1268 2063 1366 2102 cur
1388 2047 1492 2102 iste
1519 2046 1691 2117 Spiri-

76 2147 202 2204 tus,
254 2137 346 2209 qui
376 2137 567 2207 implet
598 2140 779 2195 omnia
808 2140 991 2207 simul,
1028 2140 1244 2196 mobilis
1273 2150 1329 2195 et
1364 2141 1575 2196 stabilis
1604 2141 1686 2195 di-

74 2235 283 2296 catur;
309 2231 403 2286 sed
425 2230 471 2285 si
497 2230 565 2287 ad
595 2248 752 2289 usum
777 2234 1038 2289 humanm
1066 2234 1474 2290 consuetudinis
1507 2249 1689 2290 recur-

74 2319 289 2387 rimus,
343 2336 563 2378 sensum
610 2324 774 2380 citius
816 2322 1088 2394 loquentis
1148 2326 1474 2383 invenimus.
1518 2326 1689 2382 Homo

76 2412 298 2484 quippe
323 2414 418 2484 qui
442 2414 499 2469 in
528 2430 593 2471 ea
620 2416 840 2487 regione
864 2419 1048 2487 inqua
1071 2425 1154 2473 est
1182 2405 1383 2488 ubique
1409 2417 1686 2485 discurrit,

76 2506 288 2576 procul
329 2506 493 2563 dubio
538 2509 739 2579 ubique
786 2511 1001 2565 obviam
1032 2511 1199 2578 venit,
1248 2520 1303 2566 et
1348 2521 1568 2581 repente
1597 2512 1688 2566 ubi

80 2619 205 2660 non
259 2603 500 2661 creditur
543 2604 834 2660 invenitur.
884 2603 1237 2675 Omnipotens
1284 2621 1415 2676 ergo
1455 2604 1690 2675 Spiritus

81 2707 157 2753 ut
210 2697 412 2770 ubique
457 2711 697 2769 praesens
749 2696 1191 2769 significaretur,
1249 2697 1411 2754 simul
1468 2705 1521 2753 et
1576 2713 1691 2753 mo-

80 2790 219 2847 bilis
260 2806 480 2848 omnem
521 2791 729 2846 habens
770 2791 1052 2855 virtutem,
1097 2792 1279 2847 omnia
1329 2778 1701 2863 prospiciens;

80 2884 222 2956 quia
272 2882 364 2938 dat
411 2883 671 2938 virtutem
706 2883 850 2939 lasso
890 2893 945 2939 et
986 2883 1167 2940 lumen
1212 2900 1376 2951 cmco,
1432 2885 1690 2955 quoniam

82 2975 210 3047 ipse
241 2974 387 3032 solus
415 2975 567 3031 dabit
590 2974 849 3031 virtutem
880 2985 934 3031 et
962 2975 1331 3032 fortitudinem
1355 2977 1528 3050 plebis
1557 2992 1685 3032 suae.

79 3066 214 3137 Ipse
242 3067 386 3139 capit
432 3082 625 3125 omnes
668 3066 893 3137 spiritus
946 3068 1331 3140 intelligibilcs,
1377 3070 1606 3126 mundos
1635 3078 1692 3126 et

82 3159 341 3226 subtiles,
368 3161 494 3231 quia
522 3159 577 3213 in
600 3158 715 3230 ejus
743 3177 904 3214 manu
929 3172 1052 3215 sunt
1081 3178 1257 3217 omnes
1282 3161 1413 3231 ﬁnes
1436 3172 1610 3229 teme,
1642 3173 1691 3218 et
1721 3143 1768 3206 Ο
1799 3157 2076 3229 spirituale
2104 3175 2117 3223 ;
2172 3171 2350 3227 neque
2396 3156 2470 3209 ita
2508 3153 2756 3225 spiritale
2811 3161 2873 3207 ut
2915 3150 3274 3206 luminatione
3318 3147 3400 3200 la-
3506 3144 3517 3155 ’

83 3250 400 3306 altitudines
441 3252 696 3307 montium
736 3253 844 3324 ipse
886 3254 1137 3324 conspicit
1183 3252 1369 3326 (Psal.
1409 3255 1591 3324 xcrv).
1625 3255 1694 3311 In

82 3344 251 3416 cujus
282 3345 487 3399 nomine
523 3362 673 3400 omne
716 3363 857 3417 genu
884 3348 1127 3415 ﬂectatur
1159 3348 1440 3404 cmlestium
1463 3391 1477 3415 ,
1524 3360 1690 3404 terre-

86 3435 290 3492 strium
328 3444 377 3490 et
433 3435 789 3506 infernarum,
838 3449 885 3493 et
936 3440 1105 3493 omnis
1155 3440 1336 3511 lingua
1379 3441 1695 3509 conﬁteatur

82 3527 225 3600 quia
256 3526 515 3583 Dominus
549 3539 721 3585 noster
750 3531 906 3587 Iesus
936 3531 1178 3586 Christus
1204 3532 1257 3585 in
1284 3532 1453 3604 gloria
1482 3543 1556 3589 est
1596 3532 1694 3588 Dei

89 3619 279 3677 Patris
308 3620 533 3696 (Philip.
564 3623 647 3696 ιι).

714 3735 945 3794 CAPUT
977 3737 1067 3793 IV.

87 3829 258 3906 Quod
286 3830 565 3902 sapientia,
598 3843 825 3906 (θυαε-εει
854 3831 1029 3889 Filius
1072 3832 1193 3901 Dei,
1234 3835 1445 3905 attingit
1480 3836 1690 3906 ubique,

169 3901 294 3973 quia
315 3901 522 3985 semper
560 3901 679 3959 cum
710 3903 873 3959 Patre
899 3913 995 3971 est,
1027 3917 1077 3961 et
1109 3901 1422 3977 permanens
1448 3908 1503 3961 in
1532 3901 1592 3962 se
1613 3906 1695 3961 in-

171 3980 329 4026 novat
354 3980 550 4028 omnia.

171 4084 424 4144 Omnibus
461 4089 601 4144 enim
648 4088 926 4147 mobilibus
967 4090 1211 4146 mobilior
1256 4100 1331 4147 est
1383 4093 1643 4163 sapientia
1673 4106 1692 4145 :

87 4178 307 4251 attingit
336 4188 513 4233 autem
550 4179 741 4253 ubique
765 4192 977 4253 propter
1009 4199 1162 4238 suam
1190 4183 1525 4239 munditiam.
1555 4184 1697 4253 Quid

87 4279 280 4347 potest
299 4273 554 4331 mobilius
573 4283 631 4331 et
655 4277 908 4335 subtilius
927 4292 1051 4335 esse
1071 4278 1354 4349 sapientia,
1371 4292 1493 4348 qua:
1513 4278 1699 4333 omnia

86 4363 321 4432 ereavit,
346 4368 526 4425 omnia
550 4368 709 4440 regit,
733 4370 916 4429 omnia
938 4370 1173 4435 ordinat,
1190 4369 1373 4427 omnia
1396 4369 1699 4441 gubernat?

91 4460 154 4516 in
189 4459 303 4531 ipsa
349 4460 495 4517 enim
541 4461 794 4529 vivimus,
824 4478 1106 4521 movemur
1132 4474 1189 4521 et
1209 4480 1418 4521 sumus.
1464 4464 1701 4535 Attingit

1793 1864 1938 1933 quod
1965 1862 2149 1929 Pater,
2186 1862 2315 1931 quia
2348 1860 2585 1916 Verbum
2609 1876 2717 1916 non
2742 1868 2826 1917 est
2852 1859 3047 1925 Pater;
3071 1869 3129 1915 et
3150 1860 3391 1915 Verbum

1794 1957 2019 2013 relative
2047 1956 2266 2022 dicitur,
2292 1955 2434 2011 sicut
2457 1955 2645 2023 Filius,
2677 1955 2822 2025 quod
2849 1956 3037 2024 utique
3062 1965 3173 2009 non
3193 1952 3388 2019 Pater;

1791 2060 1848 2107 et
1898 2051 2018 2106 ideo
2056 2050 2303 2105 Christus
2343 2049 2518 2103 virtus
2560 2056 2615 2103 et
2669 2047 2937 2118 sapientia
2965 2045 3088 2111 Dei,
3137 2044 3268 2115 quia
3323 2044 3393 2100 de

1793 2143 1955 2199 Patre
1995 2144 2196 2198 virtute
2232 2150 2288 2199 et
2322 2142 2609 2212 sapientia,
2643 2141 2809 2197 etiam
2856 2141 2972 2211 ipse
3014 2141 3190 2195 virtus
3219 2127 3277 2195 et
3300 2153 3389 2195 sae

1790 2237 1993 2308 pientia
2019 2246 2123 2300 est,
2164 2236 2307 2291 sicut
2334 2235 2518 2290 lumen
2556 2233 2651 2289 Dei
2680 2243 2737 2289 et
2768 2233 2839 2288 de
2871 2232 3034 2287 Patre
3078 2231 3304 2297 lumine,
3334 2239 3392 2286 et

1792 2330 1917 2385 fons
1946 2330 2069 2383 vitae
2098 2329 2238 2399 apud
2285 2328 2456 2383 Deum
2487 2326 2703 2381 Patrem
2752 2325 2941 2395 utique
2970 2323 3179 2381 fontem
3221 2323 3347 2379 vitm
3373 2338 3389 2376 :

1795 2421 2059 2487 Quoniam
2087 2420 2228 2490 apud
2255 2431 2326 2484 te,
2358 2418 2552 2488 inquit,
2597 2417 2715 2486 fons
2756 2417 2894 2471 vitas.
2932 2415 3000 2470 In
3055 2416 3254 2470 lumine
3297 2423 3391 2468 tuo

1791 2513 2078 2568 uidebimus
2107 2511 2283 2566 lumen
2303 2509 2479 2581 (Psal.
2511 2508 2715 2579 xxxv);
2751 2510 2874 2581 quia
2895 2509 3030 2563 sicut
3054 2506 3218 2562 Pater
3239 2506 3395 2561 habet

1791 2608 1954 2661 vitam
1991 2607 2049 2660 in
2093 2606 2405 2674 semetipso,
2460 2604 2537 2657 sic
2581 2602 2725 2656 dedit
2753 2598 2897 2654 Filio
2929 2600 3117 2655 habere
3154 2599 3316 2653 vitam
3340 2597 3397 2651 in

1793 2699 2067 2769 semetipso
2107 2696 2290 2768 (Joan.
2333 2695 2412 2767 v).
2440 2693 2510 2749 Et
2547 2703 2658 2748 erat
2682 2696 2860 2747 lumen
2905 2707 3083 2745 verum
3108 2688 3249 2761 quod
3272 2686 3398 2742 illu-

1793 2792 1961 2845 minat
1991 2806 2196 2845 omnem
2219 2788 2485 2843 hominem
2521 2785 2804 2841 uenientem
2844 2783 2901 2836 in
2932 2782 3070 2835 hunc
3099 2778 3390 2843 mundum;

1794 2892 1843 2939 et
1894 2881 2069 2935 lumen
2106 2882 2203 2934 hoc
2246 2878 2468 2934 Verbum
2498 2886 2611 2932 erat
2641 2875 2781 2946 apud
2812 2873 3004 2938 Deum,
3041 2871 3132 2926 sed
3170 2880 3219 2925 et
3253 2869 3397 2924 Deus

1797 2986 1909 3032 erat
1966 2974 2212 3029 Verbum.
2239 2974 2381 3028 Deus
2414 2980 2597 3027 autem
2639 2969 2821 3024 lumen
2858 2975 2962 3033 est,
2989 2974 3047 3020 et
3078 2962 3316 3019 tenebrae
3338 2963 3398 3018 in

1798 3068 1889 3124 illo
1941 3082 2049 3121 non
2077 3073 2202 3120 sunt
2246 3064 2386 3119 ullae.
2419 3064 2628 3119 Lumen
2670 3076 2801 3116 vero
2845 3075 2954 3115 non
2984 3056 3271 3128 corporale
3298 3054 3395 3111 sed

1799 3258 1948 3305 ctum
1983 3249 2078 3313 sit,
2109 3246 2569 3318 quemadmodum
2596 3245 2799 3301 dictum
2830 3251 2913 3298 est
2950 3241 3211 3313 apostolis
3238 3257 3252 3294 :
3298 3238 3398 3294 Vos

1798 3342 1921 3395 estis
1953 3339 2127 3394 lumen
2152 3339 2336 3393 mundi
2362 3357 2379 3392 .'
2408 3336 2503 3393 sed
2531 3336 2712 3393 lumen
2725 3335 2872 3405 quod
2886 3325 3156 3390 illuminat
3178 3345 3399 3388 mm

1798 3432 2092 3494 hominem,
2135 3446 2199 3486 ea
2247 3430 2363 3500 ipsa
2393 3438 2448 3484 et
2478 3442 2689 3483 summa
2733 3426 2995 3498 sapientia
3043 3425 3205 3489 Dens,
3253 3421 3396 3477 unde

1800 3543 1945 3582 nunc
1996 3526 2225 3597 agitatus.
2284 3524 2563 3593 Sapientia
2611 3537 2742 3593 ergo
2782 3520 2972 3586 Filius,
3008 3520 3078 3576 de
3127 3515 3395 3589 sapieutia

1799 3618 1960 3674 Patre
1988 3637 1998 3671 :
2028 3619 2167 3674 sicut
2217 3617 2400 3672 lumen
2426 3616 2497 3673 de
2541 3614 2764 3681 lumine,
2814 3622 2872 3669 et
2898 3614 3040 3669 Deus
3068 3612 3136 3668 de
3164 3612 3292 3675 Deo,
3333 3618 3397 3665 ut

1799 3720 1857 3767 et
1884 3710 2128 3781 singulus
2155 3710 2315 3765 Pater
2351 3709 2533 3764 lumen
2558 3746 2575 3770 ,
2606 3715 2662 3763 et
2698 3705 2944 3777 singulus
2972 3703 3144 3760 Filius
3180 3702 3394 3767 iumen,

1800 3815 1856 3861 et
1892 3804 2137 3875 singulus
2174 3803 2336 3859 Pater
2384 3802 2566 3869 Deus,
2616 3808 2675 3856 et
2714 3798 2958 3870 singulas
3012 3796 3183 3853 Filius
3232 3796 3399 3853 Deus.

1800 3898 1945 3968 Ergo
1981 3907 2037 3952 et
2062 3895 2309 3966 singultus
2347 3894 2509 3949 Pater
2534 3892 2803 3965 sapientia
2827 3933 2843 3957 ,
2873 3898 2931 3946 et
2954 3886 3200 3958 singulas
3226 3884 3398 3941 Filius

1801 3989 2088 4059 sapientia,
2128 3997 2186 4043 et
2219 3989 2299 4045 sic
2338 3996 2627 4058 utrumque
2674 3984 2835 4041 simul
2884 3998 3051 4038 unum
3086 3981 3306 4045 ltnnen,
3345 3980 3405 4032 et

1802 4096 1945 4139 unus
1978 4080 2144 4147 Deus,
2175 4080 2254 4137 sic
2296 4094 2587 4152 utrumque
2618 4095 2732 4136 una
2767 4077 3059 4149 sapientia,
3106 4074 3201 4132 sed
3227 4072 3401 4129 Filius

1804 4174 1981 4230 factus
2004 4182 2090 4231 est
2118 4174 2278 4230 nobis
2327 4174 2596 4243 sapientia
2628 4189 2659 4228 a
2694 4172 2831 4237 Deo,
2858 4178 2918 4226 et
2948 4168 3162 4241 iustitia
3194 4176 3252 4223 et
3278 4180 3402 4222 sats-

1804 4265 2086 4331 ctilicatio,
2099 4265 2227 4334 quia
2243 4264 2613 4334 temporaliter
2628 4279 2728 4319 nos
2752 4261 2818 4317 ad
2833 4262 2986 4316 ilium
3006 4256 3401 4321 convertimur,

1808 4359 1972 4427 idque
2002 4372 2070 4412 ex
2116 4356 2297 4427 aliquo
2329 4365 2590 4427 tempore,
2622 4363 2684 4410 ut
2728 4370 2853 4409 cum
2881 4352 2974 4409 illo
3002 4364 3321 4406 maneanIus
3347 4349 3404 4402 in

1806 4460 2092 4517 aeternum,
2120 4457 2178 4505 et
2202 4450 2318 4520 ipse
2340 4466 2410 4505 ex
2454 4448 2692 4520 quodam
2728 4455 2973 4517 tempore
3022 4440 3249 4498 Verbum
3277 4455 3402 4495 caro

91 4526 283 4607 autem
329 4553 528 4625 ubique
555 4526 790 4628 propter
828 4558 1153 4615 munditiam
1209 4574 1398 4624 suam,
1444 4560 1572 4630 quia
1602 4526 1691 4615 lux

1807 4548 2010 4618 factum
2030 4558 2124 4611 est,
2152 4557 2200 4602 et
2226 4547 2478 4602 habitavit
2509 4546 2566 4600 in
2588 4544 2759 4599 nobis.

91 4652 207 4710 est,
231 4650 287 4699 et
309 4645 546 4701 tenebrae
576 4662 682 4703 non
712 4658 839 4705 sunt
868 4650 921 4705 in
959 4666 1024 4706 ea
1051 4650 1190 4707 ullae.

183 4734 359 4807 Vapor
380 4748 457 4795 est
486 4740 625 4796 enim
664 4743 870 4799 virtutis
899 4743 1021 4810 Dei,
1051 4755 1098 4803 et
1141 4746 1405 4801 emanatio
1449 4746 1696 4817 quietiam

93 4837 177 4882 est
205 4825 462 4886 claritatis
507 4833 873 4904 omnipotentis
926 4836 1025 4891 Dei
1053 4837 1257 4893 sincera
1282 4878 1298 4904 ,
1331 4848 1379 4892 et
1408 4838 1525 4893 ideo
1564 4838 1698 4894 nihil

94 4918 435 4990 inquinatum
468 4924 525 4978 in
561 4924 709 4980 illam
748 4927 991 4982 incurrit.
1037 4928 1385 4985 Manifestum
1420 4939 1505 4987 est
1554 4932 1701 5002 quod

99 5008 416 5080 unigenitus
436 5012 532 5070 Dei
548 5014 738 5081 Filius,
768 5033 836 5072 ex
861 5019 953 5073 Dei
980 5018 1160 5075 Patris
1186 5021 1493 5076 substantia
1516 5030 1699 5087 natus,

97 5102 398 5175 cozequalis
457 5120 521 5162 ac
574 5115 898 5177 coaeternus,
959 5127 1024 5167 ac
1081 5112 1562 5169 eonsubstantialis
1618 5123 1701 5170 est

100 5191 281 5263 Patri,
309 5204 365 5252 et
390 5196 513 5255 ideo
537 5199 671 5256 nihil
695 5202 1039 5273 inquinatum
1070 5205 1123 5260 in
1154 5220 1220 5260 eo
1251 5206 1543 5272 invenitur,
1575 5208 1703 5277 quia

100 5304 323 5348 summo
353 5291 499 5350 bono
528 5294 663 5349 nihil
698 5298 1099 5368 appr0pinquat
1144 5298 1289 5363 mali,
1345 5299 1442 5355 sed
1469 5299 1699 5370 simplex

100 5385 311 5446 bonum
338 5402 553 5459 semper
580 5389 723 5445 idem
744 5400 949 5447 manet.

180 5476 395 5535 Candor
416 5490 494 5536 est
519 5482 657 5538 enim
683 5481 816 5538 lucis
830 5492 1062 5550 (clerate,
1090 5494 1139 5539 et
1162 5486 1431 5556 speculum
1454 5488 1570 5542 sine
1587 5505 1703 5542 ma-

101 5571 230 5628 cula
241 5572 338 5627 Dei
352 5574 665 5643 maiestatis,
693 5587 741 5632 et
762 5578 935 5649 imago
955 5579 1200 5634 bonitatis
1221 5580 1383 5636 illius.
1409 5580 1485 5637 De
1510 5582 1702 5638 eodem

103 5664 253 5722 Filio
275 5664 407 5722 dicit
430 5665 720 5739 Apostolus
756 5690 768 5727 :
808 5670 910 5738 Qui
940 5690 1059 5727 cum
1073 5674 1139 5727 sit
1156 5674 1399 5744 splendor
1412 5675 1616 5746 gloria,
1652 5688 1703 5732 et

107 5756 285 5830 ﬁgura
306 5776 557 5834 expressa
577 5765 886 5823 substantia:
917 5768 1060 5838 ejus,
1105 5784 1283 5839 regem
1324 5770 1505 5825 omnia
1541 5772 1695 5828 verbo

1875 4660 1947 4715 Et
1976 4676 2096 4714 cum
2122 4660 2191 4714 sit
2221 4675 2345 4725 una,
2377 4658 2556 4713 omnia
2603 4664 2790 4727 potest,
2838 4661 2888 4708 et
2928 4646 3239 4724 permanens
3265 4648 3321 4703 in
3348 4664 3404 4702 se

1803 4756 1983 4809 omnia
2010 4755 2244 4819 innovat;
2274 4762 2323 4807 et
2364 4768 2458 4824 per
2497 4753 2736 4806 nationes
2763 4750 2819 4804 in
2863 4747 3068 4803 animas
3100 4753 3312 4801 sanctas
3354 4757 3404 4798 se

1807 4849 2089 4919 transfert,
2143 4848 2339 4901 amicos
2382 4845 2479 4900 Dei
2520 4857 2567 4900 et
2622 4844 2901 4917 prophetas
2945 4839 3230 4895 constituit.
3272 4838 3407 4891 Pro-

1803 4948 1993 5012 pterea
2019 4955 2141 4995 cum
2176 4938 2555 5010 pronuntiatur
2586 4937 2641 4991 in
2682 4934 2981 5006 Scripturis
3016 4939 3114 4987 aut
3149 4935 3408 4984 narratur

1811 5034 2014 5105 aliquid
2038 5034 2108 5089 de
2137 5033 2423 5105 sapientia,
2454 5031 2568 5087 sive
2600 5030 2817 5084 dicente
2862 5026 3003 5097 ipsa,
3033 5022 3147 5079 sive
3188 5035 3313 5076 cum
3340 5019 3407 5075 de

1810 5125 1899 5180 illa
1927 5125 2152 5189 dicitur,
2183 5123 2354 5179 Filius
2380 5122 2538 5180 nobis
2573 5121 2919 5194 potissimum
2950 5116 3280 5182 insinuatur,
3313 5128 3409 5169 cu-

1803 5213 1896 5283 jus
1929 5214 2180 5285 imaginis
2199 5214 2447 5283 exemplo
2475 5221 2531 5268 et
2574 5226 2674 5267 nos
2700 5226 2808 5267 non
2838 5208 3184 5266 discedamus
3209 5219 3240 5260 a
3272 5204 3406 5272 Deo,

1810 5309 1939 5377 quia
1973 5315 2029 5362 et
2059 5322 2159 5362 nos
2189 5307 2367 5379 imago
2398 5306 2495 5360 Dei
2523 5319 2732 5370 sumus,
2760 5318 2872 5359 non
2900 5301 3119 5374 quidem
3161 5297 3406 5369 aequalis,

1814 5403 1961 5459 facta
1986 5403 2184 5474 quippe
2212 5420 2241 5458 a
2271 5403 2433 5457 Patre
2454 5416 2552 5472 per
2573 5399 2788 5465 Filium,
2820 5412 2928 5455 non
2968 5405 3097 5453 nata
3129 5394 3197 5452 de
3219 5391 3409 5461 Patre,

1814 5498 1959 5554 sicut
1980 5496 2093 5564 illa,
2119 5505 2175 5553 et
2215 5512 2311 5553 nos
2337 5497 2463 5567 quia
2501 5494 2868 5551 illuminamur
2902 5492 3127 5558 lumine,
3156 5489 3249 5546 illa
3278 5501 3414 5545 vero

1814 5591 1941 5661 quia
1976 5590 2157 5644 lumen
2184 5588 2517 5655 illnminans,
2544 5596 2599 5644 et
2624 5588 2746 5643 ideo
2770 5586 2859 5642 illa
2891 5586 3007 5643 sine
3036 5581 3284 5652 exemplo
3312 5594 3415 5636 nu-

1812 5682 1899 5738 bis
1922 5680 2227 5751 exemplum
2258 5688 2363 5737 est.
2399 5680 2584 5751 Neque
2614 5680 2760 5737 enim
2808 5680 3058 5736 imitatur
3083 5684 3414 5745 quemquam

1813 5773 2211 5845 praecedentem
2236 5774 2303 5830 ad
2341 5772 2579 5843 Patrem,
2627 5788 2659 5829 a
2704 5788 2811 5846 quo
2843 5778 3122 5842 nunquam
3142 5772 3227 5823 est
3253 5770 3415 5836 sepse
