3882 6538
335 321 441 380 705
972 306 1035 363 Β.
1074 303 1329 363 RABANI
1368 299 1592 359 MAURI
1628 250 1947 355 ARCHIEP.
1988 287 2303 349 MOGUNT.
2345 281 2631 343 OPERUM
2667 280 2850 338 PARS
2889 279 2931 335 l.
3505 268 3620 326 τοι

335 436 544 500 rabilis,
580 430 705 503 quia
734 427 970 498 idipsum
1005 430 1090 480 est
1125 420 1269 492 quod
1292 418 1383 474 ille
1405 416 1474 473 de
1495 429 1605 487 quo
1629 421 1752 479 est;
1809 425 1916 466 nos
1943 412 1995 473 Α
2019 406 2088 461 ad
2131 406 2309 476 ipsum
2345 398 2634 457 Dominum
2664 398 2742 453 ait
2769 415 2782 452 :
2812 392 3275 474 Initio,.Domme,
3311 399 3370 442 tu
3413 396 3620 443 terram

2034 500 2047 503 -
2141 497 2152 503 -
2245 496 2257 503 -
3161 488 3277 503 -_-_.
3320 477 3433 503 ,μη
3509 476 3620 503 .-.ε

333 540 517 595 autem
556 525 830 584 imitantes
867 518 1143 575 imitamur
1172 519 1502 575 manentem,
1546 515 1602 562 et
1637 504 1915 575 sequimur

335 633 593 689 stantem,
615 629 670 677 et
695 620 750 674 in
779 617 897 687 ipso
924 609 1264 668 ambulantes
1295 604 1567 661 tendimus
1602 600 1672 656 ad
1699 599 1911 669 ipsum:

334 719 462 792 quia
487 714 665 771 factus
705 718 792 767 est
838 706 997 764 nobis
1041 703 1132 759 via
1161 697 1477 770 temporalis
1514 709 1613 767 per
1639 689 1917 748 humilita-

333 787 464 876 tem,
495 804 589 877 qui
613 800 825 859 mansio
846 797 1004 854 nobis
1030 802 1235 851 atema
1261 804 1358 862 per
1378 787 1718 844 divinitatem
1743 798 1758 849 ;
1783 794 1918 852 quo-

331 870 713 968 niamlquippe
753 888 1033 961 spiritibus
1078 883 1293 939 mundis
1341 875 1800 936 intellectualibus
1827 870 1920 943 qui

333 988 588 1062 superbia
611 1000 721 1042 non
743 980 882 1062 lapsi
903 985 1049 1043 sunt,
1080 975 1135 1031 in
1173 974 1346 1030 forma
1373 970 1469 1027 Dei
1500 978 1557 1026 et
1597 968 1706 1023 Deo
1740 980 1923 1036 aqua-

336 1056 427 1147 lis,
445 1092 501 1137 et
525 1078 674 1135 Deus
692 1058 898 1147 praebet
916 1066 1245 1140 exemplum,
1268 1074 1329 1121 ut
1349 1078 1407 1120 se
1437 1062 1579 1118 idem
1611 1056 1919 1127 exemplum

334 1170 596 1230 redeundi
621 1168 788 1225 etiam
827 1165 978 1235 lapso
1014 1161 1283 1234 praeberet
1321 1155 1549 1222 homini,
1582 1153 1674 1224 qui
1702 1158 1925 1221 propter

337 1263 740 1323 immunditiam
798 1265 1146 1332 peccatorum
1195 1265 1523 1327 panemque
1576 1244 1925 1304 mortalitatis

335 1360 509 1415 Deum
549 1357 736 1413 videre
775 1369 885 1409 non
925 1357 1157 1423 poterat,
1201 1346 1554 1416 semetipsum
1598 1339 1922 1406 exinanivit,

336 1467 449 1508 non
480 1450 742 1507 mutando
775 1447 1116 1505 divinitatem
1161 1459 1336 1505 suam,
1383 1439 1479 1496 sed
1526 1445 1771 1495 nostram
1808 1450 1928 1489 mu-

342 1542 664 1598 tabilitatem
712 1537 1057 1603 assumendo,
1094 1544 1151 1592 et
1197 1534 1428 1590 formam
1469 1528 1613 1586 servi
1655 1526 1929 1597 accipiens

337 1634 487 1691 venit
512 1633 581 1689 ad
617 1649 717 1690 nos
758 1634 816 1688 in
853 1633 999 1687 hunc
1041 1627 1324 1691 mundum,
1369 1623 1463 1694 qui
1504 1621 1561 1676 in
1593 1621 1699 1676 hoc
1724 1615 1927 1673 mundo

337 1734 480 1793 erat,
522 1725 649 1796 quia
696 1722 930 1779 mundus
957 1736 1057 1791 per
1097 1719 1272 1789 ipsum
1304 1715 1481 1771 factus
1508 1720 1610 1779 est,
1642 1719 1702 1767 ut
1744 1724 1927 1766 exem-

2019 496 2278 571 fundasti,
2327 503 2375 550 et
2410 507 2569 564 opera
2613 503 2866 545 manuum
2912 495 3124 540 tuarum
3155 488 3277 537 sunt
3313 477 3455 534 cadi.
3498 476 3623 547 Ipsi

2017 570 2280 665 peribunt,
2302 596 2358 641 tu
2386 593 2561 640 autem
2585 587 2951 654 permaneshet
2977 592 3154 631 omnes
3170 573 3311 628 sicut
3337 570 3626 626 vestimen-

2020 695 2133 741 tum
2151 688 2492 746 veterascent,
2520 688 2569 733 et
2592 675 2729 732 velut
2763 674 3013 729 amictum
3038 668 3267 725 mutabit
3292 682 3404 733 eos,
3427 673 3483 721 et
3504 678 3630 719 mu-

2022 777 2273 834 tabuntur
2298 791 2315 829 :
2343 783 2400 828 tu
2427 779 2602 826 autem
2629 768 2769 823 idem
2797 767 2906 838 ipse
2934 780 2989 819 es
3013 772 3063 817 et
3092 759 3219 815 anni
3246 757 3324 812 tui
3351 771 3460 812 non
3486 754 3627 825 deﬁ-

2022 873 2157 928 cient
2184 868 2356 943 (Psal.
2387 866 2499 939 cx).
2528 866 2607 921 De
2631 878 2739 934 quo
2766 870 2824 918 et
2856 860 3035 916 adhuc
3053 855 3307 914 subditur
3338 871 3356 909 :

2085 955 2189 1019 7lli
2217 963 2356 1018 enim
2383 960 2612 1016 succedit
2652 972 2777 1020 nox,
2808 951 3122 1024 sapientiam
3159 957 3335 1003 autem
3373 963 3481 1001 non
3511 945 3631 1000 vin-

2027 1061 2097 1115 cit
2134 1057 2359 1113 malitia.
2396 1054 2662 1124 Quoniam
2707 1049 2887 1106 nullus
2918 1047 3217 1104 electorum
3266 1043 3321 1099 in
3372 1043 3478 1097 hac
3513 1041 3627 1096 vita

2030 1149 2286 1206 immunis
2323 1156 2409 1203 est
2436 1162 2466 1200 a
2492 1152 2750 1216 peccato;
2783 1140 2852 1196 ad
2879 1138 3159 1195 Christum
3185 1148 3320 1206 ergo
3346 1131 3503 1187 nulla
3534 1144 3631 1199 ap-

2029 1245 2355 1318 propinquat
2378 1240 2603 1296 malitia.
2633 1238 2711 1294 De
2735 1249 2844 1308 quo
2873 1233 3139 1303 scriptum
3161 1237 3245 1285 est
3279 1226 3521 1282 :Beatus
3534 1224 3635 1294 ju-

2031 1314 2142 1393 stus
2167 1337 2221 1390 in
2258 1334 2480 1389 Domino
2504 1331 2596 1404 qui
2633 1330 2870 1384 inventus
2897 1333 2974 1381 est
3026 1325 3139 1379 sine
3181 1316 3396 1376 macula
3424 1314 3628 1388 (Eccli.

2032 1426 2207 1499 χχχι).
2237 1426 2307 1480 Ει
2345 1426 2543 1479 iterum
2572 1440 2586 1477 :
2613 1422 2721 1488 Qui
2759 1427 3030 1490 peccatum
3075 1431 3181 1469 non
3215 1412 3362 1483 fecit,
3416 1425 3515 1464 nec
3543 1407 3629 1460 in-

2033 1528 2214 1575 ventus
2252 1524 2329 1571 est
2374 1513 2528 1570 dolus
2573 1512 2631 1566 in
2683 1526 2772 1564 ore
2809 1505 3105 1580 ejus(lsai.
3139 1503 3281 1573 un).
3332 1499 3421 1556 Ad
3466 1511 3632 1580 quem

2034 1611 2287 1682 princeps
2309 1606 2495 1663 mundi
2517 1603 2740 1661 veni’ens
2769 1602 2824 1658 in
2848 1616 2916 1656 eo
2941 1613 3049 1654 non
3071 1594 3282 1652 invenit
3308 1571 3631 1663 quidquam:

2034 1703 2423 1760 Verumtamen
2472 1699 2760 1770 languorcs
2810 1700 3028 1749 nostros
3083 1691 3199 1761 ipse
3240 1686 3524 1759 portavit,
3578 1690 3633 1738 et

336 1818 487 1893 plum
516 1832 734 1874 sursum
762 1814 1072 1872 videntibus
1095 1813 1289 1876 Deum,
1332 1806 1641 1877 exemplum
1670 1804 1926 1860 deorsum
1955 1809 2003 1869 Β
2034 1794 2413 1868 aegrotationes
2437 1789 2676 1864 pertulit,
2701 1788 2828 1860 quia
2848 1792 3064 1857 peccata
3095 1793 3276 1837 nostra
3313 1781 3428 1846 ipse
3451 1785 3631 1846 pertu-

336 1910 665 1968 mirantibus
687 1909 985 1974 hominem,
1006 1904 1315 1975 exemplum
1340 1902 1490 1957 sanis
1515 1899 1584 1955 ad
1606 1910 1927 1969 permanen-

339 2002 491 2067 dum,
515 1999 824 2071 exemplum
854 1997 1087 2053 inﬁrmis
1111 1995 1180 2050 ad
1206 1990 1712 2055 convalescendum,
1749 2002 1934 2044 exem—

338 2096 487 2167 plum
517 2094 800 2151 morituris
838 2095 905 2148 ad
958 2108 1067 2148 non
1098 2090 1419 2155 timendum,
1452 2086 1762 2157 exemplum
1793 2100 1935 2141 mor-

340 2190 449 2244 tuis
475 2187 545 2243 ad
566 2186 978 2258 resurgendum.
1017 2183 1075 2239 In
1106 2183 1360 2239 omnibus
1385 2181 1499 2252 ipse
1530 2179 1824 2250 primatum
1850 2185 1932 2231 te-

337 2293 494 2343 nens,
526 2277 654 2347 quia
685 2277 832 2332 enim
875 2275 1039 2331 homo
1092 2275 1158 2329 ad
1204 2271 1595 2329 beatitudinem
1637 2268 1792 2339 sequi
1824 2283 1935 2322 non

340 2369 574 2426 debebat
599 2368 708 2424 nisi
727 2366 921 2433 Deum,
954 2376 1011 2423 et
1037 2366 1240 2423 sentire
1268 2379 1377 2421 non
1404 2370 1623 2435 poterat
1649 2360 1821 2416 Deum
1851 2374 1936 2415 se—

341 2461 576 2533 quendo,
609 2460 784 2516 Deum
822 2458 1100 2514 hominem
1136 2457 1343 2513 factum
1389 2462 1730 2526 sequeretur,
1775 2450 1937 2508 simul

341 2558 398 2607 et
417 2565 579 2620 quem
601 2550 805 2606 sentire
826 2556 1060 2620 poterat,
1087 2557 1144 2603 et
1165 2563 1328 2617 quem
1353 2546 1509 2617 sequi
1530 2545 1782 2601 debebat.
1805 2541 1939 2598 Om-

343 2646 596 2717 nipotens
617 2644 837 2716 quidem
859 2643 1026 2699 Pater
1058 2642 1487 2711 omnipotentem
1512 2637 1838 2708 sapientiam
1873 2636 1941 2691 de

346 2758 407 2801 se
437 2742 647 2814 genuit,
670 2756 791 2811 qua
811 2754 1137 2812 permanens
1161 2736 1344 2794 omnia
1376 2736 1434 2792 in
1463 2750 1522 2791 se
1546 2735 1785 2797 innovat,
1812 2730 1942 2802 quia

346 2836 464 2906 ipsa
489 2832 841 2890 immutabilis
866 2831 1047 2888 omnia
1085 2828 1366 2886 mutabilia
1402 2842 1501 2883 suo
1534 2834 1670 2881 nutu
1709 2823 1846 2894 regit
1878 2836 1944 2878 ac

345 2927 585 2994 ordinat,
611 2942 733 2998 qua
753 2927 807 2983 in
834 2925 1132 2981 electorum
1163 2923 1374 2978 animas
1402 2936 1462 2977 se
1484 2918 1822 2975 transferens
1844 2931 1943 2971 sua

346 3019 524 3091 gratia
565 3016 732 3074 efficit
774 3016 979 3073 amicos
1021 3015 1139 3083 Dei,
1191 3026 1248 3070 et
1298 3013 1593 3085 prophetas
1636 3009 1940 3066 constituit.

349 3110 545 3167 Omnia
565 3112 704 3167 enim
732 3128 824 3182 per
845 3112 1017 3183 ipsum
1040 3109 1181 3180 facta
1205 3117 1345 3176 sunt,
1373 3117 1422 3163 et
1454 3109 1566 3163 sine
1597 3109 1710 3178 ipso
1743 3105 1944 3176 factum

346 3212 423 3259 est
451 3203 582 3260 nihil
605 3178 790 3277 (Joa‘n.
821 3178 883 3277 1).
916 3178 1071 3260 Unde
1110 3203 1349 3260 dicitur:
1383 3201 1575 3257 Omnia
1602 3202 1658 3255 in
1686 3200 1944 3271 sapientia
1972 3178 2017 3242 (ἶ

349 3295 537 3366 fecisti,
574 3297 706 3367 quia
735 3311 834 3369 per
876 3295 1074 3353 Filium
1105 3313 1285 3363 suum,
1328 3297 1431 3353 hoc
1456 3304 1564 3364 est,
1608 3296 1847 3352 Verbum
1880 3310 1946 3351 ac

351 3388 680 3460 sapientiam
706 3404 884 3456 suam,
909 3390 1094 3446 omnia
1118 3390 1263 3446 Deus
1284 3388 1432 3447 fecit.

428 3479 704 3536 Neminem
743 3482 883 3537 enim
911 3481 1082 3553 diligit
1110 3481 1277 3549 Deus,
1324 3483 1428 3539 nisi
1448 3500 1567 3538 eum
1595 3484 1687 3556 qui
1711 3499 1829 3537 cum
1856 3500 1947 3538 sa-

349 3572 550 3653 pientia
572 3572 855 3627 inhabitat.
886 3572 945 3628 Si
976 3574 1122 3629 Deus
1163 3574 1438 3631 neminem
1483 3572 1660 3647 diligit
1689 3572 1796 3629 nisi
1822 3588 1950 3629 eum

353 3664 450 3735 qui
487 3679 609 3719 cum
635 3664 902 3734 sapientia
942 3665 1232 3733 inhabitat,
1262 3666 1509 3736 profecto
1540 3680 1733 3721 omnes
1767 3664 1949 3721 stulti-

354 3754 446 3812 tia
470 3763 773 3812 sectatores
806 3756 940 3812 odit.
986 3756 1142 3814 Unde
1168 3767 1224 3814 et
1251 3758 1307 3813 in
1340 3758 1443 3813 hac
1469 3757 1739 3814 sententia
1772 3755 1952 3812 decla-

355 3856 530 3914 ratur,
556 3849 701 3919 quod
742 3849 920 3905 omnis
963 3850 1056 3921 qui
1093 3850 1210 3907 odit
1249 3850 1593 3920 disciplinam
1624 3848 1812 3921 gratia
1856 3846 1954 3903 Dei

355 3939 630 4013 particeps
654 3956 777 3998 esse
797 3957 906 3997 non
930 3942 1123 4013 possit,
1153 3942 1279 4015 quia
1322 3941 1474 4013 longe
1499 3949 1575 3998 est
1600 3940 1860 3995 Dominus
1886 3939 1953 3994 ab

355 4032 554 4104 impiis,
578 4042 627 4089 et
654 4034 744 4106 qui
777 4033 1159 4105 increpationes
1185 4033 1317 4101 odit,
1350 4032 1609 4089 morietur
1628 4028 1813 4104 (Prov.
1836 4028 1953 4101 xv).

360 4126 467 4183 Cor
503 4145 627 4200 ergo
673 4130 925 4201 sapientis
961 4133 1153 4202 quarit
1194 4131 1511 4198 doctrinam,
1560 4138 1609 4184 et
1651 4145 1798 4185 mens
1818 4128 1958 4200 justi

361 4220 701 4276 meditabitur
729 4222 1100 4279 obedientiam.
1127 4223 1233 4290 Qui
1261 4233 1437 4278 autem
1466 4222 1685 4293 conﬁdit
1711 4222 1770 4277 in
1801 4221 1958 4276 corde

361 4328 481 4379 suo,
507 4311 699 4369 stultus
722 4322 831 4381 est;
853 4324 903 4370 et
924 4317 1015 4387 qui
1036 4316 1280 4388 graditur
1302 4317 1566 4388 sapienter
1601 4317 1701 4372 iste
1725 4314 1959 4372 salvabi-

363 4412 452 4457 tur
476 4401 663 4474 (Prov.
695 4405 910 4479 xxvm).

2035 1893 2095 1948 lit
2128 1895 2185 1948 in
2227 1905 2443 1961 corpore
2489 1903 2586 1942 suo
2628 1899 2786 1954 super
2825 1881 3128 1953 lignum,ut-
3172 1874 3400 1946 peccatis
3439 1868 3633 1924 mortui

2026 1984 2255 2058 justitia:
2338 1982 2625 2038 viveremus
2653 2017 2670 2045 ,
2750 1973 2905 2045 cujus
2974 1970 3135 2027 livore
3212 1964 3391 2022 sanati
3454 1976 3633 2017 sumus

2038 2079 2090 2151 (Ι
2122 2079 2265 2134 Petr.
2300 2076 2364 2149 ιι)

2671 2186 2903 2247 CAPUT
2943 2185 3013 2241 ν.

2041 2292 2195 2361 Quod
2225 2289 2407 2345 eadem
2431 2285 2705 2361 sapientia
2744 2281 2956 2361 attingit
2984 2297 3017 2334 a
3056 2278 3161 2361 ﬁne
3188 2290 3353 2346 usque
3385 2271 3459 2327 ad
3486 2270 3640 2361 ﬁatut

2111 2362 2335 2434 fortiter,
2360 2367 2414 2434 et
2455 2351 2688 2434 disponit
2724 2351 2904 2434 omnia
2947 2351 3216 2434 suaviter;
3259 2352 3643 2434 qut-aquatum-

2109 2417 2426 2505 principales
2464 2417 2680 2505 virtutes
2727 2426 2916 2505 docet,.
2946 2423 3044 2477 hoc
3080 2427 3179 2486 est,
3208 2417 3551 2505 sobrietatem
3598 2421 3644 2493 et

2111 2482 2742 2574 sapientiamjustitiam
2775 2505 2822 2551 et
2868 2482 3112 2551 virtutem
3165 2482 3225 2544 et
3248 2485 3536 2558 participes
3564 2482 3647 2539 sui

2112 2570 2262 2647 efﬁcit
2284 2589 2394 2628 esse
2424 2570 2700 2643 gloriosos.

2114 2645 2266 2738 (Car.
2291 2662 2438 2735 vni.)
2477 2659 2700 2732 Attingit
2723 2674 2844 2731 ergo
2869 2674 2901 2712 a
2928 2656 3037 2726 ﬁne
3058 2668 3222 2725 usque
3250 2650 3320 2705 ad
3346 2648 3513 2719 ﬁnem
3540 2645 3650 2716 for-

2042 2735 2184 2826 titer,
2224 2766 2273 2813 et
2299 2754 2529 2828 disponit
2560 2752 2738 2808 omnia
2766 2750 3015 2805 suaviter.
3042 2742 3369 2816 Unigcnitus
3397 2754 3531 2810 ergo
3556 2735 3649 2792 Fi-

2044 2854 2151 2909 lius
2174 2851 2273 2907 Dei
2299 2858 2603 2907 coaternus
2634 2853 2691 2902 et
2717 2841 3010 2913 coaqualis
3046 2854 3145 2911 per
3169 2835 3357 2893 omnia
3402 2831 3559 2887 Patri
3597 2840 3651 2885 et

2046 2942 2274 3013 Spiritui
2306 2947 2517 2997 sancto.
2550 2938 2599 2993 A
2647 2937 2755 2992 fine
2778 2942 2950 3004 usque
2987 2931 3055 2987 ad
3094 2929 3284 3000 tinem,
3317 2927 3424 2983 hoc
3449 2930 3556 2989 est,
3584 2921 3653 2977 ab

2045 3044 2250 3093 ater-no
2287 3047 2463 3106 usque
2509 3032 2566 3087 in
2618 3037 2914 3094 aternum,
2976 3022 3195 3094 attingit
3236 3019 3477 3081 fortiter,
3526 3013 3655 3086 quia

2048 3128 2225 3183 virtus
2274 3132 2359 3181 est
2408 3122 2632 3189 Dei;et
2689 3118 2930 3191 disponit
2978 3114 3163 3172 omnia
3216 3110 3478 3173 suaviter,
3524 3106 3655 3178 quia

2050 3218 2194 3273 idem
2223 3215 2393 3287 ipsius
2422 3221 2509 3270 est
2542 3211 2828 3282 sapientia,
2863 3207 2956 3280 qui
2986 3208 3043 3264 in
3066 3202 3396 3287 Apocalypsi
3428 3198 3654 3256 Joannis
3728 3271 3735 3279 ν

2048 3310 2123 3366 ita
2152 3285 2271 3363 ait}
2304 3305 2416 3377 Ego
2462 3320 2579 3359 sum
2607 3301 2779 3374 Alpha
2834 3309 2881 3355 et
2924 3285 3147 3369 Omega,
3190 3294 3402 3349 initium
3428 3300 3481 3345 et
3508 3288 3655 3360 ﬁnis,

2050 3400 2176 3455 dicit
2206 3399 2466 3453 Dominus
2494 3395 2638 3451 Deus
2664 3394 2849 3466 (Apoc.
2878 3390 3015 3463 xxx).
3058 3388 3303 3453 Initium,
3330 3397 3495 3456 quem
3540 3378 3658 3435 nul-

2052 3494 2135 3549 lus
2164 3491 2441 3565 pracedit.
2472 3489 2647 3555 Finis,
2677 3487 2765 3544 cui
2792 3484 2974 3541 nullus
3002 3483 3057 3538 in
3089 3495 3259 3553 regno
3280 3475 3547 3541 succedit,
3568 3473 3659 3543 qui

2053 3595 2159 3652 est,
2204 3584 2298 3655 qui
2339 3591 2482 3647 erat,
2507 3589 2563 3638 et
2593 3589 2859 3637 venturus
2884 3588 2970 3633 est
2996 3573 3364 3645 omnipotens.
3394 3567 3501 3637 Qui
3530 3565 3658 3621 alibi

2053 3694 2152 3750 per
2183 3676 2517 3747 Prophetam
2560 3674 2640 3729 ait
2664 3690 2677 3727 :
2701 3673 2835 3727 Ante
2860 3687 2941 3726 me
2963 3685 3069 3725 non
3098 3676 3175 3723 est
3203 3665 3463 3735 formatus
3489 3661 3658 3726 Deus,

2055 3777 2104 3823 et
2128 3775 2242 3839 post
2278 3781 2360 3821 me
2386 3781 2491 3820 non
2521 3762 2620 3819 erit
2656 3760 2815 3834 (Isai.
2848 3759 3026 3830 xun).
3059 3756 3253 3823 Aliter,
3285 3750 3559 3825 sapientia
3580 3757 3661 3805 at-

2058 3858 2219 3931 tingit
2264 3875 2297 3913 a
2340 3857 2445 3928 ﬁne
2497 3870 2660 3927 usque
2688 3853 2759 3907 ad
2804 3852 2965 3923 ﬁnem
2992 3849 3192 3920 fortiter
3234 3861 3361 3903 cum
3391 3844 3463 3901 ab
3506 3841 3662 3908 initio

2058 3951 2353 4010 creationis
2381 3949 2588 4017 mundi,
2623 3961 2797 4018 usque
2822 3946 2892 4001 ad
2915 3944 3210 4001 adventum
3242 3937 3479 4005 Domini,
3509 3935 3662 3992 miri-

2059 4043 2163 4100 fica
2199 4042 2297 4099 Dei
2324 4056 2489 4113 Opera
2518 4047 2681 4111 atque
2713 4038 2929 4094 sincera
2951 4033 3148 4091 divina
3188 4032 3323 4103 legis
3344 4026 3661 4088 testimonia

2059 4152 2158 4210 per
2182 4136 2351 4193 Vetus
2379 4134 2792 4189 Testamentum
2819 4128 3038 4186 fortiter
3054 4125 3270 4193 asserit,
3296 4131 3352 4180 et
3378 4123 3448 4178 ab
3478 4121 3663 4177 incar-

2061 4232 2282 4290 natione
2319 4228 2485 4287 Verbi
2535 4243 2709 4299 usque
2741 4226 2808 4283 ad
2864 4225 3030 4281 tinem
3078 4220 3268 4279 mundi
3320 4217 3665 4275 dulcedinem

2062 4325 2370 4381 divinorum
2393 4321 2777 4378 mandatorum
2798 4333 2897 4389 per
2921 4314 3277 4388 Evangelium
3303 4309 3549 4368 suaviter
3573 4324 3665 4366 ex-

2065 4418 2236 4492 ponit.
2267 4415 2422 4474 Unus
2448 4429 2580 4486 ergo
2605 4422 2769 4484 atque
2800 4408 2944 4467 idem
2972 4405 3223 4465 conditor
3255 4412 3341 4460 est
3380 4401 3667 4473 utriusque

435 4495 535 4552 Est
555 4500 694 4554 enim
721 4499 834 4555 hac
861 4501 1144 4571 speciosior
1161 4501 1271 4558 sole
1298 4510 1349 4557 et
1371 4517 1530 4573 super
1550 4517 1757 4557 omnem
1784 4498 1944 4556 stella-

2065 4489 2421 4574 ;l‘estamenti,
2446 4504 2713 4563 mediator
2745 4500 3000 4559 videlicet
3029 4497 3127 4555 Dei
3157 4504 3213 4552 et
3237 4495 3546 4561 hominum,
3572 4489 3663 4563 qui

366 4606 487 4645 rum
519 4590 938 4662 dispositionem,
981 4592 1090 4648 luci
1133 4603 1437 4663 comparata
1461 4592 1725 4649 invenitur
1752 4592 1959 4662 purior.

370 4679 942 4752 Speciosioremjuxta
975 4682 1262 4738 historiam
1306 4682 1440 4738 dicit
1468 4696 1590 4739 esse
1634 4680 1962 4751 sapientiam

371 4771 486 4828 sole
524 4779 579 4828 et
613 4772 856 4827 omnium
900 4772 1139 4828 siderum
1184 4772 1470 4829 claritate:
1499 4772 1627 4843 quia
1664 4772 1966 4843 corporalis

371 4863 487 4930 lux,
512 4877 633 4933 qua
652 4863 772 4920 vice
787 4863 1027 4920 noctium
1056 4863 1427 4920 intercedente
1439 4864 1649 4920 variata
1672 4864 1966 4936 aliquando

374 4963 618 5027 apparet,
644 4955 936 5027 aliquando
968 4969 1098 5011 vero
1125 4954 1280 5021 latet,
1308 4956 1377 5012 ad
1407 4956 1706 5027 spiritalem
1741 4966 1797 5014 et
1835 4973 1964 5028 pcr-

373 5057 594 5119 petuam
638 5045 815 5103 lucem
867 5047 1147 5119 sapientia
1191 5056 1504 5117 comparata
1525 5090 1541 5115 ,
1586 5049 1679 5105 vix
1734 5064 1967 5119 parvum

375 5136 533 5207 quasi
561 5136 842 5208 cujusdam
880 5138 1132 5194 scintilla
1168 5140 1371 5196 habere
1399 5140 1617 5197 videtur
1648 5140 1917 5213 fulgorem
1949 5158 1964 5197 :

377 5228 507 5299 quia
534 5230 715 5286 omnis
753 5246 842 5288 res
879 5231 1196 5288 transitoria
1236 5249 1608 5304 permansura
1650 5235 1967 5304 assimilata,

377 5320 536 5391 quasi
555 5318 670 5389 jam
694 5336 806 5378 non
834 5337 956 5379 esse
982 5323 1200 5381 videtur
1238 5341 1361 5383 cum
1387 5327 1697 5384 atemitate
1738 5328 1975 5383 absumi-

379 5416 488 5464 tur.
516 5407 609 5465 Sic
635 5418 693 5466 et
720 5413 949 5484 mystice
986 5415 1210 5473 claritas
1256 5416 1537 5488 sapientia
1576 5418 1693 5486 Dei,
1741 5434 1861 5489 qua
1888 5427 1975 5476 est

381 5498 655 5568 Christus,
694 5505 763 5561 ad
811 5506 1151 5578 splendorem
1196 5509 1563 5581 quorumlibet
1615 5519 1927 5568 sanctorum
1954 5551 1972 5578 ,

382 5606 519 5661 quos
543 5593 633 5650 hic
656 5597 876 5654 nomine
895 5599 1027 5656 solis
1045 5608 1102 5655 et
1130 5600 1412 5657 stellarum
1436 5610 1730 5671 nuncupat,
1760 5602 1974 5658 assimi-

381 5681 493 5742 lata
518 5685 677 5761 longe
704 5694 1058 5761 transcendit,
1091 5695 1219 5765 quia
1264 5695 1354 5750 isti
1380 5695 1670 5751 mutabiles
1699 5704 1848 5761 sunt,
1884 5695 1975 5751 illa

385 5786 570 5840 autem
598 5797 813 5859 semper
837 5787 1216 5865 idem.manet.
1249 5788 1406 5860 Quod
1431 5787 1723 5849 Psalmista
1748 5789 1972 5850 intuens

1986 4549 2042 4611 D

2066 4606 2124 4660 in
2152 4604 2268 4676 lege
2292 4604 2378 4657 sui
2400 4601 2674 4665 timorem,
2699 4604 2756 4654 et
2776 4597 2833 4652 in
2857 4591 3153 4666 Evangelio
3173 4589 3257 4645 sui
3286 4601 3535 4643 amorem
3564 4584 3665 4641 ele—

2068 4694 2171 4750 ctis
2192 4674 2313 4749 suis
2356 4687 2776 4747 commendavit.
2826 4683 2982 4742 Unde
3029 4681 3305 4753 eleganter
3334 4674 3603 4748 sapientia
3633 4691 3664 4728 α

2067 4789 2175 4859 ﬁne
2199 4802 2362 4858 usque
2391 4784 2460 4839 ad
2505 4783 2667 4854 ﬁnem
2705 4780 2913 4851 fortiter
2951 4775 3243 4849 pertingere
3273 4769 3477 4826 dicitur
3501 4786 3515 4823 :
3545 4766 3664 4839 quia

2069 4855 2684 4949 ubique’consummata
2708 4880 2764 4927 et
2797 4866 3058 4942 perfecta
3084 4880 3205 4922 esse
3223 4860 3445 4919 virtutis
3468 4855 3663 4931 praedi:

2071 4948 2266 5034 catur;
2305 4969 2471 5024 ﬁnem
2500 4966 2647 5022 enim
2672 4978 2773 5036 pro
2800 4959 3136 5034 perfectione
3179 4954 3376 5030 sapius
3422 4952 3479 5008 in
3520 4948 3663 5006 Seri—

2069 5064 2247 5138 pturis
2295 5061 2536 5135 positum
2584 5057 2911 5123 invenimus,
2967 5062 3028 5110 ut
3080 5059 3166 5109 est
3206 5048 3337 5106 illud
3382 5042 3660 5119 Apostoli:

2073 5159 2226 5216 Finis
2256 5157 2501 5229 pracepti
2526 5164 2600 5211 est
2624 5153 2878 5219 charitas,
2894 5166 2960 5209 ea:
2983 5147 3142 5205 corde
3172 5161 3306 5218 puro
3327 5152 3378 5199 et
3403 5141 3666 5197 conscien-

2076 5255 2153 5310 tia
2199 5270 2357 5324 pura,
2398 5260 2447 5306 et
2489 5248 2592 5318 ﬁde
2638 5263 2743 5303 non
2790 5245 2915 5316 ﬁcta
2946 5241 3002 5317 (Ι
3029 5240 3167 5296 Tim.
3197 5237 3270 5310 ,1).
3309 5235 3378 5291 Et
3410 5247 3662 5291 rursum:

2078 5322 2232 5401 Finis
2274 5343 2402 5416 legis
2437 5352 2511 5398 est
2552 5340 2793 5396 Christus
2835 5338 2904 5392 ad
2949 5334 3210 5405 iustitiam
3253 5330 3396 5386 omni
3441 5322 3669 5384 credenti

2083 5439 2255 5512 (Rom.
2290 5436 2369 5509 κ).
2397 5435 2535 5491 Hinc
2555 5442 2612 5489 et
2637 5433 2692 5488 in
2721 5427 3013 5500 Evangelio
3035 5427 3151 5498 ipsa
3180 5424 3396 5481 Veritas
3418 5436 3545 5478 cum
3569 5419 3669 5475 duo

2081 5509 2351 5603 pracepta
2387 5525 2671 5583 charitatis
2699 5519 3225 5579 consummationem
3253 5514 3414 5587 Legis
3449 5521 3504 5569 et
3541 5509 3671 5567 Pro-

2084 5598 2367 5695 phetarum
2415 5618 2702 5673 ostendere
2731 5613 2908 5678 vellet,
2946 5609 3259 5682 legisperito
3285 5602 3567 5677 respondit
3594 5598 3670 5657 tli-

2084 5694 2213 5771 eens
2238 5731 2251 5767 :
2278 5712 2345 5766 In
2369 5699 2689 5766 his‘duobus
2715 5706 2981 5761 mandatis
3007 5703 3250 5758 universa
3276 5699 3386 5755 Lex
3410 5694 3598 5770 pendet
3622 5697 3671 5748 et

2084 5805 2364 5879 Propheta:
2386 5801 2604 5880 (Matth.
2644 5798 2805 5877 nn),
2845 5799 2953 5861 hoc
2996 5804 3104 5870 est,
3130 5796 3386 5855 universa
3421 5786 3668 5853 doctrina
