3882 6506
483 419 590 477 707

1132 417 1195 472 Β.
1234 413 1494 474 ΒΑΒᾹΝῙ
1532 414 1757 472 MAUBI
1794 413 2094 471 APCHlEP

2201 409 2470 468 [OGUN'L
2515 407 2804 468 omnem
2837 409 3039 468 rans'
3062 412 3106 467 ι.
3659 423 3738 483 τω

483 549 603 607 quae
628 535 694 590 de
717 529 956 602 paradisi
982 527 1135 585 fonte
1158 528 1482 602 procedunt,
1526 526 1876 600 vel,quatuor
1908 525 2086 582 Evan-
2113 530 2164 590 Α
2193 532 2324 587 mat,
2352 522 2443 593 qui
2469 537 2566 594 per
2590 523 2908 594 prophetam
2936 524 3012 578 ait
3035 541 3046 577 :
3084 523 3231 580 Ante
3259 537 3342 578 me
3371 539 3470 579 non
3495 537 3562 584 est
3585 534 3738 602 forma.

481 625 623 701 gelia
667 623 834 680 divini
880 637 1072 678 cursus
1104 628 1260 687 rotae,
1290 628 1527 691 quatuor
1571 627 1627 674 et
1657 619 1934 686 animalia,
1983 617 2084 672 alte

485 731 674 778 eorum
711 721 947 787 quatuor
995 729 1058 770 ac
1085 713 1274 780 facies,
1306 712 1626 784 dignitatern
1669 708 1832 780 hujus
1870 707 2086 764 numeri

485 811 699 870 abunde
727 810 1110 867 commendant
1136 827 1148 864 :
1179 818 1235 864 et
1262 808 1388 864 ideo
1416 808 1644 862 virtutes
1675 807 1792 862 istae
1819 819 1939 876 quze
1959 812 2084 858 tan--

481 917 598 963 tum
629 906 912 962 continent
933 903 1287 976 perfectionis
1323 904 1378 958 in
1407 916 1636 958 numero
1675 901 1910 957 sollicite
1948 913 2083 955 con-

481 1000 724 1056 siderare
762 999 1046 1066 debemus,
1103 1004 1367 1068 quantum
1405 995 1751 1052 sanctitatem
1799 993 2085 1051 conferant

485 1093 670 1148 animo
699 1090 1034 1158 Christiano,
1061 1098 1118 1146 et
1145 1105 1308 1160 quam
1339 1087 1474 1144 nihil
1514 1087 1866 1159 perfectionis
1896 1087 1969 1142 sit
1992 1101 2085 1142 us-

483 1198 650 1254 quam
686 1184 831 1255 quod
861 1183 916 1238 in
944 1183 1064 1238 istis
1089 1181 1380 1238 virtutibus
1428 1195 1537 1236 non
1567 1181 1656 1236 sit.
1687 1180 1823 1236 Nam
1865 1182 1910 1236 si
1952 1190 2087 1235 tem-

483 1279 738 1348 perantia
782 1277 912 1333 facit
941 1286 1356 1348 temperantem,
1401 1275 1690 1347 prudentia
1741 1275 2085 1347 prudentem,

477 1370 692 1440 justitia
728 1371 957 1442 justum,
991 1369 1252 1426 fortitudo
1302 1369 1518 1436 fortem,
1549 1383 1614 1425 eo
1658 1369 1748 1440 qui
1781 1377 2089 1438 temperan-

490 1475 592 1532 ter,
619 1464 853 1534 etjuste,
885 1460 1182 1536 prudenter
1231 1465 1342 1534 agit
1371 1478 1434 1518 ac
1469 1463 1702 1530 fortiter,
1743 1462 1928 1518 nescio
1959 1461 2091 1534 quid

486 1557 661 1628 possit
685 1569 806 1612 esse
841 1555 1156 1626 perfectius.
1189 1554 1377 1624 itaque
1405 1553 1619 1610 dillicile
1667 1555 1886 1626 quidem
1929 1555 2091 1610 nobis

494 1659 580 1706 est
607 1651 828 1705 nomina
853 1649 1138 1728 virtutum,
1169 1664 1290 1719 qum
1312 1664 1379 1704 ex
1403 1648 1509 1704 illis
1535 1655 1770 1720 quatuor
1787 1663 1924 1719 quas
1941 1647 2092 1720 prin-

488 1741 690 1815 cipales
721 1742 958 1798 diximus
1003 1740 1254 1798 eriuntur
1281 1741 1598 1807 ostendere;
1653 1741 1748 1796 sed
1797 1756 1920 1795 cum
1965 1753 2092 1810 pro-

484 1835 752 1907 prietates
776 1839 831 1890 et
858 1842 1014 1890 actus
1035 1848 1224 1889 earum
1257 1833 1524 1905 coeperint
1545 1833 1779 1904 aperire,
1805 1829 2092 1888 effectibus

2191 624 2276 670 tus
2305 614 2447 670 Deus
2473 624 2522 669 et
2550 625 2665 686 post
2697 632 2777 670 me
2806 632 2910 670 non
2943 616 3038 671 erit
3072 615 3220 689 (lsa.
3248 617 3432 689 xuii).
3460 619 3524 675 Et
3558 621 3605 678 in
3642 625 3740 684 Pro-

2191 706 2434 765 verbiis:
2476 705 2750 776 Dominus,
2782 707 2982 780 inquit,
3021 708 3270 780 possedit
3301 725 3385 764 me
3409 711 3550 767 initio
3585 716 3740 777 viarum

2191 816 2433 866 suarum,
2465 808 2746 872 antequam
2769 800 3056 872 quidquam
3089 800 3302 871 faceret
3348 819 3383 856 a
3407 804 3668 876 principio;
3693 811 3740 866 at

2193 904 2387 950 (eterna
2413 894 2660 949 ordinata
2698 910 2836 960 sum,
2869 905 2919 948 et
2958 911 3023 948 ex
3069 894 3341 966 antiquis,
3383 903 3637 969 antequam
3667 911 3741 956 ter-

2194 1002 2308 1042 ram
2335 987 2528 1058 faceret
2560 983 2740 1059 (Prov.
2773 985 2914 1058 vni).
2947 985 3014 1040 Et
3038 987 3180 1042 item
3219 1004 3232 1040 :
3266 985 3494 1052 Quando
3530 1005 3741 1062 prepara-

2194 1079 2280 1134 bat
2310 1079 2484 1146 caelos,
2519 1079 2776 1147 aderam;
2805 1079 3016 1152 quando
3043 1089 3194 1135 certa
3229 1079 3343 1152 lege
3381 1090 3430 1135 et
3467 1097 3584 1154 gyro
3617 1085 3740 1142 ualle.

2195 1173 2282 1228 bat
2307 1173 2544 1245 abyssos,
2566 1171 2776 1246 quando
2803 1173 2996 1228 (ethera
3019 1172 3282 1244 ﬁrmabat
3305 1187 3533 1244 sursum,
3556 1185 3598 1230 et
3619 1177 3740 1233 libra-

2196 1267 2282 1320 bat
2305 1265 2474 1335 fontes
2497 1281 2778 1337 aquarum,
2820 1265 3032 1338 quando
3059 1267 3439 1322 circumdabat
3471 1271 3596 1324 mari
3613 1273 3742 1330 tenni-

2197 1373 2320 1410 num
2350 1373 2524 1422 suum,
2553 1367 2600 1411 et
2631 1355 2792 1428 legem
2819 1357 2968 1428 aquis
3004 1356 3241 1427 ponebat
3270 1373 3336 1411 ne
3363 1359 3625 1415 transirent
3648 1362 3740 1431 ﬁnes

2195 1465 2338 1526 suos,
2369 1450 2582 1520 quando
2615 1449 2940 1521 appendebat
2989 1449 3353 1520 fundamenta
3407 1462 3551 1506 terrte
3589 1469 3680 1508 cum
3701 1471 3741 1509 co

2197 1557 2342 1594 etum
2388 1549 2576 1594 cuncta
2607 1555 2942 1610 componens,
2992 1550 3039 1592 et
3087 1539 3403 1594 delectabar
3448 1555 3533 1610 per
3565 1543 3740 1613 singulos

2198 1631 2328 1697 dies,
2373 1630 2557 1684 ludens
2617 1645 2796 1684 coram
2839 1645 2898 1684 eo
2949 1627 3169 1702 (Ibid).
3217 1629 3342 1702 Ipse
3395 1633 3494 1686 scit
3535 1634 3742 1689 versutus

2199 1737 2509 1778 sermonum
2530 1763 2545 1787 ,
2579 1730 2633 1775 et
2683 1721 3067 1777 dissolutiones
3117 1732 3582 1793 argumentorum,
3610 1727 3680 1795 qui
3703 1724 3740 1780 in

2198 1816 2492 1887 Evangelia
2517 1814 2812 1887 vdiscipulis
2844 1815 2958 1871 suis
2995 1815 3071 1871 ait
3105 1834 3118 1870 :
3168 1813 3291 1886 Ego
3340 1814 3476 1870 dabo
3512 1815 3630 1871 vobis
3651 1829 3741 1872 osa

485 1901 827 1997 singularum
866 1925 1098 1981 virtutes
1127 1940 1194 1981 ex
1236 1901 1436 1996 quibus
1464 1901 1706 1981 existant
1733 1925 1964 1980 forsitan
2003 1941 2094 1996 ap-

2201 1910 2534 1980 sapientiam,
2563 1910 2648 1963 cui
2679 1925 2783 1963 non
2807 1918 3048 1980 poterunt
3093 1909 3348 1964 resistere
3380 1917 3428 1962 et
3450 1910 3739 1965 contradicere

484 2016 718 2088 parebit.
749 2013 1138 2072 Verumtamen
1165 2015 1270 2071 hoc
1301 2016 1354 2072 in
1381 2017 1572 2088 primis
1607 2031 1767 2072 nosse
1809 2027 1863 2072 et
1907 2027 2096 2072 tenere

487 2107 766 2171 debemus,
799 2107 942 2178 quod
970 2108 1087 2164 istae
1115 2108 1344 2164 virtutes
1373 2116 1608 2180 quatuor
1635 2109 1721 2164 vel
1759 2123 1949 2164 omnes
1971 2123 2096 2178 quae

488 2199 556 2254 de
591 2197 698 2254 illis
743 2199 988 2254 existunt
1017 2201 1157 2256 dona
1197 2201 1307 2256 sint
1346 2199 1464 2268 Dei,
1507 2211 1562 2256 et
1593 2203 1740 2273 quod
1782 2201 1961 2257 nullus
1999 2216 2098 2258 eas

485 2293 706 2361 habeat,
759 2291 948 2349 habuit
997 2305 1092 2350 aut
1136 2294 1378 2357 habebit,
1413 2295 1518 2350 nisi
1549 2295 1636 2350 cui
1689 2295 1832 2350 Deus
1874 2297 1966 2366 qui
2007 2301 2096 2350 est

484 2383 748 2440 virtutum
796 2386 1040 2441 omnium
1096 2389 1402 2458 preprietas
1448 2396 1503 2442 et
1555 2389 1710 2460 origo
1759 2389 2092 2455 contulerit,

489 2477 748 2548 quoniam
780 2478 1090 2549 quicunque
1120 2494 1446 2550 quocunque
1476 2487 1722 2550 tempore
1750 2479 1805 2536 in
1850 2496 2096 2551 quacun-

488 2583 596 2639 que
617 2578 779 2640 gente
806 2569 861 2622 in
894 2567 1064 2624 Deum
1091 2570 1399 2636 credentes,
1429 2579 1482 2625 et
1509 2570 1613 2626 ﬁde
1645 2571 1918 2637 vixerunt,
1954 2569 2094 2626 illius

490 2661 634 2718 dono
662 2670 1032 2733 temperantes
1055 2671 1110 2717 et
1141 2661 1454 2732 prudentes,
1483 2663 1617 2732 justi
1649 2662 1734 2718 vel
1770 2659 1940 2718 fortes
1977 2662 2097 2718 fieri

491 2753 682 2824 utique
731 2760 1041 2825 potuerunt.
1073 2753 1176 2822 Qui
1227 2761 1408 2811 autem
1453 2756 1760 2812 nescientes
1795 2755 1964 2811 Deum
2011 2753 2098 2810 vel

487 2846 654 2903 etiam
697 2845 1145 2917 blasphemantes
1174 2847 1292 2902 sine
1338 2847 1450 2903 fide
1477 2847 1755 2914 vixerunt,
1798 2847 1934 2902 nihil
1976 2845 2096 2901 illa-

489 2949 616 2996 rum
638 2938 898 2994 virtutum
924 2954 956 2993 a
989 2935 1101 2994 D'eo
1123 2940 1372 3011 accipere
1392 2939 1478 2995 vel
1503 2939 1704 2996 habere
1723 2939 1963 3010 potuisse
1979 2955 2097 2994 cre-

491 3033 656 3094 dendi
688 3041 833 3091 sunt.
869 3033 1063 3091 Omnes
1092 3035 1231 3090 enim
1260 3034 1676 3101 declinaverunt,
1695 3035 1855 3090 simul
1885 3034 2095 3088 inutiles

489 3125 617 3198 facti
645 3133 790 3194 sunt;
817 3141 920 3182 non
955 3136 1028 3182 est
1059 3129 1149 3198 qui
1179 3127 1342 3196 faciat
1365 3126 1576 3190 bonum,
1607 3141 1710 3180 non
1735 3138 1810 3180 est
1837 3142 1999 3197 usque
2027 3125 2097 3180 ad

489 3231 654 3273 unum
677 3215 852 3292 (Psal.
874 3217 1016 3289 xm).
1056 3218 1125 3272 Et
1154 3217 1282 3273 licet
1301 3217 1595 3288 quamdam
1616 3217 1832 3287 pietatis
1859 3217 2097 3288 speciem

487 3305 694 3366 habere
743 3307 1094 3375 viderentur,
1153 3309 1414 3363 virtutem
1471 3316 1653 3364 tamen
1715 3309 1830 3380 ejus
1877 3293 2170 3378 penitusC

487 3393 898 3477 ignoraverunt,
955 3405 1082 3476 quia
1135 3406 1294 3462 subdi
1347 3405 1582 3460 creatori
1627 3420 1725 3460 suo
1784 3407 2093 3462 noluerunt.

493 3495 648 3553 Unde
677 3497 830 3552 varia
873 3507 1184 3553 scrutantes
1214 3503 1271 3553 et
1317 3511 1416 3569 per
1463 3497 1680 3553 diversa
1711 3498 2004 3568 quaerendo
2033 3515 2098 3554 ac

489 3588 816 3661 disputando
845 3591 1314 3658 tendentes,viam
1345 3593 1628 3662 sapientia:
1657 3593 2098 3660 nescierunt,ne-

490 3687 596 3750 que
645 3683 792 3736 viam
842 3681 1140 3754 disciplinae
1197 3692 1540 3750 invenerunt,
1584 3693 1876 3755 propterea
1921 3687 2100 3756 peric-

490 3780 640 3828 runt.
667 3773 734 3828 Et
760 3775 1017 3844 quoniam
1047 3791 1154 3830 non
1180 3775 1488 3831 habuerunt
1515 3777 1610 3832 Dei
1647 3777 1992 3847 sapientiam,
2024 3779 2102 3832 in-

495 3862 764 3920 terierunt
810 3875 1034 3936 propter
1079 3879 1236 3920 suam
1287 3867 1632 3937 sapientiam.
1688 3867 1831 3922 Deus
1877 3870 2015 3923 enim
2049 3877 2098 3924 et

493 3947 638 4009 Deus
663 3961 860 4022 noster,
895 3956 987 4027 qui
1021 3966 1098 4012 est
1122 3956 1242 4026 fons
1273 3959 1392 4012 vitio
1423 3967 1472 4013 et
1501 3959 1596 4012 lux
1637 3975 1777 4026 uera,
1812 3960 2022 4016 verbum
2051 3971 2099 4016 et

494 4045 660 4100 virtus
691 4054 740 4099 et
763 4047 1027 4117 sapientia
1049 4047 1173 4114 Dei,
1206 4047 1274 4101 ad
1305 4064 1460 4120 quem
1492 4047 1632 4102 alius
1661 4048 1838 4104 nullus
1869 4051 2102 4105 (estima-

495 4137 659 4204 θεων,
707 4154 872 4210 neque
901 4138 1092 4194 similis
1123 4141 1405 4208 invenitur,
1458 4140 1542 4194 hic
1588 4142 1852 4197 adinvenit
1895 4159 2099 4198 omnem

492 4228 632 4284 uiam
665 4228 976 4301 disciplinae,
1026 4240 1076 4286 et
1122 4232 1264 4286 dedit
1313 4230 1462 4286 illam
1501 4231 1670 4288 Iacob
1709 4251 1873 4305 puero
1899 4250 2018 4302 suo,
2050 4243 2099 4291 et

495 4317 669 4374 Israel
699 4319 889 4376 dilecto
916 4336 1032 4376 suo.
1064 4320 1195 4378 Post
1257 4323 1370 4379 haec
1394 4341 1554 4396 super
1587 4333 1784 4380 terram
1827 4328 1966 4382 visus
1999 4336 2094 4392 est,

495 4422 544 4468 et
570 4427 688 4468 curn
727 4414 1023 4471 hominibus
1054 4427 1390 4473 conversatus
1430 4427 1505 4473 est
1538 4417 1794 4491 (Baruch.
1826 4420 1932 4493 ιιι).
1962 4419 2098 4476 Pro—

492 4513 684 4578 pterea
721 4507 900 4563 omnis
926 4508 1134 4564 utilitas
1162 4506 1462 4581 disciplinae
1503 4518 1560 4566 et
1587 4511 1979 4583 intelligentiae,
2013 4528 2102 4568 sa-

492 4597 734 4670 pientia,
761 4598 1176 4670 prudentiaeque
1209 4599 1457 4657 doctrina
1493 4601 1562 4658 ad
1606 4601 1755 4656 illum
1807 4601 2099 4658 referenda

493 4697 597 4755 est,
637 4690 769 4761 quia
799 4703 950 4746 omne
975 4692 1159 4747 datum
1191 4693 1468 4766 optimum,
1497 4703 1545 4748 et
1574 4705 1728 4748 onine
1755 4693 1955 4748 donum
1980 4709 2100 4766 pcr-

493 4781 688 4853 fectum
729 4781 1005 4838 desursum
1043 4793 1140 4851 est,
1179 4783 1496 4840 descendens
1546 4801 1578 4838 ιι
1629 4783 1791 4839 Patre
1838 4783 2096 4841 luminum

496 4873 638 4945 (Jac.
675 4875 738 4948 ι).
775 4872 930 4934 Unde
959 4883 1014 4932 et
1047 4878 1333 4948 sequitur:

567 4967 636 5022 Et
665 4969 712 5023 si
734 4967 1120 5024 multitudinem
1145 4970 1374 5024 scientia:
1404 4969 1666 5024 desiderat
1697 4971 1817 5041 quis
1837 4972 1936 5026 scit
1959 4987 2096 5042 pra:-

493 5060 670 5127 terita,
719 5070 767 5116 et
795 5061 861 5116 de
891 5062 1087 5132 futuris
1136 5061 1398 5127 wstimat;
1449 5063 1545 5116 scit
1590 5063 1844 5118 versutias
1897 5079 2095 5118 sermo-

495 5159 696 5227 numet
743 5151 1114 5208 dissolutiones
1153 5162 1617 5222 argumentorum;
1662 5155 1813 5224 signa
1855 5165 1902 5209 et
1945 5170 2096 5210 mon-

492 5253 608 5300 atra
636 5244 733 5300 scit
763 5255 1043 5318 antequam
1065 5245 1220 5313 ﬁant,
1266 5255 1314 5298 et
1344 5257 1556 5301 eventus
1588 5259 1880 5318 temporum
1909 5260 1957 5303 et
1999 5265 2099 5305 ste-

492 5338 758 5396 culorurn.
791 5337 1134 5395 Manifestum
1167 5347 1250 5393 est
1277 5339 1421 5409 quod
1453 5347 1673 5395 aeternae
1699 5341 1888 5396 virtuti
1919 5351 1976 5397 et
2011 5358 2099 5398 sa-

495 5429 716 5502 pientiae
743 5429 864 5496 Dei,
895 5430 1124 5486 Domino
1173 5431 1427 5487 videlicet
1477 5441 1664 5488 nostro
1706 5431 1832 5490 Jesu
1879 5433 2099 5491 Christo

493 5519 680 5578 omnia
708 5527 950 5593 pateant,
982 5530 1142 5594 atque
1171 5523 1221 5579 ei
1252 5531 1446 5579 cuncta
1480 5525 1781 5595 possibilia
1812 5526 1946 5593 sint,
1994 5541 2096 5584 nec

497 5628 581 5680 est
609 5619 908 5693 quidquam
954 5621 1098 5693 quod
1127 5636 1251 5676 eum
1285 5621 1472 5689 lateat,
1522 5635 1696 5693 neque
1726 5623 1931 5695 aliquid
1960 5625 2096 5679 resi-

501 5721 646 5774 stere
684 5713 886 5784 poterit
910 5713 1174 5769 voluntati
1205 5712 1338 5783 ejus.
1373 5714 1479 5770 Sed
1525 5717 1709 5772 omnia
1755 5733 2094 5788 qurecuuque

503 5808 618 5864 vult
641 5805 772 5862 facit
802 5806 858 5862 in
890 5805 1027 5863 ccelo
1065 5815 1123 5862 et
1160 5806 1215 5861 in
1249 5814 1414 5875 terra,
1459 5809 1512 5862 in
1560 5811 1693 5863 mari
1743 5817 1794 5864 ct
1826 5809 1882 5864 in
1914 5812 2090 5865 omni-

501 5897 608 5980 bus
641 5898 879 5978 abyssis,
928 5899 1043 5974 ipse
1069 5901 1173 5959 scit
1199 5903 1474 5975 praeterita
1519 5911 1573 5959 et
1604 5904 1668 5960 de
1708 5901 1916 5977 futuris.
1946 5906 2090 5963 testi-

2203 2018 2380 2056 omnes
2415 1999 2708 2054 adversarii
2743 2001 2902 2054 uestri
2937 1999 3090 2072 (Luc.
3133 2001 3281 2072 χχι).
3314 2001 3433 2071 ipse
3476 2000 3608 2056 novit
3631 2001 3740 2072 signa

2201 2103 2256 2149 et
2292 2102 2536 2149 monstra
2578 2101 2868 2164 antequam
2913 2094 3067 2161 tiant,
3129 2102 3189 2149 et
3233 2103 3467 2150 eventus
3501 2101 3738 2164 temporum

2202 2198 2268 2239 ac
2309 2183 2675 2251 saeculorum,
2719 2185 2812 2254 qui
2857 2183 3062 2240 electos
3105 2199 3242 2241 suos
3285 2185 3354 2240 de
3415 2183 3596 2240 futuris
3628 2183 3740 2239 insti-

2202 2283 2362 2332 tuens
2403 2275 2657 2346 praedixit
2685 2275 2766 2331 eis
2805 2275 2960 2346 signa
3001 2283 3060 2331 et
3106 2275 3389 2348 prodigia,
3427 2289 3628 2347 qumque
3651 2287 3737 2329 ren-

2173 2373 2324 2432 ,tura
2352 2374 2514 2420 erunt
2559 2372 2685 2420 ante
2737 2364 2879 2420 diem
2915 2363 3108 2434 judicii
3145 2375 3206 2422 et
3241 2367 3533 2423 adventum
3559 2367 3738 2421 suamin

2201 2457 2519 2523 novissimo,
2544 2458 2621 2512 ita
2661 2457 2848 2513 dicens
2879 2475 2891 2510 :
2922 2457 3096 2512 Erunt
3123 2460 3282 2529 signa
3313 2460 3368 2513 in
3390 2457 3494 2513 sole
3518 2469 3563 2512 et
3593 2455 3739 2509 iuuari

2201 2547 2386 2616 stellis,
2419 2557 2468 2602 et
2503 2549 2557 2602 in
2589 2549 2744 2603 terris
2790 2563 3038 2620 pressura
3074 2551 3318 2620 gentiam
3363 2565 3471 2621 pra:
3499 2545 3738 2614 confusione

2200 2643 2403 2696 sonitus
2429 2641 2594 2695 maris
2623 2651 2669 2696 et
2697 2643 2973 2710 ﬂuctuum,
2995 2639 3364 2696 arescentibus
3387 2639 3649 2694 hominibus
3661 2647 3739 2708 pre

2201 2736 2389 2788 timore
2436 2742 2484 2788 et
2531 2733 2916 2804 exspectatione
2963 2750 3081 2804 quce
3139 2723 3512 2804 superveniunt
3555 2727 3738 2782 universo

2201 2825 2332 2880 orbi.
2369 2825 2510 2880 Nam
2541 2827 2760 2880 virtutes
2800 2825 3050 2882 caelorum
3080 2825 3452 2881 movebuntur.
3481 2820 3542 2875 Et
3565 2829 3666 2873 tunc
3691 2815 3733 2870 ri-

2200 2918 2396 2972 debunt
2431 2915 2600 2976 ﬁlium
2623 2917 2854 2972 hominis
2881 2917 3172 2972 uenientem
3203 2918 3263 2971 in
3291 2915 3508 2970 nubibus
3529 2909 3736 2972 cultrum

2200 3020 2452 3083 potestate
2477 3027 2670 3082 magna
2695 3019 2740 3065 et
2768 3011 3066 3082 majestate,
3084 3018 3142 3066 et
3166 3009 3380 3081 reliqua
3402 3001 3734 3077 (Mantum).

2274 3125 2537 3198 Proposui
2583 3143 2706 3198 ergo
2733 3127 2868 3182 hanc
2909 3123 3207 3197 adjungere
3251 3123 3383 3180 mihi
3429 3121 3493 3176 ad
3531 3118 3735 3174 consim-

2203 3218 2350 3283 dum,
2383 3219 2551 3272 sciens
2577 3217 2828 3288 quoniam
2853 3217 3264 3273 communicavit
3301 3229 3497 3270 mecum
3523 3212 3580 3266 de
3613 3207 3732 3270 bonis,

2201 3319 2247 3365 et
2279 3311 2377 3365 erit
2414 3309 2664 3364 allocutio
2695 3309 3028 3379 cogitationis
3063 3320 3111 3362 et
3157 3308 3310 3364 ειεξιἰὶ
3339 3307 3458 3361 mei.
3489 3303 3626 3360 Plura
3643 3312 3733 3352 nar-

2203 3418 2331 3457 rans
2360 3401 2440 3456 vir
2472 3401 2689 3472 sapiens
2716 3400 2785 3456 de
2815 3399 3111 3456 virtutibus
3161 3399 3476 3474 sapientiae,
3508 3388 3734 3450 novissime

2203 3495 2432 3565 subjecit
2461 3496 2578 3567 ejus
2605 3509 2664 3550 se
2709 3493 2956 3549 societati
2985 3493 3246 3565 conjungi
3282 3490 3593 3553 desiderare,
3633 3477 3734 3537 unde

2200 3585 2431 3642 haberet
2464 3583 2914 3650 consolationem,
2949 3592 3006 3641 et
3036 3585 3183 3640 taedii
3229 3583 3314 3640 sui
3341 3581 3657 3640 levationem;
3679 3572 3730 3626 ita

2203 3689 2258 3735 et
2284 3680 2512 3752 populus
2559 3679 2816 3736 Ecclesia:
2845 3680 2939 3749 qui
2979 3693 3107 3734 vere
3149 3693 3248 3734 rex
3279 3688 3336 3735 et
3367 3672 3606 3732 veraciter
3640 3679 3730 3737 pru-

2205 3775 2338 3829 dens
2379 3787 2501 3827 esse
2525 3771 2632 3828 dici
2666 3779 2868 3842 potest,
2899 3770 3024 3840 quia
3051 3769 3298 3826 ceelestis
3334 3767 3473 3839 regis
3494 3771 3545 3818 et
3581 3752 3730 3814 domini

2205 3863 2454 3918 membra
2482 3871 2628 3928 sunt,
2675 3861 2890 3918 dicente
2937 3861 3181 3933 apostolo
3226 3859 3430 3916 Petro:
3479 3851 3568 3908 Vos
3601 3855 3729 3902 autem

2203 3955 2328 4008 estis
2365 3970 2528 4025 genus
2555 3953 2799 4018 electum,
2846 3957 3020 4023 regale
3048 3953 3424 4016 sacerdotium,
3449 3961 3559 4019 gens
3577 3945 3728 4000 saucia.

2203 4045 2426 4118 populus
2451 4045 2814 4116 acquisitionis
2847 4043 2934 4119 (Il
2961 4041 3226 4119 Pen-.11),
3261 4036 3727 4102 communicationem

2206 4141 2402 4198 divinae
2435 4156 2491 4196 sa
2497 4139 2714 4212 pientiaa
2735 4139 2988 4196 videlicet
3011 4139 3226 4196 Domini
3247 4135 3374 4195 Jesu
3397 4129 3579 4191 Christi
3595 4122 3729 4222 seira-

2203 4233 2335 4292 bere
2357 4233 2680 4305 congaudet,
2706 4241 2760 4290 et
2787 4233 2842 4288 in
2877 4233 3050 4304 ipsius
3075 4235 3330 4305 amplexu
3355 4240 3507 4301 atque
3540 4217 3727 4279 convivio

2206 4335 2434 4408 spiritali
2456 4334 2659 4407 jugiter
2681 4348 2904 4390 manere
2929 4333 3187 4400 delectat,
3212 4347 3370 4404 quem
3411 4323 3664 4408 piissimum
3682 4323 3728 4367 π

2205 4407 2659 4499 benignissimum
2699 4441 2820 4482 esse
2860 4426 3032 4490 novit,
3085 4436 3140 4482 et
3187 4428 3446 4483 donorum
3485 4407 3722 4472 εωὲεειὶιιω

2207 4519 2637 4589 dispensatorem
2670 4517 3060 4590 largissimum.
3107 4517 3264 4576 Unde
3313 4516 3450 4572 idem
3483 4509 3531 4563 in
3573 4502 3724 4590 Δροαῖ

2207 4583 2345 4682 ῙΥΡέί
2380 4613 2556 4667 sancti
2619 4583 2848 4668 Joannis
2893 4611 3136 4683 loquitur
3163 4612 3390 4668 dicens:
3415 4605 3540 4661 Ecce
3577 4604 3638 4651 sto
3673 4583 3724 4641 ad

2207 4703 2399 4758 ostium
2422 4711 2470 4757 et
2489 4701 2675 4774 pulso;
2705 4704 2752 4757 si
2777 4703 2895 4774 quis
2923 4703 3153 4758 audierit
3183 4717 3354 4758 vocem
3376 4708 3547 4759 meum:
3581 4694 3619 4741 ⁸⁸

2209 4795 2372 4849 ruerit
2387 4770 2639 4865 januam,
2670 4770 2898 4850 introibo
2921 4795 2991 4850 ad
3013 4791 3264 4862 illum,et
3302 4787 3497 4848 carnalia
3527 4793 3622 4836 cum
3639 4770 3718 4872 illi.

2207 4894 2253 4940 et
2282 4887 2390 4956 ipse
2435 4901 2658 4940 mecum.
2709 4885 2816 4953 Qui
2841 4886 3020 4941 uicerit
3045 4885 3182 4941 dabo
3221 4887 3269 4942 ei
3295 4881 3464 4940 sedere
3493 4881 3655 4930 mecum
3679 4875 3718 4916 ιη

2207 4977 2396 5054 throno
2418 4993 2556 5045 meo,
2591 4977 2725 5032 sicut
2751 4987 2800 5033 et
2822 4995 2916 5050 ego
2954 4979 3074 5046 vici,
3116 4989 3165 5034 et
3192 4978 3302 5034 sedi
3333 4989 3442 5031 cum
3480 4965 3717 5054 Patrem?

2207 5069 2262 5124 in
2291 5053 2478 5124 δινοηο
2501 5069 2618 5140 ejus
2633 5069 2820 5142 (Apoc.
2837 5049 2942 5143 tu).
2959 5069 3146 5128 Potest
3165 5081 3220 5126 et
3251 5071 3338 5126 hic
3361 5067 3500 5122 locus
3516 5057 3574 5112 ad
3590 5049 3716 5143 Viri“

2207 5174 2334 5215 nem
2366 5159 2462 5216 Dei
2512 5161 2832 5232 genitricem
2879 5142 3100 5231 referri,
3144 5179 3265 5235 quae
3293 5153 3590 5232 propositum
3613 5142 3716 5235 ill-50

2203 5251 2414 5308 habens
2443 5253 2766 5310 castissima:
2811 5255 3138 5327 virginitatis
3165 5255 3356 5312 meruit
3389 5246 3562 5305 divina:
3595 5227 3714 5327 Vtri”

2201 5345 2424 5400 virtutis
2470 5345 2773 5413 fecundari,
2821 5362 2887 5403 ac
2900 5325 3230 5419 generando
3264 5344 3356 5402 Dei
3382 5337 3555 5396 Filium
3583 5325 3634 5381 ad
3653 5333 3716 5420 εξ·

2201 5435 2370 5493 lutem
2403 5440 2627 5494 humani
2676 5439 2892 5511 generis
2931 5439 3296 5496 celeberrimae
3319 5431 3476 5492 laudis
3507 5422 3712 5497 ρηεθοωθ

2203 5533 2271 5588 ab
2312 5534 2564 5590 omnibus
2594 5533 2866 5590 venerari.
2899 5531 3052 5591 Unde
3075 5542 3131 5591 et
3154 5535 3268 5608 ipsa
3294 5534 3345 5588 in
3379 5523 3564 5586 cantico
3583 5511 3713 5568 Ενειη·

2201 5623 2326 5698 gelii
2371 5625 2502 5680 dicit
2529 5645 2540 5678 :
2587 5625 2725 5690 Quia
2771 5628 2992 5696 respexit
3022 5625 3368 5681 humilitatem
3397 5609 3572 5673 ancilia-
3599 5609 3706 5698 ειιιξν

2201 5736 2316 5774 ecce
2337 5719 2474 5772 enim
2507 5735 2570 5772 ex
2598 5719 2694 5773 hoc
2741 5720 2945 5774 beatam
2977 5737 3056 5774 me
3090 5719 3261 5775 dicent
3299 5726 3460 5772 omnes
3481 5699 3709 5779 generatio-

2202 5829 2290 5866 nes
2332 5811 2482 5884 (Luc.
2512 5811 2572 5882 ι).
2616 5811 2714 5866 Cui
2742 5814 2906 5870 etiam
2933 5814 3053 5870 voci
3077 5801 3396 5870 concordant
3435 5811 3534 5874 quae
3555 5791 3598 5848 in
3631 5781 3702 5842 hoc

2200 5905 2320 5964 loco
2352 5903 2465 5976 subj
2475 5915 2716 5981 unguntu
2726 5923 2768 5964 ι’.
