3882 6470
68 370 160 430 799
850 355 1207 415 COMMENT.
1247 355 1314 412 IN
1353 354 1614 412 IilBRUM
1657 352 2069 411 SA‘PIEN'I‘IA‘J.
2106 383 2180 396 —
2211 352 2340 409 LIB.
2383 350 2447 409 II.
3210 348 3317 407 710

112 478 681 551 Habeboprepternanc
696 475 1069 532 claritatemad
1084 475 1350 541 turbas,et
1364 475 1611 529 honorem
1640 476 1695 538 Α
1719 474 1880 530 nibus
1933 471 2186 545 gentibus
2254 470 2528 541 copiosam
2574 467 2793 526 turbam
2857 481 2971 526 sum
3016 464 3321 542 disciplina

61 579 174 654 τραό
205 576 427 631 seniores
478 571 687 641 juvenis
715 589 732 626 :
756 580 804 626 et
846 580 1032 626 acutus
1056 571 1295 625 inveniar
1316 570 1369 624 in
1384 570 1614 640 judicio,

61 684 92 731 et
126 673 174 725 in
206 675 477 736 conspectu
514 664 802 732 potentium
839 662 1170 719 admirabilis
1204 679 1325 730 ero,
1369 671 1417 717 et
1456 662 1617 731 facies

61 762 325 830 orincipum
352 754 689 827 mirabuntur
708 770 811 809 me.
846 752 1120 810 Tacentem
1151 770 1231 807 me
1256 752 1582 808 sustinebunt
1600 793 1616 818 ,

62 866 92 912 et
104 856 385 924 loquentem
402 865 484 903 nte
504 849 796 919 respicient,
821 858 869 902 et
890 848 1325 903 sermocinantem
1346 862 1429 902 me
1439 845 1616 917 plura,

61 961 225 1002 manus
257 943 452 996 ariisao
475 942 760 1011 imponent.
790 938 1027 1011 Virginis
1052 939 1198 994 enim
1226 946 1415 1010 partus
1436 940 1615 995 omni-

61 1050 141 1098 bus
168 1036 374 1095 seculis
402 1035 613 1091 exstitit
646 1034 1026 1100 admirandus,
1058 1034 1151 1103 qui
1196 1034 1265 1089 ad
1306 1033 1521 1089 ruinam
1563 1042 1620 1091 et

62 1131 110 1188 Id
138 1126 580 1186 resurrectionem
606 1125 934 1193 multorum,
971 1124 1129 1195 juxta
1158 1127 1303 1183 beati
1346 1126 1619 1184 Simeonis

61 1236 241 1287 vocem,
271 1218 523 1283 advenit,
562 1216 699 1273 etin
730 1217 945 1288 signum
994 1219 1080 1273 cui
1123 1218 1616 1274 contradicebatur.

61 1317 118 1371 De
143 1329 245 1385 quo
265 1320 320 1368 et
360 1327 458 1382 per
485 1311 678 1367 Isaiam
710 1312 909 1368 dicitur
935 1330 947 1365 :
984 1312 1162 1368 Radix
1188 1300 1369 1377 leue,
1395 1315 1484 1385 qui
1515 1322 1619 1368 stat

62 1408 95 1458 τη
115 1400 660 1475 signumpopulorum,
678 1419 834 1473 super
856 1420 1178 1474 quemreges
1200 1404 1536 1460 continebunt
1561 1423 1629 1460 os,

61 1518 189 1555 munt
208 1540 222 1565 ,
250 1500 412 1566 ipsum
440 1506 619 1567 gentes
647 1497 1088 1567 deprecabuntur,
1118 1506 1169 1552 et
1197 1498 1295 1552 erit
1318 1497 1618 1569 sepulcrum

61 1593 148 1664 ejus
196 1589 477 1660 gloriosum
528 1588 665 1659 (Isa.
720 1588 819 1659 χι).
853 1587 1027 1644 Aliter
1081 1597 1256 1645 eteius
1305 1598 1629 1647 sanctorum

60 1685 307 1739 tectorum
322 1680 839 1736 doctriaarimbutus
858 1679 1177 1746 Salvatoris.
1199 1689 1255 1737 et
1272 1697 1370 1752 per
1386 1682 1621 1753 gratiam

59 1772 203 1829 sancti
236 1771 471 1841 Spiritus
495 1771 848 1838 illuminatus,
875 1772 1189 1831 claritatem.
1209 1775 1373 1831 habet
1399 1776 1477 1831 ad
1498 1785 1621 1833 tur-

1722 563 2079 619 servatricem
2113 562 2406 617 habebunt.
2434 562 2589 619 Unde
2607 569 2663 618 et
2687 561 2962 633 sequitur:

1792 656 2082 727 Disponam
2105 653 2342 725 populos,
2372 663 2420 709 et
2446 656 2687 710 nationes
2708 655 2837 710 mihi
2859 662 3015 710 erunt
3040 653 3312 725 subjectis.

1725 748 2001 805 Timebunt
2029 765 2110 802 nte
2139 744 2574 819 audientes'reges
2600 748 2871 814 horrendi,
2897 749 2954 803 in
2979 746 3325 804 multitudine

1722 845 1941 899 ﬁdelior
1963 844 2125 898 bonus
2145 884 2160 909 ,
2205 844 2335 898 etin
2367 843 2498 898 bello
2530 843 2703 914 fortis.
2738 843 3327 915 Disponunbdocteres

1721 939 1897 994 sancti
1926 939 2172 1009 populos,
2205 948 2261 993 et
2290 939 2543 994 nationes
2568 937 2677 994 sibi
2704 938 2981 1010 subjectus
3003 937 3321 1009 disciplina-

1721 1030 1853 1087 llter
1874 1031 2061 1087 vivere
2087 1031 2363 1099 erudiunt,
2393 1030 2612 1103 quando
2635 1030 2801 1103 Legis
2833 1038 2901 1086 ett
2915 1030 3327 1101 Prophetarum

1723 1126 2035 1181 testimonia
2073 1125 2177 1180 illis
2202 1126 2522 1196 exponendo
2545 1125 2827 1195 aperiunt,
2852 1132 2921 1181 et!
2939 1124 3110 1180 sacris
3133 1124 3317 1180 Evan-

1722 1218 1847 1288 gelii
1895 1219 2052 1274 dictis
2082 1233 2183 1273 eos
2204 1218 2429 1274 obedire
2454 1217 2689 1284 faciunt,
2722 1232 2823 1273 nec
2854 1218 2975 1289 jam
3010 1232 3109 1288 per
3131 1218 3321 1272 varias

1723 1318 1907 1367 sectas
1934 1310 2253 1366 vacillantes
2298 1310 2449 1365 abire
2478 1313 2697 1379 sinunt,
2747 1310 2999 1367 sed'ﬁ‘dei
3032 1310 3325 1366 veritatem

1723 1410 1779 1456 et
1822 1401 2086 1457 doctrinae
2121 1403 2490 1460 sinceritatem
2518 1405 2575 1459 in
2622 1403 2874 1459 omnibus
2915 1416 3135 1459 servare
3164 1416 3318 1459 com-

1721 1492 1950 1564 pellnnt,
1982 1493 2179 1563 quibus
2205 1493 2373 1548 etiam
2398 1501 2454 1550 et
2494 1494 2593 1565 ipsi
2625 1502 3003 1567 persecutores
3046 1494 3208 1562 suavi,
3255 1510 3324 1551 ac

1725 1587 2294 1656 reges-horrendivieti
2310 1588 2796 1659 eorum-patientia:
2814 1590 3010 1645 cedere
3031 1595 3316 1660 coguntur,

1723 1678 1859 1747 quia
1882 1679 2134 1749 potentiae
2154 1678 2376 1745 Christi,
2415 1693 2536 1749 quas
2564 1678 2619 1737 in
2650 1679 2729 1734 cis
2769 1679 3002 1734 virtutes
3031 1685 3312 1749 operatur,

1723 1769 1872 1825 milia
1895 1770 2057 1825 modo
2080 1770 2335 1825 resistere
2350 1768 2551 1835 valent,
2581 1770 2672 1839 qui
2702 1769 3067 1839 in’Evangelio
3089 1768 3323 1840 discipu‘
3400 1808 3405 1813 .

60 1883 154 1931 ias,
184 1881 302 1923 cum
329 1866 689 1938 Evangelium
720 1866 1063 1937 praedicando
1085 1876 1142 1922 et
1170 1868 1467 1924 virtutibus
1492 1883 1621 1923 ver-
1650 1844 1703 1907 Β
1726 1861 1795 1918 lis
1816 1861 2065 1917 suis'ait-z
2103 1861 2173 1915 In
2185 1862 2385 1915 mundo
2402 1862 3013 1931 pressuramhabbbitis:,
3036 1863 3131 1918 sed
3147 1863 3322 1932 conﬁne

60 1975 158 2015 tum
183 1959 737 2015 Dei-commendando
766 1960 1063 2016 electorum
1094 1977 1161 2016 ex
1191 1961 1446 2019 omnibus
1486 1978 1621 2033 gen—

60 2054 173 2109 ibus
199 2052 263 2109 ad
306 2050 489 2109 ﬁdem
522 2050 618 2106 Dei
665 2061 931 2108 convocat
978 2052 1403 2109 multitudinem.
1446 2052 1624 2110 Ilabet

60 2159 283 2202 tenorem
303 2145 444 2215 apud
472 2143 718 2201 seniores
739 2160 863 2200 cum
888 2145 1227 2215 principatus
1248 2154 1305 2202 et
1322 2155 1627 2217 potestates

60 2238 186 2293 iSlIlIS
208 2235 387 2291 mundi
414 2236 642 2307 subiicit
667 2236 916 2305 religioni
936 2236 1288 2302 Christiana};
1317 2237 1433 2293 sive
1455 2239 1623 2295 etiam

60 2336 179 2391 ,utta
220 2343 500 2400 anagogan
527 2327 694 2383 habet
718 2329 980 2384 honorem
1024 2330 1165 2400 apud
1190 2329 1468 2397 seniores,
1496 2346 1622 2387 cum

59 2421 343 2493 patriarchis
393 2436 459 2475 ac
512 2422 797 2491 prophetis
818 2419 1066 2490 jungitur
1096 2422 1152 2476 in
1190 2436 1355 2492 regno
1386 2422 1619 2479 cailesti.

59 2514 325 2571 laveniset'
361 2520 561 2569 acutus
606 2513 880 2569 invenitur
910 2513 966 2567 in
1005 2510 1236 2580 judicio,
1265 2529 1392 2569 cum
1438 2514 1623 2569 omnia

59 2607 316 2665 secundum
341 2607 485 2678 legis
510 2606 607 2661 Dei
632 2605 895 2661 discernit
913 2614 1080 2675 atque
1108 2605 1368 2675 diiudicat
1386 2608 1622 2663 sanctio-

59 2716 172 2758 nem.
198 2701 262 2755 Et
279 2701 337 2756 in
354 2686 665 2770 conspectu
684 2700 1089 2770 potentiumest
1106 2700 1462 2767 admirabilis,
1496 2690 1623 2757 cum

59 2809 186 2865 reges
210 2803 364 2851 terra:
405 2802 462 2849 et
516 2794 789 2865 principes
817 2801 1047 2864 stupent
1065 2795 1149 2849 ad.
1181 2795 1625 2865 praedicationem

59 2885 328 2956 Evangelii,
372 2893 427 2940 et
453 2885 729 2940 mirantes
756 2886 1172 2951 reverebantur,
1204 2885 1627 2956 loquentemque

59 2977 337 3048 respiciant,
368 2992 433 3034 ac
483 2977 786 3047 disputanti
817 2979 1074 3034 resistere
1094 2994 1203 3036 non
1236 2978 1418 3035 valent
1437 3021 1452 3046 ,
1479 2981 1627 3050 quod

59 3069 316 3138 sepissime
364 3069 623 3125 evenisse
647 3109 663 3135 ,
729 3069 832 3125 sub
880 3068 1030 3124 Novo
1081 3070 1430 3126 Testamento
1490 3071 1627 3127 liber

58 3164 261 3220 Aetnam
302 3163 773 3234 apostolorum‘et
818 3170 1131 3220 sanctorum
1172 3172 1473 3235 martyrum
1496 3178 1626 3234 pas-

57 3254 550 3311 siones'testantur.
602 3254 759 3313 Unde
806 3255 858 3309 in
906 3256 1167 3325 praedicto
1209 3256 1346 3311 libro
1398 3257 1622 3328 legitur,

57 3348 195 3417 quod
224 3348 557 3418 maiestate
589 3347 752 3403 Petro
798 3348 951 3404 ﬁeret
1005 3350 1148 3403 omni
1203 3349 1394 3404 animo!
1444 3349 1621 3404 timor.

59 3436 206 3493 Multa
232 3455 427 3510 quoque
476 3438 728 3509 prodigia
773 3447 823 3494 et
851 3441 1001 3509 signa
1030 3455 1121 3509 per
1145 3439 1407 3508 apostolos
1429 3440 1623 3509 fiebant

57 3530 101 3584 in
148 3528 460 3597 Jerusalem,
519 3540 568 3585 et
614 3540 791 3587 metus
830 3541 941 3586 erat
988 3548 1213 3602 magnus
1260 3534 1317 3587 in
1370 3535 1626 3590 uniuersis

57 3622 172 3693 (Act.
202 3624 267 3691 1);
302 3624 577 3681 Similiter
606 3623 660 3677 in
688 3624 880 3679 eodem
905 3622 1045 3679 libro
1073 3632 1349 3688 narratur,
1390 3625 1534 3694 quod
1565 3625 1625 3680 hi

57 3717 129 3785 qui
151 3717 495 3788 disputabant
512 3732 637 3773 cum
664 3716 966 3787 Stephano,
996 3733 1100 3771 non
1121 3726 1365 3788 poterant
1386 3719 1627 3773 resistere

57 3809 368 3878 sapientia-et
422 3809 643 3880 spiritui
682 3810 772 3881 qui
818 3808 1128 3879 loquebatur
1175 3809 1312 3881 (Act.
1346 3809 1442 3881 v1).
1492 3811 1626 3865 Item

57 3896 225 3957 Saulus
269 3910 563 3972 postquam
613 3901 670 3957 in
720 3902 988 3957 Damasoo
1032 3901 1244 3957 Anania
1297 3903 1631 3973 praedicante

57 3993 268 4062 percepit
294 3993 454 4053 ﬁdem
484 3992 588 4049 Dei
617 4000 675 4047 et
720 3993 1037 4062 baptizatus
1058 4002 1144 4049 est
1168 4033 1182 4060 ,
1228 3995 1402 4065 magis
1428 4010 1629 4049 conva-

58 4081 277 4140 leeoehat»
310 4095 367 4143 et
412 4084 784 4142 confundebat
831 4082 1048 4140 Iudaeos
1077 4124 1092 4150 ,
1155 4086 1247 4155 qui
1308 4085 1630 4141 habitabant

57 4170 297 4241 Damasci,
325 4176 597 4247 aﬂ'irmans
622 4176 874 4246 quoniam
899 4175 982 4230 hic
1010 4185 1086 4230 est
1112 4173 1373 4241 Christus,
1395 4176 1627 4244 fiducia-

57 4263 334 4339 literagem
376 4270 437 4325 in
492 4268 703 4323 nomine
754 4267 854 4322 Dei
883 4268 1021 4339 (Act.
1071 4267 1170 4338 ιι).
1218 4268 1368 4324 Idem
1411 4283 1631 4338 quoque

58 4359 319 4427 apostolus
352 4362 481 4416 dum
511 4359 838 4431 praedicaret
884 4360 939 4413 in
970 4358 1147 4415 insula
1181 4356 1358 4429 Cypro
1400 4360 1628 4414 verbum

58 4448 165 4519 Dei,
214 4460 266 4508 et
317 4455 391 4509 ibi
447 4453 727 4509 inveniret
744 4452 1275 4524 pseudoprophetam
1317 4449 1628 4508 Iudaeorum

57 4548 139 4600 cui
173 4561 360 4603 nomen
387 4556 512 4605 erat
546 4547 779 4603 Barhieu
804 4588 819 4613 ,
852 4547 944 4617 qui
989 4557 1108 4602 erat
1136 4562 1261 4602 cum
1305 4545 1628 4617 proconsule

58 4634 224 4710 Sergio
263 4639 430 4695 Paulo
455 4640 575 4695 viro
600 4639 901 4709 prudente,
951 4639 1097 4693 hunc
1122 4654 1248 4693 cum
1272 4638 1629 4709 comperisset

58 4730 287 4787 resistere
323 4732 427 4789 sibi
454 4774 469 4798 ,
523 4738 588 4787 et
635 4731 927 4800 increpans
964 4730 1290 4799 perculisset
1341 4730 1624 4795 caecitate,

57 4824 468 4894 moxproeonsul,
491 4841 612 4878 cum
638 4824 851 4878 vidisset
868 4823 1087 4893 factum,
1112 4821 1335 4879 credidit
1356 4823 1629 4879 admirans

57 4928 191 4983 super
217 4916 461 4972 doctrina
490 4916 707 4973 Domini
735 4917 875 4987 (Act.
911 4915 1057 4987 xm).

116 5090 392 5166 Propterea
434 5097 725 5169 habeoper
766 5099 904 5153 hanc
930 5099 1409 5163 immortalitatem,
1443 5108 1489 5153 et
1527 5115 1635 5153 me-

58 5189 255 5243 moriam
282 5201 540 5246 internum
582 5192 677 5247 his.
708 5194 800 5263 qui
834 5204 1057 5263 postme
1105 5193 1273 5262 futuri
1310 5202 1430 5247 sunt
1475 5192 1637 5247 retin.-

58 5293 216 5345 φησι».
277 5282 753 5339 [mortalitatem
811 5285 1017 5339 habent
1072 5284 1281 5349 sancti,
1325 5284 1453 5354 quia
1510 5283 1635 5339 ﬁdei

58 5370 267 5429 veritate
302 5375 590 5440 instructi,
640 5384 707 5429 et:
730 5376 784 5429 in
815 5376 1084 5431 charitate
1105 5375 1287 5430 divina
1312 5373 1538 5429 radicati
1579 5382 1636 5428 et

62 5457 246 5520 fundati
270 5508 286 5534 ,
312 5465 425 5535 jam
462 5483 557 5538 spe
586 5468 1012 5523 immortalitatis
1039 5467 1231 5523 futurae
1262 5474 1389 5522 sunt
1413 5466 1638 5537 partici—

63 5567 161 5619 Pes.
185 5567 237 5612 et
259 5560 314 5614 in
334 5561 680 5616 documentis
705 5577 853 5617 sanie
873 5561 1155 5626 doctrinae,
1181 5569 1343 5629 atque
1368 5559 1635 5612 bonorum

66 5660 266 5714 operum
311 5654 573 5723 exemplis
622 5669 745 5709 cum
774 5656 1033 5710 virtutum
1067 5652 1355 5715 fructibus,
1391 5652 1639 5705 venturis

69 5749 172 5804 lmst
216 5758 274 5799 se
327 5749 769 5816 generationibus
823 5747 1138 5801 memoriam
1201 5745 1413 5799 beatam
1468 5744 1636 5798 relin-

71 5841 217 5890 Went
238 5878 254 5905 ,
296 5849 351 5896 et
383 5841 578 5897 merito
600 5842 725 5913 quia
750 5840 984 5899 ﬁdelium
1008 5837 1395 5910 discipulorum
1424 5851 1491 5892 ex
1518 5850 1638 5891 om-

1725 1954 1852 2022 dite,
1906 1954 2175 2025 quia-vici
2200 1954 2591 2025 ego-mandunt-
2630 1952 2810 2026 (Joa-n.
2856 1953 2990 2026 xw).
3024 1952 3091 2009 Et
3138 1954 3269 2010 item
3304 1971 3318 2007 :

1726 2035 1986 2111 Fortior,
2048 2046 2263 2116 inquit,
2310 2055 2383 2100 est
2427 2047 2515 2116 qui
2546 2046 2603 2100 in
2649 2045 2796 2100 vobis
2819 2055 2922 2112 est,
2962 2060 3125 2117 quam
3148 2047 3239 2117 qui
3267 2046 3326 2101 in

1727 2138 1928 2192 mdo
1955 2147 2049 2192 est.
2085 2138 2235 2193 Unde
2262 2152 2479 2208 quoque
2507 2137 2609 2208 ipsi
2626 2137 2682 2192 in
2710 2138 3056 2194 multitudine
3082 2138 3325 2195 ﬁdelium

1726 2230 1980 2286 videntur
2002 2231 2089 2301 pii.
2111 2246 2183 2285 ac-
2221 2231 2462 2301 benigni,
2502 2231 2556 2285 in
2601 2231 2743 2288 bello
2772 2239 2953 2287 autem
2983 2232 3329 2289 adversario-

1727 2334 1849 2378 rum
1877 2336 2099 2378 suorum
2129 2323 2411 2394 ﬁdiiatque
2442 2323 2744 2381 fortissimi.
2796 2324 2922 2381 Haec
2959 2333 3139 2381 autem
3190 2325 3325 2382 foris

1726 2416 2037 2487 agentibus,
2057 2417 2189 2487 quid
2212 2418 2467 2472 eis-intus
2486 2419 2759 2490 sapientia
2771 2424 2995 2490 praestet
3014 2419 3323 2475 audiamus.

1798 2508 2019 2564 latrans
2046 2511 2101 2564 in
2127 2510 2341 2564 domum
2364 2527 2531 2565 meum
2552 2513 2919 2583 conquiescam
2938 2511 3191 2578 camilla,
3216 2529 3327 2568 non

1725 2599 1865 2653 enim
1885 2599 2039 2653 habet
2054 2600 2465 2656 amaritudinem
2478 2604 2800 2657 conversatio
2812 2603 2979 2667 illius,
3000 2602 3329 2659 nec'trediant

1727 2692 1993 2746 conuictus
2015 2693 2202 2763 ipsius,
2230 2693 2322 2748 sed
2354 2693 2593 2748 (mittam
2642 2703 2692 2749 et
2718 2696 2992 2767 gaudium.
3027 2695 3157 2751 Post
3180 2709 3324 2766 pra:-

1726 2786 2054 2843 dicationem
2119 2789 2289 2844 (Ιίνίηὶ
2352 2791 2503 2845 verbi
2534 2832 2549 2857 ,
2604 2800 2745 2861 post'
2789 2792 3009 2848 labores
3058 2793 3330 2849 bonorum

1728 2887 1982 2947 actuum,
2030 2882 2227 2952 quibus
2261 2883 2447 2938 sancti
2468 2884 2569 2937 viri
2621 2883 2933 2939 forinsecus
2952 2883 3148 2939 solatia
3184 2898 3328 2954 prter

1726 2968 1861 3023 bent
1912 2970 2027 3026 suis
2080 2972 2460 3038 auditoribus,
2517 2974 2584 3028 ad
2632 2974 2906 3030 domicilia
2950 2976 3186 3045 pectoris
3241 2975 3327 3032 sui

1731 3062 2033 3115 redeuntes
2072 3062 2513 3119 iit-meditatione
2539 3063 2843 3135 sapientiae
2878 3067 3322 3137 contemplationi

1732 3163 1930 3209 vacant
1953 3156 2171 3223 disinm,
2196 3158 2353 3213 eosic
2384 3158 2763 3214 a~turbulemis
2786 3160 3127 3231 negotium
3155 3176 3327 3216 smcu-

1698 3244 1699 3247 “
1732 3249 1926 3305 larium
1977 3250 2240 3305 molestiis
2270 3251 2415 3306 intus
2447 3251 2783 3308 convenient
2801 3252 3061 3323 quietem"
3084 3266 3331 3323 superare

1732 3340 2057 3396 dulcedinis.
2105 3342 2231 3397 Non
2270 3344 2432 3409 enim;
2463 3343 2680 3414 inquit,
2725 3344 2877 3398 habet
2922 3345 3332 3400 amaritudinem

1731 3437 2057 3489 conuersatio
2110 3435 2257 3490 illius
2276 3478 2290 3501 ,
2336 3453 2429 3491 nec
2459 3436 2683 3491 ttrdium
2707 3438 2972 3492 convictus
3001 3434 3168 3505 illius,
3202 3438 3331 3507 quia

1734 3528 2281 3599 corporales‘delicim
2306 3544 2431 3584 cum
2470 3529 3165 3601 avide‘sumuntnr'corpus
3205 3540 3331 3601 gra-

1731 3631 1882 3686 vant,
1909 3620 2401 3693 spiritales-autem
2430 3622 2641 3678 delitim
2662 3629 2865 3693 quanto
2893 3622 3083 3693 magis
3104 3622 3329 3691 capiun-

1732 3724 1840 3779 tur,
1873 3722 2025 3768 tanto
2052 3714 2228 3786 magis
2255 3721 2501 3769 mentem
2514 3714 2786 3770 relevant.
2814 3712 2941 3768 [Ioc
2958 3713 3104 3769 enim
3128 3712 3333 3768 distare

1731 3806 1877 3862 inter
1892 3806 2116 3863 delicias
2128 3806 2316 3862 cordis
2336 3814 2392 3862 et
2414 3807 2662 3877 corporis
2679 3806 2839 3874 solet,
2858 3807 3002 3877 quod
3021 3804 3333 3877 corporales

1732 3899 1959 3966 deliciae,
1990 3914 2114 3955 cum
2143 3914 2252 3955 non
2288 3900 2578 3966 habentur,
2609 3910 2775 3971 grave
2817 3899 2872 3954 in
2910 3897 3335 3955 se'desiderinm

1732 3993 2063 4059 accendant;
2096 4008 2219 4048 cum
2246 4008 2379 4049 vero
2406 3994 2562 4051 avide
2615 4000 2933 4059 sumuntur,
2957 3992 3334 4049 comedentem

1731 4087 1983 4155 protinus
2032 4088 2091 4141 in
2134 4087 2414 4143 fastidium
2464 4100 2563 4159 per
2614 4088 2937 4145 satietatem
2969 4095 3207 4143 vertant.
3261 4086 3335 4142 At

1732 4178 2224 4247 contra'spiritales
2258 4178 2468 4233 deliciae
2494 4190 2750 4234 cum-non
2779 4180 3052 4235 habentur
3082 4180 3137 4234 in
3178 4177 3333 4234 fastiL

1733 4266 1823 4321 dio
1848 4274 2003 4331 sunt;
2037 4282 2162 4321 cum
2189 4281 2321 4322 vero
2352 4268 2621 4322 habentur
2647 4269 2701 4322 in
2732 4268 3040 4334 desiderio;
3074 4276 3336 4339 tantoque

1734 4360 2117 4415 a-comedente
2144 4360 2377 4429 amplius
2405 4361 2741 4426 esuriontur,
2775 4369 2980 4431 quanto
3008 4366 3064 4415 et
3093 4362 3162 4415 ab
3208 4375 3336 4416 esu—

1734 4452 1908 4507 riente
1939 4451 2171 4522 amplius
2198 4452 2575 4506 comeduntur.
2604 4451 2663 4506 In
2696 4450 2803 4507 illis
2831 4452 3101 4523 appetitus
3128 4451 3333 4521 placet,

1732 4545 2072 4617 experientia
2126 4545 2404 4615 diaplicet;
2462 4546 2517 4600 in
2570 4546 2690 4601 istis
2736 4546 3006 4617 appetitus
3036 4543 3157 4601 vllis
3206 4551 3335 4613 est,

1736 4637 2072 4709 experientia
2103 4638 2277 4709 magis
2296 4637 2503 4708 placet;
2536 4638 2592 4693 in
2635 4637 2741 4693 illis
2772 4636 3336 4709 appetitussaturita-

1741 4740 1883 4799 tem,
1939 4733 2201 4788 saturitas
2244 4731 2537 4789 fastidium
2571 4738 2855 4805 generat‘:
2894 4732 2950 4786 in
2994 4731 3111 4788 istis
3152 4738 3337 4785 autem

1740 4825 2009 4896 appetitus
2065 4825 2440 4892 saturitatem,
2498 4824 2760 4880 saturitas
2809 4822 3106 4895 appetitum
3158 4821 3338 4892 parit;

1742 4919 2111 4989 augent'enim
2137 4919 2336 4974 suimet
2369 4918 2642 4988 spiritales
2670 4917 2879 4973 deliciae
2907 4916 3235 4972 desiderium
3279 4915 3339 4971 in

1742 5017 1924 5063 mente
1959 5024 2084 5063 cum
2110 5009 2328 5076 satiant,
2358 5010 2484 5079 quia
2523 5016 2737 5079 quanto'
2756 5008 2929 5078 magis
2957 5018 3144 5063 earum
3175 5014 3340 5075 sapor

1739 5099 2081 5169 percipitur,
2131 5116 2197 5157 eo
2252 5100 2483 5171 amplius
2527 5099 2873 5173 cognoscitur
2925 5099 3085 5169 quod
3126 5096 3339 5154 avidius

1742 5202 1975 5260 ametur,
2019 5202 2075 5248 et
2102 5193 2440 5250 idcirconon
2484 5192 2683 5249 habitae
2712 5190 2886 5246 amari
2910 5198 3019 5245 non
3066 5194 3337 5260 possunt,

1740 5286 1867 5355 quia
1896 5300 2085 5340 earum
2109 5298 2273 5356 sapor
2299 5286 2597 5355 ignoratur.

1814 5374 1945 5431 Htec
1975 5377 2210 5447 cogitans
2250 5375 2390 5446 apud
2435 5390 2516 5429 me
2544 5381 2595 5428 et
2630 5386 3046 5427 conmemorans
3072 5376 3145 5426 tn‘
3180 5370 3338 5425 corde

1742 5482 1876 5533 meo,
1889 5468 2139 5538 quoniam
2159 5466 2533 5521 immortalitas
2551 5475 2627 5521 est
2642 5466 2697 5520 in
2715 5464 3023 5537 cognatione
3036 5463 3332 5533 sapientttr,

1742 5564 1791 5610 et
1826 5556 1879 5610 in
1918 5558 2153 5610 amicitia
2202 5556 2346 5609 illius
2389 5555 2664 5610 delectatio
2697 5556 2831 5610 bona
2868 5572 2886 5610 :
2932 5564 2980 5609 et
3010 5556 3063 5608 in
3095 5552 3339 5624 operibus

1742 5664 1995 5701 manuum
2030 5647 2174 5701 illius
2221 5648 2465 5700 honestas
2498 5647 2612 5701 sine
2641 5646 2962 5716 defectione,
3005 5656 3052 5699 et
3079 5646 3134 5698 in
3163 5650 3337 5698 certa-

1743 5744 1880 5797 mine
1902 5743 2122 5814 loquela?
2142 5741 2287 5796 illius
2310 5743 2585 5812 sapientia,
2609 5753 2656 5797 et
2680 5742 3006 5813 prmclaritas
3027 5740 3080 5793 in
3108 5749 3340 5792 comma-

1743 5839 2002 5894 nicatione
2040 5852 2339 5893 sermonum
2370 5837 2552 5908 ipsius.
2588 5833 2969 5892 Immortalitas
3008 5839 3093 5891 est
3134 5830 3190 5886 in
3238 5841 3333 5887 c0-
