4030 6552
449 391 550 449 ’111
646 448 651 454 .

1084 382 1145 439 Β.
1186 378 1443 439 RABANl
1480 376 1704 438 usum
1738 373 2059 436 meumr.
2104 368 2427 433 MOGUNT.
2467 365 2756 428 oranuu
2791 330 2973 426 rans
3011 365 3053 423 ι.

3628 361 3737 419 7ιῖ

449 501 706 577 gnatione
720 495 1019 571 sapientiae,
1042 492 1168 566 quia
1190 491 1451 564 quidquid
1474 489 1744 546 veraciter
1756 488 1820 544 de
1846 493 2039 541 natura
2068 493 2116 552 Α
2142 490 2198 539 et
2235 480 2428 537 similis
2457 478 2778 535 innocentiae
2809 476 3071 549 percepit,
3109 484 3169 533 et
3212 475 3385 532 sacris
3410 470 3613 531 studiis
3654 472 3737 528 in-

448 565 620 670 ipsius
673 565 1072 665 cognoscitur,
1113 595 1285 643 totum
1341 582 1648 640 immortale
1710 589 1766 637 et
1823 593 2038 649 semper
2140 584 2323 632 tentus
2372 573 2638 644 prolicere
2690 580 2905 637 certat,
2955 578 3012 626 ct
3058 566 3345 642 pervenire
3394 566 3467 622 ad
3519 565 3736 623 culmen

450 690 637 747 vivens
664 700 784 741 esse
808 681 1097 754 reperitur.
1143 679 1203 734 In
1239 675 1393 749 cujus
1431 675 1705 741 amicitia,
1755 670 2040 729 delectatio

446 781 620 845 bona;
651 785 707 833 et
734 784 938 847 quanto
962 774 1085 845 quis
1112 771 1167 826 in
1193 784 1381 826 amore
1408 767 1525 839 ejus
1548 765 1862 838 profecerit,
1890 771 2042 818 tanto

450 872 673 932 suavius
717 871 772 926 in
815 868 934 939 ejus
977 865 1269 922 dilectione
1304 861 1634 920 exardescit.
1683 858 1753 915 In
1800 856 2044 930 operibus

450 981 705 1022 manuum
733 962 878 1019 illius
904 970 982 1017 est
1008 961 1256 1016 honestas
1284 958 1395 1012 sine
1421 954 1732 1026 defectione,
1776 951 1904 1023 quia
1927 952 2046 1023 ipsa

450 1067 537 1116 est
562 1058 715 1130 origo
743 1054 991 1113 omnium
1033 1065 1215 1107 rerum
1236 1090 1251 1118 ,
1290 1058 1346 1105 et
1374 1061 1473 1119 per
1502 1046 1891 1117 ipsamfcreata
1923 1050 2048 1098 sunt

455 1151 639 1210 omnia
670 1164 791 1221 qum
835 1147 891 1203 in
928 1144 1081 1202 caelis
1109 1150 1166 1201 et
1191 1157 1311 1214 quae
1334 1140 1389 1196 in
1421 1146 1591 1211 terra,
1622 1144 1677 1194 et
1704 1150 1825 1208 quae
1859 1134 2049 1191 subtus

454 1250 662 1300 terram
677 1246 822 1297 sunt.
842 1237 922 1294 De
942 1251 1048 1308 quo
1069 1234 1327 1305 scriptum
1347 1237 1464 1288 est:
1495 1228 1687 1285 Omnia
1711 1228 1768 1282 in
1792 1226 2051 1299 sapientia

458 1330 627 1403 fecisti
654 1326 829 1402 (Psal.
862 1326 1001 1400 cm).
1048 1324 1117 1381 Et
1155 1324 1213 1379 in
1242 1320 1535 1393 Evangelio
1583 1317 1758 1388 inquit
1789 1335 1801 1371 :
1857 1315 2051 1371 Omnia

456 1439 552 1497 per
573 1424 746 1495 ipsum
767 1420 910 1492 facta
933 1426 1076 1486 sunt,
1106 1426 1155 1472 et
1185 1417 1297 1472 sine
1322 1416 1434 1487 ipso
1453 1413 1649 1484 factum
1670 1419 1743 1466 est
1766 1407 1896 1464 nihil
1913 1406 2052 1480 quod

462 1516 663 1586 factum
684 1521 783 1579 est;
807 1512 863 1566 in
881 1512 993 1583 ipso
1017 1511 1120 1564 vita
1145 1516 1278 1575 erat,
1303 1516 1351 1562 et
1381 1506 1488 1562 vita
1508 1514 1621 1573 erat
1645 1502 1740 1558 lua:
1760 1503 2052 1568 hominum,

463 1618 512 1664 et
535 1607 630 1662 lux
650 1608 706 1661 in
725 1605 949 1662 tenebris
970 1603 1194 1671 lucet,tet
1218 1601 1442 1658 tenebrte
1461 1616 1576 1654 eam
1594 1614 1699 1654 non
1713 1596 2053 1668 comprehen-

471 1700 663 1756 derunt
695 1698 877 1772 (Ioan.
908 1696 971 1771 ι).
992 1694 1061 1751 1η
1090 1694 1373 1750 certamine
1400 1690 1623 1764 loquela:
1654 1689 1821 1762 ipsius
1846 1688 2057 1760 sapien-

464 1792 542 1847 tia
611 1800 661 1846 et
742 1787 1075 1862 prteclaritas,
1131 1786 1189 1840 in
1247 1783 1717 1840 communicatione
1762 1796 2062 1837 sermonum

465 1881 634 1953 ipsius
657 1856 756 1944 est,
779 1879 907 1951 quia
930 1877 1047 1949 ipsa
1076 1876 1340 1949 sapientia
1368 1874 1545 1946 aperit
1578 1888 1639 1929 os
1664 1880 1974 1939 mutorum,
2004 1878 2064 1927 et
2085 1856 2136 1918 Β

466 1971 683 2043 linguas
706 1969 996 2027 infantium
1010 1967 1142 2024 facit
1160 1969 1414 2024 disertas.
1432 1965 1562 2023 Haec
1579 1965 1724 2022 enim
1736 1964 1919 2021 omnia
1932 1963 2060 2021 nolo

465 2072 623 2122 extra
643 2062 919 2119 Christum
934 2062 1200 2133 requiras,
1222 2060 1406 2116 omnia
1434 2059 1631 2131 quippe
1652 2072 1772 2129 qua:
1788 2056 1885 2113 Dei
1909 2062 2060 2123 sunt,

469 2159 721 2217 Christus
741 2166 826 2215 est
851 2173 866 2213 :
893 2173 1009 2231 ipse
1032 2157 1297 2228 sapientia
1318 2154 1436 2227 ejus
1453 2197 1469 2224 ,
1502 2155 1618 2226 ipse
1643 2152 1927 2220 fortitudo,
1946 2150 2065 2221 ipse

461 2249 698 2322 justitia,
718 2251 835 2321 ipse
856 2250 1137 2316 sanctitas,
1161 2258 1217 2304 et
1241 2247 1563 2320 redemptio,
1588 2246 1723 2317 ipse,
1749 2254 1811 2301 ut
1833 2246 1903 2301 ad
1925 2257 2065 2315 prae-

466 2359 596 2402 sens
618 2343 854 2411 veniam,
881 2343 1047 2399 etiam
1068 2340 1374 2412 prudentia.
1408 2338 1517 2397 Sed
1554 2354 1679 2395 cum
1703 2338 1775 2395 sit
1802 2336 1858 2392 in
1887 2335 2068 2409 subja-

466 2444 752 2509 cente,pro
764 2436 1028 2493 varietate
1041 2450 1319 2501 sensuum,
1329 2432 1559 2490 diversis
1569 2430 1848 2488 vocabulis
1860 2443 2069 2485 nuncu-

469 2537 652 2601 patur,
667 2528 813 2584 aliud
831 2527 1103 2600 signiﬁcat
1121 2525 1410 2598 sapientia,
1427 2524 1572 2580 aliud
1580 2524 1812 2596 justitia.
1842 2522 2068 2591 Quando

472 2620 619 2677 enim
638 2620 903 2692 sapientia
919 2619 1140 2684 dicitur,
1155 2618 1470 2689 disciplinas
1480 2604 1792 2673 {divinarum
1803 2614 2070 2670 humanae

471 2724 705 2781 rumque
724 2722 910 2765 rerum
934 2707 1201 2766 instituet.
1232 2706 1462 2775 Quando
1484 2704 1714 2778 justitia,
1749 2704 2070 2761 distributor

472 2808 528 2858 et
540 2799 709 2870 judex
753 2800 1074 2857 meritorum
1104 2798 1464 2872 signiﬁcatur.
1513 2796 1741 2865 Quando
1766 2796 2067 2863 sanctitas,

471 2892 565 2948 illa
616 2892 793 2950 virtus
836 2890 1165 2949 describitur
1184 2932 1201 2958 ,
1264 2905 1385 2962 quae
1434 2890 1721 2948 credentes
1762 2889 1875 2947 Deo
1908 2888 2075 2945 etiicit

472 2990 695 3041 sanctos
711 3023 718 3039 ›

543 3071 845 3130 Circuibam
873 3060 1115 3146 quierens
1141 3082 1200 3130 ut
1227 3091 1344 3131 eam
1383 3074 1514 3130 mihi
1559 3089 1903 3130 assumerem.
1947 3072 2071 3130 Cir-

2140 669 2424 725 virtutum.
2463 666 2615 723 Unde
2638 671 2694 721 et
2727 664 2995 735 sequitur.

2760 772 2990 831 CAPUT
3028 771 3112 828 Vl.

2146 873 2303 941 Quod
2337 868 2609 942 Sapientia
2640 866 2761 934 Dei,
2792 882 2911 937 qua:
2950 872 3027 919 est
3065 856 3500 942 incommutabile
3526 857 3744 924 unum,

2215 942 2353 999 venit
2382 934 2451 996 ad
2474 940 2727 1011 virginem
2754 934 2993 1011 sanctam
3022 943 3070 989 et
3100 934 3490 1011 incorruptam,
3534 944 3751 1011 sunteas

2217 998 2342 1069 inde
2353 1028 2542 1083 corpus
2553 998 2984 1083 "coinquinatum,
3000 1004 3140 1059 unde
3160 998 3546 1083 illamgbeatam
3568 998 3750 1083 dicit-nt

2218 1068 2395 1141 omnes
2430 1068 2810 1144 generationes.
2847 1107 2920 1117 —
2947 1068 3168 1130 Amator
3194 1071 3488 1144 Sapientia:
3514 1068 3751 1142 postulat

2221 1174 2254 1211 a
2276 1155 2386 1209 Deo
2410 1142 2532 1207 dari
2555 1151 2658 1206 sibi
2690 1150 3002 1220 sapientiam
3023 1186 3038 1212 ,
3060 1154 3117 1199 ut
3144 1142 3277 1200 sciat
3298 1142 3441 1215 quod
3476 1151 3754 1211 acceptus

2220 1227 2288 1282 sit
2317 1240 2496 1280 coram
2522 1238 2577 1277 se
2601 1222 3011 1290 omnitempore.

2222 1341 2295 1397 Et
2321 1356 2441 1396 cum
2465 1354 2628 1394 essem
2651 1336 2819 1408 magis
2847 1332 3166 1400 bonus,veni
3194 1329 3263 1385 ad
3285 1344 3484 1400 corpus
3515 1326 3759 1397 conqui-

2153 1443 2360 1491 natum.
2387 1430 2525 1487 Nam
2551 1428 2802 1501 superius
2844 1425 3106 1497 scriptum
3134 1432 3237 1489 est,
3267 1420 3415 1492 quod
3458 1417 3763 1476 custoditio

2155 1525 2336 1596 legum
2380 1519 2480 1578 Dei
2528 1516 2927 1577 consummatio
2968 1515 3041 1571 sit
3080 1509 3513 1584 incorruptionis
3531 1549 3549 1577 ,
3579 1508 3764 1563 incor-

2156 1616 2338 1689 ruptio
2366 1622 2548 1670 autem
2599 1609 2910 1684 proximum
2945 1605 3076 1661 facit
3112 1618 3235 1661 esse
3264 1603 3399 1659 Deo.
3437 1599 3556 1655 Sed
3607 1610 3769 1653 nemo

2160 1686 2242 1764 ad
2257 1703 2568 1777 bujusmodi
2615 1699 3004 1773 perfectionem
3050 1694 3339 1769 pervenire
3382 1690 3630 1765 poterit,
3664 1686 3767 1744 nisi

2162 1814 2288 1858 eum
2312 1798 2495 1855 divina
2517 1796 2698 1869 gratia
2722 1791 3115 1851 sublimaverit.
3144 1789 3224 1845 De
3250 1802 3360 1859 qua
3392 1785 3569 1842 etiam
3588 1782 3770 1840 scien-

2162 1893 2253 1950 tias
2268 1893 2468 1950 donum
2487 1898 2546 1945 et
2562 1888 2826 1945 virtutum
2842 1884 3065 1942 collatio
3087 1880 3392 1953 expetenda
3411 1886 3471 1934 et
3498 1873 3771 1949 speranda

2163 1997 2281 2056 est,
2332 1986 2462 2058 quia
2509 1982 2661 2054 juxta
2697 1978 2887 2038 Jacobi
2936 1976 3265 2045 sententiam
3314 1971 3533 2027 :Omne
3579 1968 3773 2058 datam

2165 2056 2440 2154 optimum,
2464 2085 2512 2133 et
2543 2091 2695 2130 omne
2712 2073 2909 2128 donum
2928 2063 3217 2142 perfectum
3236 2065 3519 2120 desursum
3556 2068 3657 2123 est,
3683 2056 3777 2111 deo

2165 2148 2416 2230 scendens
2444 2185 2479 2223 a
2519 2165 2683 2221 Patre
2728 2163 2988 2219 luminum
3028 2158 3173 2233 (Jac.
3217 2154 3283 2212 tl.
3335 2153 3493 2218 Quod
3521 2148 3779 2207 sentiens

2167 2269 2271 2325 iste
2295 2266 2382 2320 vir
2405 2263 2622 2335 sapiens
2650 2263 3051 2328 consequenter
3084 2252 3202 2308 ait:

2244 2358 2311 2413 Et
2339 2365 2397 2412 ut
2424 2334 2553 2411 scivi
2595 2350 2848 2424 quoniam
2874 2346 3031 2403 aliter
3058 2361 3165 2400 non
3192 2356 3407 2415 possum
3442 2354 3559 2395 esse
3603 2334 3781 2390 conti-

2170 2470 2297 2511 nens
2324 2451 2428 2507 nisi
2457 2449 2599 2505 Deus
2621 2447 2730 2513 det,
2758 2452 2807 2500 et
2831 2444 2929 2498 hoc
2952 2442 3124 2513 ipsum
3149 2444 3262 2494 erat
3300 2433 3606 2506 sapientia,
3636 2427 3783 2483 scire

2171 2545 2327 2618 cujus
2348 2552 2480 2598 esset
2510 2541 2609 2595 hoc
2637 2538 2858 2602 donum,
2891 2533 3000 2588 adii
3028 2529 3335 2592 Dominum,
3365 2534 3414 2580 et
3450 2523 3786 2594 deprecatus

2170 2609 2287 2696 sunt
2316 2634 2488 2699 illum,
2518 2640 2565 2687 et
2590 2630 2704 2685 dixi
2726 2643 2792 2683 ea:
2815 2626 2939 2681 totis
2964 2620 3271 2695 praecordiis
3299 2615 3430 2672 meis
3450 2632 3465 2668 :
3483 2612 3643 2685 (Car.
3674 2609 3787 2681 Ix.)

2171 2730 2316 2786 Deus
2363 2736 2575 2800 patrum
2615 2736 2873 2786 meorum,
2916 2725 2966 2772 et
2994 2714 3218 2771 Domine
3245 2705 3665 2769 misericordias,
3688 2702 3791 2771 qui

2174 2795 2373 2895 fecisti’
2396 2818 2574 2874 omnia
2618 2815 2773 2869 verbo
2801 2820 2893 2867 tuo
2914 2849 2930 2876 ,
2973 2817 3023 2864 et
3040 2804 3300 2877 sapientia
3330 2810 3425 2856 tua
3452 2795 3794 2853 constituisti

2175 2886 2460 2977 hominem,
2491 2917 2550 2963 ut
2578 2906 2947 2961 dominaretur
2974 2907 3253 2962 creaturae,
3290 2908 3409 2966 quia
3455 2907 3489 2944 a
3531 2898 3582 2943 te
3628 2886 3797 2957 facta

2175 3017 2275 3074 est,
2299 3014 2355 3061 ut
2386 3005 2631 3075 disponat
2655 2998 2831 3055 orbem
2861 3005 3124 3051 terran
3172 2990 3228 3045 in
3269 2986 3518 3060 mquitate
3541 2990 3591 3075 et

2178 3069 2278 3164 tia,
2304 3104 2353 3150 et
2401 3069 2481 3148 int
2498 3090 2783 3145 directione
2811 3084 2986 3142 cordis
2997 3081 3264 3154 judicium
3279 3076 3506 3150 judicet,
3534 3072 3628 3164 da
3646 3069 3801 3125 mihi

473 3166 653 3283 «initus
680 3166 789 3283 iste
829 3166 1169 3283 diligentiam
1217 3166 1487 3239 signiﬁcat
1530 3166 1840 3238 quaerendi,
1873 3179 1937 3221 ac
1960 3171 2075 3220 stu-
2102 3218 2147 3283 Ο
2178 3160 2382 3243 “diu”,
2417 3194 2631 3239 marum
2677 3180 3007 3235 αεεεειεηιεηι
3061 3171 3372 3245 sapientiam
3394 3209 3409 3235 ,
3460 3176 3511 3223 et
3541 3160 3656 3221 noli
3705 3179 3800 3218 me

514 3259 622 3283 :n...
654 3273 741 3283 ...Α
785 3257 894 3283 τοι...
938 3258 953 3283 ε
1025 3273 1127 3283 ..Α-
1150 3272 1267 3283 unum
1304 3258 1462 3283 ..Α-λι.
1498 3257 1790 3283 ΑΙΛΑοΑ-.-.νι
1823 3264 2075 3283 nAOAn-In.
2343 3276 2355 3283 .
2704 3273 2716 3283 .
2798 3280 2806 3283 .
2855 3271 2867 3282 ο
3138 3265 3173 3283 2,
3196 3280 3237 3283 ,-_
3293 3276 3465 3283 -w---
3497 3267 3619 3283 μ’..-
3666 3270 3797 3283 ,ρο-

473 3258 625 3314 dium
654 3257 977 3325 meditandi,
1025 3273 1127 3329 per
1147 3272 1269 3329 quae
1301 3258 1467 3314 corda
1495 3257 1793 3314 electorum
1822 3264 2079 3329 satagunt

475 3350 763 3420 pervenire
792 3350 867 3429 ad.
905 3328 1488 3421 notitiamisapientite.
1530 3348 1686 3405 Unde
1712 3355 1768 3403 et
1795 3361 1994 3418 sponsa
2019 3328 2077 3401 in

477 3443 706 3500 Cantico
732 3444 1069 3500 canticorum
1093 3442 1227 3498 dicit
1254 3460 1266 3497 :
1297 3441 1526 3513 Surgam
1548 3448 1598 3496 et
1622 3438 1853 3495 circuibo
1896 3438 2079 3493 civita-

481 3542 585 3588 tem
620 3549 715 3603 per
735 3534 878 3589 vicos
908 3543 957 3589 et
989 3533 1210 3605 plateas,
1235 3549 1479 3605 quwrens
1518 3547 1671 3603 quem
1698 3530 1869 3602 diligit
1898 3530 2079 3584 anima

2181 3276 2461 3349 reprobare
2497 3292 2531 3328 a
2565 3273 2742 3343 pueris
2789 3271 2895 3324 tuis
2920 3308 2936 3335 ,
2990 3265 3242 3338 quoniam
3287 3276 3465 3317 servus
3495 3267 3619 3313 tuus
3662 3270 3799 3311 sua

2181 3351 2314 3443 ego,
2364 3377 2412 3424 et
2460 3366 2602 3437 ﬁlius
2645 3362 2856 3420 ancilla?
2884 3372 3011 3417 tuae.
3060 3358 3120 3414 In
3160 3352 3456 3426 Evangelio

2180 3438 2395 3535 prolato
2421 3459 2672 3531 exemplo
2695 3457 2843 3513 illius
2870 3455 2963 3527 qui
2990 3451 3226 3509 amicum
3254 3462 3413 3504 suum
3445 3445 3502 3500 in
3528 3438 3804 3500 conclavi

2179 3554 2416 3626 positum
2432 3552 2500 3609 dc
2520 3550 2696 3606 tribus
2719 3548 2951 3620 panibus
2972 3550 3289 3601 constanter
3305 3535 3621 3611 postulavit,
3650 3546 3805 3589 mox

479 3641 621 3681 mea.
640 3626 869 3693 Quazsivi
886 3626 1035 3682 illum
1065 3635 1114 3682 et
1136 3643 1241 3681 non
1255 3626 1778 3692 inveni;invcnerunt
1798 3640 1880 3678 me
1904 3622 2079 3693 vigiles
2183 3622 2251 3699 ξπ]
2279 3641 2574 3712 discipulos
2604 3652 2911 3696 sermonem
2939 3634 3209 3693 convenit
3233 3631 3420 3688 dicens
3469 3645 3485 3682 :
3526 3624 3712 3681 Petita
3746 3633 3806 3679 es

479 3718 571 3789 qui
592 3718 893 3773 custodiunt
921 3719 1203 3798 civitatem.
1237 3717 1384 3773 Num
1409 3733 1564 3789 quem
1593 3715 1776 3770 dilexit
1804 3717 2072 3785 animami-

2186 3736 2403 3792 dabitur
2428 3734 2591 3790 vobis.
2626 3731 2860 3799 Quwrite
2881 3739 2929 3785 et
2951 3726 3242 3784 invenietis.
3271 3722 3490 3779 Pulsate
3509 3730 3559 3776 et
3584 3719 3809 3790 aperie-

481 3809 634 3864 distis
650 3811 676 3863 ?
700 3808 994 3865 Paululum
1014 3827 1134 3866 cum
1158 3811 1557 3883 pertransissem
1586 3825 1697 3877 eos,
1728 3807 1899 3864 inveni
1925 3825 2072 3880 quem

2185 3838 2274 3884 tur
2300 3827 2461 3882 vobis.
2488 3824 2675 3881 Omnis
2702 3824 2842 3880 enim
2870 3824 2960 3895 qui
2987 3822 3112 3893 petit
3137 3818 3348 3890 accipit,
3377 3826 3428 3872 et
3465 3815 3554 3887 qui
3590 3813 3807 3885 quierit

482 3902 670 4008 άίίξπίί
692 3904 872 4008 αηίνξια
899 3921 1015 3960 me“
1042 3904 1221 4008 ((Ῑξῖηε·
1258 3903 1367 4008 {10-
1522 4004 1532 4008 _
2039 3995 2053 4008 .
2181 3918 2401 3983 invenit,
2430 3927 2480 3973 et
2504 3916 2739 3990 pulsanti
2760 3912 3025 3984 aperietur
3046 3908 3265 3983 (Matth.
3287 3903 3411 3979 vn).
3438 3902 3719 3959 Similiter
3739 3910 3808 3958 et

556 3994 705 4051 Puer
730 4004 906 4051 autem
931 4012 1076 4050 eram
1101 3997 1400 4067 ingeniosus
1422 4036 1438 4063 ,
1484 4004 1534 4051 et
1573 3997 1792 4052 sortitus
1816 4010 1935 4051 sum
1962 3995 2072 4050 ani-

2185 4010 2422 4067 Jacobus
2448 4007 2724 4080 apostolus
2747 4005 3022 4062 auditores
3037 4015 3167 4058 suos
3188 3999 3462 4064 admonet,
3488 4002 3548 4050 ut
3566 3992 3811 4064 sapien.

482 4101 626 4141 mam
649 4087 860 4142 bonam.
883 4084 1173 4142 Referente
1218 4085 1504 4160 Scriptura
1552 4088 1762 4160 Regum
1796 4088 2084 4145 didicimus
2188 4101 2323 4156 ﬁam
2367 4116 2399 4155 ει
2426 4101 2537 4154 Deo
2582 4096 2871 4168 implorent
2894 4137 2908 4162 ,
2956 4094 3035 4149 ita
3082 4091 3323 4149 dicens.;
3357 4087 3419 4145 Si
3445 4086 3561 4159 qui;
3606 4093 3807 4139 αιιιαιι

486 4178 634 4283 quofl
684 4176 957 4283 §ﬂ0m0n‘
995 4180 1050 4234 in
1077 4179 1325 4283 Ριξθτίξίὶξ.
1365 4180 1740 4283 Ροεῑυξθνεξνίξ.
1775 4196 1806 4236 ³
1853 4181 2085 4237 Domino
2190 4203 2419 4250 vestrum
2438 4191 2635 4261 indiget
2657 4186 2942 4259 sapientia.
2961 4181 3185 4257 postulet
3215 4197 3250 4236 a
3268 4179 3406 4246 Deo,
3433 4178 3524 4251 qui
3555 4175 3653 4230 dat
3676 4190 3810 4229 om-

486 4270 852 4342 sapientiam,
907 4278 964 4327 et
1002 4285 1097 4327 cor
1130 4272 1361 4329 docibile
1402 4280 1460 4327 ut
1505 4273 1876 4345 ritejudicare
1901 4282 2090 4345 posset
2191 4286 2343 4340 ηίιηιε
2394 4284 2662 4355 affluenter
2708 4288 2756 4334 et
2808 4294 2915 4333 non
2971 4277 3291 4346 improperat
3316 4310 3335 4339 ,
3381 4278 3436 4327 et
3485 4267 3713 4323 dabitur
3749 4266 3811 4322 ei

485 4360 744 4433 populum
773 4361 1013 4430 Domini,
1045 4371 1101 4419 et
1121 4364 1435 4421 discernere
1459 4365 1604 4421 inter
1631 4366 1838 4422 bonum
1884 4375 1941 4423 et
1974 4382 2090 4421 ma-
2199 4375 2341 4448 (Jac.
2372 4372 2437 4445 ι).
2471 4371 2626 4429 Unde
2651 4376 2801 4441 patet
2848 4366 2992 4438 quod
3043 4364 3274 4435 quisque
3316 4362 3424 4417 rite
3445 4356 3707 4432 postulat,
3740 4365 3809 4414 ea

489 4450 638 4556 lumi.
659 4452 806 4556 qugd
841 4462 916 4556 ςῐ,
943 4454 1363 4556 ἱωρθξηνίῑνξιι
1385 4465 1596 4511 tantum
1618 4496 1634 4523 ,
1667 4465 1729 4512 ut
1753 4456 1936 4513 nullus
1963 4466 2092 4514 ante
2202 4446 2266 4519 ea
2301 4479 2422 4531 quae
2446 4460 2743 4518 secundum
2766 4457 2863 4513 Dei
2891 4455 3226 4512 voluntatem
3250 4458 3399 4518 sunt,
3420 4463 3527 4505 non
3553 4446 3807 4503 frustra-

490 4557 553 4647 se
593 4543 791 4647 similis
813 4544 1058 4647 e‘i‘fuerit
1082 4547 1151 4602 de
1186 4547 1422 4647 regibus,
1460 4563 1573 4647 nec
1599 4555 1722 4618 post
1752 4563 1879 4604 cum
1908 4563 2089 4647 surre:
2115 4584 2171 4646 D
2194 4557 2353 4613 bitur‘
2366 4556 2485 4628 ejus
2510 4553 2789 4626 petitionis
2815 4550 3031 4608 effectu.
3060 4548 3282 4604 lnvocat
3302 4558 3434 4615 ergo
3458 4543 3562 4599 iste
3587 4547 3807 4597 cantus

389 4713 395 4719 θ
490 4643 681 4691 cturus
713 4635 804 4691 sit.
838 4635 997 4692 Unde
1035 4646 1093 4693 et
1115 4637 1514 4709 quodammodo
1543 4639 1661 4693 haec
1702 4638 1972 4693 sententia
2022 4638 2092 4694 ad
2117 4633 2165 4646 ”
2196 4654 2382 4702 orator
2433 4645 2602 4700 Deum
2658 4642 2879 4698 Patrem
2907 4648 2967 4695 ut
3014 4638 3107 4695 det
3150 4635 3255 4693 sibi
3298 4633 3509 4690 sodium
3560 4644 3807 4686 suarum

487 4723 666 4797 ipsum
715 4727 959 4795 coaptari
1009 4734 1226 4797 potest,
1277 4728 1406 4797 quia
1462 4727 1690 4783 sortitus
1742 4727 1815 4783 sit
1849 4728 2090 4783 animam

490 4819 694 4875 bonam
716 4860 731 4885 ,
760 4819 818 4874 in
850 4834 915 4877 eo
946 4822 1087 4891 quod
1141 4820 1394 4877 habuerit
1418 4834 1517 4877 cor
1553 4820 1769 4891 sapiens
1799 4830 1856 4877 et
1894 4821 2093 4876 intelli-

492 4926 646 4986 gens.
695 4910 804 4969 Sed
840 4912 1133 4969 videndum
1169 4921 1252 4970 est
1276 4920 1459 4970 utrum
1487 4912 1541 4969 id
1582 4914 1728 4985 quod
1750 4915 2095 4987 subjungitur

464 5003 563 5062 .ad
590 5004 769 5075 ipsum
796 5005 1072 5077 pertinere
1094 5005 1288 5076 possit.

567 5093 703 5151 Cum
722 5112 887 5152 essem
913 5096 1081 5169 magis
1112 5096 1308 5165 bonus,
1341 5098 1456 5154 veni
1480 5097 1551 5153 ad
1572 5115 1759 5171 corpus
1785 5100 2094 5172 coinquina-

494 5196 629 5242 tum.
654 5186 789 5243 Cum
816 5188 993 5260 ipsum
1021 5188 1306 5261 Scriptura
1335 5190 1393 5245 in
1421 5190 1608 5247 multis
1631 5191 1766 5248 locis
1800 5194 2095 5263 reprehen—

496 5277 624 5345 dat,
673 5294 740 5335 eo
786 5280 931 5351 quod
959 5281 1224 5337 amaverit
1268 5282 1529 5339 mulieres
1552 5283 1885 5355 alienigenas
1908 5324 1924 5350 ,
1974 5298 2095 5353 qua:

500 5376 817 5426 averterunt
839 5386 935 5427 cor
959 5372 1108 5444 ejus,
1137 5380 1194 5428 et
1219 5372 1446 5430 offendit
1464 5374 1752 5431 Dominum
1777 5376 2096 5433 aediﬁcando

499 5457 645 5515 idola
671 5499 686 5526 ,
742 5469 966 5533 propter
994 5462 1331 5534 alienigenas
1370 5479 1598 5533 uxores,
1646 5481 1768 5536 quae
1801 5466 2091 5522 adolebant

505 5540 667 5607 ﬁxura
693 5592 709 5619 ,
754 5561 809 5608 et
838 5555 1190 5613 immolabant
1235 5558 1340 5614 diis
1366 5558 1497 5624 suis,
1528 5558 1731 5616 idcirco
1757 5560 1934 5631 magis
1958 5560 2093 5615 mihi

501 5643 722 5699 videtur
774 5647 1065 5703 convenire
1100 5649 1257 5720 juxta
1296 5650 1609 5723 allegoriam
1658 5651 1725 5708 ad
1781 5658 2095 5708 sanctorum

503 5735 782 5809 populum,
814 5738 905 5807 qui
936 5738 1152 5797 lavacro
1202 5742 1343 5797 sacri
1371 5742 1713 5813 baptismatis
1742 5750 2097 5814 regeneratus

505 5838 563 5887 et
603 5829 710 5887 tide
739 5829 1033 5891 Salvatoris
1065 5833 1326 5903 imbutus,
1362 5836 1648 5907 pueritiam
1680 5838 1836 5896 hante
1867 5836 2059 5895 indolis
2078 5878 2092 5904 ,

2195 4737 2527 4794 assistricem
2556 4732 2879 4805 sapientiam
2898 4771 2914 4798 ,
2940 4729 3087 4785 illam
3114 4724 3371 4783 videlicet
3394 4736 3515 4794 quae
3542 4729 3597 4778 et
3646 4735 3807 4777 sern-

2194 4830 2446 4902 per'cum
2474 4842 2540 4883 eo
2560 4831 2767 4893 manet,
2793 4831 2851 4880 et
2871 4828 3098 4895 regnat,
3131 4827 3189 4875 et
3218 4830 3499 4888 nunquam
3544 4816 3805 4886 separari

2196 4920 2265 4974 ab
2285 4933 2352 4975 eo
2387 4924 2589 4988 potest,
2616 4930 2739 4986 qua:
2762 4921 2819 4970 et
2844 4911 3083 4969 Verbum
3126 4909 3298 4982 ipsius
3343 4915 3430 4964 est
3449 4947 3466 4973 ,
3504 4920 3631 4979 per,
3646 4906 3806 4976 quod

2196 5012 2379 5067 omnia
2408 5008 2550 5065 facta
2581 5015 2708 5066 sunt
2723 5048 2740 5074 ,
2782 5013 2839 5063 et
2865 5007 3028 5062 homo
3053 5005 3168 5077 ipse
3191 5000 3476 5059 rationalis
3502 5000 3573 5056 ad
3598 4998 3807 5071 imagi-

2197 5116 2324 5157 nem
2350 5100 2447 5157 Dei
2477 5100 2725 5156 conditus
2753 5106 2861 5163 est,
2887 5107 2951 5153 ut
2969 5095 3180 5152 cunctis
3210 5092 3446 5151 terrenis
3470 5090 3805 5163 praemine-

2198 5201 2286 5251 ret
2303 5192 2595 5257 creaturis,
2619 5198 2683 5246 et
2703 5189 2955 5245 subditus
2974 5187 3086 5244 Deo
3111 5185 3213 5243 sub
3237 5200 3298 5243 se
3320 5183 3559 5257 positum
3578 5189 3807 5254 regeret

2197 5285 2408 5345 orbem.
2448 5284 2604 5353 Quod
2630 5292 2815 5338 tamen
2841 5282 3023 5338 altiori
3049 5296 3213 5338 sensu
3252 5280 3321 5337 ad
3346 5280 3523 5351 ipsum
3558 5276 3804 5333 Redem-

2197 5387 2412 5451 ptorem
2438 5385 2685 5435 nostrum
2724 5375 2919 5432 referri
2968 5380 3174 5446 potest,
3204 5373 3298 5444 qui
3328 5388 3359 5428 a
3388 5372 3552 5428 Patre
3590 5354 3805 5426 missus

2201 5471 2258 5525 in
2303 5467 2566 5524 mundum
2605 5482 2705 5537 per
2728 5466 2994 5538 virginem
3024 5466 3187 5521 homo
3212 5464 3362 5521 nasci
3391 5463 3646 5534 dignatus
3675 5469 3800 5525 est,

2201 5560 2296 5629 qui
2323 5567 2380 5614 et
2406 5558 2594 5614 orbem
2625 5556 2885 5613 Ecclesiae
2907 5557 3130 5628 proprio
3160 5563 3296 5611 nutu
3324 5555 3463 5627 regit
3503 5568 3569 5610 ac
3596 5552 3801 5624 guber-

2203 5658 2317 5706 nat.
2350 5648 2518 5722 Cujus
2559 5649 2823 5721 judicium
2866 5664 3145 5721 nunquam
3171 5646 3340 5716 fallit,
3368 5648 3494 5717 quia
3520 5645 3799 5716 Propheta

2204 5752 2438 5801 testante
2488 5761 2501 5798 :
2531 5742 2753 5799 Iustitia
2800 5743 2897 5797 erit
2940 5741 3208 5813 cingulum
3242 5740 3537 5795 lumborum
3565 5739 3715 5807 eius,
3744 5748 3797 5791 et

2204 5837 2334 5907 ﬁdes
2362 5837 2671 5892 cinctorium
2696 5838 2900 5893 renium
2924 5837 3037 5904 ejus
3067 5834 3224 5907 (Isai.
3258 5835 3356 5907 ιι).
3388 5832 3659 5890 Judicabit
3704 5848 3794 5887 or-
