3882 6482
252 393 358 450 715

1109 386 1463 446 COMMENT.
1500 385 1569 442 IN
1605 383 1864 442 LIBRUM
1903 381 2310 442 SAPIENTUE.
2339 413 2410 426 —
2437 383 2565 440 LIB.
2605 383 2670 438 ll.

3408 386 3516 442 7M

252 510 366 564 bem
420 515 573 562 terrae
612 521 667 560 ιη
703 506 950 575 (equitate
972 542 988 568 ,
1035 511 1085 557 et
1129 500 1348 572 populos
1374 501 1431 555 in
1473 500 1685 555 veritate
1731 517 1829 555 sua
1855 503 1908 566 Α
1934 514 2096 570 quam
2127 498 2255 554 fecit
2292 499 2481 554 orbem
2510 507 2776 554 terrarum
2803 500 2919 570 ipsa
2947 512 3132 555 secum
3169 508 3521 570 permaneat,

252 595 428 671 (Psal.
464 594 606 666 xcv),
650 594 744 665 qui
787 609 894 650 non
932 594 1251 664 reprobatus
1278 593 1374 648 sed
1416 592 1588 663 magis
1631 591 1836 648 electus

249 699 336 747 est
367 704 399 743 a
448 687 685 753 Deo,'de
731 702 838 758 quo
865 701 965 758 per
1003 685 1196 742 Isaiam
1243 684 1442 741 dicitur
1480 701 1492 738 :
1527 683 1662 737 Ecce
1708 698 1839 752 puer

250 777 730 848 meus,"suscipiam
753 793 893 843 eum,
915 777 1109 832 electus
1129 791 1296 841 meus,
1325 773 1636 846 complacuit
1662 773 1762 828 sibi
1783 774 1840 829 in

249 869 345 925 illo
387 869 566 924 anima
606 884 726 924 mea
776 867 933 940 (Isai.
979 867 1136 938 mi).
1192 865 1295 933 Qui
1341 872 1398 921 et
1434 864 1578 921 servi
1622 863 1843 920 nomine

251 961 506 1032 dignatus
547 965 633 1015 est
683 957 1019 1029 nuncupari,
1070 957 1210 1013 unde
1248 955 1299 1011 ei
1341 971 1440 1027 per
1482 962 1842 1010 memoratum

248 1051 575 1123 prophetam
613 1049 795 1105 divina
825 1064 930 1104 vox
962 1049 1038 1104 ait
1087 1066 1101 1102 :
1140 1046 1343 1102 Parum
1379 1055 1456 1101 est
1499 1056 1558 1101 ut
1595 1046 1670 1100 sis
1715 1043 1844 1098 mihi

250 1161 430 1202 servus
453 1144 520 1198 ad
543 1141 876 1198 suscitandas
894 1141 1060 1196 tribus
1075 1140 1263 1207 Iacob,
1287 1147 1337 1196 et
1352 1138 1504 1209 fteces
1531 1135 1701 1194 Israel
1722 1153 1846 1192 con-

251 1236 548 1292 uertendas.
571 1235 706 1291 Dedi
730 1244 778 1290 te
799 1235 856 1290 in
881 1233 1048 1289 lucem
1077 1234 1330 1305 gentium,
1362 1242 1420 1288 ut
1443 1233 1510 1288 sit
1557 1231 1704 1287 salus
1728 1246 1847 1286 mea

253 1345 417 1400 usque
446 1328 516 1382 ad
543 1337 833 1383 extremum
860 1336 1016 1382 teme
1036 1325 1172 1398 (Isa.
1197 1324 1369 1398 χιιι).
1401 1323 1566 1394 Cujus
1591 1331 1647 1380 et
1671 1330 1849 1379 mater

251 1420 508 1477 ancillam
557 1419 655 1475 Dei
689 1435 798 1475 non
822 1417 1022 1490 refugit
1049 1418 1398 1488 semetipsum
1419 1415 1696 1488 proﬁteri,
1729 1427 1848 1484 qua:

253 1511 314 1567 in
367 1509 663 1582 Evangelia
691 1510 797 1566 sibi
841 1510 1084 1567 divinum
1116 1519 1336 1580 partum
1366 1509 1560 1580 angelo
1592 1522 1848 1579 praenun-

253 1601 428 1665 tiante
479 1600 761 1673 respondit
808 1617 822 1654 :
868 1599 1006 1656 Ecce
1047 1600 1246 1656 ancilla
1293 1599 1540 1666 Domini,
1590 1599 1686 1669 ﬁat
1721 1599 1850 1654 mihi

251 1692 539 1748 secundum
559 1692 773 1748 verbum
801 1700 952 1747 tuum
975 1690 1128 1764 (Luc.
1157 1690 1220 1764 ι).
1254 1689 1426 1761 Hujus
1452 1705 1582 1762 ergo
1609 1690 1852 1746 membra

251 1791 384 1842 sunt
412 1784 588 1840 sancti
617 1784 710 1854 qui
733 1799 834 1854 per
853 1782 1156 1839 Ecclesiam
1183 1790 1416 1838 matrem
1437 1797 1581 1853 aqua
1603 1789 1661 1838 et
1684 1782 1852 1837 verbo

1939 591 2165 662 ejusque
2215 598 2367 646 actus
2415 603 2481 646 ac
2523 605 2619 646 cor
2659 591 2958 646 secundum
2995 590 3330 647 voluntatem
3365 607 3524 650 suam

1941 681 2156 755 dirigat.
2188 679 2298 738 Sed
2325 681 2452 753 quia
2480 681 2656 752 ipsum
2684 682 2942 753 templum
2975 683 3305 754 reﬁgurabat
3329 685 3524 744 Eccle-

1941 775 2078 830 siam
2133 772 2360 840 Christi,
2403 789 2510 845 qua
2556 789 2717 830 verus
2757 773 3046 845 paciﬁcus,
3093 784 3151 831 et
3192 792 3290 833 rex
3337 786 3524 835 noster

1942 865 2203 922 Dominus
2225 863 2384 921 Jesus
2406 878 2505 936 per
2527 865 2806 935 operarios
2831 881 2980 933 suos,
3010 867 3114 924 hoc
3135 875 3238 935 est,
3264 869 3529 940 praedica-

1944 963 2090 1012 tores
2115 962 2334 1012 sanctos
2356 955 2600 1027 quotidie
2623 955 2855 1012 aediﬁcat
2879 956 2934 1011 in
2961 957 3178 1014 laudem
3203 965 3261 1014 et
3303 958 3528 1030 gloriam

1944 1056 2001 1104 et
2046 1049 2308 1106 honorem
2363 1049 2600 1106 nominis
2628 1049 2753 1116 sui,
2789 1063 3079 1121 possumus
3117 1066 3227 1108 non
3270 1051 3528 1108 inconve-

1946 1139 2162 1196 nienter
2187 1140 2288 1196 has
2331 1153 2523 1210 preces
2548 1155 2685 1212 quas
2713 1139 2971 1197 Salomon
2999 1157 3098 1213 pro
3124 1157 3184 1198 se
3212 1142 3436 1210 obtulit,
3464 1141 3534 1197 ad

1947 1245 2237 1302 personam
2264 1231 2547 1287 doctorum
2573 1239 2776 1287 sanctae
2802 1230 3061 1288 Ecclesia:
3091 1231 3410 1300 transferre,
3437 1231 3533 1304 qui

1947 1333 2148 1381 norunt
2175 1325 2319 1396 quod
2351 1325 2533 1386 omnia
2557 1340 2679 1396 quae
2710 1325 2779 1381 ad
2807 1325 3050 1397 regimen
3075 1325 3260 1396 populi
3289 1325 3387 1382 Dei
3413 1339 3538 1395 per-

1949 1414 2146 1481 tinent,
2166 1430 2276 1470 non
2305 1429 2417 1471 suae
2440 1429 2562 1471 esse
2587 1415 2707 1486 Opis
2743 1415 2840 1472 sed
2868 1415 3110 1470 muneris
3137 1414 3328 1470 divini.
3381 1414 3538 1471 Unde

1951 1518 2010 1566 et
2034 1509 2276 1580 quotidie
2316 1509 2612 1580 postulant,
2640 1519 2702 1565 ut
2731 1509 2848 1581 ipse
2881 1509 2974 1581 qui
3005 1516 3194 1564 auctor
3239 1518 3325 1565 est
3374 1507 3539 1564 totius

1951 1599 2080 1656 boni
2107 1599 2322 1670 operis,
2367 1599 2483 1670 ipse
2514 1599 2742 1669 largitor
2785 1599 2857 1655 sit
2894 1613 3120 1655 summae
3165 1597 3535 1670 perfectionis.

1954 1689 2225 1762 Quidquid
2267 1690 2414 1746 enim
2445 1689 2514 1746 de
2561 1689 2825 1762 sapientia
2875 1690 2973 1746 Dei
3007 1690 3064 1745 in
3113 1689 3310 1746 divinis
3343 1689 3541 1745 litteris

1953 1781 2219 1852 scriptum
2259 1789 2381 1846 est,
2427 1795 2537 1835 non
2585 1780 2654 1834 ad
2680 1779 2846 1836 alium
2873 1795 3037 1850 quam
3075 1781 3144 1836 ad
3181 1780 3539 1836 mediatorem

250 1879 431 1934 renati
459 1919 474 1945 ,
504 1886 561 1934 et
608 1876 844 1948 Spiritus
891 1878 1065 1933 sancti
1095 1877 1271 1948 gratia
1297 1892 1330 1931 a
1352 1876 1474 1933 labe
1500 1882 1846 1946 peccatorum
1875 1873 1924 1933 B
1949 1872 2049 1928 Dei
2075 1871 2132 1928 et
2176 1873 2457 1929 hominum
2505 1872 2713 1929 referre
2760 1873 3052 1939 debemus;
3100 1873 3218 1944 ipse
3245 1871 3393 1928 enim
3434 1886 3542 1941 pax

250 1967 524 2034 mundati,
570 1967 850 2024 humiliter
875 1983 935 2024 se
980 1967 1098 2037 ejus
1138 1969 1376 2024 subdunt
1423 1967 1664 2024 servitio.
1711 1967 1845 2024 Orat

249 2075 386 2132 ergo
423 2059 594 2115 Filius
639 2059 862 2116 Patrem
885 2099 900 2126 ,
930 2068 1096 2130 caput
1120 2073 1222 2130 pro
1247 2073 1480 2130 corpore
1525 2059 1843 2131 deprecans,

249 2160 319 2209 ut
337 2151 456 2223 ejus
483 2151 662 2224 gratia
689 2151 1051 2219 illuminetur,
1075 2160 1135 2209 et
1161 2152 1464 2209 deducatur
1489 2152 1549 2208 in
1572 2152 1660 2208 via
1688 2150 1850 2223 justi-

253 2243 376 2311 tiae;
417 2243 570 2300 novit
622 2244 768 2300 enim
817 2243 990 2315 ipsius
1036 2257 1160 2300 esse
1185 2243 1388 2300 donum
1428 2243 1694 2316 quidquid
1721 2245 1850 2301 boni

251 2334 424 2391 habet
466 2334 524 2388 in
571 2347 850 2401 sermone,
881 2333 1162 2392 voluntate
1202 2333 1366 2391 simul
1394 2341 1452 2392 et
1488 2349 1685 2408 opere;
1710 2351 1849 2408 qua-

249 2431 479 2495 propter
513 2424 858 2495 subsequitur
884 2423 1072 2481 dicens
1098 2441 1112 2480 :

329 2511 504 2567 Homo
541 2512 810 2583 inﬁmus,
859 2523 908 2569 et
937 2513 1116 2586 exigui
1156 2515 1434 2586 temporis,
1471 2523 1522 2571 et
1560 2516 1736 2573 minor
1781 2518 1853 2574 ad

251 2603 574 2660 intellectum
605 2606 801 2676 judicii
831 2615 880 2661 et
902 2605 1093 2677 legum.
1128 2607 1272 2663 Nam
1301 2617 1350 2664 et
1389 2609 1437 2665 si
1463 2611 1581 2682 quis
1605 2612 1702 2666 erit
1730 2629 1856 2668 con-

253 2705 554 2752 summatus
600 2698 740 2753 inter
765 2696 907 2768 ﬁlios
954 2699 1247 2766 hominum,
1276 2701 1322 2754 si
1356 2700 1624 2773 aufugerit
1655 2703 1720 2757 ab
1762 2702 1853 2758 illo

252 2787 519 2857 sapientia
559 2795 653 2843 tua
673 2828 689 2853 ,
721 2788 778 2843 in
807 2788 1027 2844 nihilum
1057 2790 1460 2861 computabitur.
1488 2791 1567 2847 De
1593 2791 1698 2848 hoc
1719 2801 1775 2848 et
1799 2793 1854 2849 in

256 2879 401 2935 libro
453 2878 556 2936 Job
600 2879 798 2951 legitur
829 2897 845 2936 :
879 2879 1071 2936 Nonne
1106 2883 1165 2937 in
1197 2882 1428 2954 antiquis
1471 2891 1547 2938 est
1575 2883 1852 2954 sapientia,

255 2983 311 3028 et
339 2975 397 3028 in
416 2973 580 3031 multo
605 2982 834 3046 tempore
854 2975 1136 3047 prudentia
1149 2977 1175 3030 ?
1187 2975 1342 3046 Apud
1363 2977 1535 3047 ipsum
1555 2987 1630 3032 est
1652 2979 1860 3049 sapien-

258 3065 340 3121 tia
362 3075 410 3120 et
435 3065 726 3136 fortitudo;
746 3069 858 3138 ipse
880 3067 1035 3123 habet
1055 3066 1338 3122 consilium
1359 3077 1406 3123 et
1433 3068 1858 3140 intelligentiam;

260 3156 314 3212 si
335 3156 674 3226 destruxerit,
702 3173 853 3213 nemo
881 3166 956 3212 est
996 3159 1086 3229 qui
1111 3159 1369 3228 tedi/icet;
1396 3159 1443 3214 si
1469 3160 1739 3215 incluserit
1763 3161 1859 3216 ho-

259 3245 479 3314 minem,
503 3245 680 3303 nullus
702 3255 777 3304 est
796 3247 886 3320 qui
906 3250 1108 3320 aperiat
1135 3247 1280 3321 (Job.
1304 3249 1426 3322 xu).
1451 3249 1680 3321 Liquido
1705 3260 1860 3322 patet
1884 3247 1931 3313 C

258 3338 409 3408 quod
447 3339 684 3395 humana
706 3339 997 3396 inﬁrmitas
1023 3341 1128 3396 nisi
1160 3355 1262 3413 ope
1290 3349 1629 3398 sustentatur
1651 3344 1853 3414 divina,

260 3431 486 3489 casibus
528 3434 828 3490 innumeris
871 3434 1130 3492 deﬁciens
1174 3435 1244 3491 ad
1290 3434 1522 3492 nihilum
1557 3438 1852 3510 redigetur.

261 3519 456 3576 Gratia
505 3522 652 3579 enim
698 3522 796 3580 Dei
843 3524 1037 3580 salvati
1085 3539 1310 3592 sumus,
1358 3534 1414 3582 et
1459 3541 1622 3583 omne
1655 3529 1858 3585 donum

260 3611 569 3685 perfectum
593 3612 878 3670 desursum
896 3613 1179 3670 habemus.
1205 3614 1360 3683 Quod
1387 3615 1588 3673 Paulus
1614 3619 1855 3675 sentiens

265 3703 338 3759 de
370 3704 661 3776 semetipso
691 3714 770 3761 alt
815 3721 832 3760 :
863 3706 1066 3776 Infelix
1109 3724 1223 3780 ego,
1258 3710 1376 3779 quis
1403 3726 1486 3764 me
1510 3710 1750 3766 liberabit
1794 3713 1859 3770 de

264 3810 482 3865 corpore
505 3797 689 3851 mortis
713 3795 912 3867 hujus?
937 3795 1123 3853 Gratia
1145 3798 1244 3854 Dei
1265 3815 1358 3870 per
1380 3799 1566 3855 Iesum
1588 3799 1859 3858 Christum

265 3882 554 3940 Dominum
582 3895 819 3942 nostrum
841 3886 1022 3959 (Rom.
1046 3888 1168 3962 vn).
1195 3889 1407 3946 Etitem
1424 3891 1602 3963 inquit
1630 3911 1643 3947 :
1670 3892 1860 3952 Gratia

267 3973 372 4030 Dei
399 3991 516 4029 sum
541 3977 598 4031 id
622 3979 761 4048 quod
791 3995 930 4045 sum,
957 3988 1006 4035 et
1029 3981 1204 4050 gratia
1225 3982 1340 4052 ejus
1374 3985 1431 4037 in
1454 4001 1536 4039 me
1559 4002 1730 4041 vacua
1755 4004 1861 4043 non

270 4063 408 4135 fuit;
436 4066 527 4120 sed
569 4067 928 4125 abundantius
953 4069 1061 4126 illis
1083 4071 1325 4128 omnibus
1353 4072 1608 4144 laboravi,
1638 4093 1742 4134 non
1767 4094 1861 4151 ego

274 4164 472 4223 autem,
504 4157 596 4213 sed
623 4160 797 4230 gratia
828 4160 928 4216 Dei
955 4178 1159 4218 mecum
1192 4163 1247 4237 (Ι
1273 4163 1396 4220 Cor.
1422 4167 1536 4239 xv).

345 4245 432 4302 Tu
453 4265 537 4304 me
555 4249 756 4324 elegisti
777 4270 947 4326 regem
967 4255 1162 4327 populo
1181 4265 1296 4326 tuo,
1309 4269 1360 4314 et
1369 4260 1607 4330 judicem
1627 4262 1863 4332 ﬁliorum

270 4343 489 4390 tuorum
510 4348 560 4393 et
580 4340 853 4409 ﬁliarum;
892 4354 940 4399 et
962 4345 1145 4402 dixisti
1185 4365 1267 4404 me
1303 4351 1568 4420 cedi/icore
1613 4356 1863 4426 templum

268 4441 328 4479 sn
359 4436 530 4482 monte
573 4439 755 4486 sancto
797 4443 920 4499 tuo,
953 4444 1002 4490 et
1053 4437 1107 4490 in
1136 4437 1342 4495 civitate
1381 4440 1722 4499 habitationis
1758 4454 1863 4501 tute

269 4520 471 4588 altare,
531 4523 932 4582 similitudinem
981 4530 1306 4587 tabernaculi
1352 4537 1522 4590 sancti
1562 4538 1674 4603 tui,
1721 4540 1862 4610 quod

1948 1957 2134 2020 nostra
2162 1965 2254 2035 qui
2274 1963 2406 2020 fecit
2431 1970 2662 2034 utraque
2685 1980 2874 2030 unum,
2911 1963 3005 2035 qui
3034 1964 3209 2020 virtus
3233 1971 3289 2020 et
3323 1963 3543 2033 sapien-

1949 2057 2028 2113 tia
2052 2057 2150 2112 Dei
2173 2055 2244 2111 ab
2264 2056 2524 2128 Apostolo
2543 2057 2856 2114 nominatur
2877 2075 2890 2111 :
2917 2057 3105 2128 Imago
3128 2056 3223 2113 Dei
3243 2056 3544 2124 invisibilis,

1947 2149 2325 2220 primogenitus
2345 2149 2514 2204 omnis
2537 2160 2813 2216 creaturae,
2837 2151 2962 2221 quia
2981 2149 3035 2204 in
3055 2150 3168 2220 ipso
3192 2149 3404 2204 condita
3423 2156 3547 2204 sunt

1949 2241 2195 2296 universa
2225 2240 2283 2295 in
2325 2238 2467 2296 ctelis
2495 2251 2543 2296 et
2577 2243 2635 2296 in
2671 2242 2851 2308 terris,
2891 2240 3120 2297 visibilia
3151 2250 3202 2296 et
3239 2239 3545 2307 invisibilia,

1951 2332 2060 2388 sive
2106 2332 2308 2400 throni,
2344 2333 2451 2388 sive
2474 2332 2878 2399 dominationes,
2907 2334 3012 2389 sive
3057 2333 3417 2405 principatus,
3443 2333 3549 2388 sive

1951 2429 2251 2493 potestates,
2281 2423 2460 2478 omnia
2494 2439 2587 2495 per
2605 2423 2800 2494 ipsum,
2824 2433 2872 2478 et
2897 2424 2954 2478 in
2979 2425 3094 2496 ipso
3115 2433 3294 2481 creata
3319 2432 3462 2490 sunt,
3498 2431 3550 2479 et

1953 2513 2064 2585 ipse
2088 2522 2164 2569 est
2185 2522 2307 2570 ante
2334 2530 2535 2581 omnes,
2560 2524 2610 2569 et
2651 2516 2828 2570 omnia
2857 2515 2913 2570 in
2933 2516 3047 2587 ipso
3069 2524 3338 2581 constant,
3370 2525 3419 2571 et
3440 2516 3550 2586 ipse

1955 2613 2030 2661 est
2052 2614 2208 2676 caput
2235 2607 2468 2678 corporis
2488 2605 2766 2675 Ecclesia,
2789 2608 2879 2679 qui
2901 2617 2977 2663 est
2996 2608 3332 2680 principium,
3354 2607 3554 2678 primo-

1957 2695 2164 2767 genitus
2197 2711 2264 2751 ea:
2288 2697 2548 2764 mortuis,
2574 2705 2632 2753 ut
2653 2698 2721 2752 sit
2747 2699 2806 2753 in
2837 2697 3078 2754 omnibus
3111 2699 3222 2770 ipse
3265 2698 3554 2770 primatum

1959 2798 2137 2845 tenens
2165 2789 2331 2859 :quia
2357 2792 2415 2846 in
2451 2792 2566 2862 ipso
2593 2790 2910 2863 complacuit
2939 2808 3144 2847 omnem
3171 2790 3555 2862 plenitudinem

1959 2880 2221 2948 habitare,
2253 2891 2300 2938 et
2331 2899 2426 2954 per
2452 2899 2571 2938 eum
2591 2883 2926 2939 reconciliari
2956 2885 3157 2950 omnia,
3177 2885 3236 2938 in
3254 2882 3369 2954 ipso
3399 2880 3550 2953 paci-

1960 2973 2127 3043 ﬁcans
2151 2991 2244 3047 per
2271 2977 2582 3048 sanguinem
2627 2978 2799 3032 crucis
2836 2977 2981 3048 ejus,
3021 2978 3128 3032 sive
3173 2992 3291 3049 quea
3315 2976 3374 3031 in
3400 2975 3554 3032 terris

1960 3073 2108 3132 sunt,
2131 3067 2240 3121 sive
2257 3083 2376 3138 qute
2401 3069 2457 3122 in
2483 3068 2624 3124 caelis
2645 3066 2784 3141 (Col.
2806 3068 2870 3140 ι).
2899 3069 3052 3126 Unde
3079 3077 3135 3125 et
3157 3069 3440 3141 sequitur:

2035 3173 2145 3230 Scit
2198 3176 2336 3230 enim
2374 3177 2469 3231 illa
2497 3169 2676 3233 omnia
2726 3188 2775 3234 et
2804 3177 3082 3250 intelligit,
3133 3188 3185 3235 et
3219 3179 3440 3234 deducet
3471 3195 3555 3234 me

1961 3265 2018 3320 in
2041 3266 2282 3337 operibus
2313 3267 2438 3323 meis
2467 3268 2658 3334 sobrie,
2691 3277 2739 3324 et
2767 3269 3022 3325 custodiet
3050 3286 3133 3324 me
3161 3270 3221 3324 in
3241 3286 3342 3325 sua
3369 3278 3548 3340 poten-

1959 3358 2054 3413 tia.
2088 3355 2160 3412 Et
2186 3366 2338 3413 erunt
2376 3369 2586 3430 accepta
2615 3376 2772 3432 opera
2807 3377 2946 3428 mea,
2979 3368 3028 3416 et
3072 3360 3350 3432 disponam
3386 3376 3557 3432 popu-

1959 3448 2071 3504 lum
2121 3460 2269 3504 tuum
2299 3451 2467 3523 juste,
2517 3461 2567 3507 et
2601 3469 2690 3509 ero
2736 3454 2928 3525 dignus
2971 3453 3176 3510 sedium
3222 3455 3391 3526 patris
3432 3455 3556 3509 mei.

1958 3537 2153 3597 Omnia
2187 3543 2334 3598 enim
2365 3544 2509 3600 nuda
2532 3551 2589 3600 et
2629 3551 2819 3616 aperta
2855 3554 2982 3602 sunt
3020 3560 3209 3602 coram
3256 3545 3430 3604 oculis
3467 3561 3558 3601 sa-

1957 3632 2177 3704 pientiae
2192 3634 2308 3701 Dei,
2341 3650 2442 3691 nec
2468 3635 2577 3690 ulla
2598 3635 2730 3694 latet
2755 3651 2874 3693 eam
2904 3637 3200 3709 cogitatio;
3228 3650 3559 3710 quapropter

1959 3737 2086 3780 eum
2113 3739 2276 3795 quem
2315 3726 2432 3796 ipsa
2469 3727 2628 3800 regit,
2658 3727 2924 3784 virtutum
2949 3728 3085 3786 calle
3109 3729 3289 3787 sobrie
3318 3730 3558 3798 deducit,

1960 3822 2016 3872 et
2062 3817 2130 3871 ab
2159 3817 2596 3875 adversariorum
2640 3819 3268 3879 laesionibusveraciter
3302 3824 3560 3895 protegit,

1959 3918 2292 3981 acceptaque
2318 3925 2484 3982 opera
2511 3911 2636 3980 ejus
2658 3910 2885 3980 faciens,
2910 3911 3134 3985 dignum
3160 3912 3351 3970 reddet
3379 3929 3560 3971 remu-

1961 4001 2243 4057 neratione
2274 4010 2584 4058 sanctorum
2614 4003 2672 4057 in
2700 4019 2869 4075 regno
2903 4005 3133 4061 cmlesti.
3182 4004 3290 4062 Sed
3312 4005 3443 4077 quia
3464 4021 3557 4063 so-

1961 4089 2068 4146 lius
2094 4090 2190 4146 Dei
2213 4099 2296 4147 est
2314 4105 2476 4147 nosse
2500 4107 2622 4162 qum
2651 4092 2766 4162 ipse
2791 4092 2928 4162 vult,
2953 4103 3008 4150 et
3027 4097 3264 4166 proprio
3292 4104 3428 4151 nutu
3449 4097 3564 4167 agit

1960 4181 2241 4248 universa,
2287 4182 2409 4238 ideo
2439 4183 2542 4239 iste
2563 4184 2814 4241 laudator
2855 4201 3080 4256 operum
3109 4189 3206 4245 Dei
3233 4190 3415 4247 subito
3463 4206 3558 4247 ex-

1962 4288 2262 4345 pavescens
2289 4275 2590 4331 admiratur
2612 4278 3040 4349 maguitudincm
3061 4281 3179 4353 ejus
3201 4291 3257 4338 et
3282 4284 3564 4356 subiungit

1965 4364 2152 4421 dicens
2175 4378 2192 4417 :

2039 4455 2171 4523 Quis
2200 4456 2339 4511 enim
2366 4457 2637 4512 hominum
2685 4460 2913 4531 potuerit
2942 4460 3076 4516 scire
3117 4461 3398 4519 consilium
3438 4463 3560 4532 Dei,

1965 4554 2059 4600 aut
2085 4547 2202 4618 quis
2226 4549 2452 4619 potuerit
2494 4551 2725 4622 cogitare
2765 4553 2892 4623 quid
2921 4552 3038 4609 velit
3069 4553 3370 4613 Dominus?
3397 4555 3564 4627 Cujus

268 4615 586 4683 prteparasti
601 4615 666 4671 ab
686 4617 873 4685 initio;
899 4627 948 4674 et
969 4628 1139 4676 tecum
1163 4624 1422 4696 sapientia
1444 4637 1559 4694 tua,
1582 4645 1701 4700 quae
1723 4630 1864 4687 novit

1966 4609 2343 4696 excellentiam
2377 4650 2432 4698 et
2461 4609 2661 4700 Patilus
2687 4609 3077 4719 obstupescens
3104 4652 3181 4708 ait
3206 4668 3219 4706 :
3259 4651 3304 4708 Ο
3336 4609 3563 4709 altitudo

270 4719 432 4816 qpera
481 4713 606 4816 tua,
633 4724 752 4816 quq:
781 4717 830 4816 et
873 4711 1028 4816 a'lfl‘uit
1071 4721 1196 4769 tunc
1217 4732 1347 4816 cum
1377 4719 1864 4816 orbem-terrarum
1966 4730 2272 4786 divitiarum
2300 4733 2571 4804 sapientia:
2600 4745 2649 4790 et
2672 4711 2924 4805 scientiw,
2961 4757 3120 4812 quam
3166 4743 3563 4816 incomprehen—

272 4793 498 4905 face‘rejso,
528 4799 799 4905 etsciebat
823 4802 951 4873 quid
998 4813 1131 4905 esset
1161 4806 1430 4905 placitum
1457 4811 1623 4867 oculis
1646 4815 1784 4881 tuis,
1815 4824 1865 4870 et
1968 4818 2143 4875 sibilia
2170 4830 2291 4875 sunt
2309 4793 2518 4893 judicia
2567 4825 2704 4895 ejus,
2754 4835 2805 4880 et
2846 4793 3564 4905 ίηῦεὲὶὲρᾇιίὶέξ

270 4884 400 4953 quid
429 4885 688 4944 directum
716 4890 773 4945 in
796 4895 1071 4964 praeceptis
1097 4897 1221 4952 tuis.
1260 4898 1410 4955 Mitte
1433 4901 1582 4956 illam
1631 4905 1695 4960 de
1723 4906 1864 4963 caelis

271 4975 473 5031 sanctis
497 4979 624 5046 tuis,
656 4989 706 5036 et
735 4999 768 5037 a
794 4983 915 5040 sede
936 4988 1317 5058 magnitudinis
1335 5001 1460 5060 tute,
1488 5005 1547 5048 ut
1567 5012 1768 5051 mecum
1796 4999 1865 5054 sit

272 5072 325 5158 et
351 5079 556 5158 mecum
578 5068 800 5140 laboret,
830 5081 889 5128 ut
913 5076 1080 5131 sciam
1101 5079 1228 5150 quid
1247 5093 1514 5154 acceptum
1540 5087 1608 5142 sit
1629 5090 1770 5158 apud
1790 5099 1857 5146 te.

274 5153 480 5212 Narrat
504 5157 713 5232 Regum
755 5164 983 5222 historia
1013 5170 1160 5239 quod
1186 5153 1483 5232 Davidrex
1503 5153 1693 5236 volens
1724 5188 1862 5236 tem-

277 5245 426 5317 plum
462 5250 754 5321 tediﬁcare,
797 5256 1030 5316 Domino
1057 5263 1365 5333 prohibitus
1403 5268 1474 5324 sit
1502 5285 1600 5340 per
1627 5275 1864 5343 prophe-

283 5345 420 5438 tam,
451 5343 762 5438 quodﬁlius
793 5347 910 5419 ejus
961 5353 1055 5423 qui
1095 5355 1198 5412 sibi
1243 5361 1555 5418 succederet
1579 5363 1636 5419 in
1675 5381 1862 5438 regno,

281 5429 397 5531 ipse
448 5434 707 5507 templum
754 5442 1118 5502 aediﬁcaturus
1164 5459 1312 5506 esset
1361 5452 1621 5522 Domino;
1679 5429 1867 5531 sicque

282 5522 486 5580 factum
511 5535 596 5584 est
623 5539 684 5586 ut
708 5531 980 5600 Salomon,
1012 5539 1104 5608 qui
1134 5542 1382 5598 conditor
1411 5545 1570 5617 hujus
1594 5547 1720 5605 libri
1747 5522 1869 5608 esse

284 5617 610 5690 aestimatur,
654 5628 914 5698 templum
942 5632 1171 5690 Domino
1200 5636 1490 5694 miriﬁcum
1521 5643 1872 5702 aediﬁcaverit

288 5706 343 5762 in
383 5708 752 5784 Hierusalem;
789 5722 1014 5788 proinde
1040 5741 1186 5782 nunc
1235 5728 1378 5784 idem
1415 5745 1510 5786 rex
1541 5748 1868 5794 commemo-

290 5813 415 5858 rans
457 5804 720 5863 beneﬁcia
765 5810 882 5878 Dei,
914 5818 1148 5884 postulat
1190 5829 1249 5876 ut
1281 5821 1545 5892 sapientia
1572 5828 1742 5898 ipsius
1772 5847 1870 5903 per

614 5902 882 5969 ΡΑΤιιοι..
930 5908 1091 5972 CIX.

1971 4910 2104 4978 Quis
2140 4915 2278 4970 enim
2310 4918 2548 4986 cognovit
2598 4933 2806 4973 sensum
2833 4919 3069 4988 Domini,
3124 4933 3215 4977 aut
3237 4926 3354 4996 quis
3385 4927 3562 4993 consi-—_

1969 5003 2158 5059 liarius
2182 5005 2297 5076 ejus
2326 5005 2428 5076 fuit
2455 5007 2480 5060 ?
2514 5007 2617 5063 Aut
2642 5010 2758 5080 quis
2783 5011 2931 5081 prior
2967 5012 3110 5067 dedit
3144 5012 3224 5067 illi
3243 5022 3292 5069 et
3319 5015 3566 5071 retribuet

1967 5095 2014 5149 ei
2038 5096 2062 5149 ?
2101 5095 2364 5162 Quoniam
2415 5114 2480 5152 ea:
2508 5100 2620 5170 ipso
2646 5140 2662 5168 ,
2711 5110 2758 5155 et
2782 5119 2876 5172 per
2899 5103 3070 5174 ipsum
3120 5115 3170 5160 et
3219 5106 3274 5160 in
3302 5107 3414 5178 ipso
3443 5118 3564 5164 sunt

1970 5187 2167 5254 omnia,
2225 5188 2327 5259 ipsi
2371 5189 2538 5244 honor
2585 5200 2633 5245 et
2676 5189 2847 5261 gloria
2893 5193 2950 5248 in
3001 5194 3198 5251 stecula
3246 5196 3565 5254 saeculorum

1970 5277 2148 5350 (Rom.
2183 5278 2266 5351 ιι).

2046 5368 2398 5441 Cogitationes
2413 5376 2550 5429 enim
2571 5377 2874 5433 mortalium
2889 5379 3087 5436 timidae
3105 5391 3248 5450 sunt,
3277 5393 3325 5438 et
3355 5385 3567 5444 incerta:

1974 5464 2314 5533 providentia:
2343 5476 2553 5522 nostra'.
2604 5468 2728 5525 Ideo
2761 5472 3072 5528 mortalium
3108 5476 3466 5548 cogitationes
3494 5477 3568 5533 ti-

1977 5555 2136 5612 midae
2192 5567 2356 5624 sunt,
2406 5561 2532 5630 quia
2562 5560 2816 5633 fragiles,
2873 5573 2928 5620 et
2974 5565 3095 5622 ideo
3130 5567 3349 5625 incerta:
3382 5569 3566 5640 provi-

1976 5647 2171 5702 dentia:
2201 5649 2433 5704 hominis
2454 5691 2469 5716 ,
2521 5652 2646 5722 quia
2672 5655 2851 5710 anima
2883 5657 2999 5729 ejus
3035 5667 3120 5716 est
3166 5659 3461 5726 mutabilis,
3511 5669 3568 5716 et

1976 5753 2104 5793 caro
2123 5741 2509 5810 corruptibilis,
2535 5745 2676 5800 sicut
2699 5762 2931 5817 scqucns
2952 5765 3043 5806 seu
3053 5753 3217 5806 tentia
3236 5752 3490 5806 ostendit.

2049 5832 2250 5905 Corpus
2283 5836 2442 5908 enim,
2466 5840 2605 5911 quod
2635 5847 3009 5918 corrumpitur,
3036 5854 3282 5917 aggravet
3310 5845 3564 5923 animum,

3022 5939 3101 5999 23
