4030 6480
487 394 603 458 ’119

1132 386 1196 442 Β.
1235 378 1494 441 RABANI
1531 375 1752 437 MAURI
1788 370 2109 430 ARCHIEP.
2148 369 2459 428 MOGUNT.
2502 367 2791 428 OPERUM
2830 366 3012 426 PARS
3047 366 3089 423 l.
3644 366 3730 422 720

486 517 754 587 perpetuo
793 512 851 563 et
884 503 1001 561 sine
1049 501 1156 556 ﬁne
1207 499 1505 554 deeantant
1558 491 1747 548 laudes
1780 487 2076 560 condignas
2102 490 2157 552 Α
2180 484 2273 540 sed
2303 483 2449 540 uncti
2487 496 2676 538 sumus
2702 481 2823 538 oleo
2862 481 3097 553 Spiritus
3135 478 3348 546 sancti,
3402 487 3458 534 et
3496 480 3613 549 quia
3650 495 3730 537 nos

485 603 605 676 regi
642 609 698 657 et
723 594 1002 654 liberatori
1035 609 1135 650 suo

469 681 478 726 ⁷
554 672 820 760 Quoniam
846 686 1103 758 sapientia
1123 683 1327 754 aperuit
1351 696 1408 734 os
1437 685 1728 743 mutorum,
1772 683 1821 730 et
1869 672 2076 743 linguas

482 782 769 854 infantium
815 777 942 848 facit
968 775 1213 830 disertus.
1266 769 1612 826 Manifestum
1656 773 1740 822 est
1790 764 1934 836 quod
1962 762 2080 818 sine

486 871 754 943 sapientia
778 868 875 924 Dei
899 868 1135 923 humana
1163 877 1318 918 mens
1346 859 1549 930 aliquid
1574 858 1735 929 digne
1747 854 2076 927 excogitare,

491 966 578 1021 vel
613 980 675 1020 os
699 960 946 1033 proferre
983 974 1091 1014 non
1118 963 1334 1028 potest,
1366 951 1510 1008 unde
1551 953 1620 1008 ab
1647 951 1764 1022 ipso
1793 947 1907 1004 solo
1934 961 2080 1018 quae-

484 1057 688 1114 rendus
729 1062 815 1110 est
850 1052 1065 1109 sobrius
1101 1047 1428 1114 intellectus,
1455 1054 1513 1103 et
1538 1043 1767 1099 facultas
1814 1040 1933 1097 sani
1962 1039 2077 1096 elo-

486 1149 622 1219 quii,
663 1145 922 1218 quoniam
941 1159 1006 1200 ex
1024 1142 1177 1212 ipso,
1206 1149 1262 1196 et
1297 1153 1394 1211 per
1418 1137 1618 1208 ipsum,
1648 1142 1705 1190 et
1731 1133 1786 1189 in
1809 1132 1928 1204 ipso
1952 1139 2079 1188 sunt

485 1241 692 1297 omnia.
2056 1287 2058 1289 ,

556 1330 709 1404 (CAP.
725 1327 828 1400 ιι.)
849 1325 1052 1381 Diremit
1069 1339 1225 1395 opera
1246 1321 1458 1378 illorum
1479 1320 1536 1374 in
1558 1317 1798 1373 manibus
1816 1317 2080 1387 propheta:

482 1422 673 1479 sancti.
689 1419 720 1474 Ι
724 1429 803 1474 ter
829 1418 1063 1488 fecerunt
1083 1432 1175 1486 per
1193 1414 1398 1468 deserta
1423 1427 1541 1482 qua:
1564 1427 1668 1465 non
1683 1409 2079 1475 habitabantur,

481 1514 539 1568 in
561 1513 688 1567 locis
718 1510 926 1565 secretis
945 1508 1174 1577 fixerunt
1197 1521 1366 1560 casas.
1398 1503 1558 1559 Prior
1577 1501 1806 1573 populus
1829 1517 1894 1556 ex
1918 1499 2083 1571 Egy-

481 1615 578 1678 pto
602 1605 890 1677 egrediens
916 1603 1079 1658 ductu
1106 1600 1304 1672 Moysis
1333 1600 1676 1671 per.deserta
1705 1589 2078 1670 gradiebatur,

479 1705 538 1753 et
569 1697 627 1751 in
654 1694 788 1750 locis
817 1691 1260 1748 inhabitabilibus
1291 1689 1644 1746 tabernacula
1671 1687 1904 1753 ﬁxerat,
1941 1685 2076 1741 sicut

479 1787 835 1848 Pentateuchi
888 1794 1080 1841 narrat
1111 1783 1372 1840 historia:
1432 1783 1510 1838 ita
1563 1789 1619 1838 et
1661 1797 1807 1836 nunc
1843 1794 2081 1851 sequens

2181 579 2355 652 gratia
2401 577 2670 633 libertatis
2688 576 2879 644 unxit,
2927 574 3317 632 dominationis
3349 571 3728 644 deemonicaeju—

2182 688 2309 746 gum
2337 671 2561 742 putruit.
2948 656 2952 659 ’

2251 763 2358 819 Per
2380 779 2499 835 qua:
2522 763 2660 818 enim
2696 778 2874 835 pmnas
2916 764 3061 833 passi
3100 769 3218 816 sunt
3248 759 3454 814 inimici
3480 756 3732 826 illorum,a

2181 852 2467 922 defectione
2506 861 2660 922 potus
2708 853 2810 916 sui,
2862 860 2910 905 et
2935 851 2993 904 in
3045 851 3120 906 eis
3146 866 3266 904 cum
3303 847 3620 902 abundarent
3653 849 3733 916 ﬁlii

2181 944 2373 1012 Israel,
2401 944 2566 1000 lwtati
2593 952 2734 1000 sunt.
2765 941 2874 999 Per
2902 944 3015 999 haec
3050 961 3168 998 cum
3208 941 3321 996 illis
3364 941 3590 995 deessent
3632 939 3732 995 bene

2183 1055 2302 1093 cum
2326 1036 2433 1092 illis
2461 1046 2638 1092 actum
2677 1045 2774 1091 est.
2831 1035 2974 1090 Nam
3017 1052 3111 1106 pro
3159 1034 3304 1105 fonte
3342 1032 3550 1104 quidem
3571 1034 3732 1102 sempi-

2182 1131 2317 1186 terni
2362 1130 2617 1199 ﬂuminis,
2641 1129 2929 1183 humanum
2977 1126 3290 1197 sanguinem
3321 1123 3510 1178 dedisti
3535 1123 3730 1194 injustis.

2185 1222 2289 1290 Qui
2319 1239 2437 1276 cum
2456 1222 2814 1275 minuerentur
2838 1220 2897 1273 in
2942 1216 3273 1272 traductione
3304 1213 3586 1284 infantium
3613 1215 3728 1266 occi-

2181 1330 2383 1379 sarum,
2443 1312 2631 1368 dedisti
2686 1311 2792 1366 illis
2835 1309 3187 1366 abundantem
3240 1323 3440 1379 aquam
3484 1307 3729 1376 insperate,

2183 1404 2459 1459 ostendens
2515 1420 2608 1474 per
2652 1402 2793 1458 sitim
2820 1417 2936 1473 quae
2978 1410 3102 1455 tunc
3147 1398 3274 1469 fuit,
3329 1397 3731 1468 quemadmodum

2184 1501 2300 1549 tuos
2333 1494 2614 1561 exaltarcs,
2642 1502 2691 1548 et
2724 1491 3052 1548 adversarios
3100 1489 3319 1544 illorum
3348 1504 3574 1544 necares.
3599 1487 3733 1544 Com-

2184 1593 2452 1641 memorat
2473 1584 2737 1642 beneﬁcia
2773 1584 2890 1651 Dei,
2939 1599 3060 1655 quae
3106 1581 3282 1655 priori
3309 1581 3508 1652 populo
3536 1596 3626 1651 per
3648 1581 3732 1635 mi-

2183 1676 2538 1733 sericordiam
2567 1677 2804 1732 divinam
2827 1673 3021 1730 collata
3051 1681 3201 1740 sunt,
3221 1671 3444 1743 quando
3466 1670 3734 1726 sitientibus

2134 1793 2151 1814 ο
2184 1765 2264 1823 eis
2286 1766 2354 1821 de
2403 1773 2556 1837 petra
2613 1779 2809 1834 aquam
2866 1762 3152 1835 produxit,
3201 1768 3258 1816 et
3293 1759 3586 1818 abundanti
3627 1766 3732 1829 potu

478 1882 726 1957 populus,
760 1881 865 1936 hoc
889 1887 973 1934 est
991 1876 1444 1942 Christianorum,
1470 1889 1573 1946 per
1598 1874 1820 1930 ductum
1845 1872 2081 1944 prophe-
2107 1854 2156 1914 Β
2184 1859 2332 1957 ξΡξοεξ
2359 1857 2564 1957 ιςθξεῗοίῑ·
2598 1855 2691 1911 δίο
2713 1863 2769 1911 εί
2790 1870 2831 1957 ,ο
2856 1854 3132 1957 θοῐιῐῐξπίξ)
3177 1862 3374 1957 "armi
3419 1866 3600 1954 1109113}
3621 1866 3732 1921 quas

479 1976 568 2030 tiae
598 1976 651 2028 in
675 1973 894 2028 deserto
931 1969 1089 2025 istius
1136 1967 1324 2023 mundi
1355 1966 1622 2039 graditur,
1655 1981 1764 2036 quo
1799 1964 2084 2035 perveniat

479 2073 740 2138 regnante
761 2063 978 2121 Christo
1027 2060 1094 2116 ad
1119 2060 1351 2131 patriam
1377 2059 1530 2130 regni
1556 2057 1815 2114 caelestis.
1848 2055 2004 2122 Quod
2027 2062 2085 2111 et

479 2159 676 2215 Petrus
725 2155 1004 2227 apostolus
1057 2151 1370 2208 manifestat
1411 2151 1638 2206 dicens:
1675 2148 1944 2204 Habemus
1989 2148 2083 2217 ﬁr-

478 2255 698 2308 miorem
723 2248 1081 2322 propheticum
1117 2261 1411 2302 sermonem
1455 2243 1541 2297 cui
1580 2241 1864 2311 benefactis
1907 2247 2079 2294 atten—

481 2347 684 2412 dentes,
726 2344 880 2416 quasi
900 2343 1128 2398 lucerna
1148 2340 1340 2394 lucenti
1366 2340 1420 2394 in
1463 2337 1752 2410 caliginoso
1773 2336 1886 2391 loco
1916 2336 2082 2390 donec

481 2440 590 2493 dies
642 2437 921 2501 elucescat,
964 2443 1012 2489 et
1058 2431 1252 2500 lucifer
1287 2431 1494 2484 oriatur
1533 2429 1590 2484 in
1616 2427 1862 2483 cordibus
1899 2425 2081 2481 vestris

485 2529 572 2603 (II
603 2528 750 2583 Petr.
782 2527 859 2599 v).

558 2619 826 2675 Steterunt
856 2625 1040 2670 contra
1078 2623 1272 2679 nostes,
1315 2620 1363 2665 et
1407 2612 1470 2665 de
1497 2611 1724 2665 inimicis
1766 2625 1821 2664 se
1849 2608 2082 2665 vindica-

481 2719 687 2774 verunt,
717 2708 956 2762 sitierunt
985 2715 1032 2760 et
1067 2705 1435 2758 invocaverunt
1465 2713 1537 2769 te,
1565 2710 1613 2756 et
1633 2701 1761 2755 data
1790 2709 1866 2755 est
1889 2698 1995 2754 illis
2017 2699 2082 2754 de

478 2808 626 2872 petra
658 2798 921 2852 altissima
951 2813 1088 2868 aqua
1115 2837 1130 2862 ,
1171 2803 1218 2849 et
1245 2795 1444 2866 requies
1485 2793 1599 2848 sitis
1620 2793 1684 2847 de
1723 2791 1895 2863 lapide
1923 2792 2079 2845 duro.

482 2889 624 2958 Quid
677 2896 861 2944 autem
913 2886 1005 2942 illa
1052 2893 1207 2958 petra
1243 2883 1649 2956 signiﬁcaverit,
1693 2884 1761 2940 de
1787 2897 1892 2953 qua
1925 2882 2082 2937 bibe-

480 2982 614 3036 bant
664 2979 964 3044 lsraelitze,
1017 2978 1218 3033 Paulus
1255 2985 1487 3032 testatur
1541 2976 1772 3032 dicens:
1826 2972 2083 3029 Bibebant

484 3081 660 3126 autem
691 3071 755 3125 de
779 3069 1045 3140 spirituali
1066 3077 1405 3139 consequente
1430 3084 1516 3121 eos
1539 3075 1710 3137 petra,
1736 3074 1884 3136 petra
1904 3072 2082 3118 autem

479 3173 592 3217 erat
619 3159 860 3216 Christus
887 3160 939 3232 (1
962 3159 1085 3214 Cor.
1118 3160 1196 3230 χ).
1228 3159 1354 3214 Haec
1373 3167 1547 3227 petra,
1573 3157 1725 3227 virga
1755 3155 1933 3210 crucis
1955 3169 2079 3224 per-

483 3270 666 3319 cussa,
695 3269 817 3322 qua:
853 3251 909 3305 in
948 3251 1217 3317 manibus,
1251 3251 1354 3305 hoc
1391 3257 1494 3316 est,
1531 3248 1816 3317 scripturis
1843 3247 2079 3316 prophe-

483 3355 662 3400 tarum
711 3343 1073 3414 praenuntiata
1121 3342 1258 3409 fuit,
1302 3341 1492 3398 eﬁ'udit
1532 3355 1731 3412 aquam
1758 3340 1938 3394 vivam
1965 3355 2085 3409 quae

482 3435 657 3505 replet
685 3449 874 3488 omnes
891 3433 1094 3489 electos
1122 3441 1176 3487 et
1195 3433 1446 3488 satietate
1475 3430 1653 3488 reﬁcit
1676 3439 1901 3486 aeterna.
1929 3430 2084 3486 Unde

483 3528 601 3597 ipsa
631 3527 846 3582 Veritas
884 3527 960 3581 ait
991 3546 1004 3580 :
1057 3526 1162 3592 Qui
1201 3527 1311 3581 sitit
1341 3527 1509 3582 veniat
1556 3527 1625 3580 ad
1659 3543 1740 3581 me
1767 3535 1814 3580 et
1843 3526 2003 3590 bibat,
2034 3536 2084 3580 et

483 3618 549 3682 de
573 3627 750 3671 ventre
777 3617 893 3686 ejus
915 3618 1080 3686 fluent
1110 3634 1260 3688 aqua:
1287 3618 1412 3671 vim
1439 3616 1621 3688 (Joan.
1655 3619 1776 3690 vn).
1818 3617 1888 3672 Et
1913 3617 2041 3690 alibi
2066 3636 2079 3672 :

487 3707 593 3774 Qui
645 3707 848 3773 biberit,
894 3707 1092 3777 inquit,
1139 3686 1331 3778 aquam
1365 3686 1524 3777 quam
1555 3725 1647 3780 ego
1688 3686 1779 3774 do,
1808 3709 1896 3777 ﬁet
1938 3686 1995 3761 in
2022 3725 2081 3762 eo

485 3797 604 3867 fons
629 3814 780 3868 aqua:
800 3797 1036 3852 salientis
1060 3799 1115 3852 in
1151 3798 1307 3852 vitam
1335 3808 1585 3854 wternam
1611 3797 1794 3872 (Joan.
1825 3799 1920 3873 ιν).
1956 3798 2084 3855 Haec

487 3903 620 3959 ergo
668 3896 821 3959 petra
869 3888 992 3945 ideo
1020 3888 1218 3943 dicitur
1245 3889 1539 3957 altissima,
1574 3891 1703 3960 quia
1737 3891 1793 3945 in
1819 3906 1882 3945 ea
1909 3891 2084 3945 conti-

488 3991 650 4036 netur
683 3983 856 4053 gratia
907 3982 1145 4052 Spiritus
1178 3983 1355 4037 sancti
1410 3983 1751 4054 largissime;
1798 3983 1918 4038 ideo
1947 3982 2082 4053 lapis

489 4072 680 4136 durus,
710 4073 836 4142 quia
866 4071 1056 4127 ﬁrmus
1079 4080 1164 4126 est
1190 4081 1246 4128 et
1279 4073 1509 4140 stabilis,
1535 4089 1696 4144 super
1721 4089 1883 4143 quem
1905 4075 2083 4130 omnis

489 4162 707 4232 sapiens
750 4161 980 4216 aediﬁcat
1030 4163 1249 4218 domum
1293 4179 1448 4219 suam
1494 4172 1552 4219 ut
1592 4165 1734 4219 nulla
1763 4175 2084 4238 tempestate

492 4261 793 4308 moveatur.
841 4252 917 4308 De
949 4254 1050 4309 hoc
1082 4262 1137 4310 et
1167 4255 1379 4327 Moyses
1420 4256 1475 4311 in
1505 4257 1718 4313 cantico
1752 4258 2086 4314 Deuterono-

487 4342 584 4397 mil
614 4341 728 4396 ait:
762 4342 1028 4398 Suxerunt
1077 4343 1180 4399 mel
1210 4345 1274 4399 de
1315 4355 1484 4416 petra,
1526 4355 1574 4400 et
1622 4346 1794 4400 oleum
1835 4348 1900 4402 de
1925 4348 2087 4417 ﬁrma

485 4442 634 4504 petra
680 4432 861 4504 (Deut.
894 4434 1091 4506 xxxii).
1144 4434 1421 4505 Nusquam
1452 4437 1562 4491 tale
1585 4436 1790 4506 aliquid
1837 4438 1983 4492 circa
2009 4438 2091 4492 hi-

2185 1949 2386 2006 inimici
2415 1947 2627 2004 illorum
2660 1947 2806 2017 passi
2846 1955 2974 2002 sunt
3006 1945 3062 2000 in
3093 1942 3480 2001 interfectione
3502 1942 3734 2014 primoge-

2184 2040 2422 2096 nilorum
2456 2054 2676 2096 suorum
2702 2047 2759 2094 et
2784 2038 2936 2094 varia
2961 2037 3116 2093 clade
3139 2051 3264 2106 quae
3280 2034 3434 2105 justo
3447 2033 3638 2103 judicio
3658 2032 3734 2087 Dei

2183 2148 2347 2204 super
2367 2148 2467 2216 eos
2496 2132 2665 2188 venit.
2698 2131 2922 2203 Mystice
2971 2138 3155 2187 autem
3178 2124 3435 2200 designati
3458 2127 3577 2198 quia
3598 2141 3734 2198 popte

2184 2225 2268 2281 lus
2296 2227 2393 2281 Dei
2421 2233 2478 2282 et
2505 2240 2636 2281 oves
2670 2239 2886 2296 pascuae
2938 2223 3076 2294 ejus,
3117 2237 3257 2292 quas
3301 2235 3543 2277 summus
3583 2224 3734 2288 pastor

2183 2317 2359 2390 pretio
2383 2316 2665 2388 sanguinis
2695 2316 2780 2371 sui
2825 2314 3073 2379 redemit,
3118 2313 3271 2368 sitim
3301 2326 3456 2367 suam
3489 2307 3734 2380 restinguit

2183 2408 2333 2465 fonte
2358 2408 2590 2463 viventis
2639 2421 2813 2476 aqum,
2839 2412 2895 2460 et
2940 2412 3324 2476 persecutores
3353 2416 3539 2459 eorum
3565 2407 3733 2456 aeterna

2184 2507 2426 2572 egestate
2451 2499 2767 2578 deﬁcientes
2793 2497 2964 2554 morti
2998 2496 3288 2555 tradentur
3317 2501 3601 2566 perpetuae.
3623 2489 3733 2546 Huic

2184 2592 2306 2649 loco
2356 2592 2485 2648 illud
2535 2590 2712 2647 simile
2755 2597 2858 2656 est,
2913 2588 3058 2659 quod
3080 2603 3180 2659 per
3203 2586 3405 2644 Isaiam
3434 2584 3732 2657 prophetam,

2185 2693 2376 2742 contra
2403 2682 2744 2740 adversarios
2790 2695 2920 2737 suos
2953 2679 3216 2737 Dominus
3265 2678 3508 2749 loquitur
3539 2675 3730 2732 dicens:

2185 2777 2324 2832 Ecce
2363 2776 2496 2832 servi
2525 2775 2629 2831 mei
2677 2773 2966 2838 comedent,
2993 2781 3043 2827 et
3069 2787 3156 2827 vos
3185 2771 3453 2825 esurietis.
3482 2767 3606 2822 Ecce
3627 2764 3733 2819 servi

2185 2869 2286 2924 mei
2314 2868 2504 2934 bibent,
2530 2876 2577 2922 et
2604 2884 2693 2922 vos
2733 2865 2942 2922 sitietis.
2976 2864 3113 2920 Ecce
3164 2864 3304 2918 servi
3335 2863 3434 2917 mei
3460 2859 3734 2916 lcetabuntur

2186 2972 2235 3018 et
2255 2978 2344 3017 vos
2387 2959 2800 3031 confundemini.
2845 2958 2983 3013 Ecce
3006 2958 3140 3012 servi
3187 2957 3292 3012 mei
3337 2955 3616 3009 laudabunt
3647 2963 3732 3019 pra

2187 3051 2536 3108 exsultatione
2559 3050 2752 3117 cordis,
2776 3057 2822 3105 et
2863 3065 2952 3104 uos
2981 3046 3278 3102 clamabitis
3297 3061 3409 3117 pra:
3437 3043 3606 3098 dolare
3643 3053 3734 3092 cor-

2187 3147 2290 3212 dis,
2324 3153 2373 3200 et
2397 3161 2507 3215 prce
2530 3143 2841 3198 contritione
2868 3140 3100 3212 Spiritus
3147 3128 3730 3206 ululabitis(lsai.1.xv).

2181 3237 2346 3293 Potus
2373 3244 2553 3291 autem
2579 3234 2667 3290 ille
2707 3234 2797 3289 hic
2823 3231 3170 3304 accipiendus
3208 3237 3316 3295 est,
3345 3227 3440 3299 qui
3469 3225 3661 3282 orietur
3683 3220 3733 3274 de

2192 3327 2435 3382 fontibus
2463 3324 2652 3390 lsrael,
2682 3338 2842 3394 quem
2872 3320 3197 3392 qui°biberit
3248 3305 3471 3373 habebit
3493 3315 3545 3369 in
3569 3325 3621 3367 se
3641 3309 3734 3364 lon-

2196 3428 2306 3474 tem
2328 3433 2481 3488 aquae
2505 3416 2746 3473 salientis
2780 3415 2837 3470 in
2870 3413 3038 3495 vitam
3083 3419 3367 3495 aeternam,
3400 3421 3553 3477 quem
3572 3411 3622 3458 et
3642 3399 3734 3495 su-

2184 3518 2341 3564 vator
2379 3487 2448 3563 in
2485 3523 2649 3579 regno
2696 3505 2878 3561 Patris
2923 3487 2986 3560 se
3013 3487 3314 3559 hibiturum
3354 3513 3476 3556 cum
3518 3488 3734 3564 apostolis

2184 3601 2492 3673 pollicetur,
2523 3601 2616 3671 qui
2648 3597 2891 3654 laetiﬁcat
2919 3610 3016 3652 cor
3042 3593 3301 3660 hominis,
3346 3592 3420 3648 ita
3445 3597 3503 3643 ut
3529 3585 3734 3641 bibentes

2188 3694 2402 3766 possint
2423 3694 2603 3749 dicere
2631 3690 2829 3747 :‘Beati
2861 3690 2951 3760 qui
2976 3689 3212 3743 esuriant
3242 3695 3292 3741 et
3310 3686 3494 3740 sitiunt
3509 3676 3733 3750 justitiam

2187 3785 2403 3859 (Matth.
2433 3783 2509 3856 v).
2539 3783 2606 3837 Et
2644 3789 2824 3836 mater
2857 3779 3072 3836 Domini
3110 3779 3274 3850 plena
3327 3773 3529 3846 Spiritu
3579 3772 3734 3859 sancto

2182 3852 2541 3949 prophetabat
2569 3893 2582 3928 :
2615 3873 2918 3928 Esurientes
2949 3869 3178 3941 implevit
3203 3867 3376 3932 bonis,
3404 3862 3494 3934 qui
3519 3858 3651 3931 prius
3669 3852 3731 3906 ci-

2183 3971 2314 4025 bum
2343 3968 2557 4024 Domini
2587 3983 2695 4022 non
2723 3965 3017 4029 habebant,
3054 3971 3104 4016 et
3137 3962 3326 4016 divites
3361 3955 3553 4013 dimisit
3581 3953 3729 4005 inanes

2188 4060 2344 4133 (Luc.
2382 4060 2448 4131 ι),
2486 4059 2578 4130 qui
2602 4058 2715 4113 dati
2741 4063 2869 4112 sunt
2913 4070 3012 4127 pro
3057 4052 3337 4124 sepultura
3365 4049 3498 4119 ejus,
3529 4053 3578 4100 et
3600 4051 3730 4111 quem

2187 4153 2508 4225 prophetam
2558 4150 2947 4222 promiserunt,
3003 4153 3351 4217 respuerant.
3398 4143 3471 4196 De
3495 4137 3665 4210 quibus
3689 4134 3732 4181 ct

2188 4244 2244 4300 in
2286 4244 2391 4300 alio
2415 4243 2535 4299 loco
2565 4242 2854 4298 Psalmista
2882 4240 3133 4295 decantat
3160 4255 3172 4290 ε
3204 4236 3404 4290 Divites
3429 4232 3672 4303 eguerunt,
3694 4226 3730 4271 cl

2188 4337 2483 4392 esurierunt
2522 4331 2696 4407 (Psal.
2728 4330 2946 4402 χχχιιι),
2976 4330 3033 4384 id
3061 4336 3165 4394 est,
3195 4326 3427 4398 populus
3447 4321 3727 4410 Iudaeorum.

2193 4425 2299 4492 Qui
2325 4435 2500 4478 autem
2545 4423 2832 4477 Dominum
2858 4429 3125 4492 quazruut,
3178 4418 3233 4472 id
3254 4426 3360 4483 est,
3397 4411 3545 4469 turba
3589 4409 3730 4478 εεηιι·

493 4525 722 4580 storiam
749 4523 985 4594 legitur;
1043 4526 1088 4580 si
1125 4533 1241 4582 tota
1283 4527 1495 4582 Veteris
1546 4496 1882 4583 Testamenti
1920 4528 2082 4583 series

2192 4515 2350 4581 lium,
2387 4531 2492 4568 non
2535 4513 2754 4584 egebunt
2801 4512 2944 4565 omni
2984 4509 3153 4563 'bono.
3187 4507 3433 4576 Cumque
3475 4496 3728 4594 servientes

491 4579 858 4680 recensentur,
890 4631 1157 4686 nusquam
1197 4619 1264 4673 de
1287 4626 1441 4688 petra
1469 4618 1594 4683 mel,
1622 4634 1891 4688 nusquam
1919 4579 2092 4689 pop“;
2115 4579 2168 4638 D
2193 4579 2429 4672 Christo,
2457 4615 2512 4662 et
2543 4579 2830 4662 credentes
2852 4604 2904 4659 ei
2935 4603 3101 4658 laetati
3127 4601 3332 4658 fuerint
3360 4608 3414 4655 et
3441 4585 3728 4652 laudaverint

489 4706 576 4763 lus
606 4707 697 4763 ille
721 4707 902 4763 oleum
931 4709 1094 4764 suxit.
1125 4709 1234 4764 Sed
1262 4710 1388 4780 quia
1411 4707 1570 4777 juxta
1593 4724 1786 4765 vocem
1818 4709 1972 4764 Pauli
1997 4725 2092 4780 pe-

490 4805 578 4856 tra
603 4807 724 4854 erat
751 4799 1036 4866 Christus,
1085 4799 1193 4855 mel
1218 4801 1286 4856 de
1311 4809 1462 4871 petra
1495 4809 1782 4867 suxerunt,
1815 4801 1907 4871 qui
1953 4800 2091 4872 ejus-

491 4894 614 4949 dem
652 4893 1031 4964 Redemptoris
1063 4893 1236 4949 nostri
1264 4893 1410 4948 facta
1437 4901 1492 4948 et
1522 4893 1786 4949 miracula
1813 4894 2085 4948 viderunt.

490 4983 684 5039 Oleum
712 5000 842 5040 vero
871 4984 940 5040 de
987 4984 1145 5040 ﬁrma
1175 4991 1329 5054 petra
1359 4993 1644 5049 suxerunt,
1692 4985 1785 5055 qui
1828 4983 2090 5042 effusione

491 5064 668 5131 sancti
702 5074 940 5146 Spiritus
975 5084 1098 5146 post
1144 5075 1604 5131 resurrectionem
1652 5075 1770 5144 ejus
1799 5077 1927 5144 ungi
1968 5091 2084 5131 me-

491 5175 751 5234 ruerunt;
781 5168 936 5238 quasi
956 5182 1085 5239 ergo
1106 5167 1160 5222 in
1182 5167 1339 5222 ﬁrma
1364 5176 1516 5238 petra
1545 5168 1650 5224 mel
1672 5168 1840 5237 dedit,
1871 5170 2088 5239 quando

493 5257 673 5313 adhuc
697 5259 946 5314 mortalis
992 5259 1252 5314 Dominus
1295 5260 1683 5316 miraculorum
1718 5276 1944 5318 suorum
1973 5262 2089 5317 dul-

492 5346 742 5402 cedinem
770 5348 1048 5418 discipulis
1088 5351 1344 5406 ostendit.
1399 5350 1507 5406 Sed
1531 5351 1686 5406 ﬁrma
1724 5359 1877 5422 petra
1907 5351 2087 5408 oleum

492 5435 655 5502 fudit,
687 5437 813 5506 quia
837 5446 962 5508 post
990 5441 1447 5497 resurrectionem
1475 5458 1629 5497 suam
1654 5443 1830 5498 factus
1851 5442 1966 5513 jam
1991 5443 2087 5498 im-

492 5525 766 5597 passibilis
793 5541 890 5596 per
913 5526 1238 5586 aﬁlationem
1267 5525 1500 5601 Spiritus
1529 5533 1729 5587 donum
1756 5541 1961 5588 sanctae
1986 5549 2086 5587 un-

480 5602 690 5702 !ctionis
730 5617 1023 5672 emanavit.
1076 5619 1151 5673 De
1174 5620 1276 5674 hoc
1310 5621 1430 5677 oleo
1463 5637 1560 5692 per
1588 5623 1912 5693 prophetam
1955 5623 2090 5679 dici-

481 5705 623 5812 itur:
669 5707 1046 5780 Computrcscit
1067 5711 1262 5782 jugum
1301 5730 1335 5767 a
1361 5713 1496 5782 facie
1521 5714 1621 5770 olei
1671 5714 1808 5787 (Isa.
1839 5716 1918 5787 x).
1973 5716 2088 5772 Sub

481 5796 621 5877 iiueo
671 5803 867 5876 Quippe
909 5807 1223 5862 tenebamur
1279 5805 1623 5867 daemoniacae
1679 5808 2081 5873 dominationis,

2191 4700 2480 4756 Dominum
2508 4714 2620 4771 prae
2668 4696 3034 4754 exsultatione
3075 4695 3256 4750 cordis
3303 4701 3360 4750 et
3387 4686 3588 4762 gaudio,
3628 4687 3728 4732 tunc

2197 4793 2273 4849 illi
2301 4791 2698 4849 confundentur
2734 4793 2980 4848 videntes
3009 4789 3064 4844 in
3095 4805 3254 4845 suum
3281 4789 3456 4845 locum
3481 4780 3603 4837 alios
3631 4785 3727 4828 sus-

2195 4887 2322 4956 cipi,
2371 4894 2426 4940 et
2460 4885 2769 4941 clamabunt
2798 4899 2910 4956 pra:
2948 4882 3132 4938 dolore
3168 4881 3373 4945 cordis,
3401 4859 3728 4956 implentesil-

2195 4951 2315 5045 Iud,
2362 4981 2504 5048 quod
2561 4951 2826 5048 scripturn
2888 4983 3016 5030 est:
3059 4973 3143 5028 Ibi
3181 4972 3278 5026 erit
3323 4971 3473 5041 ﬂetus
3498 4973 3543 5017 et
3569 4951 3728 5013 strido"

2194 5072 2429 5126 dentium
2461 5070 2678 5144 (Matth.
2719 5068 2865 5139 vui),
2917 5065 3132 5138 quando
3185 5063 3432 5120 steterint
3471 5051 3584 5144 agni
3621 5058 3723 5144 βεη-

2195 5165 2330 5219 tium
2363 5139 2526 5233 atque
2549 5162 2823 5232 justorum
2850 5160 2918 5214 ad
2954 5160 3255 5223 dexteram,
3290 5165 3346 5211 et
3394 5148 3523 5208 haedi
3549 5139 3722 5233 ιυίξῖξτο·

2194 5270 2314 5310 rum
2350 5265 2512 5325 atque
2550 5253 2838 5322 impiorum
2867 5267 2898 5305 a
2934 5250 3192 5316 sinistris,
3229 5247 3349 5303 aliis
3395 5227 3722 5328 recipientibus

2192 5358 2397 5404 aeterna
2425 5323 2671 5417 praemia,
2701 5343 2822 5400 aliis
2848 5342 3112 5413 supplicia
3137 5339 3476 5411 sempiterna.
3504 5323 3722 5417 conuii")

2196 5445 2375 5492 autem
2399 5414 2620 5506 spiritus
2650 5452 2763 5506 pra:
2791 5434 2979 5490 dolore
3003 5432 3182 5488 cordis
3204 5420 3532 5498 intelligenda
3555 5414 3604 5469 in
3619 5418 3720 5506 cott-

2197 5505 2820 5600 scientiaipeccatorum,
2849 5526 3005 5597 juxta
3028 5525 3160 5581 illud
3189 5523 3333 5595 quod
3362 5505 3717 5600 scriP‘“m_f’5t,'

2198 5591 2519 5693 Cognoscent
2586 5591 2821 5675 errantes
2850 5591 2866 5597 ν
2897 5619 3087 5689 spiritu
3153 5591 3531 5684 inlelligentiam
3590 5591 3710 5693 (Ῑειξίσ

2196 5715 2370 5786 xxrx),
2406 5725 2455 5768 et
2483 5731 2572 5768 cor
2605 5713 2888 5768 contritum
2935 5721 2983 5766 et
3023 5709 3355 5764 humiliatum
3381 5704 3512 5758 Deus
3541 5704 3624 5745 non
3645 5680 3713 5734 ἀε-

2195 5785 2378 5880 spiciut
2401 5806 2572 5879 (Psal.
2599 5806 2675 5880 L).
2697 5805 3006 5863 Conleritur
3030 5803 3252 5876 spiritus
3273 5797 3473 5874 quando
3495 5785 3707 5846 elevatur,
