3882 6488
171 345 272 398 721

1005 347 1356 406 COMMENT.
1395 348 1463 406 IN
1500 349 1760 410 LIBRUM
1795 353 2199 412 SAPIENTIIE.
2241 385 2311 400 -—
2345 360 2475 415 LIB.
2517 359 2582 416 II.

3330 366 3436 428 722

169 462 319 534 quod
347 463 415 518 de
434 475 563 533 rege
599 461 782 532 iniquo
817 461 982 519 Israel
1027 463 1289 533 scriptum
1310 471 1394 520 est
1425 481 1438 516 :
1466 463 1743 520 Induravit
1772 471 1826 532 Α
1849 467 2000 539 xnx)
2025 485 2043 533 ;
2071 469 2146 522 sic
2175 471 2314 525 enim
2341 480 2492 526 erunt
2535 471 2694 541 primi
2743 472 3032 541 novissimi,
3061 481 3109 528 el
3160 476 3434 532 novissimi

169 553 431 608 Dominus
484 554 726 625 spiritum
750 555 887 626 ejus.
921 555 990 610 Et
1017 555 1084 610 de
1130 553 1552 626 Bableniorum
1601 556 1752 626 prin-

169 644 312 713 cipe,
349 645 565 715 quando
588 644 854 700 elevatum
883 655 968 702 est
991 661 1086 701 cor
1111 643 1247 716 ejus,
1279 655 1335 702 et
1361 647 1644 704 induratus
1670 656 1755 704 est

169 736 413 807 spiritus,
462 747 523 792 ut
559 738 878 809 superbiens
931 738 1176 796 diceret:
1210 737 1341 795 Han:
1390 749 1466 796 est
1491 739 1752 811 Babylon,

171 826 343 900 etegd
363 827 466 901 feci
484 845 601 884 eam
627 828 791 902 (Dan.
815 828 917 901 ιν).

801 920 1028 980 CAPUT
1061 921 1150 978 IX.

706 1012 956 1086 Sequitur
986 1023 1044 1069 ut
1078 1031 1261 1086 supra.

245 1099 378 1158 Cum
402 1121 541 1159 erum
572 1105 756 1160 tentati
785 1113 930 1173 sunt,
977 1105 1214 1176 equidem
1240 1122 1358 1160 cum
1386 1105 1754 1162 misericordia

166 1197 504 1270 disciplinam
535 1200 860 1270 accipientes,
908 1201 1136 1255 scierunt
1161 1201 1606 1272 quemadmodum
1634 1217 1754 1255 cum

168 1288 255 1342 ira
293 1288 522 1359 judicati
569 1289 716 1360 impii
756 1297 1016 1344 tormenta
1061 1299 1383 1360 paterentur.
1409 1289 1511 1357 Qui
1538 1290 1754 1348 Veteris

171 1380 504 1435 Testamenti
528 1380 815 1437 lectionem
842 1381 1130 1452 diligenter
1149 1381 1386 1452 inspicit,
1418 1380 1575 1436 facile
1595 1395 1756 1453 agno-

170 1474 277 1528 scit
302 1473 570 1542 quomodo
598 1473 740 1528 Deus
768 1473 1038 1528 Israelitas
1083 1467 1279 1542 saepius
1317 1481 1606 1542 peccantes
1635 1472 1754 1542 pla-

171 1563 256 1634 gis
284 1563 458 1633 dignis
487 1563 768 1634 corripuit,
800 1571 856 1618 et
885 1563 1081 1617 iterum
1106 1562 1433 1632 pmnitentes
1451 1569 1754 1632 opportuno

171 1652 367 1709 solatio
393 1651 547 1708 fovit.
577 1653 923 1724 Alienigenas
949 1661 1151 1720 autem,
1179 1653 1283 1710 hoc
1330 1661 1435 1719 est,
1471 1652 1754 1725 Egyptios

172 1753 337 1814 atque
367 1745 723 1812 Chananzcos,
773 1753 1031 1817 tanquam
1084 1745 1334 1816 indignos
1377 1744 1752 1802 misericordia

1855 559 2010 629 primi
2044 558 2261 630 (Matth.
2294 562 2434 634 xu).

1926 649 2132 720 Duplex
2163 651 2300 705 enim
2327 651 2448 706 illos
2473 643 2978 724 acceperat-taedium
3001 663 3050 710 et
3071 664 3293 727 gematus
3314 674 3436 714 cum

1854 742 2107 796 memoria
2134 743 2542 814 prwteritorum.
2574 743 2707 799 Cum
2758 747 2897 800 enim
2951 747 3197 802 audirent
3217 765 3310 820 per
3336 765 3439 804 sua

1856 839 2114 886 tormenta
2139 831 2265 888 bene
2285 849 2458 888 secum
2487 833 2596 904 agi,
2644 837 3038 891 commemorati
3080 846 3203 892 sunt
3243 836 3435 892 Domi-

1857 941 2004 993 num,
2029 933 2080 980 et
2109 925 2428 981 admirantes
2472 926 2528 980 in
2565 925 2728 995 linem
2780 929 2972 983 exitus.
3007 928 3176 995 Quem
3202 930 3343 986 enim
3380 931 3441 985 in

1857 1016 2174 1088 expositione
2210 1017 2694 1089 prava'projectum
2735 1018 3054 1085 deriserunt,
3086 1019 3177 1074 isti
3203 1020 3438 1075 sitientes

1855 1105 1914 1160 in
1957 1107 2116 1176 ﬁnem
2165 1117 2373 1162 eventus
2422 1107 2605 1161 mirati
2657 1117 2800 1162 sunt.
2838 1106 3047 1178 Duplex
3085 1115 3170 1162 est
3212 1108 3435 1163 taedium

1858 1196 2166 1268 impiorum,
2197 1197 2412 1268 quando
2454 1198 2852 1269 praeteritorum
2886 1197 3150 1254 malorum
3180 1201 3436 1256 recorda-

1858 1275 1935 1344 tio
1964 1304 2070 1343 non
2093 1288 2374 1354 minuitur,
2407 1297 2462 1342 et
2486 1290 2835 1358 praesentium
2867 1289 3276 1345 tribulationum
3305 1297 3441 1344 tem-

1856 1387 2042 1449 pestas
2097 1385 2342 1449 augetur.
2385 1377 2537 1434 Unde
2567 1394 2666 1435 nec
2718 1380 2774 1433 in
2813 1378 2996 1434 futuro
3033 1395 3188 1450 spem
3239 1379 3443 1434 habent

1859 1469 2104 1535 remedii,
2135 1469 2264 1539 quia
2319 1467 2445 1524 licet
2494 1470 2750 1526 simulent
2796 1479 3146 1541 peccatorum
3170 1472 3443 1541 poeniten-

1862 1565 2009 1628 tiam,
2041 1563 2246 1618 nullum
2275 1571 2456 1619 tamen
2477 1565 2678 1620 habent
2706 1566 2944 1620 studium
2974 1580 3084 1620 sum
3109 1563 3446 1620 emendatio-

1859 1658 1946 1714 nis
1971 1672 1986 1710 :
2011 1657 2092 1712 sic
2136 1657 2202 1713 de
2231 1656 2432 1712 Judaeis
2477 1656 2532 1711 in
2557 1655 2773 1712 Psalmo
2816 1673 2984 1712 Lxm
3014 1657 3277 1727 scriptum
3312 1662 3396 1711 est
3427 1673 3440 1709 :

1861 1745 1993 1802 Cum
2028 1747 2280 1801 occideret
2303 1763 2412 1814 eos,
2467 1755 2590 1800 tunc
2622 1746 2950 1818 requirebant
2989 1764 3132 1814 eum,
3156 1756 3202 1802 et
3233 1762 3446 1801 conver-

170 1834 555 1904 suajudicans,
585 1837 719 1892 dura
745 1837 984 1893 vindicta
1035 1836 1436 1893 exterminavit.
1479 1834 1635 1892 Unde
1664 1851 1753 1893 se-
1858 1838 2100 1894 tebantur
2119 1847 2240 1892 ante
2281 1837 2470 1904 lucem,
2501 1847 2550 1891 et
2587 1837 2854 1891 veniebant
2896 1837 2964 1890 ad
3008 1853 3150 1903 eum,
3181 1845 3229 1890 et
3251 1851 3448 1889 memo-

171 1925 358 1996 quitur
387 1945 402 1981 :

247 2014 358 2072 Hos
380 2017 588 2089 quidem
624 2026 875 2089 tanquam
903 2027 1053 2089 pater
1092 2018 1378 2074 admonens
1415 2018 1666 2089 probasti,
1695 2018 1760 2073 il-

170 2113 253 2170 los
279 2124 456 2170 autem
481 2125 732 2186 tanquam
758 2115 928 2169 durus
974 2130 1066 2192 res:
1092 2115 1421 2185 interrogans
1446 2114 1762 2168 condemna-

170 2207 273 2272 sti;
313 2207 549 2261 absentes
576 2206 712 2260 enim
733 2215 779 2262 et
799 2215 1076 2277 prwsentes
1099 2204 1342 2261 similiter
1363 2207 1760 2276 torquebantur.

172 2296 327 2364 Quod
357 2296 490 2352 dicit
525 2296 778 2352 absentes
805 2304 860 2351 et
896 2306 1193 2367 praesentes
1235 2296 1490 2351 similiter
1542 2306 1763 2367 torque-

171 2389 390 2456 bantur,
423 2397 514 2443 aut
537 2389 642 2446 hoc
672 2388 825 2460 juxta
855 2389 1139 2446 historiam
1184 2389 1456 2459 signiﬁcat
1479 2390 1623 2460 quod
1651 2406 1761 2447 non

171 2481 344 2537 solum
371 2481 446 2536 illi
487 2480 782 2553 [Egyptum
821 2481 914 2552 qui
937 2489 1234 2552 praesentes
1279 2487 1583 2537 erantcum
1621 2479 1764 2535 Pha-

172 2588 337 2630 raone
382 2589 564 2630 coram
605 2573 787 2645 Moyse
819 2582 874 2629 et
915 2573 1099 2630 Aaron
1133 2573 1319 2630 decem
1349 2573 1523 2646 plagis
1558 2588 1762 2644 percu-

173 2668 466 2733 tiebantur,
489 2681 676 2722 verum
698 2666 864 2721 etiam
888 2666 1071 2721 caeteri
1103 2680 1312 2732 omnes,
1342 2664 1435 2735 qui
1465 2679 1566 2736 per
1593 2671 1762 2720 totam

170 2767 375 2814 terram
423 2757 642 2830 Egypti
693 2757 1014 2814 habitabant
1063 2756 1314 2812 similiter
1359 2757 1762 2827 puniebantur;

173 2861 268 2907 aut
295 2851 425 2907 illud
464 2851 683 2922 quando
731 2864 838 2906 non
885 2857 1094 2904 tantum
1123 2849 1180 2904 hi
1209 2863 1346 2918 quos
1373 2847 1635 2903 Israelita:
1667 2862 1759 2902 re-

173 2943 318 2999 centi
358 2941 510 2998 clade
547 2956 646 3012 per
676 2939 914 3009 singulas
961 2939 1208 2995 civitates
1253 2947 1606 3008 peremerunt
1646 2951 1764 3008 pa:-

183 3049 282 3090 nas
311 3033 709 3098 sustinuerunt,
750 3032 845 3088 sed
873 3038 930 3086 et
978 3045 1168 3087 omnes
1216 3037 1406 3102 gentes
1439 3038 1598 3087 terrae
1625 3029 1766 3086 Cha-

174 3141 487 3183 nanzeorum
525 3124 808 3181 audientes
855 3122 1042 3194 utique
1075 3122 1363 3178 victoriam
1417 3121 1605 3192 populi
1635 3120 1759 3186 Dei,

1863 1931 1967 1985 rati
1988 1940 2109 1985 sunt
2135 1948 2153 1986 :
2182 1930 2306 2002 quia
2339 1929 2484 1984 Deus
2514 1929 2731 2000 adjutor
2767 1946 2946 1984 eorum
2990 1940 3085 1996 est,
3116 1939 3163 1984 et
3187 1929 3328 1983 Deus
3351 1945 3447 1983 ea:-

1863 2023 2030 2078 celsus
2051 2022 2302 2077 liberator
2323 2020 2540 2076 illorum
2566 2029 2662 2076 est.
2713 2019 2782 2075 Et
2811 2021 3105 2076 dilexerunt
3137 2038 3255 2076 eum
3277 2021 3333 2075 in
3360 2037 3449 2075 ore

1861 2131 1979 2181 suo,
2001 2123 2050 2169 et
2076 2113 2258 2186 lingua
2302 2129 2400 2168 sua
2422 2112 2630 2167 mentiti
2683 2113 2904 2178 sunt,ei,
2933 2130 3023 2166 cor
3049 2122 3223 2167 autem
3263 2128 3446 2166 eorum

1863 2222 1967 2259 non
1991 2214 2103 2259 erat
2127 2213 2324 2258 rectum
2352 2219 2473 2258 cum
2519 2220 2602 2271 eo,
2635 2219 2726 2258 nec
2753 2203 2882 2272 ﬁdes
2906 2203 3083 2256 habita
3111 2194 3268 2258 est'in
3290 2211 3449 2257 testa-

1862 2305 2036 2351 mento
2062 2296 2195 2366 ejus.

1936 2389 2061 2444 Non
2105 2387 2348 2443 similiter
2369 2388 2534 2459 justis
2573 2387 2792 2458 faciens.
2828 2387 3007 2456 Quare
3033 2403 3141 2444 non
3170 2385 3301 2444 facit
3342 2385 3451 2444 illis

1864 2481 2154 2538 similiter?
2180 2480 2316 2549 Quia
2350 2495 2458 2537 non
2485 2489 2717 2551 peccant
2745 2482 3044 2552 aequaliter.
3092 2479 3291 2552 Septies
3311 2481 3450 2536 enim

1864 2576 2004 2632 cadit
2048 2576 2248 2647 justus,
2286 2584 2336 2631 et
2388 2575 2612 2647 resurgit
2644 2592 2663 2630 :
2694 2576 2841 2646 impii
2893 2586 3067 2630 autem
3121 2583 3365 2630 corruent
3393 2575 3452 2631 in

1863 2671 2062 2725 malum
2090 2669 2276 2743 (Prov.
2305 2668 2486 2741 xvm).
2525 2668 2661 2725 Nam
2687 2671 2876 2742 impius
2907 2687 3025 2724 cum
3053 2671 3106 2724 in
3128 2663 3449 2741 profundum

1864 2764 2124 2820 malorum
2151 2767 2367 2832 venerit,
2405 2767 2710 2821 contemnit.
2747 2766 2897 2821 Unde
2918 2765 3263 2836 subjungilur
3289 2783 3304 2821 :

1938 2857 2046 2912 Pro
2076 2857 2478 2929 cogitationibus
2501 2866 2676 2911 autem
2703 2857 2981 2912 insensatis
3013 2859 3311 2928 iniquitates
3334 2855 3452 2910 illo-

1869 2966 2006 3003 rum.
2045 2981 2116 2990 —
2143 2948 2446 3005 Secundum
2474 2949 2728 3003 duritiam
2758 2966 2907 3004 suam
2943 2959 2990 3004 et
3016 2967 3106 3003 cor
3125 2949 3448 3019 impaenitens

1867 3042 2223 3096 thesaurizant
2249 3040 2349 3095 sibi
2387 3041 2524 3095 iram
2576 3041 2631 3093 in
2655 3039 2738 3094 die
2767 3041 2861 3094 irte
2890 3051 2937 3094 et
2959 3039 3286 3094 reuelationis
3317 3038 3451 3108 justi

1859 3135 2054 3206 judicii
2101 3135 2218 3204 Dei,
2258 3135 2506 3206 quoniam
2540 3150 2631 3188 cor
2660 3133 2853 3187 durum
2877 3133 3014 3188 male
3039 3132 3241 3186 habebit
3267 3129 3447 3202 (Rom.

172 3230 230 3278 et
276 3221 552 3293 signorum
601 3217 926 3290 potentiam,
979 3232 1098 3288 quae
1145 3215 1201 3270 in
1248 3229 1436 3270 eorum
1463 3213 1752 3269 cductione

1870 3227 1952 3298 ιι).
1994 3227 2062 3282 In
2094 3226 2370 3282 novissimo
2418 3235 2608 3298 parata
2660 3235 2782 3278 sunt
2823 3223 3144 3278 derisoribus
3165 3221 3376 3290 judicia
3403 3227 3452 3273 et

176 3314 390 3369 Domini
428 3322 564 3368 nutu
597 3312 820 3385 ﬁebant,
866 3320 1012 3366 metu
1067 3325 1257 3366 eorum
1290 3309 1447 3364 valde
1475 3307 1758 3363 terreban-

175 3412 305 3460 tur:
333 3404 478 3476 quod
501 3411 559 3459 et
591 3404 758 3460 verba
782 3402 937 3460 Raab
966 3401 1272 3459 meretricis
1300 3401 1369 3456 ad
1391 3399 1764 3471 exploratores

177 3493 357 3552 Josuze
405 3496 610 3567 prolata
635 3495 927 3552 ostendunt
955 3513 968 3549 :
1008 3494 1174 3562 Novi,
1200 3494 1397 3564 inquit,
1427 3493 1566 3564 quod
1597 3493 1766 3547 tradi-

177 3587 314 3642 derit
339 3586 591 3643 Dominus
613 3588 756 3643 vobis
777 3597 1004 3653 terram;
1034 3587 1221 3642 etenim
1266 3587 1424 3640 irruit
1452 3587 1508 3640 in
1540 3602 1631 3640 nos
1659 3593 1764 3640 ter-

175 3695 269 3733 ror
298 3689 477 3745 vester,
509 3689 557 3734 et
604 3678 948 3751 elanguerunt
996 3695 1173 3733 omnes
1220 3677 1540 3732 habitatores
1588 3687 1759 3731 terrte.

173 3767 483 3823 Audiuimus
506 3769 644 3841 quod
685 3770 954 3824 siccaverit
981 3769 1237 3824 Dominus
1267 3783 1432 3844 aquas
1467 3768 1629 3822 maris
1651 3765 1765 3821 Ru-

172 3857 256 3911 bri
276 3859 344 3911 ad
367 3867 594 3913 vestrum
612 3859 902 3926 introitum,
929 3859 1140 3931 quando
1156 3860 1347 3929 egressi
1367 3859 1488 3913 estis
1507 3874 1571 3912 ex
1594 3856 1765 3928 Αἰθυ-

173 3957 283 4019 pto,
313 3959 361 4003 et
389 3966 505 4022 quae
553 3950 782 4021 feceritis
829 3950 1033 4006 duobus
1077 3951 1506 4005 Amorrhatorum
1557 3949 1764 4020 regibus

171 4042 264 4111 qui
290 4051 438 4096 erant
466 4052 612 4098 trans
655 4043 968 4110 Iordanem,
997 4042 1135 4100 Seon
1162 4052 1209 4098 et
1236 4041 1336 4115 0g,
1373 4060 1504 4114 quos
1544 4043 1766 4113 interfe-

173 4135 341 4190 cistis.
369 4136 437 4190 Et
465 4137 578 4193 haec
607 4137 878 4192 audientes
918 4137 1309 4209 pertimuimus,
1337 4145 1386 4191 et
1413 4135 1645 4207 elanguit
1675 4153 1766 4191 cor

172 4237 436 4296 nostrum,
466 4247 557 4285 nec
603 4231 854 4286 remansit
883 4231 938 4286 in
979 4231 1126 4286 nobis
1153 4231 1368 4302 spiritus
1396 4230 1466 4284 ad
1493 4229 1765 4284 introitum

171 4330 421 4376 vestrum.
452 4321 712 4379 Dominus
738 4325 876 4379 enim
923 4324 1066 4380 Deus
1087 4332 1252 4380 vester
1287 4325 1398 4395 ipse
1437 4332 1511 4378 est
1537 4322 1681 4378 Deus
1707 4321 1767 4376 in

172 4413 303 4471 coelo
327 4430 556 4484 sursum,
589 4427 638 4472 et
659 4418 714 4471 in
743 4403 885 4472 terra
913 4417 1159 4473 deorsum
1211 4417 1350 4490 (Jos.
1382 4417 1465 4490 ιι).
1503 4415 1612 4472 Sed
1637 4416 1766 4472 licet

170 4507 292 4563 haec
339 4509 481 4580 apud
521 4509 760 4580 priorem
795 4511 1054 4614 populum
1086 4511 1588 4614 temporibuslegis
1632 4527 1756 4582 389‘
1787 4552 1842 4614 Β

173 4607 386 4665 rentur,
418 4616 528 4658 non
557 4609 738 4658 tamen
757 4617 917 4658 versa
941 4603 1062 4659 vice
1087 4601 1277 4670 Judaei,
1319 4602 1413 4674 qui
1436 4603 1764 4659 incarnatio-

174 4704 304 4744 nem
327 4689 448 4745 Filii
478 4691 575 4747 Dei
607 4695 934 4764 spernebant
975 4703 1034 4750 et
1054 4695 1500 4766 praedicationem
1530 4696 1647 4769 ejus
1678 4711 1763 4752 re-

171 4784 360 4855 cipere
387 4785 662 4855 nolebant,
690 4802 798 4843 non
819 4787 991 4843 solum
1024 4788 1170 4844 intra
1193 4789 1446 4860 patriam,
1473 4789 1567 4846 sed
1595 4791 1762 4845 etiam

170 4891 278 4946 per
328 4877 642 4934 universum
668 4880 856 4936 orbem
899 4889 1171 4937 terrarum
1200 4882 1322 4954 vagi
1347 4891 1403 4937 et
1433 4881 1647 4954 profugi
1669 4897 1764 4938 va-

170 4969 276 5024 riis
302 4969 544 5027 cladibus
579 4980 923 5042 torquentur,
969 4981 1025 5030 et
1048 4982 1237 5045 gentes
1275 4990 1396 5044 quae
1430 4976 1764 5045 recipiebant

173 5062 342 5118 ﬁdem
395 5063 512 5132 Dei,
572 5074 628 5120 et
682 5067 931 5122 conversi
967 5076 1094 5123 sunt
1124 5084 1153 5122 a
1181 5068 1485 5124 simulacris
1535 5070 1647 5125 suis
1692 5069 1758 5126 ad

169 5153 341 5209 unius
363 5154 459 5210 Dei
490 5171 680 5212 verum
708 5157 930 5224 cultum,
975 5158 1190 5230 quando
1221 5158 1540 5230 delinquunt
1579 5168 1764 5230 pater-

171 5263 308 5302 nam
330 5250 730 5320 correptionem
756 5251 1132 5323 suscipientes,
1187 5267 1464 5322 nunquam
1493 5267 1526 5306 a
1553 5249 1766 5308 miseri-

172 5340 366 5396 cordia
393 5341 488 5396 Dei
519 5341 652 5397 liunt
680 5351 960 5411 extorres;
995 5343 1110 5399 haec
1135 5351 1219 5400 est
1244 5343 1594 5399 commutatio
1625 5332 1762 5400 dex-

172 5442 314 5488 terte
370 5433 604 5502 Excelsi,
660 5444 721 5491 ut
741 5437 833 5507 qui
880 5437 1080 5492 dudum
1131 5435 1348 5492 fuerunt
1380 5445 1562 5508 caput,
1617 5451 1763 5493 nunc

173 5525 294 5581 sint
318 5527 510 5593 cauda,
543 5536 598 5582 et
628 5529 720 5598 qui
768 5528 968 5584 dudum
1017 5531 1209 5595 cauda,
1240 5547 1384 5588 nunc
1415 5532 1552 5587 liunt
1581 5539 1763 5604 caput.

175 5615 475 5672 Conversus
505 5627 580 5673 est
603 5618 833 5674 Libanus
859 5620 915 5674 in
942 5617 1202 5687 Chermel,
1231 5630 1279 5675 et
1309 5619 1548 5676 Chermel
1575 5621 1630 5676 in
1650 5620 1764 5677 sal-

177 5716 296 5762 tum
329 5718 600 5778 reputatus
648 5721 742 5766 est.
769 5711 955 5768 Justus
993 5722 1069 5766 est
1113 5713 1372 5767 Dominus
1415 5714 1472 5767 in
1525 5708 1764 5768 omnibus

173 5800 285 5858 viis
317 5802 452 5871 suis,
490 5810 538 5860 et
574 5812 787 5862 sanctus
837 5805 894 5862 in
926 5803 1164 5862 omnibus
1208 5803 1446 5876 operibus
1471 5805 1581 5860 suis
1605 5804 1762 5877 (lsai.

1833 3361 1838 3365 ρ
1866 3329 2166 3394 peccatores
2202 3329 2576 3391 persequentur
2629 3317 2850 3383 malum,
2896 3315 3058 3388 justis
3085 3322 3258 3368 autem
3293 3311 3450 3367 retri-

1869 3413 2091 3468 buentur
2115 3411 2248 3467 bona
2281 3409 2464 3483 (Prov.
2494 3408 2636 3482 xm).

2443 3519 2674 3578 CAPUT
2710 3520 2780 3576 Χ.

1869 3612 2024 3680 Quod
2053 3612 2109 3667 in
2129 3611 2513 3684 delinquentem
2538 3609 2813 3684 populum,
2838 3609 2967 3684 dum
2992 3618 3249 3681 peccaret,
3279 3606 3454 3662 immi-

2342 3683 2466 3736 serit
2493 3680 2684 3736 bestias
2722 3680 2954 3735 ultrices.

1941 3772 2095 3839 Quod
2141 3772 2357 3845 quidam
2413 3779 2648 3826 errantes
2677 3771 2914 3826 colebant
2939 3769 3132 3827 multos
3188 3776 3452 3841 serpentes

1867 3871 1916 3918 et
1947 3862 2138 3918 bestias
2187 3879 2566 3934 supervacuas,
2617 3861 2882 3917 immisisti
2907 3861 3014 3918 illis
3064 3860 3456 3916 multitudinem

1866 3952 2152 4008 multorum
2197 3953 2513 4009 animalium
2557 3955 2613 4008 in
2646 3953 2950 4020 vindictam,
3001 3963 3056 4007 ut
3097 3954 3290 4009 scirent
3328 3951 3455 4023 quia

1866 4063 1961 4112 per
1991 4063 2110 4118 qua:
2128 4057 2306 4119 peccat
2331 4049 2469 4120 quis,
2501 4064 2595 4119 per
2614 4048 2727 4103 haec
2765 4056 2817 4103 et
2844 4056 3134 4118 torquetur.
3169 4047 3295 4103 Non
3316 4046 3454 4102 enim

1866 4136 2206 4208 impossibilis
2237 4147 2350 4193 erat
2399 4138 2724 4210 omnipotens
2752 4155 2941 4193 manus
2967 4147 3080 4204 tua,
3110 4156 3229 4210 qum
3259 4139 3452 4194 creavit

1868 4225 2041 4279 orbem
2067 4235 2329 4280 terrarum
2349 4243 2414 4281 eo:
2433 4227 2654 4281 materia
2679 4228 2868 4293 invisa,
2891 4227 3168 4283 immittere
3187 4227 3295 4282 illis
3314 4228 3451 4282 mul-

1869 4318 2143 4373 titudinem
2175 4335 2442 4386 ursorum,
2469 4328 2560 4373 aut
2591 4319 2819 4374 audaces
2872 4319 3067 4386 leones,
3097 4331 3189 4374 aut
3221 4322 3340 4376 novi
3366 4337 3454 4392 ge-

1868 4409 2010 4463 neris
2040 4409 2121 4463 ira
2151 4407 2334 4479 plenas
2360 4409 2564 4479 ignotas
2593 4408 2808 4473 bestias,
2856 4418 2946 4462 aut
2977 4425 3219 4480 vaporem
3250 4409 3450 4480 ignium

1869 4503 2149 4574 spirantes,
2175 4510 2266 4556 aut
2297 4501 2429 4571 fumi
2455 4502 2664 4556 odorem
2683 4501 3027 4572 proferentes,
3050 4511 3141 4555 aut
3162 4501 3453 4556 horrendas

1867 4595 1932 4650 ab
1979 4593 2144 4649 oculis
2191 4593 2450 4648 scintillas
2501 4592 2836 4648 emittentes:
2865 4609 3092 4664 quarum
3141 4609 3244 4647 non
3281 4591 3453 4647 solum

1867 4685 2064 4741 laesura
2098 4693 2302 4757 poterat
2349 4682 2467 4739 illos
2502 4685 2874 4750 exterminare,
2901 4682 2993 4739 sed
3019 4692 3067 4740 et
3097 4693 3334 4755 aspectus
3360 4701 3453 4754 per

1865 4780 2103 4834 timorem
2133 4775 2388 4832 occidere.
2442 4775 2547 4831 Sed
2591 4786 2641 4830 et
2677 4776 2789 4830 sine
2814 4775 2896 4830 his
2927 4790 3030 4830 uno
3077 4775 3264 4844 spiritu
3303 4783 3452 4845 pote-

1867 4882 1986 4928 rant
2016 4871 2206 4936 occidi,
2241 4868 2650 4941 persecutionem
2678 4868 2822 4940 passi
2852 4867 2916 4922 ab
2955 4866 3080 4937 ipsis
3125 4865 3277 4936 factis
3317 4865 3450 4928 suis,

1865 4975 1913 5021 et
1941 4964 2160 5036 dispersi
2195 4979 2288 5034 per
2328 4962 2572 5034 spiritum
2614 4962 2818 5016 virtutis
2849 4971 2974 5014 tute.
3007 4958 3240 5030 Dignum
3269 4957 3372 5012 fuit
3392 4965 3454 5010 ut

1871 5055 1963 5127 qui
2009 5072 2108 5126 pro
2163 5061 2412 5111 creatore
2463 5061 2769 5110 creaturam
2828 5049 3251 5115 venerabantur,
3311 5048 3454 5102 unde

1871 5147 2187 5220 quaerebant
2228 5163 2408 5218 opem,
2457 5146 2583 5201 inde
2630 5143 2890 5199 haberent
2933 5140 3212 5196 ultionem.
3243 5137 3456 5207 Pugnat

1873 5245 2018 5301 enim
2047 5259 2146 5314 pro
2173 5257 2239 5299 eo
2263 5242 2417 5298 orbis
2442 5248 2715 5296 terrarum
2761 5243 2951 5292 contra
2988 5235 3310 5290 insensatos.
3347 5231 3454 5287 Sed

1873 5337 2001 5410 quia
2019 5337 2074 5392 in
2103 5335 2330 5392 historia
2360 5333 2572 5390 Veteris
2597 5329 2928 5385 Testamenti
2957 5328 3042 5383 ha:
3068 5325 3279 5399 species
3301 5325 3454 5396 igno-

1874 5439 1943 5488 ta:
1987 5447 2108 5502 quae
2137 5435 2496 5486 numerantur
2541 5425 2839 5482 bestiarum
2873 5439 3139 5494 nusquam
3169 5422 3454 5479 inveniun-

1872 5531 1962 5580 tur
1985 5523 2113 5578 alibi
2132 5535 2427 5592 expressae,
2451 5519 2525 5573 ita
2554 5525 2614 5572 ut
2642 5516 2765 5571 talia
2787 5522 3036 5586 portenta
3058 5515 3314 5586 punirent
3331 5526 3454 5582 pce-

1872 5625 2102 5682 catores,
2157 5613 2354 5670 melius
2393 5612 2462 5666 ad
2500 5609 2834 5682 spiritualem
2885 5623 3106 5664 sensum
3158 5604 3452 5661 transfere-

1873 5725 2010 5772 mus,
2047 5714 2108 5762 ut
2160 5705 2526 5774 intelligamus
2569 5716 2758 5758 omnes
2797 5700 3062 5756 idolorum
3115 5697 3368 5764 cultores,
3398 5703 3455 5752 et

1871 5798 2156 5862 haereticos
2186 5808 2351 5868 atque
2392 5793 2788 5860 schismaticos,
2835 5789 2928 5864 qui
2954 5802 3200 5852 errorum
3228 5799 3456 5843 suorum
