4030 6472
350 320 456 403 πε

908 429 1135 488 CAPUT
1170 430 1285 488 ΧΠ.

359 539 644 624 Conﬁtetur
661 539 928 624 Sapientia
950 540 1075 624 quia
1101 540 1567 624 §piritusksanctus
1584 543 1759 598 suavis
1772 552 1855 624 est
1872 543 1929 598 in

419 608 677 674 omnibus,
697 608 786 681 qui
815 608 947 665 bona
962 608 1069 666 'Dei
1094 608 1359 668 distribuit
1392 614 1447 667 in
1470 613 1705 669 universo
1731 614 1874 669 orbe.

426 724 472 779 Ο
497 740 653 794 quam
682 731 844 779 bonus
869 735 916 780 et
937 728 1112 783 suavis
1139 735 1234 794 est,
1264 727 1507 796 Domine,
1550 729 1765 801 spiritus
1800 738 1929 785 tuus

353 814 409 868 in
451 811 728 867 amnibus!
762 808 981 885 Propter
1006 817 1144 888 quod
1174 817 1272 873 hos
1293 819 1383 889 qui
1411 828 1650 874 exerrant
1670 810 1926 891 partibus,

354 903 573 974 corripis
593 943 609 970 ,
641 911 690 957 et
712 902 776 959 de
800 905 985 977 quibus
1008 917 1225 977 peccant
1265 908 1535 976 admones,
1576 919 1624 964 et
1646 904 1930 982 alloqueris

364 1003 433 1060 tt,
494 990 679 1048 relicta
735 992 938 1049 malitia
981 1012 1181 1063 eorum,
1231 999 1445 1053 credant
1474 1000 1528 1054 in
1584 1007 1653 1066 te,
1682 998 1927 1055 Domine.

358 1082 551 1144 Suavis
571 1084 654 1144 est
677 1089 820 1144 enim
851 1088 1073 1160 spiritus
1100 1090 1218 1158 Dei,
1242 1092 1498 1164 quoniam
1525 1090 1644 1165 ipse
1671 1101 1756 1150 est
1779 1109 1932 1151 amor

356 1177 477 1246 Dei,
508 1186 563 1235 et
585 1177 809 1251 largitor
854 1179 1018 1236 totius
1046 1180 1195 1248 boni,
1248 1182 1362 1255 ipse
1388 1183 1615 1255 corripit
1662 1184 1927 1252 homines,

355 1270 481 1339 quia
507 1286 600 1327 eos
621 1286 754 1341 quos
784 1270 955 1344 replet
982 1273 1258 1343 corripere
1311 1272 1438 1331 facit
1484 1286 1796 1348 peccantes,
1828 1277 1933 1332 sic-

356 1370 415 1415 ut
440 1361 555 1433 ipsa
584 1362 795 1419 Veritas
819 1362 874 1418 in
899 1361 1193 1436 Evangelio
1242 1364 1521 1439 discipulis
1551 1368 1628 1424 ait
1659 1387 1673 1424 :
1708 1368 1821 1441 Ego
1849 1386 1933 1424 ve-

356 1455 564 1509 ritatem
600 1455 715 1509 dico
744 1454 906 1522 vobis,
941 1456 1145 1528 expedit
1178 1456 1317 1513 vobis
1363 1468 1421 1513 ut
1468 1476 1561 1532 ego
1611 1460 1822 1521 vadum.
1870 1456 1931 1517 Si

355 1546 492 1599 enim
521 1562 625 1600 non
672 1547 868 1614 abiero,
922 1545 1226 1604 Paraclitus
1268 1567 1372 1605 non
1416 1551 1582 1607 veniet
1631 1551 1701 1607 ad
1727 1570 1855 1619 vos;
1884 1552 1932 1609 si

356 1648 530 1692 autem
577 1638 773 1707 abiero,
825 1639 1027 1696 mittam
1071 1658 1189 1696 eum
1216 1641 1283 1697 ad
1322 1660 1427 1699 vos.
1483 1643 1552 1699 Et
1589 1656 1706 1699 cum
1738 1646 1932 1701 venerit

357 1729 466 1796 ille,
491 1740 669 1802 arguet
693 1733 946 1788 mundum
988 1735 1053 1790 de
1094 1746 1325 1807 peccato,
1363 1747 1410 1793 et
1450 1739 1515 1793 de
1523 1740 1760 1810 justitia,
1793 1751 1841 1795 et
1865 1741 1930 1796 de

1193 322 1544 383 COMMENT.
1582 322 1650 379 IN
1690 322 1949 381 LIBRUM
1989 323 2397 381 SAPIENTIE.
2438 357 2508 367 —
2544 326 2685 403 LIB.
2713 326 2778 383 ll.
2848 376 2855 381 .

3484 325 3605 403 res

1948 441 2004 503 Α
2028 434 2196 492 multa
2250 437 2323 493 ibi
2376 440 2594 496 evenire
2644 457 2803 511 posse
2848 442 2904 498 in
2932 445 3174 517 vindicta
3199 456 3601 527 perversorum,

2030 530 2409 605 quaefscriptor
2435 531 2681 590 historiae
2726 546 2826 605 per
2870 543 3046 593 totum
3094 551 3202 592 non
3258 537 3470 592 curavit
3513 551 3603 591 ex—

2027 619 2283 691 primere,
2306 620 2389 679 vel
2412 625 2584 696 magis
2608 628 2817 697 trapica
2850 626 3123 683 locutione
3154 640 3368 699 vespas
3391 624 3484 683 hic
3509 624 3606 698 p6-

2030 709 2167 768 sitas
2193 722 2294 784 pro
2320 714 2616 772 terroribus
2650 730 2787 787 quas
2814 712 3073 775 Israelita:
3092 725 3406 790 pugnantes
3434 716 3609 790 genti-

2026 802 2132 862 bus
2183 798 2604 881 circumquaque
2630 808 2972 882 ingerebant.
3020 806 3196 867 'Fama
3223 811 3369 868 enim
3392 811 3608 869 illorum

2026 892 2314 963 bellorum,
2344 912 2465 968 quae
2487 898 2936 958 Domini-virtute
2962 910 3184 963 peracta
3214 906 3361 971 Sunt,
3407 903 3611 959 acutis-

2031 986 2183 1042 simis
2225 987 2442 1044 timoris
2491 986 2698 1047 aeuleis
2734 993 3049 1062 paventium
3078 993 3241 1050 corda
3264 995 3607 1068 pungebant,

2031 1075 2105 1133 ita
2137 1086 2197 1133 ut
2231 1077 2284 1133 in
2314 1079 2395 1135 eis
2417 1080 2633 1137 Omnem
2659 1081 2904 1154 vigorem
2930 1082 3222 1141 resistendi
3246 1082 3498 1141 funditus
3526 1086 3612 1140 in-

2032 1167 2330 1235 terimeret,
2360 1178 2416 1225 et
2441 1171 2546 1227 hoc
2571 1173 2759 1228 tandiu
2781 1188 2889 1244 quo
2917 1189 3089 1245 usque
3114 1174 3193 1230 illi
3212 1174 3489 1231 culturam
3511 1176 3611 1233 Dei

2031 1256 2263 1315 ﬁdeliter
2290 1259 2671 1318 exhibuerant.
2701 1261 2997 1334 Postquam
3019 1268 3201 1321 autem
3223 1266 3609 1337 peccaverunt,

2030 1358 2087 1408 et
2140 1350 2250 1408 Deo
2276 1354 2482 1409 servire
2519 1354 2890 1426 neglexerunt,
2923 1355 3112 1412 traditi
3158 1362 3288 1412 sunt
3314 1357 3371 1412 in
3417 1346 3615 1414 manus

2031 1441 2397 1511 inimicorum,
2427 1444 2501 1501 ita
2532 1455 2594 1501 ut
2614 1446 2708 1517 qui
2763 1455 2923 1503 antea
2954 1445 3172 1504 fuerant
3218 1448 3327 1505 illis
3356 1448 3611 1520 subjecti,

2029 1534 2374 1606 postmodum
2403 1537 2715 1607 superiores
2736 1546 2929 1595 essent
2956 1537 3158 1597 eﬂ'eeti.
3282 1533 3295 1547 '

2104 1624 2235 1691 Quis
2278 1624 2415 1680 enim
2456 1628 2585 1682 dicit
2625 1628 2721 1685 tibi
2741 1644 2761 1683 :
2793 1631 2934 1697 Quid
2957 1632 3165 1703 fecisti?
3192 1643 3287 1689 aut
3308 1634 3425 1705 quis
3457 1634 3615 1690 stabit

2031 1726 2213 1773 contra
2233 1717 2497 1789 judicium
2524 1722 2718 1775 tuum?
2740 1731 2834 1776 aut
2862 1723 2979 1794 quis
3000 1723 3056 1778 in
3100 1732 3430 1795 conspectum
3465 1733 3614 1780 tuum

344 1797 572 1891 judicio:
603 1820 682 1876 De
705 1833 914 1893 peccato
941 1797 1170 1894 quidem,
1188 1843 1324 1898 quia
1350 1844 1453 1883 non
1483 1797 1703 1884 crtedunt
1740 1830 1798 1883 in
1824 1847 1925 1886 me.

2033 1812 2197 1868 veniet
2224 1813 2731 1886 vinderiniquorum
2765 1814 3074 1870 hominum?
3100 1826 3189 1871 aut
3222 1818 3341 1888 quis
3380 1818 3613 1888 imputa-

351 1908 432 1964 De
446 1910 659 1981 justitia
695 1930 834 1978 vero,
865 1917 990 1986 quia
1014 1916 1082 1973 ad
1116 1912 1329 1973 Patrem
1360 1920 1492 1975 vado
1523 1930 1571 1975 et
1584 1921 1703 1991 jam
1726 1939 1829 1977 non
1854 1924 1927 1978 vi-

350 2003 537 2059 debitis
569 2022 667 2060 me.
697 2005 775 2061 De
801 2007 1009 2077 judicio
1073 2020 1269 2078 autem,
1318 2014 1443 2084 quia
1486 2015 1724 2084 princeps
1769 2015 1929 2086 hujus

350 2094 534 2149 mundi
555 2095 831 2166 judicatus
860 2108 936 2153 est
977 2097 1159 2171 (Joan.
1209 2101 1344 2174 xvr).
1396 2101 1596 2159 Beatus
1642 2105 1806 2161 homo
1837 2106 1930 2176 qui

353 2185 517 2255 hujus
579 2189 823 2261 magistri
871 2190 1021 2246 audit
1076 2186 1283 2260 vocem,
1317 2201 1371 2249 et
1402 2193 1587 2252 obedit
1637 2197 1926 2265 mandatis,

350 2277 476 2348 quia
505 2294 785 2349 possessor
814 2279 1026 2337 futurus
1059 2281 1162 2337 erit
1191 2283 1343 2355 regni
1369 2283 1627 2341 ccelestis.

421 2365 552 2422 Illos
573 2368 709 2422 enim
739 2371 978 2442 antiquos
1007 2371 1380 2430 inhabitatores
1417 2382 1573 2430 terra:
1600 2386 1798 2432 sancta:
1823 2389 1930 2434 tua:

348 2475 475 2530 quos
502 2460 842 2526 exhorruisti,
889 2463 1137 2532 quoniam
1196 2463 1410 2519 odibilia
1438 2482 1593 2535 opera
1646 2466 1739 2521 tibi
1765 2464 1929 2538 facie-

350 2546 472 2602 bant
499 2566 591 2619 per
613 2550 961 2604 medicamina
989 2556 1037 2606 et
1072 2552 1334 2622 sacriﬁcia
1378 2554 1577 2625 injusta
1621 2562 1669 2610 et
1692 2555 1927 2624 ﬁliorum

347 2654 562 2694 suorum
619 2650 883 2695 necatores
944 2642 1056 2696 sine
1104 2642 1499 2710 misericordia,
1561 2654 1611 2699 et
1676 2657 1931 2701 comesto-

351 2736 432 2784 res
481 2730 732 2809 viscerum
782 2734 1073 2800 hominum,
1121 2742 1169 2788 “et
1215 2735 1545 2791 devoratores
1598 2738 1869 2809 sanguinis
1896 2756 1929 2793 a

351 2821 522 2878 medio
556 2835 882 2880 sacramento
938 2836 1051 2893 tuo,
1081 2837 1128 2881 et
1176 2835 1415 2883 auctores
1456 2834 1694 2901 parentes
1724 2832 1931 2886 anima-

350 2928 470 2968 rum
510 2915 948 2973 inauxiliatarum
995 2918 1209 2990 perdere
1261 2918 1476 2975 voluisti
1501 2936 1594 2993 per
1622 2928 1810 2978 manus
1836 2926 1928 2994 p'a-

351 3015 557 3060 rentum
581 3016 903 3076 nostrorum,
927 3019 985 3064 ut
1019 3010 1231 3082 dignam
1283 3013 1603 3083 perciperent
1630 3015 1930 3087 peregrina-

348 3096 541 3151 tionem
578 3113 860 3167 puerorum
896 3096 1013 3166 Dei,
1041 3116 1159 3171 qua:
1207 3098 1302 3156 tibi
1341 3102 1573 3158 amnium
1622 3105 1834 3160 charior
1854 3114 1929 3162 est

347 3194 510 3242 terra.
537 3186 645 3244 Sed
670 3198 719 3244 et
740 3189 822 3245 his
842 3199 1097 3263 tanquam
1115 3192 1414 3249 hominibus
1435 3196 1733 3266 pepercisti,
1760 3206 1809 3252 et
1833 3199 1930 3253 mi-

347 3277 464 3333 sisti
492 3288 838 3337 antecessores
878 3284 1135 3338 exercitus
1163 3284 1242 3338 tui
1267 3296 1466 3356 vespas,
1496 3296 1554 3340 ut
1598 3286 1719 3343 illos
1744 3288 1932 3359 paula-

348 3372 442 3426 tim
464 3374 887 3431 exterminarent.
948 3376 1073 3432 Non
1098 3377 1225 3449 quia
1274 3377 1527 3447 impotens
1552 3395 1669 3435 eras
1708 3381 1764 3435 in
1800 3366 1931 3437 beilo

351 3463 606 3533 subjicere
649 3467 835 3538 impios
856 3467 1045 3538 justis,
1100 3478 1192 3522 aut
1234 3467 1408 3524 bestiis
1444 3470 1614 3537 scevis,
1645 3480 1738 3526 aut
1779 3472 1931 3528 verbo

351 3554 487 3609 duro
536 3556 691 3612 simu‘l
734 3559 1118 3627 exterminare;
1158 3559 1248 3616 sed
1278 3558 1516 3632 partibus
1549 3562 1803 3634 judicans
1833 3565 1930 3619 da-

349 3644 442 3700 bas
470 3644 641 3702 locum
688 3649 1032 3720 paenitentia,
1082 3664 1186 3706 non
1229 3653 1500 3724 ignorans,
1549 3656 1799 3726 quoniam
1842 3674 1931 3713 ne-

345 3746 505 3811 quam
556 3750 632 3796 est
658 3742 804 3797 natio
855 3758 1059 3812 eorum,
1088 3754 1137 3799 et
1164 3744 1424 3801 naturalis
1451 3746 1655 3802 malitia
1692 3747 1926 3817 illorum,

346 3834 663 3905 etquoniam
711 3850 815 3890 non
843 3845 1046 3907 poterat
1088 3839 1289 3893 mutari
1330 3839 1575 3911 cogitatio
1617 3838 1832 3897 illorum
1874 3838 1929 3898 in

346 3936 674 3997 perpetuum.
707 3926 895 3985 Semen
922 3929 1061 3984 enim
1100 3938 1212 3984 erat
1240 3929 1579 3987 maledictum
1626 3932 1691 3988 ab
1734 3932 1928 4000 initio;

346 4034 439 4071 nec
485 4016 672 4074 timens
715 4018 946 4091 aliquam
996 4021 1197 4075 veniam
1234 4016 1398 4077 dabas
1440 4025 1664 4094 peccatis
1692 4023 1925 4081 illorum.

345 4109 749 4166 Commemorat
774 4110 1148 4179 historialiter,
1176 4112 1445 4184 quomodo
1485 4118 1691 4186 septem
1716 4122 1925 4186 gentes,

2033 1903 2105 1958 bit
2140 1902 2257 1970 tibi,
2303 1905 2348 1959 si
2387 1905 2635 1975 perierint
2684 1905 2920 1960 nationes
2958 1923 3089 1975 quas
3142 1916 3198 1961 tu
3250 1906 3460 1977 fecisti?
3501 1906 3614 1962 Nec

2031 1997 2169 2051 enim
2196 2005 2270 2051 est
2298 1995 2435 2051 alius
2467 1995 2609 2052 Deus
2638 2004 2797 2069 quam
2843 2006 2923 2065 tu,
2952 1998 3039 2053 cui
3067 2014 3194 2053 cura
3241 2006 3317 2054 est
3347 1999 3412 2054 de
3444 2000 3614 2054 omni-

2032 2085 2150 2151 bus,
2179 2097 2235 2140 ut
2278 2086 2520 2141 ostendas
2548 2087 2797 2159 quoniam
2845 2104 2947 2143 non
2994 2088 3190 2159 injuste
3225 2087 3439 2159 judicas
3464 2086 3615 2160 judi—

2031 2176 2248 2233 dicium.
2284 2176 2465 2251 Neque
2494 2195 2586 2234 rex
2629 2195 2790 2252 neque
2815 2188 3070 2251 tyrannus
3114 2180 3171 2235 in
3207 2190 3481 2252 conspectu
3523 2190 3613 2237 tuo

2029 2268 2291 2340 inquirent
2343 2270 2407 2325 de
2456 2270 2538 2325 his
2565 2286 2696 2342 quos
2741 2270 3034 2341 perdidisti.
3080 2269 3361 2327 Manifesta
3405 2272 3616 2327 ratione

2030 2361 2268 2416 ostendit
2295 2361 2438 2431 quod
2474 2361 2624 2418 nullo
2660 2362 2823 2418 modo
2852 2362 3087 2419 creatori
3127 2361 3502 2434 imputandum
3531 2371 3617 2421 est

2031 2450 2174 2520 quod
2202 2458 2509 2506 creaturam
2561 2465 2713 2507 suam
2744 2453 3044 2508 secundum
3075 2452 3350 2524 propriam
3377 2451 3618 2523 disponit

2029 2539 2381 2596 voluntatem,
2422 2539 2489 2596 In
2528 2541 2789 2596 voluntate
2830 2540 2968 2597 enim
3005 2542 3170 2613 ipsius
3210 2544 3451 2598 universa
3493 2552 3615 2598 sunt

2029 2633 2221 2703 posita,
2253 2642 2301 2687 et
2335 2648 2438 2687 non
2476 2642 2552 2688 est
2599 2633 2688 2704 qui
2731 2634 2898 2704 possit
2937 2633 3173 2689 resistere
3204 2635 3318 2705 ejus
3357 2635 3616 2689 voluntati

2032 2720 2248 2797 (Esther
2273 2724 2415 2797 xm).
2456 2724 2605 2784 Unde
2632 2740 2729 2796 per
2753 2726 2978 2782 Paulum
3008 2718 3207 2783 dicitur
3232 2744 3245 2781 :
3277 2723 3322 2783 0
3358 2728 3534 2795 homo,
3558 2736 3615 2782 tu

2029 2819 2147 2890 quis
2177 2833 2230 2874 es
2258 2818 2346 2890 qui
2371 2819 2684 2890 respondeas
2716 2817 2828 2873 Deo
2854 2820 2879 2873 Υ
2918 2818 3172 2890 Nunquid
3220 2819 3345 2873 dicit
3394 2819 3613 2890 ﬁgmen-

2032 2920 2144 2969 tum
2175 2914 2222 2969 ei
2259 2916 2348 2985 qui
2381 2932 2436 2970 se
2471 2915 2625 2984 ﬁnxit
2652 2928 2670 2967 :
2702 2914 2842 2982 Quid
2871 2931 2953 2970 me
2976 2915 3185 2986 fecisti?
3207 2914 3289 2968 An
3330 2931 3435 2969 non
3463 2915 3615 2969 habet

2029 3015 2333 3078 potestatem
2361 3004 2556 3077 ﬁgulus
2604 3006 2700 3060 luti
2729 3022 2795 3061 ex
2831 3006 3011 3061 eadem
3046 3018 3224 3060 massa
3255 3001 3429 3075 fhcere
3469 3003 3615 3058 aliud

2032 3099 2242 3168 quidem
2278 3115 2367 3152 vas
2402 3098 2457 3152 in
2481 3097 2748 3163 honorem,
2786 3096 2933 3152 aliud
2970 3113 3090 3153 vero
3136 3098 3190 3151 in
3213 3093 3619 3151 contumeliam?

2036 3188 2210 3263 (Rom.
2251 3189 2354 3259 ιι.)
2397 3188 2479 3245 Ex
2527 3190 2645 3261 ipso
2682 3189 2826 3246 enim
2875 3197 2930 3245 et
2956 3204 3053 3260 per
3082 3188 3279 3260 ipsum,
3328 3184 3465 3244 etin
3499 3185 3618 3258 ipso

2035 3289 2160 3337 sunt
2206 3281 2386 3337 omnia
2434 3294 2451 3336 :
2504 3278 2800 3350 sedjustus
2843 3289 2927 3336 est
2971 3278 3233 3338 Dominus
3268 3276 3332 3334 in
3367 3274 3618 3355 omnibus

2033 3374 2139 3430 viis
2164 3373 2296 3440 suis,
2323 3383 2380 3429 et
2407 3381 2631 3432 sanctus
2657 3373 2712 3429 in
2744 3371 2998 3430 omnibus
3024 3368 3280 3443 operibus
3305 3370 3436 3427 suis.
3465 3367 3619 3426 Unde

2036 3474 2091 3522 et
2120 3467 2366 3537 sequitur
2395 3464 2418 3520 ε’

2106 3556 2237 3612 Cum
2269 3572 2390 3627 ergo
2417 3556 2489 3612 sis
2503 3554 2713 3628 justus,
2731 3556 2882 3628 juste
2908 3555 3086 3611 omnia
3127 3550 3362 3625 disponis
3399 3571 3418 3608 :
3447 3552 3619 3624 ipsum

2031 3660 2234 3720 quoque
2281 3648 2371 3719 qui
2412 3663 2517 3702 non
2558 3644 2703 3702 debet
2742 3645 2951 3718 puniri,
2983 3644 3333 3701 condemnare
3378 3650 3612 3699 ceterum

2032 3738 2264 3795 testimas
2308 3754 2341 3792 a
2369 3745 2462 3791 tua
2486 3737 2695 3791 virtute.
2737 3735 2914 3791 Virtus
2954 3735 3094 3791 enim
3137 3745 3229 3790 tua
3267 3734 3491 3807 iustitia:
3518 3733 3621 3789 ini-

2031 3828 2164 3885 tium
2192 3837 2269 3884 est
2298 3844 2317 3884 :
2344 3837 2394 3884 et
2424 3828 2486 3884 ob
2516 3829 2612 3883 hoc
2635 3828 2774 3900 quod
2796 3826 3032 3883 omnium
3056 3826 3317 3883 Dominus
3342 3842 3420 3893 es,
3451 3825 3619 3881 omni-

2032 3920 2128 3977 bas
2146 3930 2206 3976 te
2229 3935 2443 3993 parcere
2476 3919 2629 3991 facis.
2662 3917 2803 3988 Quid
2819 3907 2915 3975 ’θεῖ
2940 3917 3084 3989 quod
3110 3930 3237 3973 eum
3266 3916 3360 3987 qui
3384 3929 3493 3971 non
3518 3916 3613 3971 de-

2031 4012 2160 4070 beat
2183 4011 2365 4083 puniri
2391 4011 2735 4077 condemnet,
2764 4024 2891 4067 cum
2918 4011 3035 4080 ipsa
3058 4007 3442 4065 eoiidemnatio
3466 4014 3617 4063 certa

2031 4104 2105 4161 sit
2134 4104 2378 4176 punitio;
2411 4104 2508 4160 sed
2527 4102 2619 4160 hic
2648 4098 2840 4174 punire
2868 4117 2967 4173 pro
2996 4101 3276 4173 corripere
3318 4101 3521 4173 posuit,
3552 4115 3617 4156 ac

314 4181 465 4272 'quze
497 4211 699 4258 terram
732 4202 1161 4261 Chananaaorum
1193 4181 1569 4279 possederani
1596 4181 1818 4278 propter
1845 4207 1929 4264 in-
2031 4200 2076 4256 Si
2109 4196 2355 4254 (Ἦοθτεῐε
2385 4196 2523 4299 Eum
2555 4194 2648 4299 qui
2673 4210 2782 4299 non
2810 4196 3007 4299 ι’θοὶρῆ
3034 4195 3431 4299 Milonem
3462 4208 3615 4299 assu-

345 4293 658 4349 lidelitatem
695 4301 750 4350 et
771 4295 1068 4367 injustitias
1095 4309 1231 4367 quas
1258 4305 1497 4368 aperatae
1523 4305 1667 4365 sunt,
1696 4296 1764 4353 de
1792 4294 1926 4354 locis
2028 4299 2144 4347 me!
2186 4290 2604 4359 σοπευῑίοηθῐηι
2629 4288 2774 4360 ius“
2800 4287 3127 4344 condemnat
3153 4287 3207 4341 in
3248 4287 3431 4358 ίεπθῐη
3459 4293 3619 4341 δεῖεν·

345 4384 461 4439 suis
488 4384 753 4441 Dominus
777 4382 958 4454 ejecit,
984 4384 1045 4440 et
1071 4383 1213 4443 ﬁlios
1248 4384 1419 4444 israel
1469 4387 1710 4444 cultores
1736 4386 1928 4443 videli-

2032 4396 2180 4448 num,
2213 4381 2307 4453 qui
2335 4389 2489 4436 exter
2531 4386 2616 4435 est
2648 4395 2679 4434 a
2711 4378 2809 4434 Dei
2837 4379 3059 4443 virtute,
3084 4377 3192 4432 hoc
3220 4381 3334 4443 est,
3365 4376 3619 4445 indignus

340 4484 432 4532 cet
460 4477 697 4533 nominis
723 4475 810 4533 sui
838 4462 896 4533 in
920 4470 1102 4533 iocum
1130 4490 1323 4535 eorum
1340 4479 1666 4535 introduxit.
1691 4476 1924 4551 Mystiee
1948 4516 2004 4579 Β
2027 4474 2213 4531 divina
2241 4474 2464 4546 pietate.
2507 4470 2685 4526 Virtus
2723 4470 2861 4527 enim
2887 4469 2988 4525 Dei
3017 4469 3243 4574 iustitiae
3266 4464 3480 4579 initium
3506 4474 3615 4532 est;

344 4575 526 4623 autem
584 4576 791 4641 septem
852 4578 1042 4640 gentes
1084 4569 1192 4625 illa:
1230 4571 1581 4642 nequissimae
1618 4560 2000 4643 signiﬁcant”
2030 4564 2462 4664 quia-judicium
2640 4564 2755 4641 sive
2798 4563 2855 4619 in
2886 4561 3245 4664 correptione
3292 4560 3614 4664 electorum,

339 4658 750 4714 universitatem
802 4660 1061 4716 vitiorum
1116 4666 1236 4732 qua:
1260 4666 1385 4733 post
1420 4661 1925 4732 praevaricationem
2031 4657 2147 4714 sive
2176 4656 2231 4712 in
2251 4654 2703 4755 condemnatione
2727 4653 3083 4755 reproborum
3109 4667 3323 4710 summa
3344 4653 3616 4755 remitti-tis

308 4749 504 4821 primi
530 4750 765 4806 hominis
791 4752 1072 4823 possidere
1093 4761 1377 4824 coeperunt
1400 4768 1572 4826 genus
1598 4748 1921 4821 humanum,
2028 4746 2290 4849 perfectio
2314 4754 2422 4814 est,
2450 4747 2774 4849 ideo-per
3134 4756 3311 4849 suam.
3336 4744 3430 4849 diu
3461 4742 3617 4849 diﬁc-

338 4841 436 4899 sed
488 4850 587 4913 per
634 4844 861 4918 gratiam
900 4842 1109 4901 Christi
1156 4845 1396 4917 expulsa:
1453 4852 1580 4902 sunt
1620 4858 1649 4901 a
1683 4844 1922 4903 fidelium
2028 4838 2200 4896 renda
2243 4839 2525 4908 suspendit
2564 4837 2830 4911 judicium
2860 4842 2927 4923 ut
2966 4834 3155 4909 plures
3186 4835 3391 4892 haheat
3416 4835 3616 4906 quibus

339 4934 620 5003 cordibus,
666 4948 732 4992 ac
772 4948 1054 4993 sacrarum
1084 4932 1347 5025 virtutum
1377 4936 1579 4995 ibidem
1611 4938 1921 4994 introducta
2027 4930 2223 4987 reddat
2248 4928 2606 5025 beneﬁcium.
3092 4927 3612 5025 superbiam-crea-

339 5032 429 5083 est
474 5028 860 5096 numerositas;
891 5034 1163 5100 quatenus
1210 5024 1399 5098 ejectis
1425 5029 1491 5085 de
1515 5036 1663 5086 terra
1708 5026 1923 5086 anima-
2029 5033 2156 5081 tura
2181 5022 2343 5097 erigit
2366 5022 2426 5080 se
2449 5022 2637 5080 centra
2662 5016 2969 5080 creatorem
2989 5032 3167 5088 suum,
3198 5019 3334 5075 nihil
3353 5016 3470 5073 vnit
3489 5018 3615 5074 sub»

337 5133 464 5176 rum
489 5135 586 5192 per
622 5119 970 5193 Evangelium
990 5119 1192 5178 Christi
1218 5122 1627 5192 possessoribus
1651 5120 1919 5188 nefandis,
2020 5116 2120 5191 ﬁci
2146 5114 2267 5205 eius
2310 5116 2567 5182 dominio,
2593 5114 2741 5186 iusta”
2934 5113 3091 5186 punit
3129 5111 3403 5205 vindicta,
3426 5124 3502 5165 ne
3526 5108 3609 5163 ’νία-

337 5208 677 5270 ha'bitatores
705 5213 956 5286 legitimi,
980 5213 1084 5269 hoc
1119 5219 1225 5280 est,
1254 5213 1517 5268 virtutum
1546 5210 1760 5269 fructus
2279 5210 2481 5307 (πρίη-
2818 5208 2977 5307 “im
3031 5199 3610 5307 Ρτὲνξιέτθηῆξτψ’

332 5310 496 5363 same
521 5300 727 5376 Spiritu
764 5311 953 5360 sancto
979 5302 1222 5375 germina
1269 5302 1343 5359 ibi
1371 5301 1687 5375 proferrent
1712 5302 1921 5358 vitalia.
2026 5298 2217 5361 Potest
2245 5304 2301 5358 et
2327 5301 2419 5358 hic
2464 5301 2615 5395 locus
2668 5299 2737 5354 ad
2760 5297 3075 5395 passionem
3104 5294 3488 5395 Redemptoris
3513 5304 3615 5348 no-

332 5390 403 5454 Bi
430 5394 553 5467 quis
583 5403 765 5452 autem
805 5395 1154 5465 quaerendum
1199 5398 1356 5465 putat
1395 5394 1669 5464 quomodo
1705 5392 1926 5450 Gcatur
2033 5393 2134 5451 atri
2169 5396 2293 5463 apte
2326 5389 2634 5455 transferri,
2676 5400 2839 5460 quem
2866 5380 3035 5441 Pater
3060 5396 3162 5456 pro
3190 5383 3353 5440 nobis
3376 5382 3446 5438 ad
3467 5395 3613 5438 morh

336 5488 612 5543 exercitus
660 5487 745 5544 sui
799 5492 1175 5542 antecessOres
1213 5494 1410 5557 vespas
1434 5485 1703 5542 Dominus
1745 5485 1925 5541 immi-
2022 5493 2140 5541 rem
2174 5483 2415 5574 tradidit.
2577 5478 2913 5574 pensandum
2939 5483 3023 5534 est
3047 5470 3521 5574 quomodojustus

338 5582 481 5639 sisse
503 5582 559 5637 in
583 5589 770 5655 gentes
813 5580 1186 5654 pravissimas,
1215 5586 1277 5635 ut
1323 5577 1588 5650 paulatim
1614 5594 1706 5636 eas
1744 5584 1925 5635 exter—
2028 5583 2085 5631 et
2110 5573 2292 5630 omnia
2480 5570 2750 5672 disputat,
2771 5569 2824 5672 ξιὶ
2848 5567 3093 5672 (Ιιί
3120 5565 3618 5672 ηοξι

337 5674 633 5742 minarent,
684 5688 811 5732 cum
856 5674 962 5731 hoc
1004 5687 1273 5745 nusquam
1324 5673 1382 5728 in
1425 5672 1652 5729 historia
1706 5671 1923 5729 Veteris
2026 5668 2371 5725 condemnat.
2411 5663 2670 5762 biediator
2697 5663 2843 5762 enim
2864 5660 3382 5762 meror-puniri”?
3406 5660 3618 5762 semet-

332 5763 676 5823 ‘l‘est‘amenti
726 5767 937 5839 legatur
989 5764 1346 5837 corporaliter
1398 5763 1715 5839 contigisse,
1780 5763 2001 5843 sciat-5;
2023 5761 2146 5836 ipso
2175 5776 2284 5818 non
2310 5757 2514 5824 debuit,
2548 5756 2673 5827 quia
2702 5755 2907 5813 nullum
2937 5755 3109 5826 culpae
3145 5755 3456 5822 contagium
3485 5760 3615 5818 per-

1886 5898 1891 5903 η
1950 5877 2022 5918 sas
