  <div class='ocr_page' id='page_1' title='image "/cluster/home/n/w/nwhite01/storage/ocr_20150623/109/hvd.32044015466857/367.png"; bbox 0 0 4030 6478; ppageno 0'>
   <div class='ocr_carea' id='block_1_1' title="bbox 479 383 585 439">
    <p class='ocr_par' dir='ltr' id='par_1_1' title="bbox 479 383 585 439">
     <span class='ocr_line' id='line_1_1' title="bbox 479 383 585 439; baseline -0.019 0"><span class='ocrx_word' id='word_1_1' title='bbox 479 383 585 439; x_wconf 62' lang='lat'><strong>727</strong></span> 
     </span>
    </p>
   </div>
   <div class='ocr_carea' id='block_1_2' title="bbox 474 484 2140 572">
    <p class='ocr_par' dir='ltr' id='par_1_2' title="bbox 474 484 2140 572">
     <span class='ocr_line' id='line_1_2' title="bbox 474 484 2140 572; baseline -0.008 -18"><span class='ocrx_word' id='word_1_2' title='bbox 474 499 730 572; x_wconf 74' lang='lat' dir='ltr'><strong>patravit,</strong></span> <span class='ocrx_word' id='word_1_3' title='bbox 760 497 856 555; x_wconf 90' lang='lat' dir='ltr'><strong>sed</strong></span> <span class='ocrx_word' id='word_1_4' title='bbox 883 497 998 569; x_wconf 88' lang='lat' dir='ltr'><strong>ipse</strong></span> <span class='ocrx_word' id='word_1_5' title='bbox 1025 497 1072 554; x_wconf 90' lang='lat' dir='ltr'><strong>si</strong></span> <span class='ocrx_word' id='word_1_6' title='bbox 1101 495 1394 553; x_wconf 87' lang='lat' dir='ltr'><strong>indebitam</strong></span> <span class='ocrx_word' id='word_1_7' title='bbox 1423 501 1653 550; x_wconf 90' lang='lat' dir='ltr'><strong>mortem</strong></span> <span class='ocrx_word' id='word_1_8' title='bbox 1681 505 1792 548; x_wconf 91' lang='lat' dir='ltr'><strong>non</strong></span> <span class='ocrx_word' id='word_1_9' title='bbox 1814 485 2057 556; x_wconf 87' lang='lat' dir='ltr'><strong>suscipc-</strong></span> <span class='ocrx_word' id='word_1_10' title='bbox 2084 484 2140 548; x_wconf 83' lang='grc' dir='ltr'><strong>Α</strong></span> 
     </span>
    </p>
   </div>
   <div class='ocr_carea' id='block_1_3' title="bbox 475 578 2061 662">
    <p class='ocr_par' dir='ltr' id='par_1_3' title="bbox 475 578 2061 662">
     <span class='ocr_line' id='line_1_3' title="bbox 475 578 2061 662; baseline -0.009 -14"><span class='ocrx_word' id='word_1_11' title='bbox 475 602 561 648; x_wconf 88' lang='lat' dir='ltr'><strong>ret</strong></span> <span class='ocrx_word' id='word_1_12' title='bbox 613 606 883 662; x_wconf 85' lang='lat' dir='ltr'><strong>nusquam</strong></span> <span class='ocrx_word' id='word_1_13' title='bbox 907 605 1008 647; x_wconf 88' lang='lat' dir='ltr'><strong>nos</strong></span> <span class='ocrx_word' id='word_1_14' title='bbox 1037 605 1069 645; x_wconf 89' lang='lat' dir='ltr'><strong>a</strong></span> <span class='ocrx_word' id='word_1_15' title='bbox 1118 589 1301 645; x_wconf 90' lang='lat' dir='ltr'><strong>debita</strong></span> <span class='ocrx_word' id='word_1_16' title='bbox 1347 595 1523 643; x_wconf 88' lang='lat' dir='ltr'><strong>morte</strong></span> <span class='ocrx_word' id='word_1_17' title='bbox 1572 584 1847 640; x_wconf 82' lang='lat' dir='ltr'><strong>liberaret.</strong></span> <span class='ocrx_word' id='word_1_18' title='bbox 1897 578 2061 634; x_wconf 88' lang='lat' dir='ltr'><strong>Pater</strong></span> 
     </span>
    </p>
   </div>
   <div class='ocr_carea' id='block_1_4' title="bbox 470 667 2116 754">
    <p class='ocr_par' dir='ltr' id='par_1_4' title="bbox 470 667 2116 754">
     <span class='ocr_line' id='line_1_4' title="bbox 470 667 2116 754; baseline -0.01 -14"><span class='ocrx_word' id='word_1_19' title='bbox 470 696 604 754; x_wconf 87' lang='lat' dir='ltr'><strong>ergo</strong></span> <span class='ocrx_word' id='word_1_20' title='bbox 631 697 754 738; x_wconf 92' lang='lat' dir='ltr'><strong>cum</strong></span> <span class='ocrx_word' id='word_1_21' title='bbox 779 682 959 754; x_wconf 89' lang='lat' dir='ltr'><strong>justus</strong></span> <span class='ocrx_word' id='word_1_22' title='bbox 988 682 1061 737; x_wconf 90' lang='lat' dir='ltr'><strong>sit</strong></span> <span class='ocrx_word' id='word_1_23' title='bbox 1077 681 1286 752; x_wconf 86' lang='lat' dir='ltr'><strong>justum</strong></span> <span class='ocrx_word' id='word_1_24' title='bbox 1308 679 1540 751; x_wconf 86' lang='lat' dir='ltr'><strong>puniens</strong></span> <span class='ocrx_word' id='word_1_25' title='bbox 1567 674 1750 732; x_wconf 87' lang='lat' dir='ltr'><strong>omnia</strong></span> <span class='ocrx_word' id='word_1_26' title='bbox 1773 673 1920 743; x_wconf 88' lang='lat' dir='ltr'><strong>juste</strong></span> <span class='ocrx_word' id='word_1_27' title='bbox 1945 667 2060 724; x_wconf 92' lang='lat' dir='ltr'><strong>dis-</strong></span> <span class='ocrx_word' id='word_1_28' title='bbox 2107 721 2116 731; x_wconf 84' lang='grc'><em>,</em></span> 
     </span>
    </p>
   </div>
   <div class='ocr_carea' id='block_1_5' title="bbox 468 757 2063 846">
    <p class='ocr_par' dir='ltr' id='par_1_5' title="bbox 468 757 2063 846">
     <span class='ocr_line' id='line_1_5' title="bbox 468 757 2063 846; baseline -0.011 -15"><span class='ocrx_word' id='word_1_29' title='bbox 468 773 646 846; x_wconf 88' lang='lat' dir='ltr'><strong>ponit,</strong></span> <span class='ocrx_word' id='word_1_30' title='bbox 676 774 804 845; x_wconf 87' lang='lat' dir='ltr'><strong>quia</strong></span> <span class='ocrx_word' id='word_1_31' title='bbox 839 788 936 845; x_wconf 89' lang='lat' dir='ltr'><strong>per</strong></span> <span class='ocrx_word' id='word_1_32' title='bbox 963 772 1070 830; x_wconf 88' lang='lat' dir='ltr'><strong>hoc</strong></span> <span class='ocrx_word' id='word_1_33' title='bbox 1112 778 1308 827; x_wconf 89' lang='lat' dir='ltr'><strong>cuncta</strong></span> <span class='ocrx_word' id='word_1_34' title='bbox 1331 767 1614 840; x_wconf 86' lang='lat' dir='ltr'><strong>justiﬁeat,</strong></span> <span class='ocrx_word' id='word_1_35' title='bbox 1642 763 1788 836; x_wconf 90' lang='lat' dir='ltr'><strong>quod</strong></span> <span class='ocrx_word' id='word_1_36' title='bbox 1815 776 1937 818; x_wconf 91' lang='lat' dir='ltr'><strong>eum</strong></span> <span class='ocrx_word' id='word_1_37' title='bbox 1969 757 2063 829; x_wconf 90' lang='lat' dir='ltr'><strong>qui</strong></span> 
     </span>
    </p>
   </div>
   <div class='ocr_carea' id='block_1_6' title="bbox 472 859 2064 940">
    <p class='ocr_par' dir='ltr' id='par_1_6' title="bbox 472 859 2064 940">
     <span class='ocr_line' id='line_1_6' title="bbox 472 859 2064 940; baseline -0.01 -17"><span class='ocrx_word' id='word_1_38' title='bbox 472 869 594 923; x_wconf 85' lang='lat' dir='ltr'><strong>sine</strong></span> <span class='ocrx_word' id='word_1_39' title='bbox 625 875 851 940; x_wconf 87' lang='lat' dir='ltr'><strong>peccato</strong></span> <span class='ocrx_word' id='word_1_40' title='bbox 897 876 982 924; x_wconf 92' lang='lat' dir='ltr'><strong>est</strong></span> <span class='ocrx_word' id='word_1_41' title='bbox 1019 881 1121 937; x_wconf 91' lang='lat' dir='ltr'><strong>pro</strong></span> <span class='ocrx_word' id='word_1_42' title='bbox 1165 862 1542 936; x_wconf 72' lang='lat' dir='ltr'><strong>peccatoribus</strong></span> <span class='ocrx_word' id='word_1_43' title='bbox 1589 859 1843 924; x_wconf 84' lang='lat' dir='ltr'><strong>damnat,</strong></span> <span class='ocrx_word' id='word_1_44' title='bbox 1893 861 1957 909; x_wconf 90' lang='lat' dir='ltr'><strong>ut</strong></span> <span class='ocrx_word' id='word_1_45' title='bbox 1998 866 2064 909; x_wconf 92' lang='lat' dir='ltr'><strong>eo</strong></span> 
     </span>
    </p>
   </div>
   <div class='ocr_carea' id='block_1_7' title="bbox 471 943 2063 1027">
    <p class='ocr_par' dir='ltr' id='par_1_7' title="bbox 471 943 2063 1027">
     <span class='ocr_line' id='line_1_7' title="bbox 471 943 2063 1027; baseline -0.011 -11"><span class='ocrx_word' id='word_1_46' title='bbox 471 961 643 1017; x_wconf 88' lang='lat' dir='ltr'><strong>electa</strong></span> <span class='ocrx_word' id='word_1_47' title='bbox 673 961 856 1017; x_wconf 89' lang='lat' dir='ltr'><strong>omnia</strong></span> <span class='ocrx_word' id='word_1_48' title='bbox 901 961 969 1016; x_wconf 86' lang='lat' dir='ltr'><strong>ad</strong></span> <span class='ocrx_word' id='word_1_49' title='bbox 999 958 1213 1016; x_wconf 88' lang='lat' dir='ltr'><strong>culmen</strong></span> <span class='ocrx_word' id='word_1_50' title='bbox 1251 955 1478 1027; x_wconf 84' lang='lat' dir='ltr'><strong>justitiae</strong></span> <span class='ocrx_word' id='word_1_51' title='bbox 1510 958 1814 1024; x_wconf 75' lang='lat' dir='ltr'><strong>surgerent,</strong></span> <span class='ocrx_word' id='word_1_52' title='bbox 1867 960 1974 1018; x_wconf 93' lang='lat' dir='ltr'><strong>quo</strong></span> <span class='ocrx_word' id='word_1_53' title='bbox 2015 943 2063 999; x_wconf 88' lang='lat' dir='ltr'><strong>is</strong></span> 
     </span>
    </p>
   </div>
   <div class='ocr_carea' id='block_1_8' title="bbox 471 1036 2064 1124">
    <p class='ocr_par' dir='ltr' id='par_1_8' title="bbox 471 1036 2064 1124">
     <span class='ocr_line' id='line_1_8' title="bbox 471 1036 2064 1124; baseline -0.01 -17"><span class='ocrx_word' id='word_1_54' title='bbox 471 1052 565 1124; x_wconf 91' lang='lat' dir='ltr'><strong>qui</strong></span> <span class='ocrx_word' id='word_1_55' title='bbox 593 1061 679 1109; x_wconf 89' lang='lat' dir='ltr'><strong>est</strong></span> <span class='ocrx_word' id='word_1_56' title='bbox 705 1067 868 1123; x_wconf 81' lang='lat' dir='ltr'><strong>super</strong></span> <span class='ocrx_word' id='word_1_57' title='bbox 901 1050 1084 1108; x_wconf 87' lang='lat' dir='ltr'><strong>omnia</strong></span> <span class='ocrx_word' id='word_1_58' title='bbox 1125 1051 1321 1108; x_wconf 91' lang='lat' dir='ltr'><strong>damna</strong></span> <span class='ocrx_word' id='word_1_59' title='bbox 1354 1045 1631 1118; x_wconf 70' lang='lat' dir='ltr'><strong>injustitiaa</strong></span> <span class='ocrx_word' id='word_1_60' title='bbox 1667 1049 1868 1100; x_wconf 58' lang='lat' dir='ltr'><strong>nostra;</strong></span> <span class='ocrx_word' id='word_1_61' title='bbox 1897 1036 2064 1095; x_wconf 89' lang='lat' dir='ltr'><strong>susti-</strong></span> 
     </span>
    </p>
   </div>
   <div class='ocr_carea' id='block_1_9' title="bbox 473 1155 648 1201">
    <p class='ocr_par' dir='ltr' id='par_1_9' title="bbox 473 1155 648 1201">
     <span class='ocr_line' id='line_1_9' title="bbox 473 1155 648 1201; baseline -0.006 0"><span class='ocrx_word' id='word_1_62' title='bbox 473 1155 648 1201; x_wconf 88' lang='lat' dir='ltr'><strong>neret.</strong></span> 
     </span>
    </p>
   </div>
   <div class='ocr_carea' id='block_1_10' title="bbox 597 1223 2064 1302">
    <p class='ocr_par' dir='ltr' id='par_1_10' title="bbox 597 1223 2064 1302">
     <span class='ocr_line' id='line_1_10' title="bbox 597 1223 2064 1302; baseline -0.01 -12"><span class='ocrx_word' id='word_1_63' title='bbox 597 1238 812 1291; x_wconf 85' lang='lat' dir='ltr'><strong>irtutem</strong></span> <span class='ocrx_word' id='word_1_64' title='bbox 848 1235 988 1290; x_wconf 89' lang='lat' dir='ltr'><strong>enim</strong></span> <span class='ocrx_word' id='word_1_65' title='bbox 1024 1233 1253 1290; x_wconf 72' lang='lat' dir='ltr'><strong>ostendis</strong></span> <span class='ocrx_word' id='word_1_66' title='bbox 1287 1241 1366 1299; x_wconf 88' lang='lat' dir='ltr'><strong>tu,</strong></span> <span class='ocrx_word' id='word_1_67' title='bbox 1405 1232 1494 1302; x_wconf 92' lang='lat' dir='ltr'><strong>qui</strong></span> <span class='ocrx_word' id='word_1_68' title='bbox 1535 1245 1640 1284; x_wconf 88' lang='lat' dir='ltr'><strong>non</strong></span> <span class='ocrx_word' id='word_1_69' title='bbox 1683 1223 1909 1281; x_wconf 85' lang='lat' dir='ltr'><strong>crederis</strong></span> <span class='ocrx_word' id='word_1_70' title='bbox 1953 1237 2064 1277; x_wconf 87' lang='lat' dir='ltr'><strong>esse</strong></span> 
     </span>
    </p>
   </div>
   <div class='ocr_carea' id='block_1_11' title="bbox 471 1315 2065 1392">
    <p class='ocr_par' dir='ltr' id='par_1_11' title="bbox 471 1315 2065 1392">
     <span class='ocr_line' id='line_1_11' title="bbox 471 1315 2065 1392; baseline -0.011 -10"><span class='ocrx_word' id='word_1_71' title='bbox 471 1329 529 1383; x_wconf 91' lang='lat' dir='ltr'><strong>in</strong></span> <span class='ocrx_word' id='word_1_72' title='bbox 559 1331 749 1384; x_wconf 83' lang='lat' dir='ltr'><strong>virtute</strong></span> <span class='ocrx_word' id='word_1_73' title='bbox 771 1335 1182 1389; x_wconf 73' lang='lat' dir='ltr'><strong>consummatus,</strong></span> <span class='ocrx_word' id='word_1_74' title='bbox 1213 1334 1262 1380; x_wconf 89' lang='lat' dir='ltr'><strong>et</strong></span> <span class='ocrx_word' id='word_1_75' title='bbox 1306 1323 1494 1378; x_wconf 86' lang='lat' dir='ltr'><strong>horum</strong></span> <span class='ocrx_word' id='word_1_76' title='bbox 1513 1319 1602 1392; x_wconf 91' lang='lat' dir='ltr'><strong>qui</strong></span> <span class='ocrx_word' id='word_1_77' title='bbox 1633 1327 1682 1372; x_wconf 90' lang='lat' dir='ltr'><strong>te</strong></span> <span class='ocrx_word' id='word_1_78' title='bbox 1710 1315 1944 1370; x_wconf 84' lang='lat' dir='ltr'><strong>nesciunt</strong></span> <span class='ocrx_word' id='word_1_79' title='bbox 1967 1328 2065 1365; x_wconf 89' lang='lat' dir='ltr'><strong>au-</strong></span> 
     </span>
    </p>
   </div>
   <div class='ocr_carea' id='block_1_12' title="bbox 472 1405 2064 1490">
    <p class='ocr_par' dir='ltr' id='par_1_12' title="bbox 472 1405 2064 1490">
     <span class='ocr_line' id='line_1_12' title="bbox 472 1405 2064 1490; baseline -0.009 -17"><span class='ocrx_word' id='word_1_80' title='bbox 472 1421 681 1475; x_wconf 88' lang='lat' dir='ltr'><strong>daciam</strong></span> <span class='ocrx_word' id='word_1_81' title='bbox 713 1417 1268 1490; x_wconf 46' lang='lat' dir='ltr'><strong>traducis..Virtutem</strong></span> <span class='ocrx_word' id='word_1_82' title='bbox 1301 1416 1449 1471; x_wconf 91' lang='lat' dir='ltr'><strong>enim</strong></span> <span class='ocrx_word' id='word_1_83' title='bbox 1479 1427 1634 1469; x_wconf 92' lang='lat' dir='ltr'><strong>suam</strong></span> <span class='ocrx_word' id='word_1_84' title='bbox 1664 1407 1901 1465; x_wconf 82' lang='lat' dir='ltr'><strong>ostendit</strong></span> <span class='ocrx_word' id='word_1_85' title='bbox 1928 1405 2064 1461; x_wconf 86' lang='lat' dir='ltr'><strong>divi-</strong></span> 
     </span>
    </p>
   </div>
   <div class='ocr_carea' id='block_1_13' title="bbox 474 1501 2058 1579">
    <p class='ocr_par' dir='ltr' id='par_1_13' title="bbox 474 1501 2058 1579">
     <span class='ocr_line' id='line_1_13' title="bbox 474 1501 2058 1579; baseline -0.009 -15"><span class='ocrx_word' id='word_1_86' title='bbox 474 1511 618 1566; x_wconf 85' lang='lat' dir='ltr'><strong>nitas</strong></span> <span class='ocrx_word' id='word_1_87' title='bbox 646 1511 700 1565; x_wconf 93' lang='lat' dir='ltr'><strong>in</strong></span> <span class='ocrx_word' id='word_1_88' title='bbox 729 1510 1071 1579; x_wconf 82' lang='lat' dir='ltr'><strong>correptione</strong></span> <span class='ocrx_word' id='word_1_89' title='bbox 1097 1523 1335 1574; x_wconf 88' lang='lat' dir='ltr'><strong>reorum,</strong></span> <span class='ocrx_word' id='word_1_90' title='bbox 1370 1521 1440 1561; x_wconf 90' lang='lat' dir='ltr'><strong>ne</strong></span> <span class='ocrx_word' id='word_1_91' title='bbox 1473 1505 1541 1562; x_wconf 89' lang='lat' dir='ltr'><strong>de</strong></span> <span class='ocrx_word' id='word_1_92' title='bbox 1566 1517 1664 1559; x_wconf 89' lang='lat' dir='ltr'><strong>sua</strong></span> <span class='ocrx_word' id='word_1_93' title='bbox 1687 1501 1888 1556; x_wconf 88' lang='lat' dir='ltr'><strong>virtute</strong></span> <span class='ocrx_word' id='word_1_94' title='bbox 1918 1511 2058 1568; x_wconf 65' lang='lat' dir='ltr'><strong>prm-</strong></span> 
     </span>
    </p>
   </div>
   <div class='ocr_carea' id='block_1_14' title="bbox 474 1586 2063 1670">
    <p class='ocr_par' dir='ltr' id='par_1_14' title="bbox 474 1586 2063 1670">
     <span class='ocr_line' id='line_1_14' title="bbox 474 1586 2063 1670; baseline -0.01 -14"><span class='ocrx_word' id='word_1_95' title='bbox 474 1609 654 1656; x_wconf 87' lang='lat' dir='ltr'><strong>sumat</strong></span> <span class='ocrx_word' id='word_1_96' title='bbox 682 1600 1022 1656; x_wconf 84' lang='lat' dir='ltr'><strong>contumacia</strong></span> <span class='ocrx_word' id='word_1_97' title='bbox 1057 1600 1436 1670; x_wconf 88' lang='lat' dir='ltr'><strong>superborum,</strong></span> <span class='ocrx_word' id='word_1_98' title='bbox 1474 1595 1567 1651; x_wconf 92' lang='lat' dir='ltr'><strong>sed</strong></span> <span class='ocrx_word' id='word_1_99' title='bbox 1592 1600 1772 1648; x_wconf 88' lang='lat' dir='ltr'><strong>tamen</strong></span> <span class='ocrx_word' id='word_1_100' title='bbox 1800 1590 1918 1646; x_wconf 90' lang='lat' dir='ltr'><strong>sine</strong></span> <span class='ocrx_word' id='word_1_101' title='bbox 1951 1586 2063 1641; x_wconf 88' lang='lat' dir='ltr'><strong>ulla</strong></span> 
     </span>
    </p>
   </div>
   <div class='ocr_carea' id='block_1_15' title="bbox 470 1683 2065 1763">
    <p class='ocr_par' dir='ltr' id='par_1_15' title="bbox 470 1683 2065 1763">
     <span class='ocr_line' id='line_1_15' title="bbox 470 1683 2065 1763; baseline -0.009 -15"><span class='ocrx_word' id='word_1_102' title='bbox 470 1693 726 1761; x_wconf 87' lang='lat' dir='ltr'><strong>passione</strong></span> <span class='ocrx_word' id='word_1_103' title='bbox 780 1701 874 1748; x_wconf 90' lang='lat' dir='ltr'><strong>aut</strong></span> <span class='ocrx_word' id='word_1_104' title='bbox 918 1691 1328 1763; x_wconf 88' lang='lat' dir='ltr'><strong>perturbatione</strong></span> <span class='ocrx_word' id='word_1_105' title='bbox 1371 1697 1569 1752; x_wconf 88' lang='lat' dir='ltr'><strong>sumet,</strong></span> <span class='ocrx_word' id='word_1_106' title='bbox 1615 1685 1743 1756; x_wconf 90' lang='lat' dir='ltr'><strong>quia</strong></span> <span class='ocrx_word' id='word_1_107' title='bbox 1792 1683 1934 1737; x_wconf 88' lang='lat' dir='ltr'><strong>Deus</strong></span> <span class='ocrx_word' id='word_1_108' title='bbox 1980 1685 2065 1735; x_wconf 89' lang='lat' dir='ltr'><strong>est</strong></span> 
     </span>
    </p>
   </div>
   <div class='ocr_carea' id='block_1_16' title="bbox 471 1777 2062 1854">
    <p class='ocr_par' dir='ltr' id='par_1_16' title="bbox 471 1777 2062 1854">
     <span class='ocr_line' id='line_1_16' title="bbox 471 1777 2062 1854; baseline -0.008 -15"><span class='ocrx_word' id='word_1_109' title='bbox 471 1784 844 1853; x_wconf 88' lang='lat' dir='ltr'><strong>impassibilis,</strong></span> <span class='ocrx_word' id='word_1_110' title='bbox 889 1793 944 1839; x_wconf 89' lang='lat' dir='ltr'><strong>ct</strong></span> <span class='ocrx_word' id='word_1_111' title='bbox 973 1784 1118 1839; x_wconf 88' lang='lat' dir='ltr'><strong>nulla</strong></span> <span class='ocrx_word' id='word_1_112' title='bbox 1164 1798 1403 1854; x_wconf 86' lang='lat' dir='ltr'><strong>unquam</strong></span> <span class='ocrx_word' id='word_1_113' title='bbox 1449 1777 1874 1836; x_wconf 85' lang='lat' dir='ltr'><strong>commutatione</strong></span> <span class='ocrx_word' id='word_1_114' title='bbox 1917 1789 1950 1828; x_wconf 88' lang='lat' dir='ltr'><strong>a</strong></span> <span class='ocrx_word' id='word_1_115' title='bbox 2001 1785 2062 1828; x_wconf 85' lang='lat' dir='ltr'><strong>se</strong></span> 
     </span>
    </p>
   </div>
   <div class='ocr_carea' id='block_1_17' title="bbox 1121 361 2062 435">
    <p class='ocr_par' dir='ltr' id='par_1_17' title="bbox 1121 364 2062 435">
     <span class='ocr_line' id='line_1_17' title="bbox 1121 364 2062 435; baseline -0.012 0"><span class='ocrx_word' id='word_1_116' title='bbox 1121 381 1180 435; x_wconf 82' lang='grc' dir='ltr'><strong>Β.</strong></span> <span class='ocrx_word' id='word_1_117' title='bbox 1209 364 1476 435; x_wconf 72' lang='grc' dir='ltr'><strong>ἰιΑΒΑΝΙ</strong></span> <span class='ocrx_word' id='word_1_118' title='bbox 1514 372 1733 431; x_wconf 76' lang='lat' dir='ltr'><strong>MAURI</strong></span> <span class='ocrx_word' id='word_1_119' title='bbox 1770 367 2062 428; x_wconf 82' lang='lat' dir='ltr'><strong>ARCHIEP</strong></span> 
     </span>
    </p>
   </div>
   <div class='ocr_carea' id='block_1_18' title="bbox 2167 361 3072 435">
    <p class='ocr_par' dir='ltr' id='par_1_18' title="bbox 2167 361 3072 425">
     <span class='ocr_line' id='line_1_18' title="bbox 2167 361 3072 425; baseline -0.007 -3"><span class='ocrx_word' id='word_1_120' title='bbox 2167 363 2444 425; x_wconf 87' lang='lat' dir='ltr'><strong>[OGUNT.</strong></span> <span class='ocrx_word' id='word_1_121' title='bbox 2482 363 2771 424; x_wconf 76' lang='lat' dir='ltr'><strong>OPERUM</strong></span> <span class='ocrx_word' id='word_1_122' title='bbox 2811 361 2992 422; x_wconf 84' lang='lat' dir='ltr'><strong>PARS</strong></span> <span class='ocrx_word' id='word_1_123' title='bbox 3031 362 3072 417; x_wconf 89' lang='lat' dir='ltr'><strong>l.</strong></span> 
     </span>
    </p>
   </div>
   <div class='ocr_carea' id='block_1_19' title="bbox 3644 358 3749 416">
    <p class='ocr_par' dir='ltr' id='par_1_19' title="bbox 3644 358 3749 416">
     <span class='ocr_line' id='line_1_19' title="bbox 3644 358 3749 416; baseline 0.029 -3"><span class='ocrx_word' id='word_1_124' title='bbox 3644 358 3749 416; x_wconf 71' lang='lat'><strong>79.8</strong></span> 
     </span>
    </p>
   </div>
   <div class='ocr_carea' id='block_1_20' title="bbox 2743 475 3156 537">
    <p class='ocr_par' dir='ltr' id='par_1_20' title="bbox 2743 475 3156 537">
     <span class='ocr_line' id='line_1_20' title="bbox 2743 475 3156 537; baseline -0.015 0"><span class='ocrx_word' id='word_1_125' title='bbox 2743 479 2972 537; x_wconf 88' lang='lat' dir='ltr'><strong>CAPUT</strong></span> <span class='ocrx_word' id='word_1_126' title='bbox 3022 475 3156 534; x_wconf 78' lang='lat' dir='ltr'><strong>Xlll.</strong></span> 
     </span>
    </p>
   </div>
   <div class='ocr_carea' id='block_1_21' title="bbox 2163 570 3754 647">
    <p class='ocr_par' dir='ltr' id='par_1_21' title="bbox 2163 570 3754 647">
     <span class='ocr_line' id='line_1_21' title="bbox 2163 570 3754 647; baseline -0.004 -15"><span class='ocrx_word' id='word_1_127' title='bbox 2163 572 2649 647; x_wconf 80' lang='lat' dir='ltr'><strong>Sapientialaudat</strong></span> <span class='ocrx_word' id='word_1_128' title='bbox 2677 570 2778 647; x_wconf 78' lang='lat' dir='ltr'><strong>Dei</strong></span> <span class='ocrx_word' id='word_1_129' title='bbox 2800 572 3130 647; x_wconf 78' lang='lat' dir='ltr'><strong>patientiam,</strong></span> <span class='ocrx_word' id='word_1_130' title='bbox 3159 570 3282 647; x_wconf 82' lang='lat' dir='ltr'><strong>quia</strong></span> <span class='ocrx_word' id='word_1_131' title='bbox 3307 571 3398 647; x_wconf 75' lang='lat' dir='ltr'><strong>dat</strong></span> <span class='ocrx_word' id='word_1_132' title='bbox 3427 570 3600 647; x_wconf 76' lang='lat' dir='ltr'><strong>locum</strong></span> <span class='ocrx_word' id='word_1_133' title='bbox 3630 587 3754 641; x_wconf 83' lang='lat' dir='ltr'><strong>pec-</strong></span> 
     </span>
    </p>
   </div>
   <div class='ocr_carea' id='block_1_22' title="bbox 2288 640 3639 717">
    <p class='ocr_par' dir='ltr' id='par_1_22' title="bbox 2288 640 3639 717">
     <span class='ocr_line' id='line_1_22' title="bbox 2288 640 3639 717; baseline -0.003 -17"><span class='ocrx_word' id='word_1_134' title='bbox 2288 643 2554 701; x_wconf 88' lang='lat' dir='ltr'><strong>catoribus</strong></span> <span class='ocrx_word' id='word_1_135' title='bbox 2578 640 2896 717; x_wconf 72' lang='lat' dir='ltr'><strong>paenitentia:</strong></span> <span class='ocrx_word' id='word_1_136' title='bbox 2919 651 2968 697; x_wconf 88' lang='lat' dir='ltr'><strong>et</strong></span> <span class='ocrx_word' id='word_1_137' title='bbox 2993 659 3100 696; x_wconf 87' lang='lat' dir='ltr'><strong>non</strong></span> <span class='ocrx_word' id='word_1_138' title='bbox 3125 640 3306 696; x_wconf 83' lang='lat' dir='ltr'><strong>statim</strong></span> <span class='ocrx_word' id='word_1_139' title='bbox 3339 640 3639 696; x_wconf 81' lang='lat' dir='ltr'><strong>ulciscitur.</strong></span> 
     </span>
    </p>
   </div>
   <div class='ocr_carea' id='block_1_23' title="bbox 2234 753 3759 828">
    <p class='ocr_par' dir='ltr' id='par_1_23' title="bbox 2234 753 3759 828">
     <span class='ocr_line' id='line_1_23' title="bbox 2234 753 3759 828; baseline -0.003 -14"><span class='ocrx_word' id='word_1_140' title='bbox 2234 758 2475 814; x_wconf 87' lang='lat' dir='ltr'><strong>Docuisti</strong></span> <span class='ocrx_word' id='word_1_141' title='bbox 2500 767 2674 813; x_wconf 89' lang='lat' dir='ltr'><strong>autem</strong></span> <span class='ocrx_word' id='word_1_142' title='bbox 2700 755 2951 828; x_wconf 88' lang='lat' dir='ltr'><strong>papulum</strong></span> <span class='ocrx_word' id='word_1_143' title='bbox 2972 764 3119 810; x_wconf 90' lang='lat' dir='ltr'><strong>tuum</strong></span> <span class='ocrx_word' id='word_1_144' title='bbox 3142 771 3235 827; x_wconf 89' lang='lat' dir='ltr'><strong>per</strong></span> <span class='ocrx_word' id='word_1_145' title='bbox 3262 753 3392 809; x_wconf 88' lang='lat' dir='ltr'><strong>talia</strong></span> <span class='ocrx_word' id='word_1_146' title='bbox 3423 770 3606 826; x_wconf 82' lang='lat' dir='ltr'><strong>opera,</strong></span> <span class='ocrx_word' id='word_1_147' title='bbox 3629 771 3759 827; x_wconf 86' lang='lat' dir='ltr'><strong>quo-</strong></span> 
     </span>
    </p>
   </div>
   <div class='ocr_carea' id='block_1_24' title="bbox 2164 846 3763 924">
    <p class='ocr_par' dir='ltr' id='par_1_24' title="bbox 2164 846 3763 924">
     <span class='ocr_line' id='line_1_24' title="bbox 2164 846 3763 924; baseline -0.004 -16"><span class='ocrx_word' id='word_1_148' title='bbox 2164 853 2308 908; x_wconf 89' lang='lat' dir='ltr'><strong>niam</strong></span> <span class='ocrx_word' id='word_1_149' title='bbox 2334 861 2534 924; x_wconf 78' lang='lat' dir='ltr'><strong>Oportet</strong></span> <span class='ocrx_word' id='word_1_150' title='bbox 2555 851 2760 922; x_wconf 89' lang='lat' dir='ltr'><strong>justum</strong></span> <span class='ocrx_word' id='word_1_151' title='bbox 2799 866 2909 904; x_wconf 89' lang='lat' dir='ltr'><strong>esse</strong></span> <span class='ocrx_word' id='word_1_152' title='bbox 2934 857 2982 904; x_wconf 89' lang='lat' dir='ltr'><strong>et</strong></span> <span class='ocrx_word' id='word_1_153' title='bbox 3025 849 3347 914; x_wconf 84' lang='lat' dir='ltr'><strong>humanum,</strong></span> <span class='ocrx_word' id='word_1_154' title='bbox 3382 856 3430 901; x_wconf 89' lang='lat' dir='ltr'><strong>et</strong></span> <span class='ocrx_word' id='word_1_155' title='bbox 3465 846 3618 902; x_wconf 80' lang='lat' dir='ltr'><strong>bonte</strong></span> <span class='ocrx_word' id='word_1_156' title='bbox 3653 849 3763 917; x_wconf 84' lang='lat' dir='ltr'><strong>spei</strong></span> 
     </span>
    </p>
   </div>
   <div class='ocr_carea' id='block_1_25' title="bbox 2162 939 3764 1012">
    <p class='ocr_par' dir='ltr' id='par_1_25' title="bbox 2162 939 3764 1012">
     <span class='ocr_line' id='line_1_25' title="bbox 2162 939 3764 1012; baseline -0.001 -15"><span class='ocrx_word' id='word_1_157' title='bbox 2162 942 2336 1010; x_wconf 78' lang='lat' dir='ltr'><strong>fecisti</strong></span> <span class='ocrx_word' id='word_1_158' title='bbox 2374 942 2513 1012; x_wconf 84' lang='lat' dir='ltr'><strong>filios</strong></span> <span class='ocrx_word' id='word_1_159' title='bbox 2561 950 2699 997; x_wconf 88' lang='lat' dir='ltr'><strong>tuos.</strong></span> <span class='ocrx_word' id='word_1_160' title='bbox 2755 940 3017 1007; x_wconf 82' lang='lat' dir='ltr'><strong>Quoniam</strong></span> <span class='ocrx_word' id='word_1_161' title='bbox 3059 939 3302 1007; x_wconf 79' lang='lat' dir='ltr'><strong>iudicans</strong></span> <span class='ocrx_word' id='word_1_162' title='bbox 3349 939 3446 994; x_wconf 88' lang='lat' dir='ltr'><strong>das</strong></span> <span class='ocrx_word' id='word_1_163' title='bbox 3485 939 3664 995; x_wconf 84' lang='lat' dir='ltr'><strong>locum</strong></span> <span class='ocrx_word' id='word_1_164' title='bbox 3708 940 3764 995; x_wconf 86' lang='lat' dir='ltr'><strong>in</strong></span> 
     </span>
    </p>
   </div>
   <div class='ocr_carea' id='block_1_26' title="bbox 2163 1029 3762 1106">
    <p class='ocr_par' dir='ltr' id='par_1_26' title="bbox 2163 1029 3762 1106">
     <span class='ocr_line' id='line_1_26' title="bbox 2163 1029 3762 1106; baseline -0.003 -18"><span class='ocrx_word' id='word_1_165' title='bbox 2163 1035 2387 1106; x_wconf 83' lang='lat' dir='ltr'><strong>peccatis</strong></span> <span class='ocrx_word' id='word_1_166' title='bbox 2408 1033 2740 1104; x_wconf 66' lang='lat' dir='ltr'><strong>paenitentiae.</strong></span> <span class='ocrx_word' id='word_1_167' title='bbox 2767 1029 2869 1086; x_wconf 86' lang='lat' dir='ltr'><strong>Per</strong></span> <span class='ocrx_word' id='word_1_168' title='bbox 2893 1029 3121 1085; x_wconf 87' lang='lat' dir='ltr'><strong>miriﬁca</strong></span> <span class='ocrx_word' id='word_1_169' title='bbox 3147 1030 3293 1086; x_wconf 84' lang='lat' dir='ltr'><strong>enim</strong></span> <span class='ocrx_word' id='word_1_170' title='bbox 3316 1044 3480 1100; x_wconf 89' lang='lat' dir='ltr'><strong>opera</strong></span> <span class='ocrx_word' id='word_1_171' title='bbox 3506 1031 3762 1102; x_wconf 88' lang='lat' dir='ltr'><strong>omnipo-</strong></span> 
     </span>
    </p>
   </div>
   <div class='ocr_carea' id='block_1_27' title="bbox 2166 1110 3762 1196">
    <p class='ocr_par' dir='ltr' id='par_1_27' title="bbox 2166 1110 3762 1196">
     <span class='ocr_line' id='line_1_27' title="bbox 2166 1110 3762 1196; baseline -0.001 -16"><span class='ocrx_word' id='word_1_172' title='bbox 2166 1125 2330 1181; x_wconf 89' lang='lat' dir='ltr'><strong>tentis</strong></span> <span class='ocrx_word' id='word_1_173' title='bbox 2356 1125 2451 1180; x_wconf 90' lang='lat' dir='ltr'><strong>Dei</strong></span> <span class='ocrx_word' id='word_1_174' title='bbox 2481 1124 2666 1180; x_wconf 90' lang='lat' dir='ltr'><strong>ﬁdcles</strong></span> <span class='ocrx_word' id='word_1_175' title='bbox 2693 1110 3059 1189; x_wconf 72' lang='lat' dir='ltr'><strong>instruuntur,</strong></span> <span class='ocrx_word' id='word_1_176' title='bbox 3096 1133 3157 1179; x_wconf 92' lang='lat' dir='ltr'><strong>ut</strong></span> <span class='ocrx_word' id='word_1_177' title='bbox 3186 1133 3416 1179; x_wconf 88' lang='lat' dir='ltr'><strong>caveant</strong></span> <span class='ocrx_word' id='word_1_178' title='bbox 3442 1124 3762 1196; x_wconf 88' lang='lat' dir='ltr'><strong>iniquorum</strong></span> 
     </span>
    </p>
   </div>
   <div class='ocr_carea' id='block_1_28' title="bbox 2166 1213 3765 1287">
    <p class='ocr_par' dir='ltr' id='par_1_28' title="bbox 2166 1213 3765 1287">
     <span class='ocr_line' id='line_1_28' title="bbox 2166 1213 3765 1287; baseline -0.003 -13"><span class='ocrx_word' id='word_1_179' title='bbox 2166 1233 2226 1274; x_wconf 89' lang='lat' dir='ltr'><strong>se</strong></span> <span class='ocrx_word' id='word_1_180' title='bbox 2256 1216 2534 1287; x_wconf 88' lang='lat' dir='ltr'><strong>implicare</strong></span> <span class='ocrx_word' id='word_1_181' title='bbox 2563 1215 2794 1282; x_wconf 89' lang='lat' dir='ltr'><strong>delictis,</strong></span> <span class='ocrx_word' id='word_1_182' title='bbox 2823 1214 3109 1285; x_wconf 80' lang='lat' dir='ltr'><strong>magisque</strong></span> <span class='ocrx_word' id='word_1_183' title='bbox 3139 1213 3394 1269; x_wconf 88' lang='lat' dir='ltr'><strong>studeant</strong></span> <span class='ocrx_word' id='word_1_184' title='bbox 3437 1215 3765 1284; x_wconf 86' lang='lat' dir='ltr'><strong>semetipsos</strong></span> 
     </span>
    </p>
   </div>
   <div class='ocr_carea' id='block_1_29' title="bbox 2167 1306 3766 1378">
    <p class='ocr_par' dir='ltr' id='par_1_29' title="bbox 2167 1306 3766 1378">
     <span class='ocr_line' id='line_1_29' title="bbox 2167 1306 3766 1378; baseline -0.004 -12"><span class='ocrx_word' id='word_1_185' title='bbox 2167 1309 2622 1366; x_wconf 89' lang='lat' dir='ltr'><strong>incontaminatos</strong></span> <span class='ocrx_word' id='word_1_186' title='bbox 2657 1322 2876 1364; x_wconf 88' lang='lat' dir='ltr'><strong>servare</strong></span> <span class='ocrx_word' id='word_1_187' title='bbox 2905 1307 3148 1378; x_wconf 86' lang='lat' dir='ltr'><strong>negotio,</strong></span> <span class='ocrx_word' id='word_1_188' title='bbox 3193 1306 3466 1378; x_wconf 83' lang='lat' dir='ltr'><strong>ﬁdemque</strong></span> <span class='ocrx_word' id='word_1_189' title='bbox 3496 1323 3564 1362; x_wconf 91' lang='lat' dir='ltr'><strong>ac</strong></span> <span class='ocrx_word' id='word_1_190' title='bbox 3613 1322 3766 1376; x_wconf 85' lang='lat' dir='ltr'><strong>spem</strong></span> 
     </span>
    </p>
   </div>
   <div class='ocr_carea' id='block_1_30' title="bbox 2167 1396 3766 1471">
    <p class='ocr_par' dir='ltr' id='par_1_30' title="bbox 2167 1396 3766 1471">
     <span class='ocr_line' id='line_1_30' title="bbox 2167 1396 3766 1471; baseline -0.004 -15"><span class='ocrx_word' id='word_1_191' title='bbox 2167 1403 2224 1457; x_wconf 92' lang='lat' dir='ltr'><strong>in</strong></span> <span class='ocrx_word' id='word_1_192' title='bbox 2251 1400 2542 1456; x_wconf 91' lang='lat' dir='ltr'><strong>Dominum</strong></span> <span class='ocrx_word' id='word_1_193' title='bbox 2590 1398 2879 1465; x_wconf 89' lang='lat' dir='ltr'><strong>habendo,</strong></span> <span class='ocrx_word' id='word_1_194' title='bbox 2927 1413 3036 1453; x_wconf 92' lang='lat' dir='ltr'><strong>non</strong></span> <span class='ocrx_word' id='word_1_195' title='bbox 3081 1397 3358 1471; x_wconf 78' lang='lat' dir='ltr'><strong>negligant</strong></span> <span class='ocrx_word' id='word_1_196' title='bbox 3405 1407 3625 1469; x_wconf 90' lang='lat' dir='ltr'><strong>tempus</strong></span> <span class='ocrx_word' id='word_1_197' title='bbox 3663 1396 3766 1452; x_wconf 88' lang='lat' dir='ltr'><strong>sibi</strong></span> 
     </span>
    </p>
   </div>
   <div class='ocr_carea' id='block_1_31' title="bbox 2167 1489 3768 1563">
    <p class='ocr_par' dir='ltr' id='par_1_31' title="bbox 2167 1489 3768 1563">
     <span class='ocr_line' id='line_1_31' title="bbox 2167 1489 3768 1563; baseline -0.002 -15"><span class='ocrx_word' id='word_1_198' title='bbox 2167 1491 2433 1548; x_wconf 89' lang='lat' dir='ltr'><strong>in&#39;dultum</strong></span> <span class='ocrx_word' id='word_1_199' title='bbox 2464 1490 2842 1563; x_wconf 85' lang='lat' dir='ltr'><strong>paenitentiam</strong></span> <span class='ocrx_word' id='word_1_200' title='bbox 2871 1489 3064 1561; x_wconf 80' lang='lat' dir='ltr'><strong>agendi</strong></span> <span class='ocrx_word' id='word_1_201' title='bbox 3092 1499 3146 1546; x_wconf 91' lang='lat' dir='ltr'><strong>et</strong></span> <span class='ocrx_word' id='word_1_202' title='bbox 3176 1491 3315 1546; x_wconf 91' lang='lat' dir='ltr'><strong>bene</strong></span> <span class='ocrx_word' id='word_1_203' title='bbox 3342 1490 3629 1561; x_wconf 86' lang='lat' dir='ltr'><strong>cperandi,</strong></span> <span class='ocrx_word' id='word_1_204' title='bbox 3659 1490 3768 1545; x_wconf 92' lang='lat' dir='ltr'><strong>imo</strong></span> 
     </span>
    </p>
   </div>
   <div class='ocr_carea' id='block_1_32' title="bbox 2167 1581 3770 1655">
    <p class='ocr_par' dir='ltr' id='par_1_32' title="bbox 2167 1581 3770 1655">
     <span class='ocr_line' id='line_1_32' title="bbox 2167 1581 3770 1655; baseline -0.003 -16"><span class='ocrx_word' id='word_1_205' title='bbox 2167 1592 2280 1639; x_wconf 92' lang='lat' dir='ltr'><strong>toto</strong></span> <span class='ocrx_word' id='word_1_206' title='bbox 2310 1583 2433 1640; x_wconf 91' lang='lat' dir='ltr'><strong>nisu</strong></span> <span class='ocrx_word' id='word_1_207' title='bbox 2458 1597 2555 1655; x_wconf 88' lang='lat' dir='ltr'><strong>per</strong></span> <span class='ocrx_word' id='word_1_208' title='bbox 2577 1582 2902 1639; x_wconf 87' lang='lat' dir='ltr'><strong>charitatem</strong></span> <span class='ocrx_word' id='word_1_209' title='bbox 2928 1581 3262 1637; x_wconf 88' lang='lat' dir='ltr'><strong>contendant</strong></span> <span class='ocrx_word' id='word_1_210' title='bbox 3282 1595 3379 1637; x_wconf 93' lang='lat' dir='ltr'><strong>suo</strong></span> <span class='ocrx_word' id='word_1_211' title='bbox 3407 1582 3620 1637; x_wconf 84' lang='lat' dir='ltr'><strong>servire</strong></span> <span class='ocrx_word' id='word_1_212' title='bbox 3645 1595 3770 1635; x_wconf 89' lang='lat' dir='ltr'><strong>con-</strong></span> 
     </span>
    </p>
   </div>
   <div class='ocr_carea' id='block_1_33' title="bbox 2167 1673 3419 1729">
    <p class='ocr_par' dir='ltr' id='par_1_33' title="bbox 2167 1673 3419 1729">
     <span class='ocr_line' id='line_1_33' title="bbox 2167 1673 3419 1729; baseline -0.005 0"><span class='ocrx_word' id='word_1_213' title='bbox 2167 1673 2350 1729; x_wconf 87' lang='lat' dir='ltr'><strong>ditori.</strong></span> <span class='ocrx_word' id='word_1_214' title='bbox 3403 1684 3419 1698; x_wconf 81' lang='lat'><strong>‘</strong></span> 
     </span>
    </p>
   </div>
   <div class='ocr_carea' id='block_1_34' title="bbox 2240 1762 3769 1820">
    <p class='ocr_par' dir='ltr' id='par_1_34' title="bbox 2240 1762 3769 1820">
     <span class='ocr_line' id='line_1_34' title="bbox 2240 1762 3769 1820; baseline -0.003 -1"><span class='ocrx_word' id='word_1_215' title='bbox 2240 1763 2300 1820; x_wconf 90' lang='lat' dir='ltr'><strong>Si</strong></span> <span class='ocrx_word' id='word_1_216' title='bbox 2325 1765 2462 1819; x_wconf 88' lang='lat' dir='ltr'><strong>enim</strong></span> <span class='ocrx_word' id='word_1_217' title='bbox 2491 1764 2732 1819; x_wconf 86' lang='lat' dir='ltr'><strong>inimicos</strong></span> <span class='ocrx_word' id='word_1_218' title='bbox 2761 1779 3029 1819; x_wconf 89' lang='lat' dir='ltr'><strong>servorum</strong></span> <span class='ocrx_word' id='word_1_219' title='bbox 3053 1772 3264 1818; x_wconf 88' lang='lat' dir='ltr'><strong>tuorum</strong></span> <span class='ocrx_word' id='word_1_220' title='bbox 3292 1770 3339 1816; x_wconf 80' lang='lat' dir='ltr'><strong>et</strong></span> <span class='ocrx_word' id='word_1_221' title='bbox 3362 1762 3566 1818; x_wconf 87' lang='lat' dir='ltr'><strong>debitos</strong></span> <span class='ocrx_word' id='word_1_222' title='bbox 3610 1763 3769 1815; x_wconf 86' lang='lat' dir='ltr'><strong>morti</strong></span> 
     </span>
    </p>
   </div>
   <div class='ocr_carea' id='block_1_35' title="bbox 472 1854 3769 1946">
    <p class='ocr_par' dir='ltr' id='par_1_35' title="bbox 472 1854 3769 1946">
     <span class='ocr_line' id='line_1_35' title="bbox 472 1854 3769 1946; baseline -0.006 -17"><span class='ocrx_word' id='word_1_223' title='bbox 472 1876 737 1938; x_wconf 81' lang='lat' dir='ltr'><strong>diversus,</strong></span> <span class='ocrx_word' id='word_1_224' title='bbox 787 1875 881 1931; x_wconf 86' lang='lat' dir='ltr'><strong>sed</strong></span> <span class='ocrx_word' id='word_1_225' title='bbox 915 1876 1058 1931; x_wconf 87' lang='lat' dir='ltr'><strong>idem</strong></span> <span class='ocrx_word' id='word_1_226' title='bbox 1093 1875 1208 1946; x_wconf 88' lang='lat' dir='ltr'><strong>ipse</strong></span> <span class='ocrx_word' id='word_1_227' title='bbox 1257 1888 1469 1944; x_wconf 85' lang='lat' dir='ltr'><strong>semper</strong></span> <span class='ocrx_word' id='word_1_228' title='bbox 1522 1883 1750 1925; x_wconf 90' lang='lat' dir='ltr'><strong>manens</strong></span> <span class='ocrx_word' id='word_1_229' title='bbox 1801 1867 2062 1928; x_wconf 89' lang='lat' dir='ltr'><strong>innovat,</strong></span> <span class='ocrx_word' id='word_1_230' title='bbox 2092 1857 2140 1910; x_wconf 85' lang='grc' dir='ltr'><strong><em>Β</em></strong></span> <span class='ocrx_word' id='word_1_231' title='bbox 2169 1875 2290 1914; x_wconf 90' lang='lat' dir='ltr'><strong>cum</strong></span> <span class='ocrx_word' id='word_1_232' title='bbox 2323 1866 2472 1911; x_wconf 86' lang='lat' dir='ltr'><strong>tanta</strong></span> <span class='ocrx_word' id='word_1_233' title='bbox 2499 1858 2752 1912; x_wconf 86' lang='lat' dir='ltr'><strong>cruciasti</strong></span> <span class='ocrx_word' id='word_1_234' title='bbox 2781 1856 3089 1921; x_wconf 85' lang='lat' dir='ltr'><strong>attentione,</strong></span> <span class='ocrx_word' id='word_1_235' title='bbox 3119 1865 3166 1910; x_wconf 88' lang='lat' dir='ltr'><strong>et</strong></span> <span class='ocrx_word' id='word_1_236' title='bbox 3190 1854 3450 1920; x_wconf 85' lang='lat' dir='ltr'><strong>liberasti,</strong></span> <span class='ocrx_word' id='word_1_237' title='bbox 3479 1855 3617 1909; x_wconf 82' lang='lat' dir='ltr'><strong>dans</strong></span> <span class='ocrx_word' id='word_1_238' title='bbox 3637 1864 3769 1908; x_wconf 81' lang='lat' dir='ltr'><strong>tem-</strong></span> 
     </span>
    </p>
   </div>
   <div class='ocr_carea' id='block_1_36' title="bbox 471 1962 2060 2038">
    <p class='ocr_par' dir='ltr' id='par_1_36' title="bbox 471 1962 2060 2038">
     <span class='ocr_line' id='line_1_36' title="bbox 471 1962 2060 2038; baseline -0.007 -17"><span class='ocrx_word' id='word_1_239' title='bbox 471 1967 714 2038; x_wconf 89' lang='lat' dir='ltr'><strong>disponit</strong></span> <span class='ocrx_word' id='word_1_240' title='bbox 743 1977 908 2037; x_wconf 85' lang='lat' dir='ltr'><strong>atque</strong></span> <span class='ocrx_word' id='word_1_241' title='bbox 931 1966 1148 2022; x_wconf 87' lang='lat' dir='ltr'><strong>ordinat</strong></span> <span class='ocrx_word' id='word_1_242' title='bbox 1171 1966 1374 2032; x_wconf 88' lang='lat' dir='ltr'><strong>omnia,</strong></span> <span class='ocrx_word' id='word_1_243' title='bbox 1398 1963 1542 2034; x_wconf 91' lang='lat' dir='ltr'><strong>quod</strong></span> <span class='ocrx_word' id='word_1_244' title='bbox 1569 1962 1645 2016; x_wconf 89' lang='lat' dir='ltr'><strong>ita</strong></span> <span class='ocrx_word' id='word_1_245' title='bbox 1674 1971 1907 2029; x_wconf 91' lang='lat' dir='ltr'><strong>sequens</strong></span> <span class='ocrx_word' id='word_1_246' title='bbox 1938 1970 2060 2011; x_wconf 86' lang='lat' dir='ltr'><strong>sen-</strong></span> 
     </span>
    </p>
   </div>
   <div class='ocr_carea' id='block_1_37' title="bbox 474 2057 884 2128">
    <p class='ocr_par' dir='ltr' id='par_1_37' title="bbox 474 2057 884 2128">
     <span class='ocr_line' id='line_1_37' title="bbox 474 2057 884 2128; baseline 0 -18"><span class='ocrx_word' id='word_1_247' title='bbox 474 2057 642 2112; x_wconf 88' lang='lat' dir='ltr'><strong>tentia</strong></span> <span class='ocrx_word' id='word_1_248' title='bbox 671 2058 884 2128; x_wconf 91' lang='lat' dir='ltr'><strong>probat.</strong></span> 
     </span>
    </p>
   </div>
   <div class='ocr_carea' id='block_1_38' title="bbox 544 2139 2062 2215">
    <p class='ocr_par' dir='ltr' id='par_1_38' title="bbox 544 2139 2062 2215">
     <span class='ocr_line' id='line_1_38' title="bbox 544 2139 2062 2215; baseline -0.005 -14"><span class='ocrx_word' id='word_1_249' title='bbox 544 2147 624 2202; x_wconf 83' lang='lat' dir='ltr'><strong>1‘u</strong></span> <span class='ocrx_word' id='word_1_250' title='bbox 654 2157 827 2204; x_wconf 87' lang='lat' dir='ltr'><strong>autem</strong></span> <span class='ocrx_word' id='word_1_251' title='bbox 854 2148 1155 2204; x_wconf 86' lang='lat' dir='ltr'><strong>dominator</strong></span> <span class='ocrx_word' id='word_1_252' title='bbox 1179 2146 1386 2203; x_wconf 80' lang='lat' dir='ltr'><strong>virtutis</strong></span> <span class='ocrx_word' id='word_1_253' title='bbox 1415 2161 1534 2200; x_wconf 89' lang='lat' dir='ltr'><strong>cum</strong></span> <span class='ocrx_word' id='word_1_254' title='bbox 1564 2140 1944 2215; x_wconf 88' lang='lat' dir='ltr'><strong>tranquillitate</strong></span> <span class='ocrx_word' id='word_1_255' title='bbox 1965 2139 2062 2210; x_wconf 88' lang='lat' dir='ltr'><strong>ju-</strong></span> 
     </span>
    </p>
   </div>
   <div class='ocr_carea' id='block_1_39' title="bbox 469 2231 2063 2313">
    <p class='ocr_par' dir='ltr' id='par_1_39' title="bbox 469 2231 2063 2313">
     <span class='ocr_line' id='line_1_39' title="bbox 469 2231 2063 2313; baseline -0.006 -19"><span class='ocrx_word' id='word_1_256' title='bbox 469 2240 638 2307; x_wconf 87' lang='lat' dir='ltr'><strong>dicas,</strong></span> <span class='ocrx_word' id='word_1_257' title='bbox 669 2249 716 2295; x_wconf 94' lang='lat' dir='ltr'><strong>et</strong></span> <span class='ocrx_word' id='word_1_258' title='bbox 743 2257 862 2295; x_wconf 89' lang='lat' dir='ltr'><strong>cum</strong></span> <span class='ocrx_word' id='word_1_259' title='bbox 901 2257 1094 2313; x_wconf 89' lang='lat' dir='ltr'><strong>magna</strong></span> <span class='ocrx_word' id='word_1_260' title='bbox 1123 2239 1410 2296; x_wconf 83' lang='lat' dir='ltr'><strong>reverentia</strong></span> <span class='ocrx_word' id='word_1_261' title='bbox 1453 2236 1688 2308; x_wconf 76' lang='lat' dir='ltr'><strong>disponis</strong></span> <span class='ocrx_word' id='word_1_262' title='bbox 1732 2251 1860 2298; x_wconf 88' lang='lat' dir='ltr'><strong>nos;</strong></span> <span class='ocrx_word' id='word_1_263' title='bbox 1885 2231 2063 2288; x_wconf 84' lang='lat' dir='ltr'><strong>subest</strong></span> 
     </span>
    </p>
   </div>
   <div class='ocr_carea' id='block_1_40' title="bbox 469 2324 2062 2403">
    <p class='ocr_par' dir='ltr' id='par_1_40' title="bbox 469 2324 2062 2403">
     <span class='ocr_line' id='line_1_40' title="bbox 469 2324 2062 2403; baseline -0.004 -17"><span class='ocrx_word' id='word_1_264' title='bbox 469 2332 609 2386; x_wconf 90' lang='lat' dir='ltr'><strong>enim</strong></span> <span class='ocrx_word' id='word_1_265' title='bbox 654 2331 765 2397; x_wconf 83' lang='lat' dir='ltr'><strong>tibi,</strong></span> <span class='ocrx_word' id='word_1_266' title='bbox 799 2347 920 2386; x_wconf 89' lang='lat' dir='ltr'><strong>cum</strong></span> <span class='ocrx_word' id='word_1_267' title='bbox 965 2330 1211 2398; x_wconf 85' lang='lat' dir='ltr'><strong>volueris,</strong></span> <span class='ocrx_word' id='word_1_268' title='bbox 1257 2347 1426 2403; x_wconf 83' lang='lat' dir='ltr'><strong>posse.</strong></span> <span class='ocrx_word' id='word_1_269' title='bbox 1479 2328 1834 2397; x_wconf 88' lang='lat' dir='ltr'><strong>Omnipotens</strong></span> <span class='ocrx_word' id='word_1_270' title='bbox 1861 2324 2062 2394; x_wconf 84' lang='lat' dir='ltr'><strong>quippe</strong></span> 
     </span>
    </p>
   </div>
   <div class='ocr_carea' id='block_1_41' title="bbox 469 2415 2058 2492">
    <p class='ocr_par' dir='ltr' id='par_1_41' title="bbox 469 2415 2058 2492">
     <span class='ocr_line' id='line_1_41' title="bbox 469 2415 2058 2492; baseline -0.004 -16"><span class='ocrx_word' id='word_1_271' title='bbox 469 2423 617 2477; x_wconf 87' lang='lat' dir='ltr'><strong>Deus</strong></span> <span class='ocrx_word' id='word_1_272' title='bbox 642 2437 768 2478; x_wconf 91' lang='lat' dir='ltr'><strong>cum</strong></span> <span class='ocrx_word' id='word_1_273' title='bbox 799 2422 1190 2492; x_wconf 87' lang='lat' dir='ltr'><strong>tranquillitate</strong></span> <span class='ocrx_word' id='word_1_274' title='bbox 1217 2438 1328 2478; x_wconf 68' lang='lat' dir='ltr'><strong>suae</strong></span> <span class='ocrx_word' id='word_1_275' title='bbox 1365 2429 1574 2477; x_wconf 68' lang='lat' dir='ltr'><strong>natura:</strong></span> <span class='ocrx_word' id='word_1_276' title='bbox 1607 2418 1818 2489; x_wconf 79' lang='lat' dir='ltr'><strong>iudicat</strong></span> <span class='ocrx_word' id='word_1_277' title='bbox 1844 2415 2058 2481; x_wconf 87' lang='lat' dir='ltr'><strong>omnia,</strong></span> 
     </span>
    </p>
   </div>
   <div class='ocr_carea' id='block_1_42' title="bbox 470 2507 2058 2583">
    <p class='ocr_par' dir='ltr' id='par_1_42' title="bbox 470 2507 2058 2583">
     <span class='ocr_line' id='line_1_42' title="bbox 470 2507 2058 2583; baseline -0.004 -17"><span class='ocrx_word' id='word_1_278' title='bbox 470 2513 568 2567; x_wconf 88' lang='lat' dir='ltr'><strong>sed</strong></span> <span class='ocrx_word' id='word_1_279' title='bbox 594 2512 828 2583; x_wconf 85' lang='lat' dir='ltr'><strong>patienti</strong></span> <span class='ocrx_word' id='word_1_280' title='bbox 857 2513 1097 2569; x_wconf 86' lang='lat' dir='ltr'><strong>vindicta</strong></span> <span class='ocrx_word' id='word_1_281' title='bbox 1123 2513 1221 2569; x_wconf 88' lang='lat' dir='ltr'><strong>Dei</strong></span> <span class='ocrx_word' id='word_1_282' title='bbox 1245 2513 1458 2568; x_wconf 87' lang='lat' dir='ltr'><strong>videtur</strong></span> <span class='ocrx_word' id='word_1_283' title='bbox 1483 2526 1541 2568; x_wconf 85' lang='lat' dir='ltr'><strong>se</strong></span> <span class='ocrx_word' id='word_1_284' title='bbox 1569 2510 1843 2566; x_wconf 88' lang='lat' dir='ltr'><strong>sustinere</strong></span> <span class='ocrx_word' id='word_1_285' title='bbox 1889 2507 2058 2570; x_wconf 89' lang='lat' dir='ltr'><strong>iram,</strong></span> 
     </span>
    </p>
   </div>
   <div class='ocr_carea' id='block_1_43' title="bbox 469 2598 2062 2675">
    <p class='ocr_par' dir='ltr' id='par_1_43' title="bbox 469 2598 2062 2675">
     <span class='ocr_line' id='line_1_43' title="bbox 469 2598 2062 2675; baseline -0.005 -16"><span class='ocrx_word' id='word_1_286' title='bbox 469 2620 592 2675; x_wconf 65' lang='lat' dir='ltr'><strong>quae</strong></span> <span class='ocrx_word' id='word_1_287' title='bbox 621 2604 784 2658; x_wconf 88' lang='lat' dir='ltr'><strong>etiam</strong></span> <span class='ocrx_word' id='word_1_288' title='bbox 834 2603 979 2660; x_wconf 90' lang='lat' dir='ltr'><strong>nulla</strong></span> <span class='ocrx_word' id='word_1_289' title='bbox 1008 2612 1116 2670; x_wconf 86' lang='lat' dir='ltr'><strong>est,</strong></span> <span class='ocrx_word' id='word_1_290' title='bbox 1151 2605 1248 2660; x_wconf 89' lang='lat' dir='ltr'><strong>sed</strong></span> <span class='ocrx_word' id='word_1_291' title='bbox 1274 2603 1498 2660; x_wconf 79' lang='lat' dir='ltr'><strong>aﬁ&#39;ectus</strong></span> <span class='ocrx_word' id='word_1_292' title='bbox 1547 2600 1770 2657; x_wconf 85' lang='lat' dir='ltr'><strong>humani</strong></span> <span class='ocrx_word' id='word_1_293' title='bbox 1814 2598 1958 2655; x_wconf 86' lang='lat' dir='ltr'><strong>sicut</strong></span> <span class='ocrx_word' id='word_1_294' title='bbox 2006 2604 2062 2653; x_wconf 88' lang='lat' dir='ltr'><strong>et</strong></span> 
     </span>
    </p>
   </div>
   <div class='ocr_carea' id='block_1_44' title="bbox 471 2693 2059 2766">
    <p class='ocr_par' dir='ltr' id='par_1_44' title="bbox 471 2693 2059 2766">
     <span class='ocr_line' id='line_1_44' title="bbox 471 2693 2059 2766; baseline -0.004 -16"><span class='ocrx_word' id='word_1_295' title='bbox 471 2694 719 2751; x_wconf 88' lang='lat' dir='ltr'><strong>membra</strong></span> <span class='ocrx_word' id='word_1_296' title='bbox 765 2695 972 2766; x_wconf 87' lang='lat' dir='ltr'><strong>tropica</strong></span> <span class='ocrx_word' id='word_1_297' title='bbox 1002 2694 1276 2752; x_wconf 89' lang='lat' dir='ltr'><strong>locutione</strong></span> <span class='ocrx_word' id='word_1_298' title='bbox 1327 2695 1436 2750; x_wconf 93' lang='lat' dir='ltr'><strong>Deo</strong></span> <span class='ocrx_word' id='word_1_299' title='bbox 1468 2693 1834 2756; x_wconf 89' lang='lat' dir='ltr'><strong>ascribuntur,</strong></span> <span class='ocrx_word' id='word_1_300' title='bbox 1871 2697 1933 2745; x_wconf 90' lang='lat' dir='ltr'><strong>ut</strong></span> <span class='ocrx_word' id='word_1_301' title='bbox 1970 2702 2059 2743; x_wconf 90' lang='lat' dir='ltr'><strong>se-</strong></span> 
     </span>
    </p>
   </div>
   <div class='ocr_carea' id='block_1_45' title="bbox 473 2783 2061 2856">
    <p class='ocr_par' dir='ltr' id='par_1_45' title="bbox 473 2783 2061 2856">
     <span class='ocr_line' id='line_1_45' title="bbox 473 2783 2061 2856; baseline -0.006 -12"><span class='ocrx_word' id='word_1_302' title='bbox 473 2789 715 2844; x_wconf 90' lang='lat' dir='ltr'><strong>cundum</strong></span> <span class='ocrx_word' id='word_1_303' title='bbox 757 2789 981 2845; x_wconf 90' lang='lat' dir='ltr'><strong>modum</strong></span> <span class='ocrx_word' id='word_1_304' title='bbox 1025 2797 1272 2846; x_wconf 91' lang='lat' dir='ltr'><strong>nostrum</strong></span> <span class='ocrx_word' id='word_1_305' title='bbox 1301 2794 1358 2843; x_wconf 90' lang='lat' dir='ltr'><strong>et</strong></span> <span class='ocrx_word' id='word_1_306' title='bbox 1382 2783 1794 2856; x_wconf 82' lang='lat' dir='ltr'><strong>intelligentiam</strong></span> <span class='ocrx_word' id='word_1_307' title='bbox 1823 2795 1882 2837; x_wconf 92' lang='lat' dir='ltr'><strong>se</strong></span> <span class='ocrx_word' id='word_1_308' title='bbox 1931 2795 2061 2836; x_wconf 90' lang='lat' dir='ltr'><strong>con-</strong></span> 
     </span>
    </p>
   </div>
   <div class='ocr_carea' id='block_1_46' title="bbox 468 2869 2061 2952">
    <p class='ocr_par' dir='ltr' id='par_1_46' title="bbox 468 2869 2061 2952">
     <span class='ocr_line' id='line_1_46' title="bbox 468 2869 2061 2952; baseline -0.004 -20"><span class='ocrx_word' id='word_1_309' title='bbox 468 2876 707 2934; x_wconf 86' lang='lat' dir='ltr'><strong>forment</strong></span> <span class='ocrx_word' id='word_1_310' title='bbox 747 2878 962 2952; x_wconf 90' lang='lat' dir='ltr'><strong>eloquia</strong></span> <span class='ocrx_word' id='word_1_311' title='bbox 1011 2879 1212 2935; x_wconf 88' lang='lat' dir='ltr'><strong>divina.</strong></span> <span class='ocrx_word' id='word_1_312' title='bbox 1246 2877 1402 2935; x_wconf 87' lang='lat' dir='ltr'><strong>Unde</strong></span> <span class='ocrx_word' id='word_1_313' title='bbox 1447 2885 1503 2932; x_wconf 91' lang='lat' dir='ltr'><strong>et</strong></span> <span class='ocrx_word' id='word_1_314' title='bbox 1535 2875 1787 2946; x_wconf 83' lang='lat' dir='ltr'><strong>leguntur</strong></span> <span class='ocrx_word' id='word_1_315' title='bbox 1813 2873 1870 2927; x_wconf 93' lang='lat' dir='ltr'><strong>in</strong></span> <span class='ocrx_word' id='word_1_316' title='bbox 1912 2869 2061 2927; x_wconf 88' lang='lat' dir='ltr'><strong>Scri-</strong></span> 
     </span>
    </p>
   </div>
   <div class='ocr_carea' id='block_1_47' title="bbox 467 2963 2061 3038">
    <p class='ocr_par' dir='ltr' id='par_1_47' title="bbox 467 2963 2061 3038">
     <span class='ocr_line' id='line_1_47' title="bbox 467 2963 2061 3038; baseline -0.004 -15"><span class='ocrx_word' id='word_1_317' title='bbox 467 2969 644 3038; x_wconf 91' lang='lat' dir='ltr'><strong>pturis</strong></span> <span class='ocrx_word' id='word_1_318' title='bbox 676 2987 690 3024; x_wconf 87' lang='lat'><strong>:</strong></span> <span class='ocrx_word' id='word_1_319' title='bbox 721 2967 876 3027; x_wconf 90' lang='lat' dir='ltr'><strong>Oculi</strong></span> <span class='ocrx_word' id='word_1_320' title='bbox 905 2969 1020 3034; x_wconf 89' lang='lat' dir='ltr'><strong>Dei,</strong></span> <span class='ocrx_word' id='word_1_321' title='bbox 1051 2978 1106 3026; x_wconf 91' lang='lat' dir='ltr'><strong>ct</strong></span> <span class='ocrx_word' id='word_1_322' title='bbox 1134 2984 1314 3037; x_wconf 86' lang='lat' dir='ltr'><strong>aures,</strong></span> <span class='ocrx_word' id='word_1_323' title='bbox 1345 2984 1428 3034; x_wconf 91' lang='lat' dir='ltr'><strong>os,</strong></span> <span class='ocrx_word' id='word_1_324' title='bbox 1460 2981 1653 3022; x_wconf 90' lang='lat' dir='ltr'><strong>manus</strong></span> <span class='ocrx_word' id='word_1_325' title='bbox 1682 2973 1738 3022; x_wconf 90' lang='lat' dir='ltr'><strong>et</strong></span> <span class='ocrx_word' id='word_1_326' title='bbox 1759 2964 1945 3035; x_wconf 91' lang='lat' dir='ltr'><strong>pedes,</strong></span> <span class='ocrx_word' id='word_1_327' title='bbox 1978 2963 2061 3017; x_wconf 90' lang='lat' dir='ltr'><strong>ira</strong></span> 
     </span>
    </p>
   </div>
   <div class='ocr_carea' id='block_1_48' title="bbox 466 3055 2059 3132">
    <p class='ocr_par' dir='ltr' id='par_1_48' title="bbox 466 3055 2059 3132">
     <span class='ocr_line' id='line_1_48' title="bbox 466 3055 2059 3132; baseline -0.003 -19"><span class='ocrx_word' id='word_1_328' title='bbox 466 3067 525 3114; x_wconf 89' lang='lat' dir='ltr'><strong>et</strong></span> <span class='ocrx_word' id='word_1_329' title='bbox 556 3058 729 3128; x_wconf 85' lang='lat' dir='ltr'><strong>furor,</strong></span> <span class='ocrx_word' id='word_1_330' title='bbox 777 3069 834 3118; x_wconf 92' lang='lat' dir='ltr'><strong>et</strong></span> <span class='ocrx_word' id='word_1_331' title='bbox 873 3063 1054 3118; x_wconf 66' lang='lat' dir='ltr'><strong>caeteri</strong></span> <span class='ocrx_word' id='word_1_332' title='bbox 1082 3061 1307 3117; x_wconf 74' lang='lat' dir='ltr'><strong>allectus</strong></span> <span class='ocrx_word' id='word_1_333' title='bbox 1340 3060 1432 3132; x_wconf 89' lang='lat' dir='ltr'><strong>qui</strong></span> <span class='ocrx_word' id='word_1_334' title='bbox 1469 3059 1669 3115; x_wconf 84' lang='lat' dir='ltr'><strong>diversi</strong></span> <span class='ocrx_word' id='word_1_335' title='bbox 1715 3064 1842 3113; x_wconf 93' lang='lat' dir='ltr'><strong>sunt</strong></span> <span class='ocrx_word' id='word_1_336' title='bbox 1869 3056 1924 3111; x_wconf 91' lang='lat' dir='ltr'><strong>in</strong></span> <span class='ocrx_word' id='word_1_337' title='bbox 1957 3055 2059 3109; x_wconf 93' lang='lat' dir='ltr'><strong>ho-</strong></span> 
     </span>
    </p>
   </div>
   <div class='ocr_carea' id='block_1_49' title="bbox 468 3147 2061 3224">
    <p class='ocr_par' dir='ltr' id='par_1_49' title="bbox 468 3147 2061 3224">
     <span class='ocr_line' id='line_1_49' title="bbox 468 3147 2061 3224; baseline -0.001 -19"><span class='ocrx_word' id='word_1_338' title='bbox 468 3149 728 3218; x_wconf 88' lang='lat' dir='ltr'><strong>minibus,</strong></span> <span class='ocrx_word' id='word_1_339' title='bbox 759 3167 886 3209; x_wconf 89' lang='lat' dir='ltr'><strong>cum</strong></span> <span class='ocrx_word' id='word_1_340' title='bbox 911 3152 1140 3224; x_wconf 87' lang='lat' dir='ltr'><strong>simplex</strong></span> <span class='ocrx_word' id='word_1_341' title='bbox 1165 3161 1364 3209; x_wconf 90' lang='lat' dir='ltr'><strong>natura</strong></span> <span class='ocrx_word' id='word_1_342' title='bbox 1411 3151 1616 3208; x_wconf 92' lang='lat' dir='ltr'><strong>nullum</strong></span> <span class='ocrx_word' id='word_1_343' title='bbox 1645 3149 1845 3204; x_wconf 87' lang='lat' dir='ltr'><strong>habeat</strong></span> <span class='ocrx_word' id='word_1_344' title='bbox 1880 3147 2061 3203; x_wconf 84' lang='lat' dir='ltr'><strong>divor-</strong></span> 
     </span>
    </p>
   </div>
   <div class='ocr_carea' id='block_1_50' title="bbox 2161 1946 3764 2022">
    <p class='ocr_par' dir='ltr' id='par_1_50' title="bbox 2161 1946 3764 2022">
     <span class='ocr_line' id='line_1_50' title="bbox 2161 1946 3764 2022; baseline -0.003 -18"><span class='ocrx_word' id='word_1_345' title='bbox 2161 1968 2260 2022; x_wconf 84' lang='lat' dir='ltr'><strong>pus</strong></span> <span class='ocrx_word' id='word_1_346' title='bbox 2290 1958 2336 2005; x_wconf 89' lang='lat' dir='ltr'><strong>et</strong></span> <span class='ocrx_word' id='word_1_347' title='bbox 2366 1949 2538 2004; x_wconf 91' lang='lat' dir='ltr'><strong>locum</strong></span> <span class='ocrx_word' id='word_1_348' title='bbox 2576 1967 2668 2021; x_wconf 86' lang='lat' dir='ltr'><strong>per</strong></span> <span class='ocrx_word' id='word_1_349' title='bbox 2695 1965 2812 2020; x_wconf 67' lang='lat' dir='ltr'><strong>qua:</strong></span> <span class='ocrx_word' id='word_1_350' title='bbox 2851 1949 3050 2020; x_wconf 84' lang='lat' dir='ltr'><strong>possint</strong></span> <span class='ocrx_word' id='word_1_351' title='bbox 3077 1947 3277 2002; x_wconf 89' lang='lat' dir='ltr'><strong>mutari</strong></span> <span class='ocrx_word' id='word_1_352' title='bbox 3306 1965 3339 2002; x_wconf 90' lang='lat' dir='ltr'><strong>a</strong></span> <span class='ocrx_word' id='word_1_353' title='bbox 3370 1946 3605 2012; x_wconf 86' lang='lat' dir='ltr'><strong>malitia,</strong></span> <span class='ocrx_word' id='word_1_354' title='bbox 3643 1963 3764 2001; x_wconf 79' lang='lat' dir='ltr'><strong>eum</strong></span> 
     </span>
    </p>
   </div>
   <div class='ocr_carea' id='block_1_51' title="bbox 2161 2039 3765 2115">
    <p class='ocr_par' dir='ltr' id='par_1_51' title="bbox 2161 2039 3765 2115">
     <span class='ocr_line' id='line_1_51' title="bbox 2161 2039 3765 2115; baseline -0.004 -17"><span class='ocrx_word' id='word_1_355' title='bbox 2161 2051 2358 2115; x_wconf 88' lang='lat' dir='ltr'><strong>quanta</strong></span> <span class='ocrx_word' id='word_1_356' title='bbox 2384 2041 2657 2113; x_wconf 83' lang='lat' dir='ltr'><strong>diligentia</strong></span> <span class='ocrx_word' id='word_1_357' title='bbox 2679 2041 2894 2112; x_wconf 89' lang='lat' dir='ltr'><strong>judicas</strong></span> <span class='ocrx_word' id='word_1_358' title='bbox 2931 2039 3073 2110; x_wconf 81' lang='lat' dir='ltr'><strong>ﬁlios</strong></span> <span class='ocrx_word' id='word_1_359' title='bbox 3103 2048 3242 2106; x_wconf 88' lang='lat' dir='ltr'><strong>tuos,</strong></span> <span class='ocrx_word' id='word_1_360' title='bbox 3269 2056 3496 2109; x_wconf 86' lang='lat' dir='ltr'><strong>quorum</strong></span> <span class='ocrx_word' id='word_1_361' title='bbox 3527 2039 3765 2109; x_wconf 88' lang='lat' dir='ltr'><strong>parenti-</strong></span> 
     </span>
    </p>
   </div>
   <div class='ocr_carea' id='block_1_52' title="bbox 2163 2132 3768 2208">
    <p class='ocr_par' dir='ltr' id='par_1_52' title="bbox 2163 2132 3768 2208">
     <span class='ocr_line' id='line_1_52' title="bbox 2163 2132 3768 2208; baseline -0.005 -16"><span class='ocrx_word' id='word_1_362' title='bbox 2163 2138 2257 2192; x_wconf 87' lang='lat' dir='ltr'><strong>bus</strong></span> <span class='ocrx_word' id='word_1_363' title='bbox 2282 2137 2594 2208; x_wconf 86' lang='lat' dir='ltr'><strong>juramenta</strong></span> <span class='ocrx_word' id='word_1_364' title='bbox 2618 2144 2668 2190; x_wconf 89' lang='lat' dir='ltr'><strong>et</strong></span> <span class='ocrx_word' id='word_1_365' title='bbox 2697 2134 3116 2189; x_wconf 84' lang='lat' dir='ltr'><strong>conversationes</strong></span> <span class='ocrx_word' id='word_1_366' title='bbox 3145 2133 3334 2188; x_wconf 87' lang='lat' dir='ltr'><strong>dedisti</strong></span> <span class='ocrx_word' id='word_1_367' title='bbox 3363 2132 3624 2187; x_wconf 89' lang='lat' dir='ltr'><strong>bonarum</strong></span> <span class='ocrx_word' id='word_1_368' title='bbox 3645 2147 3768 2202; x_wconf 88' lang='lat' dir='ltr'><strong>pro-</strong></span> 
     </span>
    </p>
   </div>
   <div class='ocr_carea' id='block_1_53' title="bbox 2160 2215 3768 2296">
    <p class='ocr_par' dir='ltr' id='par_1_53' title="bbox 2160 2215 3768 2296">
     <span class='ocr_line' id='line_1_53' title="bbox 2160 2215 3768 2296; baseline -0.006 -11"><span class='ocrx_word' id='word_1_369' title='bbox 2160 2230 2488 2285; x_wconf 84' lang='lat' dir='ltr'><strong>missionum.</strong></span> <span class='ocrx_word' id='word_1_370' title='bbox 2523 2227 2721 2284; x_wconf 87' lang='lat' dir='ltr'><strong>Narrat</strong></span> <span class='ocrx_word' id='word_1_371' title='bbox 2759 2225 2899 2283; x_wconf 91' lang='lat' dir='ltr'><strong>liber</strong></span> <span class='ocrx_word' id='word_1_372' title='bbox 2927 2215 3144 2282; x_wconf 67' lang='lat' dir='ltr'><strong>Exoilus</strong></span> <span class='ocrx_word' id='word_1_373' title='bbox 3188 2224 3460 2296; x_wconf 91' lang='lat' dir='ltr'><strong>quomodo</strong></span> <span class='ocrx_word' id='word_1_374' title='bbox 3504 2222 3768 2277; x_wconf 83' lang='lat' dir='ltr'><strong>Dominus</strong></span> 
     </span>
    </p>
   </div>
   <div class='ocr_carea' id='block_1_54' title="bbox 2159 2311 3767 2393">
    <p class='ocr_par' dir='ltr' id='par_1_54' title="bbox 2159 2311 3767 2393">
     <span class='ocr_line' id='line_1_54' title="bbox 2159 2311 3767 2393; baseline -0.007 -15"><span class='ocrx_word' id='word_1_375' title='bbox 2159 2336 2259 2393; x_wconf 90' lang='lat' dir='ltr'><strong>per</strong></span> <span class='ocrx_word' id='word_1_376' title='bbox 2285 2320 2504 2393; x_wconf 86' lang='lat' dir='ltr'><strong>Moysen</strong></span> <span class='ocrx_word' id='word_1_377' title='bbox 2534 2328 2590 2376; x_wconf 88' lang='lat' dir='ltr'><strong>et</strong></span> <span class='ocrx_word' id='word_1_378' title='bbox 2611 2319 2797 2374; x_wconf 84' lang='lat' dir='ltr'><strong>Aaron</strong></span> <span class='ocrx_word' id='word_1_379' title='bbox 2824 2321 3014 2374; x_wconf 90' lang='lat' dir='ltr'><strong>decem</strong></span> <span class='ocrx_word' id='word_1_380' title='bbox 3037 2317 3212 2388; x_wconf 81' lang='lat' dir='ltr'><strong>plagis</strong></span> <span class='ocrx_word' id='word_1_381' title='bbox 3248 2317 3570 2372; x_wconf 86' lang='lat' dir='ltr'><strong>verberaret</strong></span> <span class='ocrx_word' id='word_1_382' title='bbox 3595 2311 3767 2384; x_wconf 68' lang='lat' dir='ltr'><strong>Egy-</strong></span> 
     </span>
    </p>
   </div>
   <div class='ocr_carea' id='block_1_55' title="bbox 2161 2405 3767 2484">
    <p class='ocr_par' dir='ltr' id='par_1_55' title="bbox 2161 2405 3767 2484">
     <span class='ocr_line' id='line_1_55' title="bbox 2161 2405 3767 2484; baseline -0.007 -15"><span class='ocrx_word' id='word_1_383' title='bbox 2161 2412 2322 2484; x_wconf 88' lang='lat' dir='ltr'><strong>ptios,</strong></span> <span class='ocrx_word' id='word_1_384' title='bbox 2376 2413 2481 2468; x_wconf 89' lang='lat' dir='ltr'><strong>hoc</strong></span> <span class='ocrx_word' id='word_1_385' title='bbox 2534 2417 2649 2477; x_wconf 91' lang='lat' dir='ltr'><strong>est,</strong></span> <span class='ocrx_word' id='word_1_386' title='bbox 2681 2409 2868 2466; x_wconf 89' lang='lat' dir='ltr'><strong>hostes</strong></span> <span class='ocrx_word' id='word_1_387' title='bbox 2912 2407 3094 2480; x_wconf 87' lang='lat' dir='ltr'><strong>populi</strong></span> <span class='ocrx_word' id='word_1_388' title='bbox 3145 2407 3272 2472; x_wconf 90' lang='lat' dir='ltr'><strong>Dei,</strong></span> <span class='ocrx_word' id='word_1_389' title='bbox 3323 2414 3376 2462; x_wconf 87' lang='lat' dir='ltr'><strong>et</strong></span> <span class='ocrx_word' id='word_1_390' title='bbox 3429 2405 3577 2459; x_wconf 91' lang='lat' dir='ltr'><strong>inter</strong></span> <span class='ocrx_word' id='word_1_391' title='bbox 3622 2405 3767 2474; x_wconf 88' lang='lat' dir='ltr'><strong>ipsas</strong></span> 
     </span>
    </p>
   </div>
   <div class='ocr_carea' id='block_1_56' title="bbox 2161 2498 3765 2578">
    <p class='ocr_par' dir='ltr' id='par_1_56' title="bbox 2161 2498 3765 2578">
     <span class='ocr_line' id='line_1_56' title="bbox 2161 2498 3765 2578; baseline -0.007 -17"><span class='ocrx_word' id='word_1_392' title='bbox 2161 2507 2350 2578; x_wconf 85' lang='lat' dir='ltr'><strong>plagas</strong></span> <span class='ocrx_word' id='word_1_393' title='bbox 2399 2503 2676 2576; x_wconf 80' lang='lat' dir='ltr'><strong>reSpirare</strong></span> <span class='ocrx_word' id='word_1_394' title='bbox 2727 2517 2822 2557; x_wconf 90' lang='lat' dir='ltr'><strong>eos</strong></span> <span class='ocrx_word' id='word_1_395' title='bbox 2853 2499 3149 2571; x_wconf 89' lang='lat' dir='ltr'><strong>aliquando</strong></span> <span class='ocrx_word' id='word_1_396' title='bbox 3185 2498 3534 2562; x_wconf 89' lang='lat' dir='ltr'><strong>concederet,</strong></span> <span class='ocrx_word' id='word_1_397' title='bbox 3570 2505 3765 2566; x_wconf 81' lang='lat' dir='ltr'><strong>quate-</strong></span> 
     </span>
    </p>
   </div>
   <div class='ocr_carea' id='block_1_57' title="bbox 2161 2587 3765 2664">
    <p class='ocr_par' dir='ltr' id='par_1_57' title="bbox 2161 2587 3765 2664">
     <span class='ocr_line' id='line_1_57' title="bbox 2161 2587 3765 2664; baseline -0.007 -12"><span class='ocrx_word' id='word_1_398' title='bbox 2161 2612 2266 2652; x_wconf 91' lang='lat' dir='ltr'><strong>nus</strong></span> <span class='ocrx_word' id='word_1_399' title='bbox 2295 2594 2549 2664; x_wconf 81' lang='lat' dir='ltr'><strong>castigati</strong></span> <span class='ocrx_word' id='word_1_400' title='bbox 2580 2593 2950 2664; x_wconf 89' lang='lat' dir='ltr'><strong>corrigantur,</strong></span> <span class='ocrx_word' id='word_1_401' title='bbox 2981 2591 3074 2648; x_wconf 83' lang='lat' dir='ltr'><strong>sed</strong></span> <span class='ocrx_word' id='word_1_402' title='bbox 3104 2590 3231 2660; x_wconf 89' lang='lat' dir='ltr'><strong>quia</strong></span> <span class='ocrx_word' id='word_1_403' title='bbox 3255 2587 3692 2660; x_wconf 87' lang='lat' dir='ltr'><strong>perseverabant</strong></span> <span class='ocrx_word' id='word_1_404' title='bbox 3713 2588 3765 2642; x_wconf 89' lang='lat' dir='ltr'><strong>in</strong></span> 
     </span>
    </p>
   </div>
   <div class='ocr_carea' id='block_1_58' title="bbox 2162 2686 3767 2748">
    <p class='ocr_par' dir='ltr' id='par_1_58' title="bbox 2162 2686 3767 2748">
     <span class='ocr_line' id='line_1_58' title="bbox 2162 2686 3767 2748; baseline -0.005 -2"><span class='ocrx_word' id='word_1_405' title='bbox 2162 2691 2369 2746; x_wconf 89' lang='lat' dir='ltr'><strong>malitia</strong></span> <span class='ocrx_word' id='word_1_406' title='bbox 2397 2691 2578 2748; x_wconf 90' lang='lat' dir='ltr'><strong>divina</strong></span> <span class='ocrx_word' id='word_1_407' title='bbox 2607 2691 3022 2747; x_wconf 86' lang='lat' dir='ltr'><strong>trucidabantur</strong></span> <span class='ocrx_word' id='word_1_408' title='bbox 3046 2687 3304 2744; x_wconf 88' lang='lat' dir='ltr'><strong>vindicta.</strong></span> <span class='ocrx_word' id='word_1_409' title='bbox 3334 2686 3377 2741; x_wconf 91' lang='lat' dir='ltr'><strong>E</strong></span> <span class='ocrx_word' id='word_1_410' title='bbox 3404 2695 3600 2742; x_wconf 85' lang='lat' dir='ltr'><strong>contra</strong></span> <span class='ocrx_word' id='word_1_411' title='bbox 3637 2698 3767 2739; x_wconf 85' lang='lat' dir='ltr'><strong>vero</strong></span> 
     </span>
    </p>
   </div>
   <div class='ocr_carea' id='block_1_59' title="bbox 2161 2776 3770 2857">
    <p class='ocr_par' dir='ltr' id='par_1_59' title="bbox 2161 2776 3770 2857">
     <span class='ocr_line' id='line_1_59' title="bbox 2161 2776 3770 2857; baseline -0.005 -18"><span class='ocrx_word' id='word_1_412' title='bbox 2161 2783 2393 2856; x_wconf 89' lang='lat' dir='ltr'><strong>populus</strong></span> <span class='ocrx_word' id='word_1_413' title='bbox 2437 2784 2535 2840; x_wconf 90' lang='lat' dir='ltr'><strong>Dei</strong></span> <span class='ocrx_word' id='word_1_414' title='bbox 2575 2785 2774 2857; x_wconf 86' lang='lat' dir='ltr'><strong>quibus</strong></span> <span class='ocrx_word' id='word_1_415' title='bbox 2804 2782 3094 2856; x_wconf 90' lang='lat' dir='ltr'><strong>promissio</strong></span> <span class='ocrx_word' id='word_1_416' title='bbox 3132 2781 3277 2837; x_wconf 77' lang='lat' dir='ltr'><strong>facta</strong></span> <span class='ocrx_word' id='word_1_417' title='bbox 3311 2789 3394 2836; x_wconf 94' lang='lat' dir='ltr'><strong>est</strong></span> <span class='ocrx_word' id='word_1_418' title='bbox 3435 2786 3492 2834; x_wconf 88' lang='lat' dir='ltr'><strong>et</strong></span> <span class='ocrx_word' id='word_1_419' title='bbox 3518 2776 3770 2849; x_wconf 89' lang='lat' dir='ltr'><strong>patribus</strong></span> 
     </span>
    </p>
   </div>
   <div class='ocr_carea' id='block_1_60' title="bbox 2162 2869 3771 2949">
    <p class='ocr_par' dir='ltr' id='par_1_60' title="bbox 2162 2869 3771 2949">
     <span class='ocr_line' id='line_1_60' title="bbox 2162 2869 3771 2949; baseline -0.004 -18"><span class='ocrx_word' id='word_1_420' title='bbox 2162 2890 2354 2931; x_wconf 79' lang='lat' dir='ltr'><strong>eorum</strong></span> <span class='ocrx_word' id='word_1_421' title='bbox 2403 2891 2599 2949; x_wconf 91' lang='lat' dir='ltr'><strong>parum</strong></span> <span class='ocrx_word' id='word_1_422' title='bbox 2647 2877 3103 2948; x_wconf 90' lang='lat' dir='ltr'><strong>corripiebantur,</strong></span> <span class='ocrx_word' id='word_1_423' title='bbox 3156 2875 3466 2946; x_wconf 87' lang='lat' dir='ltr'><strong>partimque</strong></span> <span class='ocrx_word' id='word_1_424' title='bbox 3520 2869 3771 2927; x_wconf 84' lang='lat' dir='ltr'><strong>consola—</strong></span> 
     </span>
    </p>
   </div>
   <div class='ocr_carea' id='block_1_61' title="bbox 2161 2962 3766 3039">
    <p class='ocr_par' dir='ltr' id='par_1_61' title="bbox 2161 2962 3766 3039">
     <span class='ocr_line' id='line_1_61' title="bbox 2161 2962 3766 3039; baseline -0.005 -18"><span class='ocrx_word' id='word_1_425' title='bbox 2161 2965 2394 3036; x_wconf 89' lang='lat' dir='ltr'><strong>bantur,</strong></span> <span class='ocrx_word' id='word_1_426' title='bbox 2446 2983 2730 3039; x_wconf 89' lang='lat' dir='ltr'><strong>quousque</strong></span> <span class='ocrx_word' id='word_1_427' title='bbox 2784 2967 3085 3038; x_wconf 88' lang='lat' dir='ltr'><strong>disciplinis</strong></span> <span class='ocrx_word' id='word_1_428' title='bbox 3141 2964 3347 3022; x_wconf 90' lang='lat' dir='ltr'><strong>erudiri</strong></span> <span class='ocrx_word' id='word_1_429' title='bbox 3401 2962 3766 3019; x_wconf 88' lang='lat' dir='ltr'><strong>sustinebant.</strong></span> 
     </span>
    </p>
   </div>
   <div class='ocr_carea' id='block_1_62' title="bbox 2161 3055 3772 3132">
    <p class='ocr_par' dir='ltr' id='par_1_62' title="bbox 2161 3055 3772 3132">
     <span class='ocr_line' id='line_1_62' title="bbox 2161 3055 3772 3132; baseline -0.003 -19"><span class='ocrx_word' id='word_1_430' title='bbox 2161 3055 2458 3130; x_wconf 90' lang='lat' dir='ltr'><strong>Postquam</strong></span> <span class='ocrx_word' id='word_1_431' title='bbox 2487 3069 2668 3116; x_wconf 89' lang='lat' dir='ltr'><strong>autem</strong></span> <span class='ocrx_word' id='word_1_432' title='bbox 2699 3060 3051 3132; x_wconf 87' lang='lat' dir='ltr'><strong>Evangelium</strong></span> <span class='ocrx_word' id='word_1_433' title='bbox 3089 3057 3294 3114; x_wconf 89' lang='lat' dir='ltr'><strong>Christi</strong></span> <span class='ocrx_word' id='word_1_434' title='bbox 3335 3063 3685 3128; x_wconf 87' lang='lat' dir='ltr'><strong>spreverunt,</strong></span> <span class='ocrx_word' id='word_1_435' title='bbox 3716 3062 3772 3110; x_wconf 88' lang='lat' dir='ltr'><strong>et</strong></span> 
     </span>
    </p>
   </div>
   <div class='ocr_carea' id='block_1_63' title="bbox 2162 3145 3770 3218">
    <p class='ocr_par' dir='ltr' id='par_1_63' title="bbox 2162 3145 3770 3218">
     <span class='ocr_line' id='line_1_63' title="bbox 2162 3145 3770 3218; baseline -0.001 -16"><span class='ocrx_word' id='word_1_436' title='bbox 2162 3146 2362 3204; x_wconf 89' lang='lat' dir='ltr'><strong>Filium</strong></span> <span class='ocrx_word' id='word_1_437' title='bbox 2389 3150 2485 3206; x_wconf 88' lang='lat' dir='ltr'><strong>Dei</strong></span> <span class='ocrx_word' id='word_1_438' title='bbox 2512 3150 2920 3218; x_wconf 82' lang='lat' dir='ltr'><strong>cruciﬁxerunt,</strong></span> <span class='ocrx_word' id='word_1_439' title='bbox 2951 3149 3186 3206; x_wconf 90' lang='lat' dir='ltr'><strong>miriﬁco</strong></span> <span class='ocrx_word' id='word_1_440' title='bbox 3212 3148 3372 3205; x_wconf 90' lang='lat' dir='ltr'><strong>modo</strong></span> <span class='ocrx_word' id='word_1_441' title='bbox 3397 3149 3464 3204; x_wconf 86' lang='lat' dir='ltr'><strong>de</strong></span> <span class='ocrx_word' id='word_1_442' title='bbox 3493 3147 3688 3203; x_wconf 88' lang='lat' dir='ltr'><strong>amicis</strong></span> <span class='ocrx_word' id='word_1_443' title='bbox 3714 3145 3770 3201; x_wconf 87' lang='lat' dir='ltr'><strong>in</strong></span> 
     </span>
    </p>
   </div>
   <div class='ocr_carea' id='block_1_64' title="bbox 466 3221 3768 3325">
    <p class='ocr_par' dir='ltr' id='par_1_64' title="bbox 466 3221 3768 3325">
     <span class='ocr_line' id='line_1_64' title="bbox 466 3221 3768 3325; baseline -0.003 -24"><span class='ocrx_word' id='word_1_444' title='bbox 466 3244 630 3314; x_wconf 86' lang='lat' dir='ltr'><strong>tium,</strong></span> <span class='ocrx_word' id='word_1_445' title='bbox 653 3261 757 3303; x_wconf 92' lang='lat' dir='ltr'><strong>nec</strong></span> <span class='ocrx_word' id='word_1_446' title='bbox 781 3261 910 3302; x_wconf 90' lang='lat' dir='ltr'><strong>vera</strong></span> <span class='ocrx_word' id='word_1_447' title='bbox 938 3247 1122 3325; x_wconf 88' lang='lat' dir='ltr'><strong>unitas</strong></span> <span class='ocrx_word' id='word_1_448' title='bbox 1157 3245 1320 3302; x_wconf 89' lang='lat' dir='ltr'><strong>ullam</strong></span> <span class='ocrx_word' id='word_1_449' title='bbox 1343 3245 1572 3316; x_wconf 90' lang='lat' dir='ltr'><strong>recipiat</strong></span> <span class='ocrx_word' id='word_1_450' title='bbox 1597 3242 1942 3306; x_wconf 89' lang='lat' dir='ltr'><strong>divisionem,</strong></span> <span class='ocrx_word' id='word_1_451' title='bbox 1967 3239 2065 3296; x_wconf 90' lang='lat' dir='ltr'><strong>sed</strong></span> <span class='ocrx_word' id='word_1_452' title='bbox 2092 3221 2138 3286; x_wconf 68' lang='grc' dir='ltr'><strong>(ἶ</strong></span> <span class='ocrx_word' id='word_1_453' title='bbox 2169 3239 2420 3298; x_wconf 89' lang='lat' dir='ltr'><strong>inimicos</strong></span> <span class='ocrx_word' id='word_1_454' title='bbox 2447 3250 2574 3298; x_wconf 89' lang='lat' dir='ltr'><strong>sunt</strong></span> <span class='ocrx_word' id='word_1_455' title='bbox 2600 3243 2871 3311; x_wconf 84' lang='lat' dir='ltr'><strong>conversi,</strong></span> <span class='ocrx_word' id='word_1_456' title='bbox 2899 3251 2954 3299; x_wconf 88' lang='lat' dir='ltr'><strong>et</strong></span> <span class='ocrx_word' id='word_1_457' title='bbox 2980 3243 3101 3298; x_wconf 87' lang='lat' dir='ltr'><strong>ideo</strong></span> <span class='ocrx_word' id='word_1_458' title='bbox 3125 3243 3193 3298; x_wconf 89' lang='lat' dir='ltr'><strong>de</strong></span> <span class='ocrx_word' id='word_1_459' title='bbox 3227 3241 3448 3314; x_wconf 84' lang='lat' dir='ltr'><strong>prapria</strong></span> <span class='ocrx_word' id='word_1_460' title='bbox 3476 3247 3628 3296; x_wconf 86' lang='lat' dir='ltr'><strong>terra</strong></span> <span class='ocrx_word' id='word_1_461' title='bbox 3656 3237 3768 3306; x_wconf 76' lang='lat' dir='ltr'><strong>eie-</strong></span> 
     </span>
    </p>
   </div>
   <div class='ocr_carea' id='block_1_65' title="bbox 466 3333 2062 3409">
    <p class='ocr_par' dir='ltr' id='par_1_65' title="bbox 466 3333 2062 3409">
     <span class='ocr_line' id='line_1_65' title="bbox 466 3333 2062 3409; baseline -0.004 -16"><span class='ocrx_word' id='word_1_462' title='bbox 466 3336 790 3409; x_wconf 88' lang='lat' dir='ltr'><strong>multiplicia</strong></span> <span class='ocrx_word' id='word_1_463' title='bbox 818 3353 884 3394; x_wconf 91' lang='lat' dir='ltr'><strong>ac</strong></span> <span class='ocrx_word' id='word_1_464' title='bbox 908 3338 1121 3394; x_wconf 88' lang='lat' dir='ltr'><strong>diversa</strong></span> <span class='ocrx_word' id='word_1_465' title='bbox 1149 3352 1314 3409; x_wconf 89' lang='lat' dir='ltr'><strong>opera</strong></span> <span class='ocrx_word' id='word_1_466' title='bbox 1341 3352 1483 3393; x_wconf 91' lang='lat' dir='ltr'><strong>unus</strong></span> <span class='ocrx_word' id='word_1_467' title='bbox 1523 3344 1687 3406; x_wconf 90' lang='lat' dir='ltr'><strong>atque</strong></span> <span class='ocrx_word' id='word_1_468' title='bbox 1730 3333 1876 3390; x_wconf 91' lang='lat' dir='ltr'><strong>idem</strong></span> <span class='ocrx_word' id='word_1_469' title='bbox 1920 3346 2062 3388; x_wconf 89' lang='lat' dir='ltr'><strong>sem-</strong></span> 
     </span>
    </p>
   </div>
   <div class='ocr_carea' id='block_1_66' title="bbox 465 3423 2061 3501">
    <p class='ocr_par' dir='ltr' id='par_1_66' title="bbox 465 3423 2061 3501">
     <span class='ocr_line' id='line_1_66' title="bbox 465 3423 2061 3501; baseline -0.004 -16"><span class='ocrx_word' id='word_1_470' title='bbox 465 3445 566 3500; x_wconf 88' lang='lat' dir='ltr'><strong>per</strong></span> <span class='ocrx_word' id='word_1_471' title='bbox 593 3439 852 3501; x_wconf 88' lang='lat' dir='ltr'><strong>operatur</strong></span> <span class='ocrx_word' id='word_1_472' title='bbox 879 3432 1054 3495; x_wconf 88' lang='lat' dir='ltr'><strong>Deus,</strong></span> <span class='ocrx_word' id='word_1_473' title='bbox 1098 3431 1164 3486; x_wconf 90' lang='lat' dir='ltr'><strong>de</strong></span> <span class='ocrx_word' id='word_1_474' title='bbox 1209 3445 1318 3501; x_wconf 91' lang='lat' dir='ltr'><strong>quo</strong></span> <span class='ocrx_word' id='word_1_475' title='bbox 1345 3437 1400 3485; x_wconf 90' lang='lat' dir='ltr'><strong>et</strong></span> <span class='ocrx_word' id='word_1_476' title='bbox 1424 3444 1523 3498; x_wconf 92' lang='lat' dir='ltr'><strong>per</strong></span> <span class='ocrx_word' id='word_1_477' title='bbox 1567 3425 1895 3497; x_wconf 87' lang='lat' dir='ltr'><strong>Prophetam</strong></span> <span class='ocrx_word' id='word_1_478' title='bbox 1923 3423 2061 3480; x_wconf 90' lang='lat' dir='ltr'><strong>dici-</strong></span> 
     </span>
    </p>
   </div>
   <div class='ocr_carea' id='block_1_67' title="bbox 468 3516 2063 3587">
    <p class='ocr_par' dir='ltr' id='par_1_67' title="bbox 468 3516 2063 3587">
     <span class='ocr_line' id='line_1_67' title="bbox 468 3516 2063 3587; baseline -0.004 -11"><span class='ocrx_word' id='word_1_479' title='bbox 468 3530 597 3577; x_wconf 70' lang='lat' dir='ltr'><strong>tur:</strong></span> <span class='ocrx_word' id='word_1_480' title='bbox 632 3520 825 3578; x_wconf 88' lang='lat' dir='ltr'><strong>Omnia</strong></span> <span class='ocrx_word' id='word_1_481' title='bbox 850 3532 908 3577; x_wconf 89' lang='lat' dir='ltr'><strong>ut</strong></span> <span class='ocrx_word' id='word_1_482' title='bbox 935 3525 1298 3578; x_wconf 81' lang='lat' dir='ltr'><strong>vestimentum</strong></span> <span class='ocrx_word' id='word_1_483' title='bbox 1319 3530 1656 3587; x_wconf 88' lang='lat' dir='ltr'><strong>veterascent,</strong></span> <span class='ocrx_word' id='word_1_484' title='bbox 1687 3529 1737 3575; x_wconf 88' lang='lat' dir='ltr'><strong>et</strong></span> <span class='ocrx_word' id='word_1_485' title='bbox 1767 3517 1905 3574; x_wconf 85' lang='lat' dir='ltr'><strong>velut</strong></span> <span class='ocrx_word' id='word_1_486' title='bbox 1927 3516 2063 3572; x_wconf 89' lang='lat' dir='ltr'><strong>ami-</strong></span> 
     </span>
    </p>
   </div>
   <div class='ocr_carea' id='block_1_68' title="bbox 470 3607 2062 3680">
    <p class='ocr_par' dir='ltr' id='par_1_68' title="bbox 470 3607 2062 3680">
     <span class='ocr_line' id='line_1_68' title="bbox 470 3607 2062 3680; baseline -0.003 -14"><span class='ocrx_word' id='word_1_487' title='bbox 470 3623 611 3666; x_wconf 85' lang='lat' dir='ltr'><strong>ctum</strong></span> <span class='ocrx_word' id='word_1_488' title='bbox 659 3613 886 3668; x_wconf 87' lang='lat' dir='ltr'><strong>mutabis</strong></span> <span class='ocrx_word' id='word_1_489' title='bbox 921 3633 1006 3680; x_wconf 88' lang='lat' dir='ltr'><strong>ea,</strong></span> <span class='ocrx_word' id='word_1_490' title='bbox 1055 3625 1103 3668; x_wconf 90' lang='lat' dir='ltr'><strong>et</strong></span> <span class='ocrx_word' id='word_1_491' title='bbox 1162 3613 1504 3669; x_wconf 87' lang='lat' dir='ltr'><strong>mutabuntur</strong></span> <span class='ocrx_word' id='word_1_492' title='bbox 1535 3626 1554 3664; x_wconf 94' lang='lat'><strong><em>:</em></strong></span> <span class='ocrx_word' id='word_1_493' title='bbox 1605 3622 1659 3667; x_wconf 90' lang='lat' dir='ltr'><strong>tu</strong></span> <span class='ocrx_word' id='word_1_494' title='bbox 1705 3620 1881 3665; x_wconf 90' lang='lat' dir='ltr'><strong>autem</strong></span> <span class='ocrx_word' id='word_1_495' title='bbox 1921 3607 2062 3662; x_wconf 90' lang='lat' dir='ltr'><strong>idem</strong></span> 
     </span>
    </p>
   </div>
   <div class='ocr_carea' id='block_1_69' title="bbox 467 3696 2062 3775">
    <p class='ocr_par' dir='ltr' id='par_1_69' title="bbox 467 3696 2062 3775">
     <span class='ocr_line' id='line_1_69' title="bbox 467 3696 2062 3775; baseline -0.002 -19"><span class='ocrx_word' id='word_1_496' title='bbox 467 3704 578 3772; x_wconf 87' lang='lat' dir='ltr'><strong>ipse</strong></span> <span class='ocrx_word' id='word_1_497' title='bbox 606 3720 680 3769; x_wconf 85' lang='lat' dir='ltr'><strong>es,</strong></span> <span class='ocrx_word' id='word_1_498' title='bbox 705 3713 752 3758; x_wconf 91' lang='lat' dir='ltr'><strong>et</strong></span> <span class='ocrx_word' id='word_1_499' title='bbox 777 3704 903 3759; x_wconf 90' lang='lat' dir='ltr'><strong>anni</strong></span> <span class='ocrx_word' id='word_1_500' title='bbox 927 3705 1005 3759; x_wconf 89' lang='lat' dir='ltr'><strong>tui</strong></span> <span class='ocrx_word' id='word_1_501' title='bbox 1030 3720 1136 3759; x_wconf 89' lang='lat' dir='ltr'><strong>non</strong></span> <span class='ocrx_word' id='word_1_502' title='bbox 1162 3704 1405 3774; x_wconf 83' lang='lat' dir='ltr'><strong>deficient</strong></span> <span class='ocrx_word' id='word_1_503' title='bbox 1434 3702 1608 3775; x_wconf 89' lang='lat' dir='ltr'><strong>(Psal.</strong></span> <span class='ocrx_word' id='word_1_504' title='bbox 1638 3701 1734 3773; x_wconf 76' lang='lat' dir='ltr'><strong>cr).</strong></span> <span class='ocrx_word' id='word_1_505' title='bbox 1763 3699 1900 3755; x_wconf 83' lang='lat' dir='ltr'><strong>Nam</strong></span> <span class='ocrx_word' id='word_1_506' title='bbox 1923 3706 1979 3754; x_wconf 88' lang='lat' dir='ltr'><strong>et</strong></span> <span class='ocrx_word' id='word_1_507' title='bbox 2005 3696 2062 3754; x_wconf 87' lang='lat' dir='ltr'><strong>in</strong></span> 
     </span>
    </p>
   </div>
   <div class='ocr_carea' id='block_1_70' title="bbox 471 3791 2062 3868">
    <p class='ocr_par' dir='ltr' id='par_1_70' title="bbox 471 3791 2062 3868">
     <span class='ocr_line' id='line_1_70' title="bbox 471 3791 2062 3868; baseline -0.001 -19"><span class='ocrx_word' id='word_1_508' title='bbox 471 3795 692 3852; x_wconf 79' lang='lat' dir='ltr'><strong>Michaea</strong></span> <span class='ocrx_word' id='word_1_509' title='bbox 715 3797 979 3868; x_wconf 88' lang='lat' dir='ltr'><strong>propheta</strong></span> <span class='ocrx_word' id='word_1_510' title='bbox 1023 3796 1099 3853; x_wconf 91' lang='lat' dir='ltr'><strong>ita</strong></span> <span class='ocrx_word' id='word_1_511' title='bbox 1141 3798 1402 3868; x_wconf 89' lang='lat' dir='ltr'><strong>scriptum</strong></span> <span class='ocrx_word' id='word_1_512' title='bbox 1433 3806 1560 3853; x_wconf 88' lang='lat' dir='ltr'><strong>est:</strong></span> <span class='ocrx_word' id='word_1_513' title='bbox 1609 3795 1925 3868; x_wconf 86' lang='lat' dir='ltr'><strong>Egredietur</strong></span> <span class='ocrx_word' id='word_1_514' title='bbox 1953 3791 2062 3848; x_wconf 90' lang='lat' dir='ltr'><strong>Do-</strong></span> 
     </span>
    </p>
   </div>
   <div class='ocr_carea' id='block_1_71' title="bbox 467 3887 2061 3958">
    <p class='ocr_par' dir='ltr' id='par_1_71' title="bbox 467 3887 2061 3958">
     <span class='ocr_line' id='line_1_71' title="bbox 467 3887 2061 3958; baseline 0 -18"><span class='ocrx_word' id='word_1_515' title='bbox 467 3889 642 3944; x_wconf 84' lang='lat' dir='ltr'><strong>minus</strong></span> <span class='ocrx_word' id='word_1_516' title='bbox 669 3889 734 3944; x_wconf 90' lang='lat' dir='ltr'><strong>de</strong></span> <span class='ocrx_word' id='word_1_517' title='bbox 759 3889 872 3945; x_wconf 90' lang='lat' dir='ltr'><strong>loco</strong></span> <span class='ocrx_word' id='word_1_518' title='bbox 896 3905 1017 3958; x_wconf 88' lang='lat' dir='ltr'><strong>suo,</strong></span> <span class='ocrx_word' id='word_1_519' title='bbox 1047 3899 1096 3946; x_wconf 91' lang='lat' dir='ltr'><strong>et</strong></span> <span class='ocrx_word' id='word_1_520' title='bbox 1125 3889 1398 3946; x_wconf 79' lang='lat' dir='ltr'><strong>descendet</strong></span> <span class='ocrx_word' id='word_1_521' title='bbox 1445 3899 1494 3945; x_wconf 89' lang='lat' dir='ltr'><strong>et</strong></span> <span class='ocrx_word' id='word_1_522' title='bbox 1519 3887 1739 3944; x_wconf 87' lang='lat' dir='ltr'><strong>calcabit</strong></span> <span class='ocrx_word' id='word_1_523' title='bbox 1776 3903 1934 3958; x_wconf 86' lang='lat' dir='ltr'><strong>super</strong></span> <span class='ocrx_word' id='word_1_524' title='bbox 1969 3901 2061 3940; x_wconf 79' lang='lat' dir='ltr'><strong>ea:-</strong></span> 
     </span>
    </p>
   </div>
   <div class='ocr_carea' id='block_1_72' title="bbox 467 3974 2062 4047">
    <p class='ocr_par' dir='ltr' id='par_1_72' title="bbox 467 3974 2062 4047">
     <span class='ocr_line' id='line_1_72' title="bbox 467 3974 2062 4047; baseline -0.001 -15"><span class='ocrx_word' id='word_1_525' title='bbox 467 3979 605 4035; x_wconf 85' lang='lat' dir='ltr'><strong>celsa</strong></span> <span class='ocrx_word' id='word_1_526' title='bbox 631 3991 807 4047; x_wconf 74' lang='lat' dir='ltr'><strong>terraz,</strong></span> <span class='ocrx_word' id='word_1_527' title='bbox 838 3991 886 4035; x_wconf 89' lang='lat' dir='ltr'><strong>et</strong></span> <span class='ocrx_word' id='word_1_528' title='bbox 914 3991 1342 4038; x_wconf 86' lang='lat' dir='ltr'><strong>consummentur</strong></span> <span class='ocrx_word' id='word_1_529' title='bbox 1365 3990 1562 4037; x_wconf 88' lang='lat' dir='ltr'><strong>mentes</strong></span> <span class='ocrx_word' id='word_1_530' title='bbox 1585 3980 1763 4035; x_wconf 88' lang='lat' dir='ltr'><strong>subter</strong></span> <span class='ocrx_word' id='word_1_531' title='bbox 1789 3994 1924 4042; x_wconf 88' lang='lat' dir='ltr'><strong>eam,</strong></span> <span class='ocrx_word' id='word_1_532' title='bbox 1949 3974 2062 4031; x_wconf 82' lang='lat' dir='ltr'><strong>val-</strong></span> 
     </span>
    </p>
   </div>
   <div class='ocr_carea' id='block_1_73' title="bbox 465 4068 2060 4146">
    <p class='ocr_par' dir='ltr' id='par_1_73' title="bbox 465 4068 2060 4146">
     <span class='ocr_line' id='line_1_73' title="bbox 465 4068 2060 4146; baseline -0.003 -18"><span class='ocrx_word' id='word_1_533' title='bbox 465 4070 643 4142; x_wconf 87' lang='lat' dir='ltr'><strong>lesque</strong></span> <span class='ocrx_word' id='word_1_534' title='bbox 667 4072 973 4128; x_wconf 84' lang='lat' dir='ltr'><strong>scindentur</strong></span> <span class='ocrx_word' id='word_1_535' title='bbox 988 4073 1177 4146; x_wconf 79' lang='lat' dir='ltr'><strong>(Mich.</strong></span> <span class='ocrx_word' id='word_1_536' title='bbox 1201 4073 1262 4146; x_wconf 88' lang='lat' dir='ltr'><strong>l).</strong></span> <span class='ocrx_word' id='word_1_537' title='bbox 1286 4072 1346 4129; x_wconf 89' lang='lat' dir='ltr'><strong>ln</strong></span> <span class='ocrx_word' id='word_1_538' title='bbox 1361 4073 1516 4130; x_wconf 64' lang='lat' dir='ltr'><strong>Isaiae</strong></span> <span class='ocrx_word' id='word_1_539' title='bbox 1529 4085 1744 4144; x_wconf 91' lang='lat' dir='ltr'><strong>quoque</strong></span> <span class='ocrx_word' id='word_1_540' title='bbox 1767 4089 1782 4126; x_wconf 91' lang='lat'><strong>:</strong></span> <span class='ocrx_word' id='word_1_541' title='bbox 1804 4068 2060 4126; x_wconf 76' lang='lat' dir='ltr'><strong>Dominus</strong></span> 
     </span>
    </p>
   </div>
   <div class='ocr_carea' id='block_1_74' title="bbox 463 4161 2063 4236">
    <p class='ocr_par' dir='ltr' id='par_1_74' title="bbox 463 4161 2063 4236">
     <span class='ocr_line' id='line_1_74' title="bbox 463 4161 2063 4236; baseline -0.003 -14"><span class='ocrx_word' id='word_1_542' title='bbox 463 4163 716 4222; x_wconf 74' lang='lat' dir='ltr'><strong>uirtutum</strong></span> <span class='ocrx_word' id='word_1_543' title='bbox 727 4166 1020 4236; x_wconf 86' lang='lat' dir='ltr'><strong>egredietur</strong></span> <span class='ocrx_word' id='word_1_544' title='bbox 1044 4175 1094 4221; x_wconf 90' lang='lat' dir='ltr'><strong>et</strong></span> <span class='ocrx_word' id='word_1_545' title='bbox 1113 4174 1340 4222; x_wconf 85' lang='lat' dir='ltr'><strong>conteret</strong></span> <span class='ocrx_word' id='word_1_546' title='bbox 1367 4164 1580 4233; x_wconf 88' lang='lat' dir='ltr'><strong>bellum,</strong></span> <span class='ocrx_word' id='word_1_547' title='bbox 1602 4173 1652 4219; x_wconf 91' lang='lat' dir='ltr'><strong>et</strong></span> <span class='ocrx_word' id='word_1_548' title='bbox 1678 4161 1946 4219; x_wconf 87' lang='lat' dir='ltr'><strong>suscitabit</strong></span> <span class='ocrx_word' id='word_1_549' title='bbox 1963 4177 2063 4218; x_wconf 75' lang='lat' dir='ltr'><strong>cae-</strong></span> 
     </span>
    </p>
   </div>
   <div class='ocr_carea' id='block_1_75' title="bbox 465 4253 2057 4330">
    <p class='ocr_par' dir='ltr' id='par_1_75' title="bbox 465 4253 2057 4330">
     <span class='ocr_line' id='line_1_75' title="bbox 465 4253 2057 4330; baseline -0.001 -21"><span class='ocrx_word' id='word_1_550' title='bbox 465 4253 600 4323; x_wconf 73' lang='lat' dir='ltr'><strong>lum,</strong></span> <span class='ocrx_word' id='word_1_551' title='bbox 615 4266 662 4311; x_wconf 90' lang='lat' dir='ltr'><strong>et</strong></span> <span class='ocrx_word' id='word_1_552' title='bbox 685 4255 932 4311; x_wconf 85' lang='lat' dir='ltr'><strong>clamabit</strong></span> <span class='ocrx_word' id='word_1_553' title='bbox 952 4273 1111 4330; x_wconf 84' lang='lat' dir='ltr'><strong>super</strong></span> <span class='ocrx_word' id='word_1_554' title='bbox 1123 4259 1296 4313; x_wconf 84' lang='lat' dir='ltr'><strong>hostes</strong></span> <span class='ocrx_word' id='word_1_555' title='bbox 1309 4275 1434 4314; x_wconf 88' lang='lat' dir='ltr'><strong>suos</strong></span> <span class='ocrx_word' id='word_1_556' title='bbox 1455 4274 1574 4312; x_wconf 88' lang='lat' dir='ltr'><strong>cum</strong></span> <span class='ocrx_word' id='word_1_557' title='bbox 1597 4255 1903 4327; x_wconf 78' lang='lat' dir='ltr'><strong>fortitudine</strong></span> <span class='ocrx_word' id='word_1_558' title='bbox 1919 4253 1972 4327; x_wconf 90' lang='grc' dir='ltr'><strong>(Ι</strong></span> <span class='ocrx_word' id='word_1_559' title='bbox 1974 4272 2057 4311; x_wconf 89' lang='lat' dir='ltr'><strong>sa.</strong></span> 
     </span>
    </p>
   </div>
   <div class='ocr_carea' id='block_1_76' title="bbox 465 4346 2062 4422">
    <p class='ocr_par' dir='ltr' id='par_1_76' title="bbox 465 4346 2062 4422">
     <span class='ocr_line' id='line_1_76' title="bbox 465 4346 2062 4422; baseline 0.001 -21"><span class='ocrx_word' id='word_1_560' title='bbox 465 4349 622 4418; x_wconf 79' lang='lat' dir='ltr'><strong>mi).</strong></span> <span class='ocrx_word' id='word_1_561' title='bbox 659 4346 984 4418; x_wconf 83' lang='lat' dir='ltr'><strong>Egredietur</strong></span> <span class='ocrx_word' id='word_1_562' title='bbox 1032 4363 1164 4422; x_wconf 90' lang='lat' dir='ltr'><strong>ergo</strong></span> <span class='ocrx_word' id='word_1_563' title='bbox 1209 4349 1354 4407; x_wconf 91' lang='lat' dir='ltr'><strong>Deus</strong></span> <span class='ocrx_word' id='word_1_564' title='bbox 1403 4351 1469 4406; x_wconf 92' lang='lat' dir='ltr'><strong>de</strong></span> <span class='ocrx_word' id='word_1_565' title='bbox 1515 4349 1635 4404; x_wconf 90' lang='lat' dir='ltr'><strong>loco</strong></span> <span class='ocrx_word' id='word_1_566' title='bbox 1691 4363 1813 4416; x_wconf 91' lang='lat' dir='ltr'><strong>suo,</strong></span> <span class='ocrx_word' id='word_1_567' title='bbox 1844 4346 2062 4419; x_wconf 88' lang='lat' dir='ltr'><strong>quando</strong></span> 
     </span>
    </p>
   </div>
   <div class='ocr_carea' id='block_1_77' title="bbox 466 4438 2060 4509">
    <p class='ocr_par' dir='ltr' id='par_1_77' title="bbox 466 4438 2060 4509">
     <span class='ocr_line' id='line_1_77' title="bbox 466 4438 2060 4509; baseline -0.001 -16"><span class='ocrx_word' id='word_1_568' title='bbox 466 4439 704 4509; x_wconf 88' lang='lat' dir='ltr'><strong>quietem</strong></span> <span class='ocrx_word' id='word_1_569' title='bbox 747 4448 804 4494; x_wconf 91' lang='lat' dir='ltr'><strong>et</strong></span> <span class='ocrx_word' id='word_1_570' title='bbox 851 4441 1360 4506; x_wconf 89' lang='lat' dir='ltr'><strong>mansuetudinem,</strong></span> <span class='ocrx_word' id='word_1_571' title='bbox 1410 4447 1465 4496; x_wconf 91' lang='lat' dir='ltr'><strong>et</strong></span> <span class='ocrx_word' id='word_1_572' title='bbox 1511 4438 1857 4496; x_wconf 86' lang='lat' dir='ltr'><strong>clementiam</strong></span> <span class='ocrx_word' id='word_1_573' title='bbox 1906 4453 2060 4493; x_wconf 89' lang='lat' dir='ltr'><strong>suam</strong></span> 
     </span>
    </p>
   </div>
   <div class='ocr_carea' id='block_1_78' title="bbox 464 4531 2058 4605">
    <p class='ocr_par' dir='ltr' id='par_1_78' title="bbox 464 4531 2058 4605">
     <span class='ocr_line' id='line_1_78' title="bbox 464 4531 2058 4605; baseline -0.001 -18"><span class='ocrx_word' id='word_1_574' title='bbox 464 4547 565 4602; x_wconf 90' lang='lat' dir='ltr'><strong>pro</strong></span> <span class='ocrx_word' id='word_1_575' title='bbox 597 4533 982 4591; x_wconf 89' lang='lat' dir='ltr'><strong>emendatione</strong></span> <span class='ocrx_word' id='word_1_576' title='bbox 1019 4535 1364 4605; x_wconf 89' lang='lat' dir='ltr'><strong>peccantium</strong></span> <span class='ocrx_word' id='word_1_577' title='bbox 1393 4548 1647 4605; x_wconf 90' lang='lat' dir='ltr'><strong>rumpere</strong></span> <span class='ocrx_word' id='word_1_578' title='bbox 1691 4533 1933 4605; x_wconf 81' lang='lat' dir='ltr'><strong>cogitur,</strong></span> <span class='ocrx_word' id='word_1_579' title='bbox 1964 4531 2058 4602; x_wconf 92' lang='lat' dir='ltr'><strong>qui</strong></span> 
     </span>
    </p>
   </div>
   <div class='ocr_carea' id='block_1_79' title="bbox 2169 3331 3768 3407">
    <p class='ocr_par' dir='ltr' id='par_1_79' title="bbox 2169 3331 3768 3407">
     <span class='ocr_line' id='line_1_79' title="bbox 2169 3331 3768 3407; baseline -0.004 -19"><span class='ocrx_word' id='word_1_580' title='bbox 2169 3332 2244 3388; x_wconf 90' lang='lat' dir='ltr'><strong>cti</strong></span> <span class='ocrx_word' id='word_1_581' title='bbox 2285 3349 2386 3404; x_wconf 91' lang='lat' dir='ltr'><strong>per</strong></span> <span class='ocrx_word' id='word_1_582' title='bbox 2426 3341 2602 3389; x_wconf 90' lang='lat' dir='ltr'><strong>totum</strong></span> <span class='ocrx_word' id='word_1_583' title='bbox 2635 3334 2826 3390; x_wconf 88' lang='lat' dir='ltr'><strong>orbem</strong></span> <span class='ocrx_word' id='word_1_584' title='bbox 2869 3334 3098 3407; x_wconf 90' lang='lat' dir='ltr'><strong>dispersi</strong></span> <span class='ocrx_word' id='word_1_585' title='bbox 3126 3341 3272 3400; x_wconf 91' lang='lat' dir='ltr'><strong>sunt,</strong></span> <span class='ocrx_word' id='word_1_586' title='bbox 3309 3341 3363 3388; x_wconf 89' lang='lat' dir='ltr'><strong>et</strong></span> <span class='ocrx_word' id='word_1_587' title='bbox 3392 3331 3616 3387; x_wconf 88' lang='lat' dir='ltr'><strong>tandem</strong></span> <span class='ocrx_word' id='word_1_588' title='bbox 3643 3343 3768 3384; x_wconf 87' lang='lat' dir='ltr'><strong>sen-</strong></span> 
     </span>
    </p>
   </div>
   <div class='ocr_carea' id='block_1_80' title="bbox 2173 3419 3769 3497">
    <p class='ocr_par' dir='ltr' id='par_1_80' title="bbox 2173 3419 3769 3497">
     <span class='ocr_line' id='line_1_80' title="bbox 2173 3419 3769 3497; baseline -0.004 -18"><span class='ocrx_word' id='word_1_589' title='bbox 2173 3423 2379 3480; x_wconf 90' lang='lat' dir='ltr'><strong>tiebant</strong></span> <span class='ocrx_word' id='word_1_590' title='bbox 2419 3426 2554 3481; x_wconf 88' lang='lat' dir='ltr'><strong>dure</strong></span> <span class='ocrx_word' id='word_1_591' title='bbox 2593 3426 2864 3497; x_wconf 80' lang='lat' dir='ltr'><strong>castigati,</strong></span> <span class='ocrx_word' id='word_1_592' title='bbox 2898 3427 3044 3496; x_wconf 89' lang='lat' dir='ltr'><strong>quod</strong></span> <span class='ocrx_word' id='word_1_593' title='bbox 3087 3432 3246 3480; x_wconf 88' lang='lat' dir='ltr'><strong>antea</strong></span> <span class='ocrx_word' id='word_1_594' title='bbox 3274 3422 3536 3480; x_wconf 90' lang='lat' dir='ltr'><strong>nolebant</strong></span> <span class='ocrx_word' id='word_1_595' title='bbox 3567 3419 3769 3476; x_wconf 88' lang='lat' dir='ltr'><strong>intelli-</strong></span> 
     </span>
    </p>
   </div>
   <div class='ocr_carea' id='block_1_81' title="bbox 2171 3510 3768 3588">
    <p class='ocr_par' dir='ltr' id='par_1_81' title="bbox 2171 3510 3768 3588">
     <span class='ocr_line' id='line_1_81' title="bbox 2171 3510 3768 3588; baseline -0.003 -18"><span class='ocrx_word' id='word_1_596' title='bbox 2171 3527 2298 3586; x_wconf 85' lang='lat' dir='ltr'><strong>gere</strong></span> <span class='ocrx_word' id='word_1_597' title='bbox 2322 3523 2547 3586; x_wconf 88' lang='lat' dir='ltr'><strong>paterna</strong></span> <span class='ocrx_word' id='word_1_598' title='bbox 2570 3516 2774 3588; x_wconf 86' lang='lat' dir='ltr'><strong>pietate</strong></span> <span class='ocrx_word' id='word_1_599' title='bbox 2801 3515 3058 3586; x_wconf 89' lang='lat' dir='ltr'><strong>correpti.</strong></span> <span class='ocrx_word' id='word_1_600' title='bbox 3084 3514 3236 3570; x_wconf 84' lang='lat' dir='ltr'><strong>Hanc</strong></span> <span class='ocrx_word' id='word_1_601' title='bbox 3258 3513 3589 3569; x_wconf 85' lang='lat' dir='ltr'><strong>sententiam</strong></span> <span class='ocrx_word' id='word_1_602' title='bbox 3618 3510 3768 3566; x_wconf 89' lang='lat' dir='ltr'><strong>simi-</strong></span> 
     </span>
    </p>
   </div>
   <div class='ocr_carea' id='block_1_82' title="bbox 2168 3603 3767 3678">
    <p class='ocr_par' dir='ltr' id='par_1_82' title="bbox 2168 3603 3767 3678">
     <span class='ocr_line' id='line_1_82' title="bbox 2168 3603 3767 3678; baseline -0.002 -19"><span class='ocrx_word' id='word_1_603' title='bbox 2168 3603 2298 3660; x_wconf 91' lang='lat' dir='ltr'><strong>liter</strong></span> <span class='ocrx_word' id='word_1_604' title='bbox 2332 3621 2624 3677; x_wconf 90' lang='lat' dir='ltr'><strong>possumus</strong></span> <span class='ocrx_word' id='word_1_605' title='bbox 2661 3615 2718 3662; x_wconf 90' lang='lat' dir='ltr'><strong>et</strong></span> <span class='ocrx_word' id='word_1_606' title='bbox 2751 3607 2818 3662; x_wconf 91' lang='lat' dir='ltr'><strong>de</strong></span> <span class='ocrx_word' id='word_1_607' title='bbox 2859 3605 3190 3678; x_wconf 87' lang='lat' dir='ltr'><strong>martyribus</strong></span> <span class='ocrx_word' id='word_1_608' title='bbox 3227 3603 3429 3660; x_wconf 88' lang='lat' dir='ltr'><strong>Christi</strong></span> <span class='ocrx_word' id='word_1_609' title='bbox 3475 3617 3541 3657; x_wconf 92' lang='lat' dir='ltr'><strong>ac</strong></span> <span class='ocrx_word' id='word_1_610' title='bbox 3584 3615 3767 3672; x_wconf 89' lang='lat' dir='ltr'><strong>perse-</strong></span> 
     </span>
    </p>
   </div>
   <div class='ocr_carea' id='block_1_83' title="bbox 2171 3693 3766 3769">
    <p class='ocr_par' dir='ltr' id='par_1_83' title="bbox 2171 3693 3766 3769">
     <span class='ocr_line' id='line_1_83' title="bbox 2171 3693 3766 3769; baseline -0.004 -17"><span class='ocrx_word' id='word_1_611' title='bbox 2171 3696 2452 3754; x_wconf 88' lang='lat' dir='ltr'><strong>cutoribus</strong></span> <span class='ocrx_word' id='word_1_612' title='bbox 2479 3713 2669 3754; x_wconf 89' lang='lat' dir='ltr'><strong>eorum</strong></span> <span class='ocrx_word' id='word_1_613' title='bbox 2706 3698 3030 3769; x_wconf 87' lang='lat' dir='ltr'><strong>intelligere,</strong></span> <span class='ocrx_word' id='word_1_614' title='bbox 3059 3697 3187 3767; x_wconf 91' lang='lat' dir='ltr'><strong>quia</strong></span> <span class='ocrx_word' id='word_1_615' title='bbox 3215 3710 3340 3751; x_wconf 91' lang='lat' dir='ltr'><strong>cum</strong></span> <span class='ocrx_word' id='word_1_616' title='bbox 3366 3694 3444 3750; x_wconf 89' lang='lat' dir='ltr'><strong>illi</strong></span> <span class='ocrx_word' id='word_1_617' title='bbox 3465 3693 3617 3765; x_wconf 89' lang='lat' dir='ltr'><strong>ipsos</strong></span> <span class='ocrx_word' id='word_1_618' title='bbox 3639 3709 3766 3748; x_wconf 84' lang='lat' dir='ltr'><strong>con-</strong></span> 
     </span>
    </p>
   </div>
   <div class='ocr_carea' id='block_1_84' title="bbox 2169 3787 3767 3862">
    <p class='ocr_par' dir='ltr' id='par_1_84' title="bbox 2169 3787 3767 3862">
     <span class='ocr_line' id='line_1_84' title="bbox 2169 3787 3767 3862; baseline 0.001 -19"><span class='ocrx_word' id='word_1_619' title='bbox 2169 3787 2409 3846; x_wconf 85' lang='lat' dir='ltr'><strong>fessores</strong></span> <span class='ocrx_word' id='word_1_620' title='bbox 2436 3789 2640 3848; x_wconf 88' lang='lat' dir='ltr'><strong>Christi</strong></span> <span class='ocrx_word' id='word_1_621' title='bbox 2674 3792 2962 3848; x_wconf 89' lang='lat' dir='ltr'><strong>tormentis</strong></span> <span class='ocrx_word' id='word_1_622' title='bbox 3009 3791 3328 3848; x_wconf 88' lang='lat' dir='ltr'><strong>cruciabant</strong></span> <span class='ocrx_word' id='word_1_623' title='bbox 3367 3790 3633 3862; x_wconf 88' lang='lat' dir='ltr'><strong>patientia</strong></span> <span class='ocrx_word' id='word_1_624' title='bbox 3677 3804 3767 3845; x_wconf 91' lang='lat' dir='ltr'><strong>eo-</strong></span> 
     </span>
    </p>
   </div>
   <div class='ocr_carea' id='block_1_85' title="bbox 2171 3880 3766 3954">
    <p class='ocr_par' dir='ltr' id='par_1_85' title="bbox 2171 3880 3766 3954">
     <span class='ocr_line' id='line_1_85' title="bbox 2171 3880 3766 3954; baseline -0.001 -18"><span class='ocrx_word' id='word_1_625' title='bbox 2171 3897 2292 3937; x_wconf 90' lang='lat' dir='ltr'><strong>rum</strong></span> <span class='ocrx_word' id='word_1_626' title='bbox 2325 3891 2581 3954; x_wconf 88' lang='lat' dir='ltr'><strong>poterant</strong></span> <span class='ocrx_word' id='word_1_627' title='bbox 2608 3883 2656 3940; x_wconf 91' lang='lat' dir='ltr'><strong>si</strong></span> <span class='ocrx_word' id='word_1_628' title='bbox 2691 3884 2892 3940; x_wconf 89' lang='lat' dir='ltr'><strong>vellent</strong></span> <span class='ocrx_word' id='word_1_629' title='bbox 2920 3883 3116 3940; x_wconf 88' lang='lat' dir='ltr'><strong>instrui</strong></span> <span class='ocrx_word' id='word_1_630' title='bbox 3146 3890 3209 3938; x_wconf 91' lang='lat' dir='ltr'><strong>ut</strong></span> <span class='ocrx_word' id='word_1_631' title='bbox 3237 3883 3555 3938; x_wconf 88' lang='lat' dir='ltr'><strong>desererent</strong></span> <span class='ocrx_word' id='word_1_632' title='bbox 3594 3880 3766 3936; x_wconf 88' lang='lat' dir='ltr'><strong>idolo-</strong></span> 
     </span>
    </p>
   </div>
   <div class='ocr_carea' id='block_1_86' title="bbox 2171 3972 3761 4044">
    <p class='ocr_par' dir='ltr' id='par_1_86' title="bbox 2171 3972 3761 4044">
     <span class='ocr_line' id='line_1_86' title="bbox 2171 3972 3761 4044; baseline -0.002 -16"><span class='ocrx_word' id='word_1_633' title='bbox 2171 3989 2294 4029; x_wconf 90' lang='lat' dir='ltr'><strong>rum</strong></span> <span class='ocrx_word' id='word_1_634' title='bbox 2343 3975 2569 4042; x_wconf 90' lang='lat' dir='ltr'><strong>cultum,</strong></span> <span class='ocrx_word' id='word_1_635' title='bbox 2599 3983 2657 4032; x_wconf 90' lang='lat' dir='ltr'><strong>et</strong></span> <span class='ocrx_word' id='word_1_636' title='bbox 2679 3973 3004 4032; x_wconf 61' lang='lat' dir='ltr'><strong>Christianae</strong></span> <span class='ocrx_word' id='word_1_637' title='bbox 3032 3989 3092 4032; x_wconf 89' lang='lat' dir='ltr'><strong>se</strong></span> <span class='ocrx_word' id='word_1_638' title='bbox 3130 3973 3382 4044; x_wconf 83' lang='lat' dir='ltr'><strong>religioni</strong></span> <span class='ocrx_word' id='word_1_639' title='bbox 3412 3972 3761 4043; x_wconf 82' lang='lat' dir='ltr'><strong>subjicerent.</strong></span> 
     </span>
    </p>
   </div>
   <div class='ocr_carea' id='block_1_87' title="bbox 2173 4062 3761 4138">
    <p class='ocr_par' dir='ltr' id='par_1_87' title="bbox 2173 4062 3761 4138">
     <span class='ocr_line' id='line_1_87' title="bbox 2173 4062 3761 4138; baseline 0.001 -18"><span class='ocrx_word' id='word_1_640' title='bbox 2173 4062 2281 4121; x_wconf 90' lang='lat' dir='ltr'><strong>Sed</strong></span> <span class='ocrx_word' id='word_1_641' title='bbox 2326 4065 2469 4122; x_wconf 89' lang='lat' dir='ltr'><strong>sicut</strong></span> <span class='ocrx_word' id='word_1_642' title='bbox 2516 4066 2593 4121; x_wconf 90' lang='lat' dir='ltr'><strong>illi</strong></span> <span class='ocrx_word' id='word_1_643' title='bbox 2620 4081 2719 4137; x_wconf 90' lang='lat' dir='ltr'><strong>per</strong></span> <span class='ocrx_word' id='word_1_644' title='bbox 2745 4081 2937 4138; x_wconf 66' lang='lat' dir='ltr'><strong>poenas</strong></span> <span class='ocrx_word' id='word_1_645' title='bbox 2964 4065 3288 4138; x_wconf 88' lang='lat' dir='ltr'><strong>temporales</strong></span> <span class='ocrx_word' id='word_1_646' title='bbox 3313 4065 3541 4138; x_wconf 85' lang='lat' dir='ltr'><strong>gloriam</strong></span> <span class='ocrx_word' id='word_1_647' title='bbox 3568 4080 3761 4121; x_wconf 84' lang='lat' dir='ltr'><strong>conse-</strong></span> 
     </span>
    </p>
   </div>
   <div class='ocr_carea' id='block_1_88' title="bbox 2172 4157 3762 4232">
    <p class='ocr_par' dir='ltr' id='par_1_88' title="bbox 2172 4157 3762 4232">
     <span class='ocr_line' id='line_1_88' title="bbox 2172 4157 3762 4232; baseline 0.001 -18"><span class='ocrx_word' id='word_1_648' title='bbox 2172 4157 2286 4214; x_wconf 90' lang='lat' dir='ltr'><strong>cuti</strong></span> <span class='ocrx_word' id='word_1_649' title='bbox 2313 4166 2442 4214; x_wconf 88' lang='lat' dir='ltr'><strong>sunt</strong></span> <span class='ocrx_word' id='word_1_650' title='bbox 2467 4168 2750 4228; x_wconf 79' lang='lat' dir='ltr'><strong>aeternam,</strong></span> <span class='ocrx_word' id='word_1_651' title='bbox 2788 4161 2864 4216; x_wconf 90' lang='lat' dir='ltr'><strong>ita</strong></span> <span class='ocrx_word' id='word_1_652' title='bbox 2893 4169 2949 4217; x_wconf 92' lang='lat' dir='ltr'><strong>et</strong></span> <span class='ocrx_word' id='word_1_653' title='bbox 2978 4159 3068 4216; x_wconf 89' lang='lat' dir='ltr'><strong>isti</strong></span> <span class='ocrx_word' id='word_1_654' title='bbox 3095 4167 3220 4232; x_wconf 90' lang='lat' dir='ltr'><strong>post</strong></span> <span class='ocrx_word' id='word_1_655' title='bbox 3247 4159 3442 4232; x_wconf 85' lang='lat' dir='ltr'><strong>gaudia</strong></span> <span class='ocrx_word' id='word_1_656' title='bbox 3468 4175 3646 4231; x_wconf 86' lang='lat' dir='ltr'><strong>parva</strong></span> <span class='ocrx_word' id='word_1_657' title='bbox 3666 4160 3762 4216; x_wconf 84' lang='lat' dir='ltr'><strong>hu-</strong></span> 
     </span>
    </p>
   </div>
   <div class='ocr_carea' id='block_1_89' title="bbox 2163 4247 3455 4326">
    <p class='ocr_par' dir='ltr' id='par_1_89' title="bbox 2163 4247 3455 4326">
     <span class='ocr_line' id='line_1_89' title="bbox 2163 4247 3455 4326; baseline -0.001 -19"><span class='ocrx_word' id='word_1_658' title='bbox 2163 4247 2256 4320; x_wconf 90' lang='lat' dir='ltr'><strong>jus</strong></span> <span class='ocrx_word' id='word_1_659' title='bbox 2282 4251 2408 4309; x_wconf 81' lang='lat' dir='ltr'><strong>vitae</strong></span> <span class='ocrx_word' id='word_1_660' title='bbox 2435 4253 2492 4310; x_wconf 92' lang='lat' dir='ltr'><strong>in</strong></span> <span class='ocrx_word' id='word_1_661' title='bbox 2519 4255 2783 4326; x_wconf 90' lang='lat' dir='ltr'><strong>supplicia</strong></span> <span class='ocrx_word' id='word_1_662' title='bbox 2821 4253 3054 4310; x_wconf 90' lang='lat' dir='ltr'><strong>demersi</strong></span> <span class='ocrx_word' id='word_1_663' title='bbox 3080 4262 3208 4310; x_wconf 90' lang='lat' dir='ltr'><strong>sunt</strong></span> <span class='ocrx_word' id='word_1_664' title='bbox 3232 4260 3455 4309; x_wconf 58' lang='lat' dir='ltr'><strong>aeterna.</strong></span> 
     </span>
    </p>
   </div>
   <div class='ocr_carea' id='block_1_90' title="bbox 2681 4364 3153 4425">
    <p class='ocr_par' dir='ltr' id='par_1_90' title="bbox 2681 4364 3153 4425">
     <span class='ocr_line' id='line_1_90' title="bbox 2681 4364 3153 4425; baseline -0.006 -1"><span class='ocrx_word' id='word_1_665' title='bbox 2681 4393 2685 4398; x_wconf 57' lang='grc' dir='ltr'>ι</span> <span class='ocrx_word' id='word_1_666' title='bbox 2747 4366 2977 4425; x_wconf 86' lang='lat' dir='ltr'><strong>CAPUT</strong></span> <span class='ocrx_word' id='word_1_667' title='bbox 3015 4364 3153 4422; x_wconf 84' lang='lat' dir='ltr'><strong>XIV.</strong></span> 
     </span>
    </p>
   </div>
   <div class='ocr_carea' id='block_1_91' title="bbox 2175 4453 3761 4530">
    <p class='ocr_par' dir='ltr' id='par_1_91' title="bbox 2175 4453 3761 4530">
     <span class='ocr_line' id='line_1_91' title="bbox 2175 4453 3761 4530; baseline 0.003 -21"><span class='ocrx_word' id='word_1_668' title='bbox 2175 4453 2330 4521; x_wconf 85' lang='lat' dir='ltr'><strong>Quod</strong></span> <span class='ocrx_word' id='word_1_669' title='bbox 2359 4459 2690 4530; x_wconf 85' lang='lat' dir='ltr'><strong>commendat</strong></span> <span class='ocrx_word' id='word_1_670' title='bbox 2713 4458 2994 4530; x_wconf 84' lang='lat' dir='ltr'><strong>bonitatem</strong></span> <span class='ocrx_word' id='word_1_671' title='bbox 3031 4458 3390 4530; x_wconf 83' lang='lat' dir='ltr'><strong>suamdivina</strong></span> <span class='ocrx_word' id='word_1_672' title='bbox 3427 4456 3620 4530; x_wconf 87' lang='lat' dir='ltr'><strong>pietas,</strong></span> <span class='ocrx_word' id='word_1_673' title='bbox 3644 4473 3761 4529; x_wconf 68' lang='lat' dir='ltr'><strong>qua</strong></span> 
     </span>
    </p>
   </div>
   <div class='ocr_carea' id='block_1_92' title="bbox 2425 4529 3482 4601">
    <p class='ocr_par' dir='ltr' id='par_1_92' title="bbox 2425 4529 3482 4601">
     <span class='ocr_line' id='line_1_92' title="bbox 2425 4529 3482 4601; baseline -0.002 -16"><span class='ocrx_word' id='word_1_674' title='bbox 2425 4529 2578 4601; x_wconf 86' lang='lat' dir='ltr'><strong>justa</strong></span> <span class='ocrx_word' id='word_1_675' title='bbox 2618 4539 2694 4584; x_wconf 85' lang='lat' dir='ltr'><strong>est</strong></span> <span class='ocrx_word' id='word_1_676' title='bbox 2723 4531 2777 4584; x_wconf 90' lang='lat' dir='ltr'><strong>in</strong></span> <span class='ocrx_word' id='word_1_677' title='bbox 2819 4529 3058 4585; x_wconf 89' lang='lat' dir='ltr'><strong>omnibus</strong></span> <span class='ocrx_word' id='word_1_678' title='bbox 3103 4529 3314 4596; x_wconf 85' lang='lat' dir='ltr'><strong>iudiciis</strong></span> <span class='ocrx_word' id='word_1_679' title='bbox 3353 4529 3482 4584; x_wconf 82' lang='lat' dir='ltr'><strong>suis.</strong></span> 
     </span>
    </p>
   </div>
   <div class='ocr_carea' id='block_1_93' title="bbox 465 4581 3760 4692">
    <p class='ocr_par' dir='ltr' id='par_1_93' title="bbox 465 4581 3760 4692">
     <span class='ocr_line' id='line_1_93' title="bbox 465 4581 3480 4605; baseline -0.002 -3"><span class='ocrx_word' id='word_1_680' title='bbox 465 4581 559 4602; x_wconf 65' lang='grc' dir='ltr'><strong>τη</strong></span> <span class='ocrx_word' id='word_1_681' title='bbox 601 4581 981 4591; x_wconf 62' lang='grc' dir='ltr'><strong>τ--ν---πνη</strong></span> <span class='ocrx_word' id='word_1_682' title='bbox 1021 4581 1364 4605; x_wconf 59' lang='lat' dir='ltr'><strong>rum-&quot;~—</strong></span> <span class='ocrx_word' id='word_1_683' title='bbox 1395 4581 1646 4605; x_wconf 67' lang='grc' dir='ltr'><strong>--κ-τνη</strong></span> <span class='ocrx_word' id='word_1_684' title='bbox 1696 4581 1933 4605; x_wconf 55' lang='lat' dir='ltr'><strong>&quot;sum.</strong></span> <span class='ocrx_word' id='word_1_685' title='bbox 1968 4581 2058 4602; x_wconf 61' lang='grc' dir='ltr'><strong>γ-</strong></span> 
     </span>
     <span class='ocr_line' id='line_1_94' title="bbox 465 4581 3760 4692; baseline -0.001 -14"><span class='ocrx_word' id='word_1_686' title='bbox 465 4637 590 4678; x_wconf 92' lang='lat' dir='ltr'><strong>cum</strong></span> <span class='ocrx_word' id='word_1_687' title='bbox 620 4637 718 4692; x_wconf 91' lang='lat' dir='ltr'><strong>per</strong></span> <span class='ocrx_word' id='word_1_688' title='bbox 744 4631 996 4679; x_wconf 89' lang='lat' dir='ltr'><strong>naturam</strong></span> <span class='ocrx_word' id='word_1_689' title='bbox 1025 4624 1308 4690; x_wconf 87' lang='lat' dir='ltr'><strong>dulcescit,</strong></span> <span class='ocrx_word' id='word_1_690' title='bbox 1330 4624 1463 4680; x_wconf 87' lang='lat' dir='ltr'><strong>vitio</strong></span> <span class='ocrx_word' id='word_1_691' title='bbox 1490 4631 1679 4680; x_wconf 90' lang='lat' dir='ltr'><strong>nostro</strong></span> <span class='ocrx_word' id='word_1_692' title='bbox 1708 4638 1930 4678; x_wconf 88' lang='lat' dir='ltr'><strong>amarus</strong></span> <span class='ocrx_word' id='word_1_693' title='bbox 1976 4621 2058 4678; x_wconf 79' lang='lat' dir='ltr'><strong>ef-</strong></span> <span class='ocrx_word' id='word_1_694' title='bbox 2081 4581 2138 4643; x_wconf 71' lang='grc' dir='ltr'><strong><em>Β</em></strong></span> <span class='ocrx_word' id='word_1_695' title='bbox 2235 4616 2369 4672; x_wconf 86' lang='lat' dir='ltr'><strong>Cum</strong></span> <span class='ocrx_word' id='word_1_696' title='bbox 2404 4635 2526 4691; x_wconf 88' lang='lat' dir='ltr'><strong>ergo</strong></span> <span class='ocrx_word' id='word_1_697' title='bbox 2557 4619 2702 4675; x_wconf 86' lang='lat' dir='ltr'><strong>nobis</strong></span> <span class='ocrx_word' id='word_1_698' title='bbox 2741 4619 3076 4691; x_wconf 87' lang='lat' dir='ltr'><strong>disciplinam</strong></span> <span class='ocrx_word' id='word_1_699' title='bbox 3116 4620 3236 4688; x_wconf 88' lang='lat' dir='ltr'><strong>das,</strong></span> <span class='ocrx_word' id='word_1_700' title='bbox 3279 4620 3522 4676; x_wconf 88' lang='lat' dir='ltr'><strong>inimicos</strong></span> <span class='ocrx_word' id='word_1_701' title='bbox 3555 4629 3760 4676; x_wconf 88' lang='lat' dir='ltr'><strong>nostros</strong></span> 
     </span>
    </p>
   </div>
   <div class='ocr_carea' id='block_1_94' title="bbox 430 4714 2060 4788">
    <p class='ocr_par' dir='ltr' id='par_1_94' title="bbox 430 4714 2060 4788">
     <span class='ocr_line' id='line_1_95' title="bbox 430 4714 2060 4788; baseline -0.001 -19"><span class='ocrx_word' id='word_1_702' title='bbox 430 4715 446 4788; x_wconf 69' lang='grc' dir='ltr'><em>ξ</em></span> <span class='ocrx_word' id='word_1_703' title='bbox 465 4714 669 4782; x_wconf 88' lang='lat' dir='ltr'><strong>ﬁcitur,</strong></span> <span class='ocrx_word' id='word_1_704' title='bbox 698 4727 808 4770; x_wconf 87' lang='lat' dir='ltr'><strong>non</strong></span> <span class='ocrx_word' id='word_1_705' title='bbox 828 4715 951 4783; x_wconf 91' lang='lat' dir='ltr'><strong>sibi,</strong></span> <span class='ocrx_word' id='word_1_706' title='bbox 982 4715 1080 4772; x_wconf 85' lang='lat' dir='ltr'><strong>sed</strong></span> <span class='ocrx_word' id='word_1_707' title='bbox 1109 4715 1499 4773; x_wconf 88' lang='lat' dir='ltr'><strong>sustinentibus</strong></span> <span class='ocrx_word' id='word_1_708' title='bbox 1525 4715 1721 4788; x_wconf 90' lang='lat' dir='ltr'><strong>quibus</strong></span> <span class='ocrx_word' id='word_1_709' title='bbox 1741 4729 1928 4770; x_wconf 88' lang='lat' dir='ltr'><strong>amara</strong></span> <span class='ocrx_word' id='word_1_710' title='bbox 1951 4721 2060 4769; x_wconf 91' lang='lat' dir='ltr'><strong>tor-</strong></span> 
     </span>
    </p>
   </div>
   <div class='ocr_carea' id='block_1_95' title="bbox 428 4803 2056 4879">
    <p class='ocr_par' dir='ltr' id='par_1_95' title="bbox 428 4803 2056 4879">
     <span class='ocr_line' id='line_1_96' title="bbox 428 4803 2056 4879; baseline -0.001 -17"><span class='ocrx_word' id='word_1_711' title='bbox 428 4803 650 4878; x_wconf 60' lang='lat' dir='ltr'><strong>fmenta</strong></span> <span class='ocrx_word' id='word_1_712' title='bbox 678 4815 826 4863; x_wconf 89' lang='lat' dir='ltr'><strong>sunt.</strong></span> <span class='ocrx_word' id='word_1_713' title='bbox 858 4805 937 4862; x_wconf 92' lang='lat' dir='ltr'><strong>De</strong></span> <span class='ocrx_word' id='word_1_714' title='bbox 974 4813 1170 4864; x_wconf 87' lang='lat' dir='ltr'><strong>natura</strong></span> <span class='ocrx_word' id='word_1_715' title='bbox 1199 4821 1414 4879; x_wconf 91' lang='lat' dir='ltr'><strong>quoque</strong></span> <span class='ocrx_word' id='word_1_716' title='bbox 1461 4806 1578 4878; x_wconf 87' lang='lat' dir='ltr'><strong>ejus</strong></span> <span class='ocrx_word' id='word_1_717' title='bbox 1627 4806 1784 4863; x_wconf 86' lang='lat' dir='ltr'><strong>aliter</strong></span> <span class='ocrx_word' id='word_1_718' title='bbox 1813 4806 1931 4876; x_wconf 90' lang='lat' dir='ltr'><strong>ipse</strong></span> <span class='ocrx_word' id='word_1_719' title='bbox 1976 4803 2056 4861; x_wconf 87' lang='lat' dir='ltr'><strong>lo-</strong></span> 
     </span>
    </p>
   </div>
   <div class='ocr_carea' id='block_1_96' title="bbox 391 4883 2056 4972">
    <p class='ocr_par' dir='ltr' id='par_1_96' title="bbox 391 4883 2056 4972">
     <span class='ocr_line' id='line_1_97' title="bbox 391 4883 2056 4972; baseline -0.001 -18"><span class='ocrx_word' id='word_1_720' title='bbox 391 4893 394 4896; x_wconf 65' lang='grc'><strong>’</strong></span> <span class='ocrx_word' id='word_1_721' title='bbox 425 4883 433 4894; x_wconf 74' lang='grc'><strong>’</strong></span> <span class='ocrx_word' id='word_1_722' title='bbox 463 4898 650 4970; x_wconf 89' lang='lat' dir='ltr'><strong>quitur</strong></span> <span class='ocrx_word' id='word_1_723' title='bbox 676 4913 776 4970; x_wconf 91' lang='lat' dir='ltr'><strong>per</strong></span> <span class='ocrx_word' id='word_1_724' title='bbox 797 4899 1125 4971; x_wconf 89' lang='lat' dir='ltr'><strong>prophetam</strong></span> <span class='ocrx_word' id='word_1_725' title='bbox 1151 4899 1341 4958; x_wconf 91' lang='lat' dir='ltr'><strong>dicens</strong></span> <span class='ocrx_word' id='word_1_726' title='bbox 1372 4917 1385 4955; x_wconf 90' lang='lat'><strong>:</strong></span> <span class='ocrx_word' id='word_1_727' title='bbox 1424 4899 1540 4972; x_wconf 83' lang='lat' dir='ltr'><strong>Ego</strong></span> <span class='ocrx_word' id='word_1_728' title='bbox 1567 4916 1686 4956; x_wconf 85' lang='lat' dir='ltr'><strong>sum</strong></span> <span class='ocrx_word' id='word_1_729' title='bbox 1712 4898 1856 4955; x_wconf 83' lang='lat' dir='ltr'><strong>Deus</strong></span> <span class='ocrx_word' id='word_1_730' title='bbox 1879 4906 2056 4954; x_wconf 89' lang='lat' dir='ltr'><strong>etnon</strong></span> 
     </span>
    </p>
   </div>
   <div class='ocr_carea' id='block_1_97' title="bbox 462 4989 2057 5066">
    <p class='ocr_par' dir='ltr' id='par_1_97' title="bbox 462 4989 2057 5066">
     <span class='ocr_line' id='line_1_98' title="bbox 462 4989 2057 5066; baseline 0.001 -21"><span class='ocrx_word' id='word_1_731' title='bbox 462 5000 757 5048; x_wconf 89' lang='lat' dir='ltr'><strong>commutor</strong></span> <span class='ocrx_word' id='word_1_732' title='bbox 780 4990 1042 5066; x_wconf 79' lang='lat' dir='ltr'><strong>(Malach.</strong></span> <span class='ocrx_word' id='word_1_733' title='bbox 1090 4991 1198 5065; x_wconf 86' lang='grc' dir='ltr'><strong>ιιι).</strong></span> <span class='ocrx_word' id='word_1_734' title='bbox 1246 4990 1388 5048; x_wconf 84' lang='lat' dir='ltr'><strong>Hinc</strong></span> <span class='ocrx_word' id='word_1_735' title='bbox 1429 5000 1486 5048; x_wconf 86' lang='lat' dir='ltr'><strong>et</strong></span> <span class='ocrx_word' id='word_1_736' title='bbox 1513 5007 1611 5063; x_wconf 89' lang='lat' dir='ltr'><strong>per</strong></span> <span class='ocrx_word' id='word_1_737' title='bbox 1636 4990 1898 5049; x_wconf 84' lang='lat' dir='ltr'><strong>Jacobum</strong></span> <span class='ocrx_word' id='word_1_738' title='bbox 1921 4989 2057 5047; x_wconf 90' lang='lat' dir='ltr'><strong>dici-</strong></span> 
     </span>
    </p>
   </div>
   <div class='ocr_carea' id='block_1_98' title="bbox 464 5083 2056 5157">
    <p class='ocr_par' dir='ltr' id='par_1_98' title="bbox 464 5083 2056 5157">
     <span class='ocr_line' id='line_1_99' title="bbox 464 5083 2056 5157; baseline 0 -19"><span class='ocrx_word' id='word_1_739' title='bbox 464 5091 553 5138; x_wconf 90' lang='lat' dir='ltr'><strong>tur</strong></span> <span class='ocrx_word' id='word_1_740' title='bbox 580 5101 594 5138; x_wconf 91' lang='lat'>:</span> <span class='ocrx_word' id='word_1_741' title='bbox 623 5084 779 5157; x_wconf 81' lang='lat' dir='ltr'><strong>Apud</strong></span> <span class='ocrx_word' id='word_1_742' title='bbox 801 5103 955 5157; x_wconf 87' lang='lat' dir='ltr'><strong>quem</strong></span> <span class='ocrx_word' id='word_1_743' title='bbox 975 5101 1080 5141; x_wconf 89' lang='lat' dir='ltr'><strong>non</strong></span> <span class='ocrx_word' id='word_1_744' title='bbox 1106 5095 1183 5142; x_wconf 90' lang='lat' dir='ltr'><strong>est</strong></span> <span class='ocrx_word' id='word_1_745' title='bbox 1209 5086 1710 5152; x_wconf 87' lang='lat' dir='ltr'><strong>transmutatio,&#39;nec</strong></span> <span class='ocrx_word' id='word_1_746' title='bbox 1734 5083 2056 5140; x_wconf 83' lang='lat' dir='ltr'><strong>vicissitudi-</strong></span> 
     </span>
    </p>
   </div>
   <div class='ocr_carea' id='block_1_99' title="bbox 463 5174 2056 5252">
    <p class='ocr_par' dir='ltr' id='par_1_99' title="bbox 463 5174 2056 5252">
     <span class='ocr_line' id='line_1_100' title="bbox 463 5174 2056 5252; baseline 0.003 -23"><span class='ocrx_word' id='word_1_747' title='bbox 463 5176 548 5230; x_wconf 86' lang='lat' dir='ltr'><strong>nis</strong></span> <span class='ocrx_word' id='word_1_748' title='bbox 574 5174 903 5232; x_wconf 84' lang='lat' dir='ltr'><strong>obumbratio</strong></span> <span class='ocrx_word' id='word_1_749' title='bbox 927 5177 1137 5250; x_wconf 85' lang='lat' dir='ltr'><strong>(Jacob.</strong></span> <span class='ocrx_word' id='word_1_750' title='bbox 1167 5178 1232 5252; x_wconf 81' lang='grc' dir='ltr'><strong>ι).</strong></span> <span class='ocrx_word' id='word_1_751' title='bbox 1262 5177 1419 5236; x_wconf 88' lang='lat' dir='ltr'><strong>Unde</strong></span> <span class='ocrx_word' id='word_1_752' title='bbox 1445 5186 1500 5234; x_wconf 89' lang='lat' dir='ltr'><strong>et</strong></span> <span class='ocrx_word' id='word_1_753' title='bbox 1519 5177 1720 5233; x_wconf 88' lang='lat' dir='ltr'><strong>Paulus</strong></span> <span class='ocrx_word' id='word_1_754' title='bbox 1745 5177 1813 5233; x_wconf 89' lang='lat' dir='ltr'><strong>de</strong></span> <span class='ocrx_word' id='word_1_755' title='bbox 1835 5175 2056 5233; x_wconf 89' lang='lat' dir='ltr'><strong>Christo</strong></span> 
     </span>
    </p>
   </div>
   <div class='ocr_carea' id='block_1_100' title="bbox 463 5266 2054 5342">
    <p class='ocr_par' dir='ltr' id='par_1_100' title="bbox 463 5266 2054 5342">
     <span class='ocr_line' id='line_1_101' title="bbox 463 5266 2054 5342; baseline 0.003 -21"><span class='ocrx_word' id='word_1_756' title='bbox 463 5266 542 5322; x_wconf 84' lang='lat' dir='ltr'><strong>ait</strong></span> <span class='ocrx_word' id='word_1_757' title='bbox 569 5285 582 5321; x_wconf 90' lang='lat'><strong>:</strong></span> <span class='ocrx_word' id='word_1_758' title='bbox 617 5270 722 5335; x_wconf 43' lang='lat' dir='ltr'><strong>Qui</strong></span> <span class='ocrx_word' id='word_1_759' title='bbox 747 5279 823 5324; x_wconf 90' lang='lat' dir='ltr'><strong>est</strong></span> <span class='ocrx_word' id='word_1_760' title='bbox 847 5271 1022 5341; x_wconf 89' lang='lat' dir='ltr'><strong>imago</strong></span> <span class='ocrx_word' id='word_1_761' title='bbox 1059 5271 1159 5327; x_wconf 87' lang='lat' dir='ltr'><strong>Dei</strong></span> <span class='ocrx_word' id='word_1_762' title='bbox 1184 5271 1459 5328; x_wconf 83' lang='lat' dir='ltr'><strong>invisibilis</strong></span> <span class='ocrx_word' id='word_1_763' title='bbox 1487 5267 1713 5342; x_wconf 79' lang='lat' dir='ltr'><strong>(Coloss.</strong></span> <span class='ocrx_word' id='word_1_764' title='bbox 1739 5268 1801 5342; x_wconf 88' lang='lat'><strong>1).</strong></span> <span class='ocrx_word' id='word_1_765' title='bbox 1829 5269 1898 5324; x_wconf 91' lang='lat' dir='ltr'><strong>Et</strong></span> <span class='ocrx_word' id='word_1_766' title='bbox 1927 5283 2054 5325; x_wconf 84' lang='lat' dir='ltr'><strong>rur-</strong></span> 
     </span>
    </p>
   </div>
   <div class='ocr_carea' id='block_1_101' title="bbox 463 5359 2056 5434">
    <p class='ocr_par' dir='ltr' id='par_1_101' title="bbox 463 5359 2056 5434">
     <span class='ocr_line' id='line_1_102' title="bbox 463 5359 2056 5434; baseline 0 -20"><span class='ocrx_word' id='word_1_767' title='bbox 463 5372 586 5414; x_wconf 76' lang='lat' dir='ltr'><strong>sum</strong></span> <span class='ocrx_word' id='word_1_768' title='bbox 615 5378 628 5414; x_wconf 91' lang='lat'><strong>:</strong></span> <span class='ocrx_word' id='word_1_769' title='bbox 668 5359 796 5432; x_wconf 86' lang='lat' dir='ltr'><strong>Regi</strong></span> <span class='ocrx_word' id='word_1_770' title='bbox 825 5371 1001 5417; x_wconf 88' lang='lat' dir='ltr'><strong>autem</strong></span> <span class='ocrx_word' id='word_1_771' title='bbox 1021 5362 1336 5420; x_wconf 61' lang='lat' dir='ltr'><strong>seculorum</strong></span> <span class='ocrx_word' id='word_1_772' title='bbox 1363 5361 1775 5434; x_wconf 86' lang='lat' dir='ltr'><strong>incorruptibilis</strong></span> <span class='ocrx_word' id='word_1_773' title='bbox 1805 5360 2056 5417; x_wconf 79' lang='lat' dir='ltr'><strong>invisibili</strong></span> 
     </span>
    </p>
   </div>
   <div class='ocr_carea' id='block_1_102' title="bbox 461 5448 2054 5528">
    <p class='ocr_par' dir='ltr' id='par_1_102' title="bbox 461 5448 2054 5528">
     <span class='ocr_line' id='line_1_103' title="bbox 461 5448 2054 5528; baseline 0.003 -24"><span class='ocrx_word' id='word_1_774' title='bbox 461 5448 576 5505; x_wconf 85' lang='lat' dir='ltr'><strong>Deo</strong></span> <span class='ocrx_word' id='word_1_775' title='bbox 605 5448 660 5521; x_wconf 90' lang='grc' dir='ltr'><strong>(Ι</strong></span> <span class='ocrx_word' id='word_1_776' title='bbox 684 5449 820 5507; x_wconf 85' lang='lat' dir='ltr'><strong>Tim.</strong></span> <span class='ocrx_word' id='word_1_777' title='bbox 852 5453 916 5523; x_wconf 85' lang='lat' dir='ltr'><strong>l).</strong></span> <span class='ocrx_word' id='word_1_778' title='bbox 953 5453 1022 5509; x_wconf 84' lang='lat' dir='ltr'><strong>Et</strong></span> <span class='ocrx_word' id='word_1_779' title='bbox 1041 5455 1098 5511; x_wconf 92' lang='lat' dir='ltr'><strong>in</strong></span> <span class='ocrx_word' id='word_1_780' title='bbox 1123 5455 1413 5528; x_wconf 86' lang='lat' dir='ltr'><strong>Evangelio</strong></span> <span class='ocrx_word' id='word_1_781' title='bbox 1439 5456 1703 5526; x_wconf 91' lang='lat' dir='ltr'><strong>scriptum</strong></span> <span class='ocrx_word' id='word_1_782' title='bbox 1727 5461 1812 5510; x_wconf 92' lang='lat' dir='ltr'><strong>est</strong></span> <span class='ocrx_word' id='word_1_783' title='bbox 1840 5471 1855 5508; x_wconf 92' lang='lat'><strong>:</strong></span> <span class='ocrx_word' id='word_1_784' title='bbox 1882 5452 2054 5508; x_wconf 87' lang='lat' dir='ltr'><strong>Deum</strong></span> 
     </span>
    </p>
   </div>
   <div class='ocr_carea' id='block_1_103' title="bbox 462 5546 2054 5625">
    <p class='ocr_par' dir='ltr' id='par_1_103' title="bbox 462 5546 2054 5625">
     <span class='ocr_line' id='line_1_104' title="bbox 462 5546 2054 5625; baseline 0.003 -24"><span class='ocrx_word' id='word_1_785' title='bbox 462 5560 618 5601; x_wconf 72' lang='lat' dir='ltr'><strong>sterno</strong></span> <span class='ocrx_word' id='word_1_786' title='bbox 638 5546 765 5602; x_wconf 82' lang='lat' dir='ltr'><strong>uidit</strong></span> <span class='ocrx_word' id='word_1_787' title='bbox 793 5566 1046 5620; x_wconf 85' lang='lat' dir='ltr'><strong>unquam.</strong></span> <span class='ocrx_word' id='word_1_788' title='bbox 1072 5549 1382 5625; x_wconf 85' lang='lat' dir='ltr'><strong>Unigenitus</strong></span> <span class='ocrx_word' id='word_1_789' title='bbox 1411 5551 1609 5620; x_wconf 86' lang='lat' dir='ltr'><strong>Filius,</strong></span> <span class='ocrx_word' id='word_1_790' title='bbox 1638 5552 1730 5623; x_wconf 90' lang='lat' dir='ltr'><strong>qui</strong></span> <span class='ocrx_word' id='word_1_791' title='bbox 1751 5560 1827 5610; x_wconf 88' lang='lat' dir='ltr'><strong>est</strong></span> <span class='ocrx_word' id='word_1_792' title='bbox 1855 5551 1912 5606; x_wconf 86' lang='lat' dir='ltr'><strong>in</strong></span> <span class='ocrx_word' id='word_1_793' title='bbox 1933 5551 2054 5606; x_wconf 88' lang='lat' dir='ltr'><strong>sinu</strong></span> 
     </span>
    </p>
   </div>
   <div class='ocr_carea' id='block_1_104' title="bbox 464 5633 1404 5718">
    <p class='ocr_par' dir='ltr' id='par_1_104' title="bbox 464 5633 1404 5718">
     <span class='ocr_line' id='line_1_105' title="bbox 464 5633 1404 5718; baseline 0.01 -26"><span class='ocrx_word' id='word_1_794' title='bbox 464 5633 670 5707; x_wconf 83' lang='lat' dir='ltr'><strong>Patris,</strong></span> <span class='ocrx_word' id='word_1_795' title='bbox 696 5640 805 5710; x_wconf 89' lang='lat' dir='ltr'><strong>ipse</strong></span> <span class='ocrx_word' id='word_1_796' title='bbox 833 5645 1099 5700; x_wconf 81' lang='lat' dir='ltr'><strong>enarravit</strong></span> <span class='ocrx_word' id='word_1_797' title='bbox 1128 5643 1311 5718; x_wconf 76' lang='lat' dir='ltr'><strong>(Joan.</strong></span> <span class='ocrx_word' id='word_1_798' title='bbox 1342 5647 1404 5718; x_wconf 91' lang='grc' dir='ltr'><strong>ι).</strong></span> 
     </span>
    </p>
   </div>
   <div class='ocr_carea' id='block_1_105' title="bbox 2163 4709 3759 4784">
    <p class='ocr_par' dir='ltr' id='par_1_105' title="bbox 2163 4709 3759 4784">
     <span class='ocr_line' id='line_1_106' title="bbox 2163 4709 3759 4784; baseline 0.002 -20"><span class='ocrx_word' id='word_1_799' title='bbox 2163 4709 2524 4782; x_wconf 86' lang='lat' dir='ltr'><strong>multipliciter</strong></span> <span class='ocrx_word' id='word_1_800' title='bbox 2579 4711 2849 4783; x_wconf 83' lang='lat' dir='ltr'><strong>ﬂagellas,</strong></span> <span class='ocrx_word' id='word_1_801' title='bbox 2913 4720 2970 4766; x_wconf 90' lang='lat' dir='ltr'><strong>ut</strong></span> <span class='ocrx_word' id='word_1_802' title='bbox 3031 4712 3312 4768; x_wconf 87' lang='lat' dir='ltr'><strong>bonitatem</strong></span> <span class='ocrx_word' id='word_1_803' title='bbox 3365 4721 3514 4766; x_wconf 87' lang='lat' dir='ltr'><strong>tuam</strong></span> <span class='ocrx_word' id='word_1_804' title='bbox 3567 4713 3759 4784; x_wconf 77' lang='lat' dir='ltr'><strong>cogite-</strong></span> 
     </span>
    </p>
   </div>
   <div class='ocr_carea' id='block_1_106' title="bbox 2162 4802 3757 4874">
    <p class='ocr_par' dir='ltr' id='par_1_106' title="bbox 2162 4802 3757 4874">
     <span class='ocr_line' id='line_1_107' title="bbox 2162 4802 3757 4874; baseline 0.001 -18"><span class='ocrx_word' id='word_1_805' title='bbox 2162 4819 2280 4857; x_wconf 88' lang='lat' dir='ltr'><strong>mus</strong></span> <span class='ocrx_word' id='word_1_806' title='bbox 2333 4802 2662 4873; x_wconf 86' lang='lat' dir='ltr'><strong>judicantes,</strong></span> <span class='ocrx_word' id='word_1_807' title='bbox 2706 4812 2756 4859; x_wconf 88' lang='lat' dir='ltr'><strong>et</strong></span> <span class='ocrx_word' id='word_1_808' title='bbox 2797 4820 2916 4860; x_wconf 88' lang='lat' dir='ltr'><strong>cum</strong></span> <span class='ocrx_word' id='word_1_809' title='bbox 2959 4803 3025 4858; x_wconf 90' lang='lat' dir='ltr'><strong>de</strong></span> <span class='ocrx_word' id='word_1_810' title='bbox 3075 4803 3223 4858; x_wconf 90' lang='lat' dir='ltr'><strong>nobis</strong></span> <span class='ocrx_word' id='word_1_811' title='bbox 3257 4802 3543 4873; x_wconf 87' lang='lat' dir='ltr'><strong>judicatur</strong></span> <span class='ocrx_word' id='word_1_812' title='bbox 3587 4818 3757 4874; x_wconf 80' lang='lat' dir='ltr'><strong>sperc-</strong></span> 
     </span>
    </p>
   </div>
   <div class='ocr_carea' id='block_1_107' title="bbox 2161 4895 3757 4969">
    <p class='ocr_par' dir='ltr' id='par_1_107' title="bbox 2161 4895 3757 4969">
     <span class='ocr_line' id='line_1_108' title="bbox 2161 4895 3757 4969; baseline 0.004 -21"><span class='ocrx_word' id='word_1_813' title='bbox 2161 4911 2281 4949; x_wconf 88' lang='lat' dir='ltr'><strong>mus</strong></span> <span class='ocrx_word' id='word_1_814' title='bbox 2322 4896 2742 4952; x_wconf 86' lang='lat' dir='ltr'><strong>misericordiam</strong></span> <span class='ocrx_word' id='word_1_815' title='bbox 2794 4906 2962 4952; x_wconf 84' lang='lat' dir='ltr'><strong>tuam.</strong></span> <span class='ocrx_word' id='word_1_816' title='bbox 3007 4895 3122 4954; x_wconf 82' lang='lat' dir='ltr'><strong>Hoc</strong></span> <span class='ocrx_word' id='word_1_817' title='bbox 3158 4904 3245 4952; x_wconf 87' lang='lat' dir='ltr'><strong>est</strong></span> <span class='ocrx_word' id='word_1_818' title='bbox 3276 4897 3423 4969; x_wconf 90' lang='lat' dir='ltr'><strong>quod</strong></span> <span class='ocrx_word' id='word_1_819' title='bbox 3460 4896 3519 4954; x_wconf 86' lang='lat' dir='ltr'><strong>in</strong></span> <span class='ocrx_word' id='word_1_820' title='bbox 3547 4897 3757 4969; x_wconf 85' lang='lat' dir='ltr'><strong>psalmo</strong></span> 
     </span>
    </p>
   </div>
   <div class='ocr_carea' id='block_1_108' title="bbox 2163 4988 3754 5061">
    <p class='ocr_par' dir='ltr' id='par_1_108' title="bbox 2163 4988 3754 5061">
     <span class='ocr_line' id='line_1_109' title="bbox 2163 4988 3754 5061; baseline -0.001 -17"><span class='ocrx_word' id='word_1_821' title='bbox 2163 4988 2430 5058; x_wconf 84' lang='lat' dir='ltr'><strong>scriptum</strong></span> <span class='ocrx_word' id='word_1_822' title='bbox 2461 4997 2547 5045; x_wconf 89' lang='lat' dir='ltr'><strong>est</strong></span> <span class='ocrx_word' id='word_1_823' title='bbox 2590 5008 2604 5044; x_wconf 90' lang='lat'><strong>:</strong></span> <span class='ocrx_word' id='word_1_824' title='bbox 2656 4989 2830 5045; x_wconf 79' lang='lat' dir='ltr'><strong>Multa</strong></span> <span class='ocrx_word' id='word_1_825' title='bbox 2877 4989 3090 5061; x_wconf 78' lang='lat' dir='ltr'><strong>ﬂagella</strong></span> <span class='ocrx_word' id='word_1_826' title='bbox 3133 4989 3446 5061; x_wconf 87' lang='lat' dir='ltr'><strong>peccatoris,</strong></span> <span class='ocrx_word' id='word_1_827' title='bbox 3486 4998 3754 5059; x_wconf 84' lang='lat' dir='ltr'><strong>sperantes</strong></span> 
     </span>
    </p>
   </div>
   <div class='ocr_carea' id='block_1_109' title="bbox 2167 5081 3751 5154">
    <p class='ocr_par' dir='ltr' id='par_1_109' title="bbox 2167 5081 3751 5154">
     <span class='ocr_line' id='line_1_110' title="bbox 2167 5081 3751 5154; baseline -0.002 -15"><span class='ocrx_word' id='word_1_828' title='bbox 2167 5094 2342 5139; x_wconf 89' lang='lat' dir='ltr'><strong>autem</strong></span> <span class='ocrx_word' id='word_1_829' title='bbox 2384 5085 2440 5139; x_wconf 91' lang='lat' dir='ltr'><strong>in</strong></span> <span class='ocrx_word' id='word_1_830' title='bbox 2487 5083 2714 5140; x_wconf 87' lang='lat' dir='ltr'><strong>Domino</strong></span> <span class='ocrx_word' id='word_1_831' title='bbox 2759 5085 3124 5140; x_wconf 89' lang='lat' dir='ltr'><strong>misericordia</strong></span> <span class='ocrx_word' id='word_1_832' title='bbox 3175 5083 3521 5139; x_wconf 87' lang='lat' dir='ltr'><strong>circumdabit</strong></span> <span class='ocrx_word' id='word_1_833' title='bbox 3580 5081 3751 5154; x_wconf 76' lang='lat' dir='ltr'><strong>(Psal.</strong></span> 
     </span>
    </p>
   </div>
   <div class='ocr_carea' id='block_1_110' title="bbox 2164 5173 3753 5249">
    <p class='ocr_par' dir='ltr' id='par_1_110' title="bbox 2164 5173 3753 5249">
     <span class='ocr_line' id='line_1_111' title="bbox 2164 5173 3753 5249; baseline -0.002 -16"><span class='ocrx_word' id='word_1_834' title='bbox 2164 5176 2341 5249; x_wconf 80' lang='lat' dir='ltr'><strong>xxxi).</strong></span> <span class='ocrx_word' id='word_1_835' title='bbox 2374 5175 2566 5248; x_wconf 85' lang='lat' dir='ltr'><strong>Magna</strong></span> <span class='ocrx_word' id='word_1_836' title='bbox 2593 5177 2737 5233; x_wconf 91' lang='lat' dir='ltr'><strong>enim</strong></span> <span class='ocrx_word' id='word_1_837' title='bbox 2763 5177 3020 5233; x_wconf 88' lang='lat' dir='ltr'><strong>distantia</strong></span> <span class='ocrx_word' id='word_1_838' title='bbox 3055 5184 3141 5233; x_wconf 90' lang='lat' dir='ltr'><strong>est</strong></span> <span class='ocrx_word' id='word_1_839' title='bbox 3166 5176 3311 5231; x_wconf 89' lang='lat' dir='ltr'><strong>inter</strong></span> <span class='ocrx_word' id='word_1_840' title='bbox 3349 5173 3617 5243; x_wconf 87' lang='lat' dir='ltr'><strong>judicium</strong></span> <span class='ocrx_word' id='word_1_841' title='bbox 3648 5174 3753 5230; x_wconf 85' lang='lat' dir='ltr'><strong>ele-</strong></span> 
     </span>
    </p>
   </div>
   <div class='ocr_carea' id='block_1_111' title="bbox 2165 5268 3751 5342">
    <p class='ocr_par' dir='ltr' id='par_1_111' title="bbox 2165 5268 3751 5342">
     <span class='ocr_line' id='line_1_112' title="bbox 2165 5268 3751 5342; baseline -0.003 -15"><span class='ocrx_word' id='word_1_842' title='bbox 2165 5279 2376 5328; x_wconf 91' lang='lat' dir='ltr'><strong>ctorum</strong></span> <span class='ocrx_word' id='word_1_843' title='bbox 2412 5278 2469 5327; x_wconf 90' lang='lat' dir='ltr'><strong>et</strong></span> <span class='ocrx_word' id='word_1_844' title='bbox 2500 5270 2880 5342; x_wconf 85' lang='lat' dir='ltr'><strong>reproborum,</strong></span> <span class='ocrx_word' id='word_1_845' title='bbox 2907 5269 3033 5342; x_wconf 88' lang='lat' dir='ltr'><strong>quia</strong></span> <span class='ocrx_word' id='word_1_846' title='bbox 3061 5269 3182 5326; x_wconf 91' lang='lat' dir='ltr'><strong>illos</strong></span> <span class='ocrx_word' id='word_1_847' title='bbox 3210 5269 3474 5326; x_wconf 89' lang='lat' dir='ltr'><strong>Dominus</strong></span> <span class='ocrx_word' id='word_1_848' title='bbox 3502 5268 3751 5339; x_wconf 80' lang='lat' dir='ltr'><strong>corripit,</strong></span> 
     </span>
    </p>
   </div>
   <div class='ocr_carea' id='block_1_112' title="bbox 2163 5362 3750 5437">
    <p class='ocr_par' dir='ltr' id='par_1_112' title="bbox 2163 5362 3750 5437">
     <span class='ocr_line' id='line_1_113' title="bbox 2163 5362 3750 5437; baseline -0.004 -16"><span class='ocrx_word' id='word_1_849' title='bbox 2163 5375 2225 5421; x_wconf 91' lang='lat' dir='ltr'><strong>ut</strong></span> <span class='ocrx_word' id='word_1_850' title='bbox 2248 5380 2279 5420; x_wconf 93' lang='lat' dir='ltr'><strong>a</strong></span> <span class='ocrx_word' id='word_1_851' title='bbox 2304 5364 2543 5437; x_wconf 87' lang='lat' dir='ltr'><strong>peccatis</strong></span> <span class='ocrx_word' id='word_1_852' title='bbox 2570 5363 2794 5420; x_wconf 82' lang='lat' dir='ltr'><strong>mandet</strong></span> <span class='ocrx_word' id='word_1_853' title='bbox 2816 5371 2872 5418; x_wconf 91' lang='lat' dir='ltr'><strong>et</strong></span> <span class='ocrx_word' id='word_1_854' title='bbox 2897 5379 2930 5420; x_wconf 89' lang='lat' dir='ltr'><strong>a</strong></span> <span class='ocrx_word' id='word_1_855' title='bbox 2952 5362 3100 5418; x_wconf 89' lang='lat' dir='ltr'><strong>vitiis</strong></span> <span class='ocrx_word' id='word_1_856' title='bbox 3119 5370 3390 5428; x_wconf 87' lang='lat' dir='ltr'><strong>coerceat,</strong></span> <span class='ocrx_word' id='word_1_857' title='bbox 3414 5362 3553 5418; x_wconf 89' lang='lat' dir='ltr'><strong>istos</strong></span> <span class='ocrx_word' id='word_1_858' title='bbox 3573 5372 3750 5418; x_wconf 88' lang='lat' dir='ltr'><strong>aute</strong></span> 
     </span>
    </p>
   </div>
   <div class='ocr_carea' id='block_1_113' title="bbox 2163 5457 3748 5530">
    <p class='ocr_par' dir='ltr' id='par_1_113' title="bbox 2163 5457 3748 5530">
     <span class='ocr_line' id='line_1_114' title="bbox 2163 5457 3748 5530; baseline -0.001 -16"><span class='ocrx_word' id='word_1_859' title='bbox 2163 5466 2225 5514; x_wconf 90' lang='lat' dir='ltr'><strong>ut</strong></span> <span class='ocrx_word' id='word_1_860' title='bbox 2251 5457 2516 5530; x_wconf 71' lang='lat' dir='ltr'><strong>superbiae</strong></span> <span class='ocrx_word' id='word_1_861' title='bbox 2537 5466 2594 5515; x_wconf 91' lang='lat' dir='ltr'><strong>et</strong></span> <span class='ocrx_word' id='word_1_862' title='bbox 2615 5457 2857 5528; x_wconf 71' lang='lat' dir='ltr'><strong>perﬁdiae</strong></span> <span class='ocrx_word' id='word_1_863' title='bbox 2897 5471 3008 5514; x_wconf 83' lang='lat' dir='ltr'><strong>suae</strong></span> <span class='ocrx_word' id='word_1_864' title='bbox 3029 5470 3223 5528; x_wconf 74' lang='lat' dir='ltr'><strong>poenas</strong></span> <span class='ocrx_word' id='word_1_865' title='bbox 3266 5457 3436 5521; x_wconf 87' lang='lat' dir='ltr'><strong>luant,</strong></span> <span class='ocrx_word' id='word_1_866' title='bbox 3466 5465 3523 5514; x_wconf 92' lang='lat' dir='ltr'><strong>et</strong></span> <span class='ocrx_word' id='word_1_867' title='bbox 3564 5464 3748 5513; x_wconf 90' lang='lat' dir='ltr'><strong>contra</strong></span> 
     </span>
    </p>
   </div>
   <div class='ocr_carea' id='block_1_114' title="bbox 2165 5547 3748 5618">
    <p class='ocr_par' dir='ltr' id='par_1_114' title="bbox 2165 5547 3748 5618">
     <span class='ocr_line' id='line_1_115' title="bbox 2165 5547 3748 5618; baseline 0 -14"><span class='ocrx_word' id='word_1_868' title='bbox 2165 5547 2563 5604; x_wconf 88' lang='lat' dir='ltr'><strong>dominatorem</strong></span> <span class='ocrx_word' id='word_1_869' title='bbox 2597 5547 2838 5602; x_wconf 88' lang='lat' dir='ltr'><strong>omnium</strong></span> <span class='ocrx_word' id='word_1_870' title='bbox 2865 5560 2925 5602; x_wconf 92' lang='lat' dir='ltr'><strong>se</strong></span> <span class='ocrx_word' id='word_1_871' title='bbox 2970 5560 3275 5618; x_wconf 85' lang='lat' dir='ltr'><strong>repugnare</strong></span> <span class='ocrx_word' id='word_1_872' title='bbox 3305 5562 3411 5603; x_wconf 92' lang='lat' dir='ltr'><strong>non</strong></span> <span class='ocrx_word' id='word_1_873' title='bbox 3463 5561 3624 5618; x_wconf 88' lang='lat' dir='ltr'><strong>posse</strong></span> <span class='ocrx_word' id='word_1_874' title='bbox 3662 5561 3748 5603; x_wconf 89' lang='lat' dir='ltr'><strong>co-</strong></span> 
     </span>
    </p>
   </div>
   <div class='ocr_carea' id='block_1_115' title="bbox 2164 5637 3746 5711">
    <p class='ocr_par' dir='ltr' id='par_1_115' title="bbox 2164 5637 3746 5711">
     <span class='ocr_line' id='line_1_116' title="bbox 2164 5637 3746 5711; baseline -0.001 -17"><span class='ocrx_word' id='word_1_875' title='bbox 2164 5648 2444 5708; x_wconf 82' lang='lat' dir='ltr'><strong>gnoscant.</strong></span> <span class='ocrx_word' id='word_1_876' title='bbox 2495 5637 2646 5694; x_wconf 84' lang='lat' dir='ltr'><strong>Felix</strong></span> <span class='ocrx_word' id='word_1_877' title='bbox 2685 5638 2885 5709; x_wconf 89' lang='lat' dir='ltr'><strong>quippe</strong></span> <span class='ocrx_word' id='word_1_878' title='bbox 2929 5645 3013 5693; x_wconf 92' lang='lat' dir='ltr'><strong>est</strong></span> <span class='ocrx_word' id='word_1_879' title='bbox 3053 5640 3144 5710; x_wconf 90' lang='lat' dir='ltr'><strong>qui</strong></span> <span class='ocrx_word' id='word_1_880' title='bbox 3181 5639 3234 5693; x_wconf 92' lang='lat' dir='ltr'><strong>in</strong></span> <span class='ocrx_word' id='word_1_881' title='bbox 3272 5637 3567 5711; x_wconf 89' lang='lat' dir='ltr'><strong>judicando</strong></span> <span class='ocrx_word' id='word_1_882' title='bbox 3605 5652 3746 5694; x_wconf 87' lang='lat' dir='ltr'><strong>sem-</strong></span> 
     </span>
    </p>
   </div>
   <div class='ocr_carea' id='block_1_116' title="bbox 2163 5727 3746 5801">
    <p class='ocr_par' dir='ltr' id='par_1_116' title="bbox 2163 5727 3746 5801">
     <span class='ocr_line' id='line_1_117' title="bbox 2163 5727 3746 5801; baseline -0.001 -17"><span class='ocrx_word' id='word_1_883' title='bbox 2163 5746 2262 5800; x_wconf 86' lang='lat' dir='ltr'><strong>per</strong></span> <span class='ocrx_word' id='word_1_884' title='bbox 2290 5729 2543 5800; x_wconf 89' lang='lat' dir='ltr'><strong>pietatem</strong></span> <span class='ocrx_word' id='word_1_885' title='bbox 2581 5738 2740 5801; x_wconf 91' lang='lat' dir='ltr'><strong>atque</strong></span> <span class='ocrx_word' id='word_1_886' title='bbox 2766 5729 3064 5786; x_wconf 89' lang='lat' dir='ltr'><strong>bonitatem</strong></span> <span class='ocrx_word' id='word_1_887' title='bbox 3081 5727 3282 5799; x_wconf 88' lang='lat' dir='ltr'><strong>judicis</strong></span> <span class='ocrx_word' id='word_1_888' title='bbox 3306 5729 3391 5784; x_wconf 88' lang='lat' dir='ltr'><strong>sui</strong></span> <span class='ocrx_word' id='word_1_889' title='bbox 3417 5736 3544 5785; x_wconf 87' lang='lat' dir='ltr'><strong>ante</strong></span> <span class='ocrx_word' id='word_1_890' title='bbox 3563 5727 3746 5786; x_wconf 77' lang='lat' dir='ltr'><strong>oculos</strong></span> 
     </span>
    </p>
   </div>
   <div class='ocr_carea' id='block_1_117' title="bbox 2164 5822 3744 5893">
    <p class='ocr_par' dir='ltr' id='par_1_117' title="bbox 2164 5822 3744 5893">
     <span class='ocr_line' id='line_1_118' title="bbox 2164 5822 3744 5893; baseline 0.002 -14"><span class='ocrx_word' id='word_1_891' title='bbox 2164 5823 2335 5893; x_wconf 89' lang='lat' dir='ltr'><strong>ponit,</strong></span> <span class='ocrx_word' id='word_1_892' title='bbox 2379 5831 2432 5880; x_wconf 87' lang='lat' dir='ltr'><strong>et</strong></span> <span class='ocrx_word' id='word_1_893' title='bbox 2463 5822 2604 5880; x_wconf 90' lang='lat' dir='ltr'><strong>sicut</strong></span> <span class='ocrx_word' id='word_1_894' title='bbox 2649 5822 2749 5879; x_wconf 91' lang='lat' dir='ltr'><strong>sibi</strong></span> <span class='ocrx_word' id='word_1_895' title='bbox 2792 5838 2822 5879; x_wconf 92' lang='lat' dir='ltr'><strong>a</strong></span> <span class='ocrx_word' id='word_1_896' title='bbox 2855 5822 3087 5880; x_wconf 88' lang='lat' dir='ltr'><strong>Domino</strong></span> <span class='ocrx_word' id='word_1_897' title='bbox 3124 5823 3369 5881; x_wconf 87' lang='lat' dir='ltr'><strong>misereri</strong></span> <span class='ocrx_word' id='word_1_898' title='bbox 3421 5822 3554 5889; x_wconf 90' lang='lat' dir='ltr'><strong>vult,</strong></span> <span class='ocrx_word' id='word_1_899' title='bbox 3587 5823 3665 5881; x_wconf 87' lang='lat' dir='ltr'><strong>sic</strong></span> <span class='ocrx_word' id='word_1_900' title='bbox 3687 5827 3744 5882; x_wconf 81' lang='lat' dir='ltr'><strong>et</strong></span> 
     </span>
    </p>
   </div>
  </div>
