4030 6472
246 315 357 375 730

1095 311 1447 371 COMMENT.
1486 311 1555 369 ΙΝ
1591 310 1851 371 LIBRUM
1890 310 2296 371 SAPIENTIE.
2333 341 2408 355 -—-
2442 311 2572 369 LIB.
2610 312 2699 369 lli.

3409 319 3518 380 730

248 428 764 520 ipsealiismiserert
788 441 896 484 non
921 427 1201 520 detrectet,
1224 429 1346 498 quia
1363 427 1624 500 judicium
1651 429 1701 484 ei
1716 426 1834 485 sine
1858 436 1909 497 Α
1935 430 2056 502 plus
2085 429 2283 486 mortui
2308 439 2537 501 possunt
2573 444 2738 501 quam
2776 429 2909 497 vivi,
2944 436 3002 486 et
3046 431 3246 489 mortui
3271 434 3515 506 potiores

248 518 653 589 misericordia,
705 520 797 591 qui
842 536 949 577 non
1008 519 1138 576 facit
1186 520 1632 576 misericordiam.
1686 518 1837 575 Beati

247 615 392 672 enim
426 610 809 678 misericordes,
848 609 1100 682 quoniam
1140 609 1241 680 ipsi
1276 608 1689 664 misericordiam
1714 625 1837 665 con-

247 713 538 779 sequentur
562 701 780 778 (Hatth.
803 701 921 774 vn).
1018 733 1026 739 -

329 815 481 873 Unde
508 826 557 873 et
603 814 709 871 illis
732 816 821 887 qui
865 814 1072 887 inﬁnita
1105 832 1203 870 sua
1246 815 1508 870 insensate
1553 823 1603 869 et
1641 813 1837 885 injuste

248 911 515 979 vixerunt,
556 925 650 982 per
674 909 786 965 haec
814 924 931 980 qua:
959 907 1232 964 coluerunt
1257 906 1445 961 dedisti
1481 922 1687 962 summa
1728 916 1838 961 tor-

248 1016 452 1074 menta,
482 1007 671 1062 etenim
691 1006 748 1060 in
788 1006 981 1062 erroris
1013 1006 1098 1060 via
1132 1004 1330 1060 diutius
1360 1014 1684 1069 erraverunt,
1713 1004 1837 1061 deos

250 1098 576 1155 wstimantes
600 1099 711 1153 haec
735 1100 862 1169 qua:
888 1098 943 1152 in
970 1096 1286 1153 animalibus
1322 1106 1444 1153 sunt
1481 1114 1833 1169 supervacua,

248 1172 519 1261 infantum
543 1189 928 1244 insensatorum
948 1205 1090 1243 more
1115 1188 1356 1255 viventes,
1380 1198 1591 1261 propter
1612 1190 1840 1243 hoctan-

249 1298 414 1353 quam
439 1281 616 1351 pueris
639 1279 919 1335 insensatis
952 1278 1219 1350 judicium
1262 1280 1319 1334 in
1356 1279 1585 1334 derisum
1626 1278 1834 1333 dedisti.

250 1372 451 1429 Merito
479 1372 556 1428 illi
583 1371 675 1443 qui
701 1373 756 1428 in
784 1373 898 1427 vita
927 1386 1024 1427 sua
1055 1369 1255 1439 injuste
1285 1378 1341 1425 et
1390 1369 1665 1427 insensate
1691 1370 1839 1427 vixe-

252 1471 405 1531 runt,
430 1477 527 1535 per
551 1463 667 1523 haec
692 1478 813 1535 quae
842 1462 1125 1518 coluerunt
1160 1462 1502 1518 sustinebant
1535 1469 1800 1517 tormenta
1819 1502 1834 1528 ,

250 1564 310 1611 et
339 1555 525 1613 divino
541 1553 749 1626 judicio
772 1570 898 1610 cum
923 1552 1180 1610 nolebant
1207 1542 1544 1611 conditorem
1573 1568 1730 1608 suum
1753 1567 1839 1608 co-

250 1662 518 1719 gnoscere
535 1655 697 1720 atque
718 1647 984 1719 condigne
1006 1648 1299 1712 honorare,
1320 1643 1505 1700 traditi
1526 1652 1654 1700 sunt
1676 1644 1730 1699 in
1754 1659 1838 1699 re-

249 1740 481 1809 probum
512 1754 755 1807 sensum,
786 1747 845 1795 ut
872 1738 1115 1795 facerent
1138 1753 1204 1794 ea
1233 1753 1354 1809 quae
1377 1752 1482 1794 non
1510 1736 1840 1793 conveniunt

1935 533 2062 579 sunt
2093 523 2248 588 vivis,
2283 538 2314 577 a
2341 523 2465 578 vivo
2489 523 2635 579 enim
2679 523 2791 580 Deo
2817 523 3134 581 recedentes
3166 525 3398 583 mortuis
3434 526 3518 583 fa-

1934 622 2083 681 vent,
2116 615 2170 670 in
2199 628 2430 684 quorum
2462 628 2712 681 numero,
2754 616 2893 672 sicut
2928 616 3188 688 scriptum
3232 625 3334 683 est,
3364 617 3518 674 Mor-

1878 780 1879 783 η
1935 708 2056 765 talis
2084 718 2349 764 mortuum
2388 709 2542 781 fingit
2576 702 2821 764 manibus
2855 708 3048 782 iniquis
3074 709 3228 781 (Sap.
3274 709 3402 782 xv);
3434 710 3518 767 sic

1934 801 2079 857 enim
2102 801 2201 856 Dei
2230 798 2569 871 majestatem
2608 808 2664 857 et
2692 800 2921 871 gloriam
2964 801 3301 867 minuerunt,
3340 811 3401 856 ut
3421 801 3521 857 ho-

1936 906 2055 946 rum
2100 906 2219 962 quae
2266 890 2490 946 minima
2520 898 2578 946 et
2625 902 2791 961 parva
2831 896 2979 958 sunt,
3027 890 3368 946 similitudini
3421 890 3520 947 Dei

1936 981 2405 1037 honoriﬁcentiam
2428 981 2644 1037 darent.
2671 979 2841 1035 Primi
2864 979 3009 1034 enim
3039 979 3320 1052 Babylonii
3346 980 3517 1036 Deum

1936 1082 2291 1141 vocaverunt,
2347 1074 2666 1144 ﬁgmentum
2719 1072 3229 1151 Belianuondam
3285 1072 3522 1128 hominis

1937 1165 2156 1232 mortui,
2180 1166 2275 1236 qui
2316 1165 2680 1236 principatum
2724 1165 2781 1220 in
2825 1178 2920 1220 eos
2959 1164 3160 1219 dicitur
3194 1165 3389 1235 egisse.
3416 1163 3521 1220 Co-

1936 1260 2154 1317 luerunt
2175 1266 2229 1313 et
2256 1266 2562 1328 serpentem
2589 1258 2902 1323 draconem,
2932 1272 3092 1327 quem
3139 1255 3329 1311 Daniel
3358 1257 3520 1311 homo

1937 1349 2035 1407 Dei
2085 1349 2307 1416 occidit,
2347 1347 2501 1419 cujus
2550 1348 2962 1428 similitudinem
3009 1348 3232 1403 habent.
3279 1345 3520 1418 Egyptii

1939 1449 2116 1498 autem
2138 1440 2423 1497 coluerunt
2442 1441 2866 1511 quadrupedem,
2881 1456 3045 1510 quem
3060 1441 3313 1496 dicebant
3328 1439 3519 1510 Apem,

1937 1534 1994 1589 in
2045 1532 2451 1589 similitudinem
2482 1546 2683 1588 vaccze.
2713 1530 2868 1599 Quod
2913 1530 3117 1587 malum
3158 1530 3401 1586 imitatus
3439 1537 3525 1585 est

1937 1622 2249 1690 Jerohoam,
2281 1639 2474 1679 vaccas
2508 1623 2787 1679 instruens
2812 1622 2869 1677 in
2921 1621 3169 1677 Samaria
3191 1621 3389 1691 quibus
3436 1634 3525 1676 sa-

1941 1713 2251 1770 criﬁcarent
2296 1712 2486 1779 Judaei,
2529 1720 2585 1768 et
2605 1711 2877 1779 volucres,
2918 1711 3046 1782 quia
3085 1710 3339 1766 coracina
3365 1722 3523 1764 sacra

249 1832 600 1891 contumeliis
628 1830 923 1889 allicientes
945 1845 1176 1901 corpora
1200 1821 1300 1887 sua
1337 1831 1393 1885 in
1424 1828 1752 1900 semetipsis,
1780 1827 1837 1882 in
1864 1819 1913 1880 B
1941 1809 2142 1864 habent
2176 1806 2389 1901 essent
2418 1806 2641 1901 ﬂatum
2668 1814 2852 1901 tamen
2889 1804 3142 1901 013nm":
3177 1817 3358 1901 τθωξξι
3386 1814 3526 1871 quas

246 1939 362 1998 quo
381 1931 437 1980 et
460 1923 549 1979 hic
579 1923 990 1994 turpitudinem,
1018 1930 1073 1977 et
1106 1921 1161 1977 in
1188 1920 1373 1978 futuro
1405 1920 1706 1977 cruciatum
1734 1920 1834 1976 ha-

149 2024 160 2033 ’
246 2019 449 2079 herent
472 2028 754 2075 aeternum.
781 2016 948 2087 Cujus
969 2016 1051 2072 rei
1080 2016 1355 2089 apostolus
1394 2014 1593 2071 Paulus
1629 2014 1682 2069 in
1712 2014 1838 2085 Epi-

248 2112 394 2170 stula
419 2126 516 2167 sua
543 2111 610 2166 ad
634 2109 910 2166 Romanos
936 2109 1161 2181 exponit
1184 2109 1468 2164 veritatem
1502 2108 1575 2162 ita
1601 2107 1790 2162 dicens
1818 2124 1832 2162 :

251 2199 541 2258 Revelatur
591 2203 727 2257 enim
778 2202 862 2255 ira
911 2199 1011 2254 Dei
1072 2199 1139 2254 de
1189 2194 1315 2254 cailo
1370 2200 1426 2254 in
1480 2214 1683 2253 onmem
1744 2198 1837 2251 im-

247 2296 500 2368 pietatem
525 2304 575 2350 et
601 2293 915 2365 injustitiam
943 2292 1214 2347 hominum
1240 2306 1421 2346 eorum
1452 2290 1541 2361 qui
1567 2290 1837 2344 veritatem

250 2387 313 2443 in
330 2385 644 2457 injustitiam
672 2385 923 2450 detinent,
949 2384 1074 2455 quia
1095 2382 1235 2454 quod
1277 2390 1459 2437 notum
1486 2390 1563 2435 est
1590 2379 1689 2435 Dei
1717 2396 1837 2435 ma-

252 2476 503 2548 nifestum
529 2486 605 2531 est
634 2475 689 2529 in
708 2474 835 2530 illis.
867 2473 1009 2530 Deus
1037 2473 1177 2529 enim
1208 2472 1314 2527 illis
1343 2470 1715 2543 manifestavit.
1740 2468 1838 2524 In-

251 2568 483 2626 risibilia
525 2568 662 2625 enim
686 2567 851 2638 ipsius
892 2583 926 2621 a
974 2574 1218 2621 creatura
1250 2561 1435 2619 mundi
1490 2580 1583 2636 per
1622 2580 1685 2618 ea
1723 2578 1841 2633 qua:

253 2662 403 2733 facta
426 2667 547 2716 sunt
573 2657 835 2715 intellecta
859 2657 1283 2729 conspiciuntur:
1304 2654 1619 2726 sempiterna
1638 2669 1842 2726 quoque

253 2754 426 2809 uirtus
446 2752 563 2824 ejus
583 2760 631 2808 et
654 2750 924 2818 divinitas,
954 2750 1031 2804 ita
1054 2758 1111 2803 ut
1138 2748 1243 2803 sint
1272 2745 1676 2813 inexcusabiles,
1716 2745 1843 2817 quia

255 2865 380 2904 cum
416 2847 770 2919 cognouissent
809 2844 1001 2912 Deum,
1030 2858 1135 2897 non
1161 2842 1297 2897 sicut
1321 2839 1492 2895 Deum
1517 2837 1843 2911 gloriﬁcave-

258 2947 408 3003 runt,
438 2946 529 2991 aut
571 2937 772 3009 gratias
803 2942 1051 3007 egerunt;
1080 2932 1171 2988 sed
1196 2939 1517 2987 evanuerunt
1546 2931 1605 2984 in
1646 2930 1846 3001 cogita-

256 3028 486 3084 tionibus
523 3027 654 3094 suis,
688 3036 736 3083 et
768 3026 1102 3082 obscuratum
1143 3032 1218 3079 est
1246 3038 1337 3077 cor
1359 3022 1612 3093 insipiens
1641 3036 1840 3076 eorum.

260 3120 502 3177 Dicentes
528 3121 667 3176 enim
705 3137 761 3175 se
801 3135 911 3175 esse
938 3117 1196 3190 sapientes
1215 3157 1231 3184 ,
1265 3115 1413 3170 stulti
1444 3114 1573 3186 [acti
1605 3121 1764 3179 sunt,
1796 3120 1846 3166 et

1939 1899 2237 1955 memoravi
2273 1897 2563 1954 simulacra
2602 1896 2886 1951 coluerunt
2905 1892 3166 1966 Egyptii,
3195 1900 3252 1948 et
3275 1891 3380 1945 alia
3407 1903 3528 1960 qua:

1939 2006 2084 2046 nunc
2113 1990 2293 2046 dicere
2332 2003 2440 2044 non
2479 1994 2564 2043 est
2585 2000 2828 2042 necesse.
2853 1984 2981 2040 Hinc
2997 1982 3067 2039 ab
3094 1983 3182 2038 his
3220 1980 3363 2036 facta
3399 1986 3527 2035 sunt

1939 2085 2033 2156 qui
2056 2083 2329 2155 sapientes
2351 2097 2409 2138 sc
2439 2081 2853 2137 mstimaverunt
2883 2079 2938 2135 in
2963 2076 3198 2144 mundo;
3221 2076 3349 2146 quia
3373 2073 3523 2129 enim

1940 2173 2269 2233 invisibilem
2296 2174 2468 2228 Deum
2515 2187 2625 2228 non
2671 2171 3081 2227 honoraverunt
3121 2168 3228 2225 ista
3253 2164 3524 2232 faciendo,

1939 2280 2041 2322 nec
2054 2264 2122 2320 de
2146 2265 2233 2320 his
2255 2279 2375 2336 qua:
2394 2263 2633 2320 visibilia
2660 2271 2787 2319 sunt
2815 2269 2965 2318 recte
2986 2274 3178 2331 sapere
3201 2262 3522 2331 potuerunt.

2014 2357 2118 2425 Qui
2145 2366 2319 2412 autem
2348 2355 2593 2411 ludibriis
2622 2363 2670 2410 et
2694 2353 3142 2426 increpationibus
3171 2366 3277 2406 non
3303 2347 3528 2419 correpti

1940 2461 2094 2518 sunt,
2131 2451 2345 2523 dignum
2384 2448 2483 2504 Dei
2511 2448 2778 2519 judicium
2799 2445 2998 2518 experti
3033 2452 3175 2498 sunt.
3208 2441 3411 2511 Utique
3433 2436 3529 2509 qui

1939 2559 2041 2616 per
2064 2541 2275 2614 ﬂagella
2314 2540 2410 2596 Dei
2445 2540 2716 2611 castigati,
2747 2536 2981 2595 correcti
3006 2550 3117 2592 non
3159 2541 3308 2600 sunt,
3339 2530 3529 2588 condi-

1943 2652 2103 2710 gnam
2122 2648 2338 2708 poenam
2361 2632 2725 2690 damnationis
2751 2630 3136 2703 experti‘sunt;
3166 2627 3235 2683 ad
3256 2619 3359 2681 hoc
3382 2623 3529 2680 enim

1942 2731 2085 2787 Deus
2113 2728 2336 2799 corripit
2361 2734 2422 2782 ut
2448 2725 2722 2790 emendet,
2752 2724 2943 2779 nolens
2973 2732 3301 2793 quemquam
3326 2715 3527 2788 perire,

1943 2824 2071 2897 quia
2085 2838 2275 2881 omnes
2297 2821 2545 2879 homines
2568 2819 2682 2875 vult
2699 2818 2876 2874 salvos
2893 2830 3032 2881 esse,
3046 2821 3102 2870 et
3115 2813 3183 2868 ad
3202 2810 3532 2883 agnitionem

1946 2918 2192 2973 veritatis
2214 2915 2519 2988 pervenire.
2558 2912 2661 2981 Qui
2709 2909 3165 2979 autem‘ingratus
3204 2912 3288 2960 est
3323 2901 3418 2958 Dei
3451 2898 3535 2953 vi-

1947 2996 2230 3073 sitatione,
2270 3013 2324 3061 et
2359 3019 2458 3075 per
2491 3002 2885 3074 impatientiam
2916 2997 3107 3054 incidit
3134 2996 3189 3050 in
3222 3004 3532 3049 murmura-

1948 3102 2151 3158 tionem
2171 3140 2186 3167 ,
2217 3100 2283 3156 de
2326 3098 2611 3170 temporali
2648 3094 2859 3166 ﬂagello
2898 3093 2968 3148 ad
3006 3096 3277 3146 tormenta
3319 3084 3535 3142 ducitur

259 3224 592 3271 mutaverunt
630 3213 852 3286 gloriam
894 3181 1309 3284 incorruptibilis
1341 3181 1466 3275 Dei,
1503 3208 1560 3262 in
1598 3204 1844 3261 similitu-
1871 3188 1917 3252 C
1946 3201 2229 3286 perpetua,
2260 3189 2383 3286 ideo
2407 3200 2461 3248 et
2489 3190 2556 3246 de
2579 3189 2770 3286 iisdem
2796 3185 2977 3256 impiis
3006 3181 3384 3286 subjun‘gitur:

259 3306 438 3361 dinem
473 3306 719 3378 imaginis
760 3303 1114 3377 corruptibilis
1152 3300 1400 3368 hominis,
1429 3309 1477 3355 et
1505 3298 1773 3355 uolucrum
1795 3303 1846 3350 et

258 3400 684 3472 quadrupedum,
737 3411 784 3455 et
830 3406 1149 3470 serpentum.
1188 3394 1412 3468 Propter
1444 3392 1585 3467 quod
1626 3388 1847 3446 tradidit

259 3491 387 3548 illos
417 3491 558 3547 Deus
574 3493 631 3546 in
650 3491 907 3547 desideria
935 3491 1108 3548 cordis
1134 3505 1316 3546 eorum
1345 3489 1402 3543 in
1433 3483 1847 3550 immunditiam,

261 3592 324 3639 ut
351 3582 680 3639 contumeliis
704 3583 927 3654 afﬁciant
957 3598 1179 3654 corpora
1199 3597 1299 3635 sua
1326 3580 1383 3634 in
1417 3576 1727 3647 semetipsis,
1757 3572 1849 3645 qui

263 3682 712 3729 commutaverunt
732 3675 998 3730 veritatem
1021 3672 1117 3728 Dei
1143 3672 1199 3726 in
1222 3669 1572 3734 mendacium,
1602 3677 1651 3723 et
1676 3665 1851 3721 colue-

262 3774 390 3820 runt
419 3774 469 3819 et
496 3766 784 3821 seruierunt
817 3775 1074 3821 creatura:
1100 3765 1277 3837 potius
1303 3779 1463 3835 quam
1476 3760 1735 3826 Creatori,
1761 3757 1853 3831 qui

262 3865 341 3912 cst
378 3855 676 3912 benedictus
710 3858 767 3912 in
806 3855 1025 3913 saecula.
1085 3854 1253 3910 Amen
1281 3851 1455 3927 (Rom.
1496 3850 1562 3925 ι.)
1615 3848 1707 3906 Sic
1756 3848 1854 3905 ob-

264 3955 531 4004 caecatum
565 3956 650 4006 est
693 3963 789 4006 cor
830 3947 1046 4006 illorum
1076 3956 1139 4003 ut
1180 3947 1525 4019 majestatem
1560 3941 1854 3999 invisibilis

265 4037 390 4108 Dei,
420 4054 582 4113 quem
613 4055 682 4097 ex
725 4040 813 4097 his
848 4041 1007 4099 factis
1063 4046 1428 4112 agnoverant,
1476 4052 1583 4094 non
1618 4033 1856 4092 homini-

266 4134 394 4203 bus,
437 4137 531 4194 sed
563 4137 707 4208 quod
745 4136 903 4208 pejus
939 4143 1025 4194 est
1048 4132 1415 4192 inexcusabile
1439 4132 1647 4190 crimen
1678 4130 1734 4186 in
1775 4128 1853 4185 si-

266 4226 631 4285 militudinem
654 4229 938 4285 hominum
967 4234 1264 4295 mutarent,
1293 4235 1357 4283 ut
1383 4224 1559 4281 forma
1586 4219 1857 4291 corrupti-

266 4319 399 4381 bilis
423 4322 661 4379 hominis
690 4323 834 4380 Deus
861 4322 929 4378 ab
972 4321 1059 4377 his
1084 4328 1331 4386 vocetur,
1373 4318 1478 4373 hoc
1502 4323 1605 4381 est,
1637 4311 1859 4370 simula-

268 4424 427 4471 crum
451 4412 712 4480 hominis,
738 4421 801 4469 ut
826 4427 963 4484 quos
985 4412 1137 4468 vivos
1160 4409 1379 4466 nomine
1406 4407 1499 4464 Dei
1526 4407 1728 4463 donare
1748 4418 1857 4459 non

268 4502 494 4572 audent,
545 4511 883 4560 mortuorum
928 4502 1191 4575 imagines
1241 4501 1296 4557 in
1326 4498 1553 4570 gloriam
1580 4496 1676 4552 Dei
1721 4493 1859 4551 reci-

2019 3283 2090 3340 In
2132 3284 2214 3340 his
2253 3284 2391 3340 enim
2426 3298 2544 3355 qua:
2577 3279 2910 3352 patiebantur
2936 3275 3147 3331 moleste
3180 3271 3448 3343 ferebant,
3479 3267 3537 3322 in

1948 3379 2136 3452 quibus
2162 3378 2416 3450 patientes
2450 3373 2884 3446 indignabantur,
2924 3385 3017 3441 per
3062 3367 3174 3422 hinc
3214 3380 3343 3437 quos
3380 3368 3536 3433 puta-

1951 3473 2075 3527 bant
2121 3470 2245 3526 deos
2269 3511 2284 3536 ,
2336 3469 2394 3524 in
2439 3468 2567 3539 ipsis
2608 3481 2727 3521 cum
2761 3462 3235 3519 exterminarentur
3283 3453 3537 3521 uidentes,

1951 3568 2124 3632 illum,
2166 3580 2319 3638 quem
2357 3561 2483 3618 olim
2520 3560 2777 3632 negabant
2817 3573 2872 3612 se
2920 3570 3094 3621 nosse,
3138 3551 3307 3606 Deum
3357 3559 3539 3638 verunt

1952 3634 2316 3732 agnoverunt;
2370 3663 2581 3729 propter
2630 3651 2769 3725 quod
2796 3658 2863 3706 .et
2904 3648 3028 3718 finis
3094 3634 3543 3699 condemnationis

1953 3731 2167 3811 illorum
2194 3752 2380 3809 ueniet.
2415 3749 2614 3806 Misera
2637 3743 2911 3819 gentilitas
2935 3755 3097 3812 quam
3123 3737 3216 3794 diu
3240 3731 3399 3791 idolis
3419 3743 3537 3787 ser-

1954 3847 2158 3913 viebat,
2188 3845 2304 3900 haec
2328 3842 2497 3900 etiam
2534 3853 2722 3896 errore
2747 3836 2933 3893 delusa
2956 3834 3087 3890 deos
3110 3843 3233 3887 esse
3255 3825 3543 3899 putabant,

1956 3954 2189 4010 quorum
2233 3933 2676 4010 persuasionibus
2723 3929 3121 3988 seduoebantur
3145 3964 3161 3992 ,
3215 3930 3272 3979 et
3321 3925 3546 3992 propter

1956 4019 2060 4086 hoc
2110 4028 2340 4084 diversis
2393 4025 2569 4098 poenis
2620 4021 3013 4078 adiciebantur.
3072 4015 3228 4074 Unde
3278 4020 3334 4068 et
3372 4025 3441 4066 ex
3478 4022 3545 4098 ea

1954 4119 2176 4192 plurimi
2220 4097 2610 4175 Deumverum
2632 4129 2795 4186 quem
2830 4119 2989 4167 antea
3032 4109 3090 4165 in
3128 4102 3408 4163 beneficiis
3433 4097 3549 4192 suis

1959 4191 2182 4270 credere
2208 4209 2517 4274 noluerunt,
2547 4208 2693 4264 hunc
2717 4205 2793 4276 ‘tin
2808 4202 3014 4274 judicio
3030 4197 3180 4269 justo
3200 4191 3544 4267 postmodum

1959 4304 2384 4374 omnipotentem
2410 4304 2769 4371 agnoverunt.
2795 4293 2919 4351 Non
2944 4291 3093 4347 enim
3111 4294 3326 4359 poterat
3351 4285 3543 4349 latere,

1960 4411 2124 4468 quem
2165 4401 2377 4451 constat
2412 4390 2654 4446 omnium
2699 4387 3094 4444 dominatorem
3128 4394 3271 4445 esse,
3301 4377 3428 4448 quia
3450 4380 3547 4429 aut

1961 4492 2051 4547 hic
2097 4504 2196 4563 per
2230 4486 2622 4560 paenitentiam]
2646 4479 2926 4539 conversis
2969 4471 3405 4534 misericordiam
3447 4468 3549 4523 im-

268 4596 447 4669 piant.
474 4562 691 4666 Quanta
714 4597 998 4670 aegritudo,
1028 4562 1230 4667 quanta
1260 4562 1490 4649 stultitia
1517 4590 1617 4646 hos
1649 4587 1858 4658 sapien-
1881 4563 1938 4623 Ῑ)
1960 4585 2169 4658 pendit,
2208 4590 2300 4638 aut
2347 4596 2445 4652 per
2485 4577 2796 4670 superbiam
2839 4568 3232 4631 rebellantibus
3263 4565 3321 4623 in
3362 4562 3548 4620 futuro

272 4698 358 4748 tes
406 4690 677 4763 appellare
716 4691 786 4747 ad
843 4704 998 4746 suam
1050 4684 1453 4744 damnationem
1510 4679 1655 4754 apud
1719 4693 1856 4751 quos

1963 4691 2182 4749 ptenam
2213 4673 2404 4730 tribuit
2428 4668 2835 4741 sempiternam.

272 4802 3549 4881 Μ

1486 4995 1789 5077 LIBER
1857 4988 2343 5073 TERTIUS.

796 5254 1023 5317 CAPUT
1052 5250 1345 5312 PRIMUM.

276 5378 357 5437 De
385 5375 705 5435 idololatria:
722 5389 918 5430 errore.
943 5370 1096 5440 Quod
1122 5369 1224 5440 ipsi
1244 5364 1544 5440 idololatrce
1570 5369 1863 5440 quaerentes

346 5453 407 5507 in
438 5449 694 5531 creaturis
729 5437 1053 5530 Qreatorcm,
1095 5437 1152 5499 si
1178 5437 1398 5506 vellent,
1429 5439 1541 5510 ipso
1576 5437 1864 5508 adjuvante

350 5529 559 5595 possent
580 5529 832 5575 inuenire.

352 5634 503 5707 (CAP.
554 5632 699 5707 xm.)
753 5630 890 5688 Vani
922 5639 1042 5686 sunt
1081 5638 1257 5684 autent
1302 5640 1479 5681 omnes
1522 5624 1779 5690 homines,
1810 5623 1867 5676 in

276 5728 470 5801 quibus
501 5743 604 5782 non
630 5727 800 5782 subest
822 5725 1040 5799 scientia
1061 5722 1181 5777 Dei.
1209 5719 1268 5776 Si
1290 5727 1469 5774 autem
1494 5717 1747 5773 universa
1774 5729 1871 5770 va-

278 5820 426 5882 nitas
452 5827 539 5879 est
566 5820 744 5879 omnis
780 5819 941 5878 homo
967 5817 1175 5885 vivens,
1202 5823 1405 5886 quanto
1433 5810 1618 5885 magis
1638 5808 1713 5866 illi
1742 5807 1869 5865 vani

1971 5253 2121 5314 sunt,
2154 5243 2248 5316 qui
2273 5248 2577 5299 creatorem
2604 5250 2763 5296 suum
2786 5248 2896 5292 non
2917 5232 3238 5305 agnoscunt.
3278 5224 3416 5282 Vani
3434 5230 3557 5316 sunt

1970 5350 2147 5396 autem
2170 5315 2360 5393 omnes
2393 5334 2657 5400 homines,
2694 5331 2750 5386 in
2791 5327 2976 5400 quibus
3007 5340 3113 5380 non
3136 5320 3309 5377 subest
3335 5315 3558 5374 scientia

1972 5431 2092 5495 Dei,
2124 5430 2228 5504 hoc
2255 5435 2359 5495 est,
2392 5426 2558 5482 timor
2582 5431 2638 5480 et
2664 5417 2967 5477 reverentia
2996 5414 3114 5471 Dei.
3148 5412 3301 5470 Unde
3331 5425 3429 5483 per
3454 5405 3562 5465 Job

1972 5525 2172 5581 dicitur
2210 5540 2223 5578 :
2267 5521 2405 5577 Ecce
2441 5521 2598 5575 timor
2634 5513 2881 5579 Domini,
2910 5512 3026 5582 ipsa
3064 5517 3140 5565 est
3176 5503 3469 5568 sapientia,
3507 5503 3561 5557 et

1974 5613 2210 5670 recedere
2237 5630 2271 5666 a
2311 5609 2453 5666 malo
2493 5605 2838 5677 intelligentia
2880 5599 3025 5676 (Job.
3076 5605 3289 5667 nvm).
3331 5590 3562 5649 Recedit

1974 5708 2122 5765 enim
2149 5723 2181 5761 a
2216 5705 2382 5770 malo,
2407 5702 2501 5773 qui
2542 5699 2747 5756 recedit
2786 5698 2853 5752 ab
2878 5696 3147 5753 idolorum
3175 5689 3359 5754 cultu;
3402 5686 3559 5740 timet

1977 5804 2171 5870 Deum,
2202 5799 2296 5873 qui
2323 5794 2576 5856 mandata
2608 5793 2728 5868 ejus
2764 5789 3019 5849 custodit.
3059 5785 3282 5843 Initium
3308 5778 3446 5839 enim
3471 5788 3560 5833 sa-
