4030 6534
545 364 645 421 ’751

1189 365 1248 418 Β.
1291 361 1543 417 RABANI
1581 360 1797 416 MAURI
1836 356 2153 414 ARCHIEP.
2196 356 2505 414 MOGUNT.
2550 357 2835 415 OPERUM
2878 358 3060 415 PARS
3096 359 3137 414 l.

3708 352 3842 412 732

545 484 753 553 pientis!
783 482 938 532 timor
973 478 1221 543 Domini,
1255 475 1543 531 intellectus
1581 475 1743 529 bonus
1772 474 2010 527 omnibus
2046 473 2131 542 fa—
2156 480 2209 540 Α
2233 473 2409 526 ciosas
2438 470 2866 540 speciosissimus
2895 479 2949 526 et
2987 465 3453 540 splendidissimus
3494 480 3846 537 agnoscere-

546 570 801 625 cientibus
824 584 943 621 eum
970 565 1146 639 (Psal.
1176 570 1306 636 ενι).

620 660 687 715 Et
715 660 780 715 de
805 659 886 714 bis
911 675 1027 729 qum
1056 659 1298 713 videntur
1327 659 1461 712 bona
1493 674 1596 711 non
1623 664 1904 727 potuerunt
1938 654 2134 710 intelli-

542 767 663 823 gere
685 767 804 806 eum
829 751 917 821 qui
950 759 1044 805 est.
1086 749 1166 804 Ex
1197 749 1353 805 bonis
1390 748 1645 818 operibus
1674 748 1816 802 enim
1842 754 2137 816 potuerunt

534 857 872 915 cognoscere
912 843 1116 897 bonum
1163 839 1449 905 artificem,
1494 840 1584 909 qui
1620 838 1840 909 proprie
1878 847 1982 903 est,
2007 838 2136 908 quia

543 947 757 1004 semper
785 932 1142 987 immutabilis
1175 939 1278 997 est,
1311 932 1402 1000 qui
1442 931 1588 985 solus
1617 930 1781 984 habet
1817 927 2137 983 immortali-

543 1022 727 1089 latem,
760 1030 816 1077 et
848 1021 1024 1076 lucem
1059 1021 1267 1076 habitat
1307 1020 1769 1085 inaccessibilem;
1799 1019 1891 1090 qui
1925 1033 2138 1088 semper

544 1112 687 1167 idem
707 1119 811 1177 est,
834 1119 887 1165 et
913 1109 1070 1179 cujus
1100 1111 1227 1166 anni
1254 1125 1530 1180 nunquam
1550 1110 1834 1165 deﬁcient:
1864 1110 1955 1179 qui
1981 1117 2137 1163 teter-

543 1217 648 1258 nus
674 1210 729 1257 et
753 1203 1097 1272 omnipotens
1126 1202 1243 1257 sine
1270 1202 1444 1268 initio,
1471 1210 1526 1257 et
1562 1203 1680 1257 sine
1706 1203 1810 1256 line
1838 1216 2053 1272 semper
2082 1200 2137 1254 in

543 1310 604 1349 se
640 1308 884 1359 manens,
911 1295 1206 1350 secundum
1236 1294 1567 1349 voluntatem
1594 1310 1746 1351 suam
1784 1296 1921 1365 regit
1950 1310 2014 1348 ac
2042 1310 2139 1366 gu-

543 1384 739 1441 bernat
767 1386 982 1452 omnia;
1029 1386 1254 1456 proinde
1279 1387 1492 1461 vanitas
1527 1387 1813 1449 hominum
1839 1387 2137 1440 vanissima

488 1470 497 1479 ’
545 1482 655 1542 est,
685 1475 779 1545 qui
812 1484 1091 1531 creaturas
1115 1491 1216 1547 pro
1248 1484 1495 1532 creatore
1524 1488 1869 1532 venerantur.
1904 1476 2056 1532 Unde
2085 1484 2140 1531 et

547 1566 801 1637 sequitur
843 1609 855 1622 .

619 1658 803 1731 Neque
839 1661 1081 1731 operibus
1120 1661 1443 1716 attendentes
1483 1672 1802 1732 agnoverunt
1846 1662 1962 1732 quis
2007 1669 2138 1715 esset

543 1750 761 1821 artifex,
786 1752 877 1807 sed
903 1762 994 1806 aut
1020 1752 1212 1824 ignem,
1236 1763 1329 1807 aut
1356 1755 1617 1825 spiritum,
1661 1764 1753 1808 aut
1794 1756 2009 1808 citatum
2045 1770 2134 1808 ae-

2239 577 2324 621 tur
2369 575 2600 631 creator,
2645 566 2739 621 sed
2771 571 3104 620 evanuerunt
3145 562 3199 616 in
3237 558 3653 631 cogitationibus
3682 560 3841 626 suis,

2238 668 2291 715 et
2319 658 2597 730 elegerunt
2625 656 2828 712 servire
2864 664 3130 711 creaturae
3157 653 3341 723 potius
3368 666 3532 723 quam
3559 651 3846 719 creatori,

2238 752 2331 821 qui
2354 758 2438 807 est
2462 749 2775 805 benedictus
2804 749 2858 802 in
2888 746 3103 817 saecula.
3131 744 3249 801 Non
3284 752 3496 799 tantum
3522 757 3651 815 ergo
3676 742 3848 797 veri-

2238 850 2369 906 tate,
2403 841 2496 897 sed
2524 839 2688 895 etiam
2726 838 2907 893 verbis
2942 838 3055 893 suis
3095 838 3476 902 revincuntur;
3514 836 3657 891 siut
3682 836 3847 889 enim

2239 935 2430 989 domus
2459 934 2515 987 in
2542 946 2700 987 usum
2741 930 3019 985 habitandi
3062 928 3203 984 facta
3243 942 3342 999 per
3375 942 3435 983 se
3468 926 3610 983 nihil
3643 926 3847 991 sentit,

2241 1025 2566 1094 dominoque
2614 1022 2854 1093 subjecta
2887 1029 2972 1076 est
3007 1020 3099 1091 qui
3141 1034 3262 1074 eam
3301 1017 3431 1072 iecit
3473 1024 3570 1072 aut
3622 1014 3846 1081 incolit,

2240 1119 2317 1174 ita
2342 1116 2573 1172 mundus
2592 1131 2690 1186 per
2716 1129 2774 1170 se
2794 1112 2926 1168 nihil
2950 1112 3192 1167 sentiens
3217 1110 3411 1166 factori
3432 1108 3548 1164 Deo
3564 1106 3845 1175 subiacet,

2241 1209 2335 1280 qui
2383 1223 2506 1263 eum
2550 1207 2604 1260 in
2645 1219 2802 1260 usum
2844 1203 2926 1259 sui
2981 1202 3127 1259 fecit.
3178 1200 3391 1272 Duplici
3439 1213 3572 1269 ergo
3624 1197 3849 1251 ratione

2240 1308 2491 1370 peccator
2527 1297 2596 1352 ab
2630 1294 3024 1368 insipientibus,
3072 1293 3310 1364 primum
3351 1291 3498 1360 quod
3536 1288 3846 1353 elementa,

2242 1391 2297 1445 id
2325 1397 2428 1455 est,
2478 1388 2571 1443 Dei
2600 1402 2763 1458 opera
2806 1386 2915 1440 Deo
2956 1383 3272 1455 praeferunt,
3300 1380 3503 1437 deinde
3541 1378 3692 1449 quod
3732 1376 3847 1433 ele-

2242 1489 2544 1537 mentorum
2592 1479 2832 1549 ipsorum
2873 1476 3074 1549 figuras
3114 1475 3352 1530 humana
3382 1474 3566 1546 specie
3592 1484 3850 1540 compro-

2243 1573 2440 1627 hensas
2474 1569 2677 1633 colunt,
2716 1582 2840 1623 nam
2878 1567 3009 1622 solis
3044 1566 3291 1636 lunasque
3317 1563 3611 1621 simulacra
3641 1563 3846 1619 hum-

2240 1679 2370 1718 num
2393 1663 2447 1717 in
2473 1663 2692 1716 modum
2722 1658 2983 1724 formant,
3010 1657 3139 1712 item
3166 1657 3307 1727 ignis
3337 1663 3393 1711 et
3432 1663 3599 1710 terra
3622 1661 3684 1709 et
3724 1668 3842 1708 ma-

2241 1753 2319 1808 ris
2356 1768 2476 1822 quae
2530 1750 2865 1815 Vulcanum,
2920 1748 3143 1805 Vestam
3169 1788 3183 1814 ,
3240 1747 3551 1817 Neptunum
3615 1752 3839 1800 vocant.

544 1858 676 1908 rem,
713 1850 806 1897 aut
831 1859 1015 1913 gyrum
1049 1842 1343 1909 stellarum,
1393 1854 1483 1898 aut
1526 1845 1742 1899 nimiam
1789 1862 2000 1916 aquam,
2044 1854 2136 1899 aut
2165 1840 2213 1900 B
2241 1842 2415 1898 Tanta
2444 1840 2691 1908 homines
2720 1839 3014 1910 imaginum
3042 1838 3312 1909 cupiditas
3359 1845 3533 1903 tenet,
3572 1844 3640 1891 ut
3678 1837 3841 1891 etiam

544 1932 708 1988 solem
733 1943 783 1987 et
813 1932 1014 1999 lunam,
1049 1944 1272 1988 rectores
1312 1934 1450 1988 orbis
1480 1944 1737 1989 terrarum
1775 1936 1898 1990 deos
1929 1946 2141 2007 putave-

546 2031 692 2078 runt.
716 2024 820 2079 Alii
855 2025 1003 2080 enim
1034 2026 1214 2094 ignem
1257 2041 1358 2097 pro
1394 2028 1615 2081 numine
1655 2028 1931 2094 colebant,
1978 2045 2140 2100 quem

545 2116 887 2186 appellabant
931 2118 1265 2184 Vulcanum;
1319 2118 1408 2172 alii
1465 2120 1725 2174 aetherem
1771 2120 1885 2175 sive
1933 2136 2137 2188 aerem,

544 2223 709 2278 quem
755 2210 1145 2279 nuncupabant
1194 2208 1380 2264 Jovem
1431 2218 1524 2264 aut
1569 2210 1869 2278 lunonem;
1923 2212 2012 2267 alii
2061 2213 2141 2267 ni-

545 2299 712 2354 miam
732 2315 947 2369 aquam,
982 2316 1147 2372 quam
1173 2302 1477 2372 Neptunum
1512 2304 1899 2369 nominabant;
1930 2304 2019 2359 alii
2048 2322 2140 2377 gy-

543 2404 668 2444 rum
697 2391 1001 2457 stellarum,
1026 2393 1118 2462 qui
1147 2409 1178 2448 a
1216 2395 1445 2450 diversis
1486 2395 1673 2466 ﬁguris
1702 2396 2015 2451 animalium
2042 2414 2140 2467 po-

542 2481 771 2539 sitiones
794 2492 850 2539 et
877 2499 1072 2540 cursus
1096 2486 1493 2542 distribuebant
1516 2497 1821 2553 astrorum;
1853 2489 1943 2543 alii
1960 2490 2138 2553 solem

522 2586 643 2641 pro
660 2573 791 2629 Deo
828 2576 1250 2641 venerabantur,
1283 2592 1443 2646 quem
1491 2577 1755 2633 Phoebum
1805 2594 1899 2634 seu
1937 2580 2139 2650 Apolli-

542 2677 667 2716 nem
695 2665 993 2731 vocabant;
1036 2665 1128 2720 alii
1174 2666 1378 2733 lunam,
1423 2684 1585 2738 quam
1634 2669 1861 2724 Dianam
1898 2673 2140 2727 vocitare

542 2752 808 2809 solebant.
840 2754 958 2809 Tali
992 2757 1143 2811 enim
1179 2772 1366 2813 errore
1404 2758 1637 2830 decepti,
1680 2761 1933 2817 virtutem
1965 2763 2139 2817 omni-

544 2842 785 2911 potentis
808 2843 898 2900 dei
924 2844 1075 2901 falsis
1101 2845 1373 2916 ligmentis
1401 2850 1514 2903 suis
1545 2850 1912 2918 ascribebant,
1936 2861 1995 2907 ut
2019 2853 2139 2922 qui-

542 2934 665 2989 dam
693 2943 974 3003 poetarum
998 2937 1279 3007 gentilium
1304 2939 1478 2995 tribus
1505 2942 1752 2998 versibus
1778 2942 1853 2997 ita
1882 2944 2138 2999 termina-

526 3035 631 3080 ret
653 3026 843 3082 dicens
866 3045 881 3082 :

727 3124 821 3192 'l‘ot
838 3138 1046 3192 nurnero
1066 3128 1252 3192 talique
1270 3127 1407 3180 Deus
1431 3129 1689 3181 simulacra
1721 3132 1891 3192 ﬁguris

734 3186 971 3257 [inposuit
992 3190 1135 3257 caelo,
1164 3186 1350 3257 perque
1375 3199 1506 3257 atras
1530 3206 1695 3257 sparsa
1720 3186 1975 3257 ténebras,

727 3248 867 3300 Clara
889 3254 1097 3303 ruinosae
1108 3248 1257 3316 jussit
1271 3248 1403 3303 'dare
1428 3248 1610 3305 lumina
1635 3258 1782 3306 nocti.

538 3327 694 3395 Quod
722 3331 769 3385 si
803 3330 922 3386 ﬁeri
951 3348 1058 3387 non
1086 3342 1265 3404 potest
1295 3342 1352 3389 ut
1390 3336 1559 3392 stella:
1602 3338 1674 3393 dii
1708 3338 1837 3406 sint,
1868 3354 1999 3410 ergo
2036 3356 2136 3396 nec

540 3418 621 3473 sol
648 3419 864 3489 quidem
889 3437 954 3478 ac
977 3422 1106 3478 luna
1137 3425 1209 3480 dii
1237 3440 1358 3481 esse
1401 3436 1644 3497 possunt,
1678 3430 1934 3499 quoniam
1976 3430 2135 3486 lumi-

541 3512 700 3566 nibus
729 3521 1023 3582 astrorum,
1056 3532 1164 3572 non
1194 3518 1405 3573 ratione
1440 3518 1715 3587 diti‘erunt,
1746 3522 1840 3576 sed
1867 3522 2134 3593 magnitu-

532 3600 685 3653 dine.
720 3600 873 3668 Quod
899 3603 954 3657 si
972 3604 1052 3658 dii
1082 3620 1189 3659 non
1219 3614 1346 3661 sunt
1374 3607 1454 3673 hi,
1486 3624 1617 3679 ergo
1654 3624 1754 3665 nec
1783 3610 1981 3664 coelum
2012 3611 2131 3680 qui-

541 3688 686 3754 dem,
718 3689 773 3743 in
818 3706 927 3761 quo
958 3691 1046 3745 illa
1074 3695 1256 3748 omnia
1295 3699 1661 3753 continentur.
1687 3697 1861 3753 Simili
1895 3701 2053 3755 modo
2088 3701 2134 3756 si

540 3788 687 3835 tam
732 3797 894 3853 quam
937 3785 1228 3854 calcamus,
1259 3804 1423 3859 quam
1469 3792 1770 3863 subigimus
1801 3801 1857 3847 et
1903 3794 2133 3850 colimus

539 3873 608 3928 ad
630 3872 856 3942 victum,
872 3876 1005 3932 deus
1027 3892 1137 3932 non
1157 3885 1261 3946 est,
1285 3895 1385 3937 nec
1400 3883 1575 3952 campi
1596 3882 1816 3952 quidem
1831 3898 1894 3939 ac
1920 3893 2131 3941 montes

636 3972 828 4031 erunt;
853 3966 900 4021 si
925 3967 982 4022 hi
1008 3966 1084 4022 dii
1102 3982 1213 4023 non
1235 3977 1382 4036 sunt,
1410 3984 1540 4041 ergo
1569 3986 1670 4026 nec
1692 3971 1854 4028 tellus
1875 3974 2130 4030 universa

540 4056 674 4110 deus
705 4057 878 4113 videri
905 4068 1104 4130 potest.
1134 4060 1269 4117 Item
1299 4063 1343 4117 si
1370 4077 1510 4133 aqua
1540 4078 1660 4133 quze
1697 4066 1862 4121 servit
1890 4067 2133 4123 animan-

536 4146 684 4202 tibus
703 4147 771 4203 ad
794 4163 952 4204 usum
978 4150 1198 4207 bibendi
1221 4160 1314 4207 aut
1343 4153 1555 4209 lavandi
1598 4156 1730 4212 deus
1758 4172 1865 4212 non
1893 4165 1997 4223 est,
2028 4173 2129 4215 nec

538 4234 715 4293 fontes
742 4238 960 4309 quidem
987 4254 1056 4297 ex
1081 4241 1280 4312 quibus
1315 4258 1456 4315 aqua
1489 4245 1726 4315 proﬂuit.
1757 4244 1813 4302 Si
1843 4246 2022 4304 fontes
2054 4248 2129 4304 dii

532 4342 644 4384 non
670 4339 952 4397 sunt,'nec
983 4333 1207 4391 ﬁumina
1238 4336 1457 4407 quidem
1485 4353 1606 4409 quae
1651 4341 1720 4396 de
1758 4341 1998 4398 fontibus
2026 4342 2131 4398 col-

532 4418 794 4492 liguntur.
822 4422 882 4478 Si
907 4422 1128 4482 ﬂumina
1159 4442 1378 4501 quoque
1403 4429 1475 4485 dii
1506 4446 1614 4486 non
1644 4440 1789 4497 sunt,
1820 4449 1949 4504 ergo
1977 4449 2128 4489 mare

526 4516 678 4584 quod
700 4531 768 4572 ex
792 4517 1106 4577 ﬂuminibus
1133 4531 1347 4579 constat
1387 4524 1522 4579 deus
1548 4524 1737 4581 haberi
1781 4542 1888 4582 non
1923 4533 2122 4597 potest.

2239 1935 2431 1991 viliora
2461 1936 2727 1991 ducantur
2751 1933 2842 1989 illa
2868 1948 2987 2002 qua:
3030 1947 3155 1986 rara
3203 1941 3348 1995 sunt,
3385 1946 3523 1987 auro
3553 1930 3843 1986 scilicetet

2239 2028 2465 2099 gemmis
2499 2035 2555 2081 et
2586 2028 2750 2083 ebore
2777 2025 3137 2090 delectantur,
3177 2024 3369 2080 horum
3400 2023 3760 2093 pulchritudo
3780 2037 3843 2078 ac

2239 2121 2386 2175 nitor
2405 2118 2721 2190 perstringit
2742 2117 2948 2183 oculos,
2972 2131 3073 2173 nec
3094 2115 3260 2171 ullam
3283 2115 3607 2187 religionem
3625 2124 3839 2185 putant,

2241 2211 2547 2280 ubicunque
2598 2210 2688 2265 illa
2739 2225 2848 2265 non
2893 2207 3183 2264 fulserunt.
3229 2208 3417 2277 Itaque
3463 2207 3572 2264 sub
3616 2206 3840 2263 obtutu

2239 2307 2465 2363 deorum
2493 2305 2721 2361 avaritia
2763 2313 2817 2361 et
2847 2304 3117 2375 cupiditas
3156 2302 3374 2368 colitur,
3418 2301 3662 2357 credunt
3700 2301 3840 2355 esum

2239 2399 2368 2457 deos
2411 2414 2596 2455 amare
2643 2398 2907 2469 quidquid
2958 2396 3059 2469 ipsi
3110 2395 3528 2466 concupiscunt,
3580 2392 3840 2463 quidquid

2238 2501 2325 2547 est
2364 2500 2591 2561 propter
2638 2489 2783 2560 quod
2809 2487 2956 2544 furta
2986 2499 3041 2543 et
3075 2486 3367 2543 homicidia
3392 2485 3690 2541 latrocinia
3714 2498 3843 2555 quo-

2240 2579 2372 2635 tidie
2408 2581 2671 2646 serviunt,
2701 2588 2923 2651 propter
2950 2579 3093 2650 quod
3134 2577 3276 2634 bella
3316 2592 3415 2648 per
3448 2585 3629 2632 totum
3654 2574 3841 2631 urbem

2238 2672 2462 2742 populos
2497 2673 2771 2742 urbesque
2816 2672 3161 2727 subvertunt.
3194 2669 3530 2725 Consecrant
3569 2683 3711 2741 ergo
3745 2666 3845 2725 dus

2239 2764 2527 2819 manubias
2547 2773 2603 2818 et
2628 2763 2845 2833 rapinas
2868 2778 3014 2828 suas,
3041 2777 3179 2832 quos
3206 2770 3355 2816 certe
3374 2774 3609 2816 necesse
3629 2768 3722 2817 est
3744 2760 3841 2815 im-

2238 2856 2459 2913 becilles
2484 2871 2626 2923 esse,
2651 2872 2715 2913 ac
2743 2870 2968 2912 summae
2996 2855 3216 2910 virtutis
3250 2854 3589 2923 inexpertes,
3626 2854 3679 2907 si
3714 2852 3841 2908 sub-

2232 2947 2364 3020 jecti
2392 2958 2518 3004 sunt
2538 2949 2952 3019 cupiditatibus:
2985 2962 3086 3002 cur
3112 2946 3258 3001 enim
3284 2943 3540 3001 cmiestes
3565 2958 3667 2999 eos
3689 2950 3840 3015 prite-

2238 3057 2383 3108 mus,
2426 3042 2473 3096 si
2515 3041 2829 3097 desiderant
2868 3038 3073 3110 aliquid
3114 3054 3183 3094 ex
3212 3036 3394 3092 terra?
3432 3035 3522 3090 vel
3556 3035 3776 3101 beatos,
3799 3034 3841 3091 si

2238 3136 2419 3205 aliqua
2452 3152 2512 3191 re
2541 3135 2815 3207 indigent?
2849 3133 2935 3189 vel
2965 3134 3327 3203 incorruptos,
3367 3131 3413 3185 si
3458 3128 3734 3199 voluptati
3755 3130 3839 3184 ha-

2163 3202 2208 3265 c
2238 3202 2369 3286 bent
2412 3246 2478 3285 ea
2514 3231 2569 3285 in
2612 3202 2810 3299 quibus
2855 3226 3173 3298 appetendis
3238 3224 3511 3296 cupiditas
3563 3223 3837 3280 hminum

2237 3338 2346 3378 non
2374 3323 2644 3377 immerito
2669 3320 3003 3377 damnatur?

2871 3410 3102 3468 CAPUT
3140 3410 3204 3466 ll.

2766 3502 3017 3574 Sequitur
3036 3514 3094 3557 ut
3123 3518 3305 3574 supra.

2310 3595 2413 3654 Sed
2443 3609 2618 3652 tamen
2654 3598 2709 3652 in
2754 3596 2834 3651 his
2864 3597 3039 3650 adhuc
3075 3596 3252 3649 minor
3285 3604 3361 3655 est
3403 3592 3644 3664 querela.
3688 3590 3761 3647 Et
3786 3592 3833 3645 lu'

2234 3690 2373 3744 enim
2410 3689 2649 3759 fortassis
2677 3698 2852 3743 errant
2882 3685 3053 3742 Deum
3087 3694 3382 3756 quaerentes
3409 3695 3458 3738 et
3490 3682 3725 3740 volentes
3756 3684 3834 3738 in-

2232 3782 2427 3835 uenire.
2477 3779 2687 3834 Etenim
2732 3795 2850 3833 cum
2896 3778 2953 3832 in
2994 3776 3237 3847 operibus
3267 3774 3409 3830 illius
3440 3784 3834 3841 conuersentur,

2234 3874 2527 3945 inquirunt,
2572 3882 2621 3926 et
2666 3887 2977 3943 persuasum
3024 3869 3213 3924 habent
3250 3869 3507 3938 quamam
3536 3868 3679 3923 bona
3719 3874 3834 3922 sunt

2232 3984 2351 4037 ante
2382 3968 2573 4022 rident.
2614 3964 2818 4020 Iterum
2862 3973 3038 4019 autem
3076 3979 3171 4017 nec
3208 3963 3291 4017 his
3335 3962 3485 4017 debet
3522 3960 3751 4032 ignosci.
3776 3957 3835 4017 Si

2234 4064 2370 4119 enim
2396 4072 2602 4118 tantum
2623 4068 2904 4133 potuerunt
2938 4060 3072 4115 scire
3111 4067 3166 4113 ut
3204 4067 3415 4130 possent
3440 4059 3717 4113 (retinuere
3742 4070 3835 4112 sc-

2233 4156 2433 4221 utum,
2453 4153 2716 4227 quomodo
2741 4152 2902 4223 hujus
2929 4151 3214 4207 Dominum
3244 4148 3458 4220 facilius
3489 4165 3597 4204 non
3624 4149 3831 4203 inuene-

2233 4258 2355 4304 runt
2371 4249 2397 4302 γ
2418 4246 2590 4318 Hujus
2612 4246 2715 4303 ioci
2738 4244 3153 4302 similitudinem
3178 4244 3381 4300 Paulus
3401 4241 3682 4314 apostolus
3701 4242 3830 4298 scri-

2230 4342 2367 4398 bens
2392 4344 2461 4397 ad
2482 4343 2755 4397 Romanos
2780 4341 2836 4395 in
2864 4338 3104 4410 Epistola
3131 4354 3250 4405 sua,
3283 4338 3426 4393 sicut
3441 4336 3557 4406 jam
3580 4336 3829 4406 super-ius

2231 4433 2585 4497 ostendimus,
2623 4430 2896 4501 expressit
2938 4430 3127 4485 dicens
3170 4448 3183 4483 :
3240 4428 3521 4484 Reuelatttr
3561 4429 3705 4482 una
3754 4429 3826 4481 ira

2230 4524 2331 4579 Dei
2368 4525 2433 4578 de
2469 4524 2596 4579 cwlo
2634 4540 2793 4595 super
2835 4539 3040 4578 omnem
3069 4523 3388 4595 impietatem
3426 4530 3475 4575 et
3508 4520 3823 4591 iniustitiam

528 4576 689 4673 oues
715 4608 761 4662 si
789 4623 967 4680 neque
985 4576 1421 4684 mssa..."
1431 4576 1990 4687 ;;.1.;,‘;.:.‘,..;;.:.:.;
2003 4576 2126 4688 ξιῖέ
2149 4576 2206 4638 Β
2229 4576 2724 4683 ἷιιὲτὶιίὴὲιηὶζρδτὲιὶιί
2740 4576 3126 4688 ausuri-tuen
3144 4576 3244 4669 2;..-
3256 4576 3322 4669 ἑά
3348 4576 3672 4684 injustitiant
3692 4612 3822 4667 ces-

535 4697 720 4752 mnndi
748 4706 933 4769 partes
960 4712 1102 4768 sunt,
1134 4704 1207 4759 dii
1234 4720 1358 4761 esse
1388 4716 1636 4776 possunt,
1680 4724 1810 4780 ergo
1838 4724 1939 4764 nec
1961 4726 2123 4765 mun-

534 4787 635 4843 dus
662 4790 877 4860 quidem
904 4801 1051 4851 totus
1076 4794 1220 4853 Deus
1249 4805 1353 4864 est,
1375 4814 1534 4868 quem
1564 4801 1705 4855 idem
1735 4801 1834 4871 ipsi
1868 4800 2036 4857 Stoici
2068 4812 2124 4858 et

533 4880 865 4937 animantem
909 4872 965 4939 et
1009 4886 1309 4956 sapientem
1344 4902 1465 4944 esse
1512 4891 1864 4958 contendunt,
1905 4901 1959 4948 et
1994 4910 2125 4965 pro-

529 4979 718 5043 pterea
753 4974 922 5035 Deum
952 4976 1006 5031 in
1032 4992 1143 5048 quo
1171 4985 1279 5033 tam
1304 4979 1675 5038 inconstantes
1704 4982 1923 5042 fuerunt
1952 4996 2012 5042 ut
2042 4990 2125 5043 ni-

530 5061 609 5118 hil
657 5065 725 5139 ab
768 5067 855 5124 his
895 5068 1101 5125 dictum
1148 5069 1241 5140 sit,
1288 5072 1433 5142 quod
1480 5088 1588 5129 non
1633 5076 1701 5130 ab
1734 5075 1923 5132 iisdem
1962 5077 2123 5134 fuerit

530 5167 779 5212 eversum
787 5198 802 5213 .

600 5252 843 5319 Quorum
866 5256 916 5309 si
939 5258 1110 5327 specie
1145 5255 1387 5313 delectati
1418 5257 1544 5313 deos
1588 5268 1923 5329 putauerunt,
1950 5264 2121 5319 sciant

520 5353 726 5415 quanto
767 5346 848 5401 bis
893 5346 1195 5403 dominator
1237 5365 1418 5404 eorum
1456 5351 1741 5420 speciosior
1783 5362 1891 5419 est;
1933 5355 2120 5424 speciei

522 5436 669 5493 enim
696 5447 971 5507 generator
992 5440 1105 5494 hac
1146 5441 1323 5496 omnia
1357 5443 1644 5497 constituit.
1672 5443 1775 5498 Aut
1802 5444 1847 5499 si
1878 5445 2120 5500 uirtutem

522 5536 581 5583 et
606 5543 763 5597 opera
788 5545 970 5584 eorum
995 5531 1175 5587 mirati
1207 5542 1352 5601 sunt,
1392 5533 1688 5607 intelligant
1714 5536 1779 5590 ab
1818 5537 1964 5608 ipsis,
1992 5554 2122 5609 quo-

528 5618 675 5674 niam
699 5619 790 5690 qui
811 5620 923 5675 hac
949 5624 1217 5678 constituit
1246 5625 1436 5695 fortior
1454 5635 1531 5681 est
1557 5626 1680 5693 illis,
1704 5646 1737 5682 a
1761 5630 2119 5700 magnitudine

524 5712 671 5771 enim
699 5713 889 5783 speciei
919 5723 968 5769 et
996 5726 1252 5773 creatura:
1278 5718 1695 5790 cognoscibiliter
1718 5724 1907 5792 poterit
1930 5723 2117 5778 horum

517 5818 738 5869 mater
774 5808 955 5867 videri.
996 5808 1228 5882 Dignum
1250 5821 1395 5870 esset
1416 5813 1546 5893 quia
1574 5826 1674 5887 per
1699 5823 1978 5875 creaturas
1997 5832 2119 5889 spe-

2224 4717 2385 4773 nent,
2427 4709 2553 4778 quia
2580 4708 2718 4780 quod
2767 4716 2949 4762 notum
2983 4715 3059 4761 est
3084 4705 3222 4772 Dei,
3268 4704 3604 4774 manifestum
3648 4713 3731 4757 est
3774 4704 3820 4754 in

2225 4796 2355 4865 illis,
2385 4798 2526 4853 Deus
2565 4800 2701 4852 enim
2739 4797 2845 4852 illis
2896 4796 3271 4867 manifestavit.
3306 4793 3603 4849 Invisibilia
3638 4792 3817 4847 etenim

2223 4891 2419 4962 ejus,a
2465 4902 2707 4946 creatura
2754 4891 2937 4946 mundi
2976 4907 3070 4961 per
3116 4907 3180 4945 ea
3226 4904 3343 4960 quae
3392 4888 3535 4958 facta
3575 4897 3700 4942 sunt
3748 4887 3817 4939 in-

2222 4978 2429 5039 tellecta
2478 4983 2889 5053 conspiciuntur,
2931 4983 3245 5053 sempiterna
3275 4996 3482 5052 quoque
3515 4979 3684 5033 virtus
3711 4977 3814 5049 ejus

2226 5083 2276 5130 et
2318 5073 2585 5138 divinitas,
2618 5076 2691 5127 ita
2720 5084 2775 5127 ut
2804 5075 2907 5129 sint
2940 5070 3319 5127 inexcusabiles
3370 5069 3552 5143 (Rom.
3602 5071 3669 5141 ι).
3721 5069 3814 5124 Νο-

2223 5167 2343 5222 ιὶιία
2366 5167 2466 5222 Dei
2505 5165 2791 5221 manifesta
2835 5174 2919 5221 est
2967 5181 3035 5221 ex
3069 5163 3256 5220 mundi
3296 5163 3523 5219 fabrica.
3558 5163 3630 5220 Ut
3678 5163 3811 5219 enim

2225 5263 2392 5328 Deus,
2419 5261 2510 5332 qui
2545 5270 2738 5315 natura
2764 5258 3052 5315 invisibilis
3070 5266 3177 5324 est,
3203 5261 3369 5313 etiam
3395 5257 3626 5314 visibilis
3648 5255 3810 5329 possit

2220 5355 2376 5422 sciri,
2408 5369 2541 5423 opus
2570 5352 2769 5407 factum
2800 5350 2869 5405 ab
2897 5366 2963 5406 eo
2996 5358 3101 5417 est,
3138 5348 3278 5420 quod
3315 5348 3567 5420 opiﬁcem
3594 5346 3810 5403 visibili-

2224 5458 2335 5505 tate
2363 5464 2458 5504 sua
2483 5445 2878 5511 manifestaret,
2908 5456 2968 5500 ut
2988 5459 3087 5516 per
3111 5451 3320 5499 certum
3345 5443 3617 5498 incertum
3642 5437 3809 5513 possit

2223 5542 2392 5608 sciri;
2421 5550 2481 5595 ut
2525 5556 2623 5611 per
2661 5541 2764 5595 hoc
2793 5536 2938 5609 quod
2966 5536 3178 5592 caeteris
3217 5533 3555 5606 impossibile
3579 5542 3686 5599 est,
3722 5531 3806 5588 ille

2208 5649 2345 5710 esse
2383 5634 2527 5689 Deus
2558 5632 2801 5687 omnium
2827 5629 3161 5695 crederetur,
3201 5628 3297 5699 qui
3342 5627 3449 5682 hoc
3485 5640 3624 5697 opus
3647 5622 3804 5690 fecit;

2220 5724 2301 5781 ita
2324 5732 2387 5780 ut
2412 5723 2523 5779 sint
2550 5719 2977 5779 inexcusabiles:
3014 5719 3143 5791 quia
3173 5733 3338 5791 quem
3356 5732 3480 5775 esse
3509 5726 3569 5774 et
3597 5710 3805 5789 operati

2218 5816 2295 5881 ad
2336 5813 2626 5879 utilitatem
2671 5829 2825 5875 suam
2870 5826 2982 5872 non
3019 5811 3354 5884 ignorarent,
3402 5826 3471 5870 ea
3510 5809 3655 5869 enim
3686 5817 3804 5883 qu
