4030 6470
261 300 371 356 133

1081 290 1432 349 COMMENT.
1476 290 1540 344 IN
1579 289 1836 346 LIBRUM
1879 287 2287 345 ΒΛΡῘΕΝΤΙᾸΞ.
2329 319 2399 331 -
2435 289 2566 345 LIB.
2608 289 2696 345 Ill.

3434 286 3536 340 72H

258 404 518 467 humanis
558 403 747 461 usibus
788 401 1005 461 evoluta
1043 418 1183 457 anno
1217 401 1508 472 gignuntur
1546 400 1735 469 ipsum
1756 399 1845 453 de-
1872 400 1928 459 Α
1981 427 1984 430 ~
2020 398 2123 453 Aut
2153 399 2199 453 si
2219 399 2337 469 quis
2369 398 2564 468 artifea:
2597 397 2745 467 faber
2776 395 2840 451 de
2866 396 2997 452 silva
3024 395 3225 467 lignum
3252 404 3444 449 rectum
3470 413 3549 449 se-

261 498 528 562 crevisse,
555 494 685 551 nulli
715 494 770 549 in
790 494 1010 549 dubium
1034 492 1210 557 venit;
1238 491 1333 547 sed
1358 508 1476 545 cum
1496 489 1850 559 cognovissent

222 605 424 659 _eunt,
465 602 573 643 non
616 584 748 641 sicut
797 582 964 637 Deum
1009 582 1471 654 magniﬁcaverunt
1519 589 1611 634 aut
1656 580 1855 650 gratias

263 688 507 754 egerunt,
530 676 622 733 sed
643 683 965 731 evanuerunt
1006 675 1061 728 in
1100 674 1496 743 cogitationibus
1521 672 1652 737 suis,
1676 671 1856 725 dicen-

264 782 345 828 tes
377 787 431 827 se
452 784 562 825 esse
586 767 863 838 sapientes,
882 764 1031 820 stulti
1050 765 1178 835 facti
1196 774 1325 818 sunt
1341 763 1549 835 (Ibid.).
1575 762 1858 832 Sapientes

266 864 415 919 cutim
447 876 507 918 se
541 858 895 924 arbitrantur,
929 857 1057 926 quia
1090 856 1331 912 rationes
1354 856 1610 927 physicas
1639 854 1860 911 investi-

268 969 405 1026 gare
432 958 645 1025 putant,
682 957 987 1006 scrutantes
1030 963 1248 1005 cursum
1282 947 1517 1003 siderum
1550 955 1605 1002 et
1631 945 1859 1017 qualita-

273 1057 357 1104 tes
380 1045 791 1108 elementorum,
818 1040 1104 1097 Dominum
1126 1049 1305 1095 autem
1328 1038 1519 1093 horum
1545 1044 1862 1109 spernentes

271 1139 399 1197 ideo
429 1136 578 1194 stulti
599 1143 743 1191 sunt.
773 1132 908 1190 Cum
929 1148 1058 1203 ergo
1078 1133 1196 1188 haec
1224 1131 1488 1187 laudanda
1516 1130 1643 1194 sint,
1661 1137 1863 1200 quanto

273 1233 453 1306 magis
479 1240 693 1290 creator
720 1230 970 1286 illorum?
1000 1227 1187 1284 Solent
1220 1236 1402 1283 tamen
1429 1225 1689 1296 pudorem
1717 1224 1862 1296 passi

270 1320 507 1394 neglecti
550 1322 645 1378 Dei
704 1320 903 1389 misera
950 1319 1030 1374 uti
1074 1318 1443 1383 excusatione,
1480 1317 1723 1372 dicentes
1768 1329 1866 1387 per

275 1412 415 1469 istos
436 1428 594 1484 posse
619 1412 697 1467 ire
726 1413 794 1466 ad
816 1413 986 1466 Deum
1013 1410 1152 1465 sicut
1175 1424 1273 1479 per
1300 1408 1527 1464 comites
1553 1405 1866 1478 pervenitur

274 1507 353 1563 ad
377 1521 576 1579 regem.
606 1504 738 1576 Age,
776 1503 1020 1574 nunquid
1047 1510 1155 1557 tam
1182 1502 1403 1556 demens
1429 1500 1514 1555 est
1551 1498 1747 1568 aliquis
1775 1506 1869 1551 aut

274 1596 472 1653 salutis
519 1609 630 1652 suae
674 1596 975 1660 immemor,
1003 1600 1064 1648 ut
1085 1592 1553 1649 honoriﬁcentiam
1581 1591 1723 1663 regis
1753 1590 1869 1643 vin-

274 1686 425 1744 dice't
454 1687 657 1752 comiti,
691 1702 814 1743 cum
853 1687 918 1742 de
950 1686 1054 1740 hac
1083 1700 1161 1751 re,
1205 1683 1250 1739 si
1295 1683 1386 1753 qui
1430 1682 1592 1736 etiam
1635 1688 1868 1735 tractare

1956 490 2141 555 cueric,
2174 499 2220 544 et
2247 489 2404 559 hujus
2427 489 2575 544 docte
2613 489 2796 544 eradat
2830 505 3037 544 omnem
3065 488 3332 552 corticem,
3360 498 3407 541 et
3434 496 3548 542 arte

1955 598 2052 635 sua
2073 597 2202 635 usus
2224 580 2499 651 diligenter
2520 580 2739 650 fabricet
2767 596 2860 635 vas
2879 579 3004 635 utile
3021 581 3078 634 in
3108 580 3549 635 conversationem

1958 672 2092 736 vim,
2135 670 2367 742 reliquiis
2414 681 2589 727 autem
2631 670 2747 740 ejus
2791 670 2959 740 operis
3000 670 3072 724 ad
3110 670 3550 741 prreparationem

1957 778 2089 817 esca?
2112 762 2394 828 abutatur;
2415 773 2462 816 et
2485 760 2742 832 reliquum
2762 761 2951 815 horum
2974 761 3113 831 quod
3138 761 3208 815 ad
3230 759 3400 815 nullos
3420 776 3550 816 usus

1960 853 2110 921 facit,
2159 853 2361 923 lignum
2407 864 2641 918 curvum,
2681 861 2730 905 et
2770 852 3055 906 corticibus
3098 852 3312 923 plenum
3348 850 3552 922 sculpat

1958 944 2235 1014 diligenter
2270 961 2362 1014 per
2403 945 2712 999 vacuitatem
2750 960 2919 1006 suam,
2961 953 3007 998 et
3031 960 3123 1014 per
3146 944 3417 998 scientiam
3443 958 3555 997 suae

1961 1035 2090 1090 artis
2131 1035 2318 1106 ﬁguret
2355 1033 2510 1099 illud,
2537 1044 2585 1088 et
2613 1033 2861 1089 assimilet
2898 1032 3031 1088 illud
3056 1033 3274 1105 imagini
3304 1034 3552 1098 hominis,

1961 1140 2053 1185 aut
2082 1128 2242 1183 alicui
2264 1145 2329 1183 ea:
2349 1128 2666 1183 animalibus
2694 1126 2827 1181 illud
2850 1135 3135 1197 comparet,
3160 1126 3440 1198 perliniens
3468 1141 3558 1178 ru-

1963 1220 2127 1284 brica,
2167 1230 2215 1273 et
2258 1218 2605 1273 rubicundum
2650 1216 2848 1286 faciens
2892 1215 3013 1286 fuco
3058 1215 3278 1270 colorem
3318 1215 3481 1281 illius,
3510 1224 3558 1268 et

1962 1326 2167 1366 omnem
2204 1308 2468 1363 maculam
2504 1325 2620 1377 quae
2641 1308 2696 1362 in
2724 1307 2819 1362 illo
2856 1316 2949 1371 est,
2986 1305 3297 1378 perliniens;
3322 1291 3371 1360 et
3396 1305 3561 1375 faciat

1963 1406 2012 1460 ei
2037 1404 2249 1474 dignam
2289 1400 2687 1465 habitationem,
2721 1410 2771 1454 et
2798 1401 2855 1455 in
2881 1400 3080 1470 pariete
3111 1414 3308 1469 ponens
3334 1396 3489 1461 illud,
3514 1404 3563 1448 et

1966 1496 2286 1565 confirmans
2310 1493 2472 1563 ferro,
2496 1509 2558 1547 ne
2582 1493 2715 1562 forte
2738 1490 3249 1562 cadat,prospiciens
3275 1487 3380 1552 illi,’
3395 1488 3563 1541 sciens

1966 1589 2219 1661 quoniam
2248 1603 2351 1641 non
2385 1595 2551 1657 potest
2592 1585 2849 1655 adjuvare
2878 1600 2933 1638 se
2960 1602 2978 1639 :
3008 1583 3182 1653 imago
3220 1581 3354 1636 enim
3389 1587 3485 1644 est,
3516 1588 3566 1632 et

1970 1698 2100 1753 opus
2130 1680 2209 1735 illi
2235 1679 2580 1749 adjutorium.
2606 1676 2675 1730 Et
2704 1676 2768 1731 de
2798 1675 3091 1730 substantia
3118 1690 3241 1738 sua,
3268 1681 3318 1726 et
3353 1670 3417 1724 de
3437 1669 3564 1739 ﬁliis

274 1778 483 1835 fuerint
523 1777 751 1843 inventi,
795 1775 917 1847 jure
957 1784 1018 1829 ut
1063 1774 1112 1829 ei
1162 1774 1487 1829 damnantur
1533 1770 1872 1840 majestatis?
1899 1760 1948 1821 B
1974 1773 2106 1838 suis,
2128 1771 2261 1826 etde
2292 1770 2486 1840 nuptiis
2518 1777 2694 1825 votum
2717 1766 2938 1831 faciens,
2968 1764 3205 1835 inquirit.
3234 1759 3568 1825 Nonerube-

274 1871 351 1927 Et
376 1871 464 1927 isti
490 1885 550 1927 se
579 1885 688 1926 non
714 1875 905 1941 putant
939 1883 1061 1923 reos
1090 1862 1184 1937 qui
1217 1867 1477 1921 honorem
1508 1864 1743 1920 nominis
1774 1863 1868 1918 Dei
1975 1864 2070 1919 scit
2096 1862 2237 1932 loqui
2269 1876 2387 1914 cum
2416 1858 2529 1925 illo,
2561 1859 2649 1929 qui
2680 1859 2792 1912 sine
2813 1859 2991 1910 animo
3017 1862 3125 1919 est;
3148 1863 3195 1907 et
3221 1868 3315 1923 pro
3343 1850 3594 1906 sanitate.

272 1964 577 2037 pmferunt
600 1972 885 2029 creatum,
912 1969 968 2018 et
996 1960 1184 2016 relicto
1205 1959 1432 2015 Domino
1462 1973 1751 2014 conservos
1780 1956 1873 2011 ad-
1975 1955 2183 2027 quidem
2232 1952 2500 2022 inﬁrmum
2551 1951 2879 2021 deprecatur,
2900 1958 2948 2003 et
2993 1964 3088 2018 pro
3122 1947 3227 2001 vita
3253 1953 3402 2015 rogat
3431 1958 3571 1997 mor-

273 2035 461 2124 orant,
515 2056 671 2126 quasi
719 2055 792 2111 sit
837 2054 1040 2126 aliquid
1084 2054 1206 2124 plus
1252 2050 1395 2122 quod
1440 2058 1686 2107 servetur
1730 2050 1869 2103 Deol
1976 2059 2148 2114 tuum,
2190 2058 2237 2102 et
2270 2048 2324 2101 in
2357 2044 2685 2117 adjutorium
2730 2041 2967 2097 inutilem
3003 2041 3243 2105 invocat;
3282 2047 3329 2092 et
3363 2052 3458 2107 pro
3485 2035 3571 2089 iti-

276 2147 417 2204 Nam
439 2157 497 2205 et
517 2125 639 2205 ideo
660 2163 759 2220 per
785 2125 967 2220 regem
995 2147 1063 2203 ad
1098 2145 1342 2203 tribunos
1376 2154 1467 2200 aut
1488 2144 1716 2200 comites
1743 2143 1870 2209 itur,
1978 2158 2097 2197 nere
2117 2141 2240 2212 petit
2268 2138 2333 2194 ab
2354 2155 2431 2201 eo,
2463 2137 2551 2208 qui
2577 2133 2847 2205 ambulare
2882 2149 2988 2188 non
3019 2139 3206 2202 potest,
3230 2136 3278 2183 et
3306 2128 3371 2182 de
3393 2125 3574 2195 acqui-

275 2242 410 2315 quia
449 2242 612 2297 homo
639 2242 826 2313 utique
871 2249 955 2297 est
991 2255 1108 2307 rex,
1140 2249 1195 2295 et
1234 2239 1407 2295 nescit
1451 2237 1646 2309 quibus
1684 2237 1876 2292 debeat
1978 2240 2162 2304 renda,
2207 2247 2255 2293 et
2301 2237 2365 2291 de
2413 2233 2698 2305 operando,
2742 2241 2791 2285 et
2823 2230 2888 2284 de
2912 2227 3144 2284 omnium
3172 2238 3349 2279 rerum
3391 2227 3573 2276 eventu

276 2310 400 2391 1:811!
422 2333 695 2404 PHblicam
719 2310 972 2396 (aedere;
999 2332 1067 2387 ad
1087 2328 1255 2386 Deum
1277 2338 1474 2395 autem,
1505 2344 1663 2400 quem
1689 2328 1877 2397 utique
1977 2333 2102 2405 petit
2131 2331 2196 2386 ab
2225 2347 2306 2396 eo,
2329 2330 2420 2398 qui
2448 2329 2504 2382 in
2529 2323 2768 2380 omnibus
2795 2331 2869 2377 est
2896 2319 3120 2375 inutilis.
3149 2315 3276 2371 Haec
3303 2314 3372 2368 ad
3400 2310 3574 2367 insul-

274 2424 419 2482 nihil
443 2424 589 2491 latet,
615 2424 857 2481 omnium
880 2424 1025 2478 enim
1053 2423 1246 2478 merita
1271 2422 1441 2488 novit,
1473 2421 1541 2476 ad
1564 2434 1878 2490 promeren-

278 2521 415 2576 dum
441 2516 797 2592 sulfragatore
824 2534 932 2575 non
962 2532 1097 2587 opus
1123 2525 1226 2583 est,
1260 2516 1356 2571 sed
1385 2522 1565 2570 mente
1591 2514 1802 2569 devota.

899 2606 1128 2665 CAPUT
1166 2607 1251 2663 ΠΙ.

444 2702 658 2760 Deridet
688 2704 743 2757 in
772 2701 1090 2771 manufactis
1118 2698 1436 2754 idololatria:
1470 2714 1718 2753 errorem.

358 2793 604 2866 Infelices
633 2804 807 2850 autem
834 2801 955 2848 sunt
986 2802 1034 2847 et
1077 2795 1212 2848 inter
1246 2800 1477 2846 mortuos
1512 2808 1627 2861 spes
1668 2788 1881 2843 illorum

281 2898 385 2956 est,
426 2888 515 2959 qui
548 2885 937 2958 appellaverunt
968 2884 1090 2939 deos
1126 2898 1285 2955 opera
1314 2901 1567 2939 manuum
1591 2884 1879 2948 hominum,

282 2997 478 3038 aurum
516 2988 565 3035 et
591 2986 886 3051 argentum,
927 2978 1057 3032 artis
1102 2977 1475 3043 inventionem,
1506 2987 1554 3032 et
1583 2975 1886 3031 similitudi-

284 3090 378 3130 nes
401 3071 709 3127 animalium
736 3069 811 3126 vel
845 3070 1069 3140 lapidem
1108 3067 1348 3124 inutilem
1371 3086 1500 3140 opus
1526 3085 1714 3123 manus
1745 3069 1885 3121 anti-

282 3183 423 3240 quae.
472 3165 707 3222 Veniunt
761 3163 925 3236 igitur
975 3163 1044 3219 ad
1096 3163 1246 3230 deos,
1292 3177 1398 3218 non
1450 3170 1556 3216 tam
1607 3159 1885 3232 religionis

284 3260 484 3334 gratia,
531 3274 650 3331 quae
677 3256 821 3312 nulla
850 3265 1029 3329 potest
1067 3272 1189 3313 esse
1235 3256 1291 3311 in
1324 3254 1486 3312 rebus
1515 3251 1655 3309 male
1680 3252 1884 3325 paratis

284 3359 349 3411 et
386 3349 844 3421 corruptibilibus,
891 3364 1054 3419 quam
1082 3356 1143 3403 ut
1172 3362 1365 3402 aurum
1394 3345 1567 3403 oculis
1608 3344 1882 3407 hauriant,

287 3447 527 3505 nitorem
566 3442 781 3515 levigati
824 3441 1114 3497 marmoris
1155 3448 1250 3496 aut
1285 3441 1466 3496 eboris
1508 3437 1792 3508 aspiciant,
1830 3443 1889 3489 ut

292 3537 536 3611 insignes
584 3533 779 3606 lapillis
827 3542 883 3590 et
927 3532 1200 3590 coloribus
1242 3541 1454 3598 vestes,
1506 3529 1590 3585 vel
1631 3529 1886 3583 distincta

291 3629 524 3703 gemmis
549 3624 876 3697 fulgentibus
901 3624 1094 3695 pocula
1121 3623 1413 3679 insatiabili
1438 3619 1890 3690 contemplatione

291 3726 664 3786 contrectent;
694 3724 749 3774 et
789 3725 994 3789 quanto
1030 3716 1232 3772 fuerint
1271 3716 1549 3771 ornatiora
1602 3711 1799 3781 templa
1835 3718 1890 3766 et

292 3811 607 3884 pulchriora
647 3808 960 3874 simulacra,
1007 3814 1153 3862 tanto
1191 3806 1312 3878 plus
1352 3798 1652 3884 maiestatis
1691 3802 1891 3858 nabere

296 3878 631 3959 credantur:
658 3901 781 3956 ideo
816 3899 1005 3971 religio
1038 3914 1224 3955 eorum
1263 3897 1396 3953 nihil
1425 3878 1694 3952 estaliud
1729 3907 1893 3964 quam

294 3996 442 4069 quod
478 3993 746 4067 cupiditas
788 3994 1037 4050 miretur.
1084 3991 1294 4063 Sazpius
1331 3990 1567 4045 diximus
1609 3994 1891 4059 argentum

295 4097 356 4146 et
384 4102 578 4144 aurum
604 4101 706 4160 pro
751 4099 1002 4143 sermone
1042 4091 1098 4141 et
1143 4097 1304 4139 sensu
1352 4082 1523 4152 accipi
1563 4094 1742 4151 posse,
1773 4091 1894 4148 quae

297 4196 433 4240 cum
469 4195 501 4236 a
527 4177 971 4257 Deqhominibus
998 4175 1125 4232 data
1154 4174 1264 4231 sint
1290 4182 1352 4229 ut
1383 4172 1469 4229 vel
1493 4171 1782 4255 loquantur
1808 4168 1894 4224 vel

298 4274 541 4333 sentiant
566 4252 760 4338 Deum,
795 4278 850 4327 et
878 4269 1100 4324 laudent
1134 4275 1436 4324 creatorem
1472 4252 1651 4325 suum,
1694 4260 1769 4315 illi
1799 4259 1893 4314 ab—

298 4374 530 4424 utuntur
556 4366 661 4423 hoc
694 4376 918 4420 munere
954 4363 1013 4418 in
1040 4360 1309 4417 idolorum
1337 4356 1699 4419 simulatione,
1737 4353 1891 4424 juxta

298 4460 433 4519 illud
461 4459 607 4531 quod
633 4458 895 4529 scriptum
939 4464 1060 4512 est:
1093 4455 1227 4512 Dedi
1273 4457 1346 4510 eis
1387 4460 1663 4524 argentum
1704 4460 1751 4505 et
1797 4462 1893 4503 au-

298 4568 442 4619 rum,
470 4553 572 4624 ipsi
617 4567 737 4607 vero
766 4550 830 4605 de
855 4557 1071 4622 argento
1117 4557 1166 4603 et
1205 4562 1337 4602 auro
1378 4562 1491 4601 meo
1536 4545 1734 4616 operati
1774 4552 1894 4598 sunt
1922 4518 1974 4582 D

306 4646 443 4701 Baal
469 4644 643 4719 (Osete
687 4645 773 4717 ιι).
809 4643 943 4699 Cum
981 4654 1110 4715 ergo
1139 4642 1258 4713 quis
1288 4634 1499 4696 Domini
1539 4648 1746 4695 terrore
1775 4652 1898 4709 per-

304 4737 563 4804 territus,
607 4736 846 4809 primum
900 4736 955 4791 in
1004 4735 1315 4807 speluncam
1352 4731 1588 4803 pectoris
1632 4731 1715 4786 sui
1758 4728 1898 4785 idola

306 4829 615 4887 condiderit
640 4836 695 4885 et
722 4829 777 4884 in
815 4827 1166 4900 voraginibus
1202 4836 1361 4881 terra:
1400 4824 1743 4881 absconderit
1769 4840 1897 4895 pro-

307 4925 455 4980 ferre
495 4938 603 4979 non
631 4926 835 4978 audens
861 4921 1005 4993 quod
1034 4921 1173 4976 male
1199 4923 1449 4987 ﬁnxerat,
1481 4920 1750 4976 secundus
1774 4933 1899 4990 pro—

308 5016 486 5072 fectus
512 5021 597 5070 est
617 5023 677 5069 ut
705 5013 893 5070 caelata
920 5014 1071 5084 prius
1092 5011 1358 5084 projiciat,
1393 5019 1449 5067 et
1476 5012 1528 5067 in
1564 5026 1624 5066 se
1652 5025 1771 5066 esse
1795 5026 1902 5065 non

313 5105 742 5180 patiatur,jnxta
773 5104 902 5161 illud
931 5103 1117 5160 lsaize’:
1151 5102 1219 5159 In
1248 5104 1354 5170 die,
1395 5103 1591 5174 inquit,
1641 5100 1757 5166 illo,
1784 5119 1905 5173 pro—

308 5197 459 5271 jicict
494 5197 647 5252 homo
686 5195 831 5251 idola
860 5199 1061 5267 argenti
1090 5196 1174 5250 sui
1216 5203 1265 5250 et
1314 5193 1600 5249 simulacra
1643 5194 1763 5247 auri
1799 5192 1902 5260 sui,

317 5305 438 5363 qua
462 5289 694 5361 fecerunt
716 5288 812 5345 sibi
838 5297 894 5341 ut
919 5287 1220 5354 adorarent,
1239 5286 1408 5357 talpas
1430 5294 1479 5340 et
1500 5284 1902 5356 vesperliliones.

317 5381 393 5439 Et
438 5383 797 5455 ingredientur
846 5382 905 5436 in
948 5381 1169 5450 fissuras
1215 5389 1512 5451 petrarum,
1562 5388 1609 5433 et
1658 5394 1909 5434 cavernas

314 5490 574 5532 merum
597 5492 632 5531 α
654 5474 789 5545 facie
811 5473 1111 5544 formidinis
1151 5473 1383 5539 Domini,
1408 5483 1456 5528 et
1486 5489 1518 5526 α
1553 5472 1722 5544 gloria
1744 5472 1887 5544 maje

314 5566 476 5623 statis
502 5567 618 5638 ejus
642 5584 761 5622 cum
791 5568 1077 5623 surrexerit
1104 5574 1372 5636 percutere
1402 5575 1596 5621 terram
1635 5564 1791 5638 (Isai.
1825 5564 1899 5637 ιι)

322 5654 436 5714 Sed
459 5658 740 5717 videamus
767 5661 897 5732 quid
925 5661 1102 5718 adhuc
1130 5659 1199 5716 de
1228 5657 1533 5716 simulacris
1560 5661 1617 5715 in
1646 5660 1897 5731 sequenti

313 5747 431 5812 Β
464 5750 696 5809 dicatur.

1979 2403 2239 2480 tationem
2272 2419 2541 2475 idolorum
2572 2425 2627 2472 et
2658 2413 3000 2471 idololatrum
3030 2408 3296 2482 sapientia
3318 2403 3572 2476 protulit,

1979 2524 2042 2571 ut
2086 2513 2391 2584 intelligant
2426 2506 2734 2581 huiusmodi
2772 2499 3089 2576 operatores
3129 2507 3292 2569 atque
3320 2497 3576 2584 adoratof

1981 2624 2100 2672 res,
2149 2583 2312 2676 quam
2344 2602 2709 2674 perniciosum
2748 2598 2820 2652 sit
2860 2604 2916 2651 et
2944 2608 3108 2664 quam
3150 2590 3385 2646 vicinum
3414 2583 3577 2640 morti

1983 2706 2257 2773 perpetuae
2314 2710 2481 2750 unum
2532 2692 2703 2749 Deum
2760 2688 3183 2757 omnipotentem
3226 2687 3283 2734 et
3334 2675 3577 2773 omnium

1984 2764 2289 2848 creatorem
2310 2788 2581 2851 deserere,
2596 2791 2655 2838 et
2673 2781 2926 2854 ﬁgmenta
2944 2775 3094 2831 varia
3116 2774 3173 2826 in
3194 2764 3579 2826 contumeliam

1985 2884 2081 2940 Dei
2107 2898 2207 2953 pro
2233 2880 2455 2936 numine
2497 2876 2694 2932 colere.
2729 2873 2882 2929 Unde
2910 2880 2965 2926 et
2998 2883 3097 2939 per
3125 2859 3580 2953 prophetamDo-

1987 2949 2167 3031 minus
2211 2974 2277 3029 de
2321 2986 2416 3028 sua
2463 2966 2812 3025 veneratione
2851 2971 2910 3018 et
2943 2962 3012 3016 de
3050 2957 3319 3014 idolorum
3343 2949 3580 3006 falsitate

1988 3067 2193 3123 dudum
2215 3064 2283 3120 ad
2310 3061 2567 3134 populum
2597 3072 2756 3114 suum
2800 3057 2875 3111 ita
2920 3054 3132 3108 locutus
3156 3057 3241 3103 est
3267 3066 3281 3100 :
3312 3044 3425 3116 Ego
3463 3041 3580 3134 prie

1987 3174 2104 3212 mus
2149 3165 2199 3210 et
2241 3131 2334 3224 ego
2364 3131 2696 3214 novissimus,
2741 3156 2789 3201 et
2829 3145 3020 3215 absque
3058 3157 3140 3195 me
3178 3153 3283 3193 non
3319 3144 3396 3190 est
3442 3131 3580 3224 alius

1989 3245 2151 3300 Deus.
2172 3223 2306 3309 Quis
2326 3240 2512 3296 similis
2535 3239 2637 3293 mei
2652 3238 2678 3291 7
2709 3235 2865 3291 Vocet
2886 3243 2934 3289 et
2964 3228 3258 3293 annuntiet,
3273 3234 3323 3285 et
3345 3223 3581 3279 ordinem

1987 3346 2147 3409 ponat
2192 3334 2322 3390 mihi
2359 3349 2424 3388 ea:
2462 3348 2566 3403 quo
2616 3328 2861 3384 constitui
2905 3324 3155 3397 populum
3195 3318 3490 3387 antiquum,
3534 3320 3581 3366 et

1987 3446 2106 3501 qua:
2130 3437 2349 3483 ventura
2386 3434 2507 3480 sunt
2535 3420 2807 3477 amtuntiet
2845 3416 2958 3472 eis?
2981 3411 3161 3469 Nolite
3187 3410 3389 3472 timere,
3421 3419 3586 3501 neque

1991 3491 2405 3582 conturbemini;
2432 3531 2497 3570 ea:
2540 3524 2663 3567 tunc
2710 3509 2896 3565 audire
2942 3515 2993 3561 te
3033 3502 3154 3574 feci,
3192 3509 3240 3555 et
3273 3491 3585 3552 annuntiavi

1992 3612 2215 3682 futura:
2247 3626 2335 3664 vos
2360 3608 2485 3663 estis
2513 3616 2662 3661 testes
2689 3604 2811 3658 mei.
2837 3595 3093 3669 Nunquid
3121 3600 3196 3649 est
3394 3586 3587 3682 absque

1992 3673 2092 3768 ine,
2132 3712 2181 3757 et
2221 3701 2480 3769 formator
2507 3712 2661 3768 quem
2681 3710 2775 3765 ego
2805 3708 2909 3747 non
2936 3685 3207 3744 noverim?
3234 3681 3433 3736 Plastte
3457 3673 3588 3769 idoli

1992 3766 2171 3849 omnes
2210 3766 2342 3846 nihil
2383 3766 2529 3855 sunt,
2573 3796 2622 3843 et
2676 3782 3041 3841 amantissima
3073 3792 3253 3834 eorum
3294 3788 3400 3829 non
3435 3766 3589 3841 prod-

1991 3896 2145 3941 erunt
2173 3884 2246 3940 eis
2268 3897 2287 3937 :
2318 3883 2418 3955 ipsi
2449 3889 2571 3936 sunt
2597 3889 2750 3934 testes
2768 3889 2972 3941 eorum,
2995 3872 3124 3943 quia
3146 3883 3250 3922 non
3274 3863 3469 3955 vident,
3501 3875 3590 3915 ne-

1992 3997 2093 4051 que
2124 3977 2420 4048 intelligunt
2447 3984 2503 4029 ut
2527 3970 2941 4043 confundantur.
2971 3964 3103 4031 Quis
3132 3961 3375 4031 formavit
3396 3954 3586 4017 Deum,

1992 4082 2043 4126 et
2065 4068 2356 4142 sculptibile
2386 4066 2632 4138 conflavit
2658 4064 2727 4120 ad
2758 4060 2889 4117 nihil
2911 4057 3076 4116 utile?
3108 4054 3247 4110 Ecce
3269 4063 3446 4106 omnes
3466 4061 3591 4118 par-

1994 4165 2173 4233 ticipes
2216 4161 2331 4231 ejus
2362 4158 2749 4228 confundentur
2765 4169 2784 4219 ;
2808 4151 2948 4221 fabri
2974 4148 3113 4204 enim
3152 4152 3294 4209 sunt,
3321 4149 3371 4196 et
3395 4154 3460 4194 ea;
3481 4153 3593 4193 om-

1996 4254 2145 4309 nibus
2190 4251 2522 4314 conveniunt,
2564 4261 2743 4302 omnes
2786 4242 2997 4297 stabunt
3029 4247 3077 4292 et
3115 4234 3371 4307 parebunt
3397 4238 3444 4286 et
3472 4242 3594 4283 con—
3670 4292 3677 4297 ε

1999 4345 2285 4415 fraudentur
2303 4340 2481 4397 simul.
2514 4336 2694 4392 Faber
2714 4332 2971 4404 ferrarius
3006 4329 3133 4382 lima
3167 4331 3412 4396 operatus
3439 4318 3592 4415 estin

1996 4409 2201 4509 prunis,
2230 4445 2279 4491 et
2312 4437 2365 4490 in
2392 4431 2598 4487 malleis
2626 4427 2873 4500 formavit
2902 4421 3059 4488 illud,
3090 4428 3138 4474 et
3164 4422 3411 4489 operatus

2000 4499 2213 4585 brachio
2244 4525 2572 4597 fortitudinis
2597 4499 2709 4577 suae
2725 4537 2744 4585 ;
2771 4517 2961 4573 esuriet
2989 4524 3036 4569 et
3061 4510 3288 4580 deﬁciet,
3317 4519 3421 4559 non
3460 4499 3595 4555 bibet

2005 4638 2197 4694 aquam
2234 4630 2281 4676 et
2321 4604 2637 4688 languescet.
2680 4610 2888 4680 Artifex
2926 4605 3182 4679 lignarius
3213 4597 3442 4658 extendit
3478 4609 3599 4649 nor-

2005 4693 2146 4772 mam
2175 4726 2221 4771 et
2249 4712 2493 4786 formavit
2536 4710 2670 4765 illud
2707 4709 2763 4762 in
2792 4704 3048 4768 runcina;
3095 4700 3216 4772 fecit
3245 4694 3381 4751 illud
3408 4693 3463 4747 in
3501 4706 3599 4786 an—

2002 4808 2199 4880 gulari,
2222 4784 2270 4862 et
2299 4806 2492 4867 circino
2518 4803 2746 4858 tornavit
2763 4798 2929 4854 illud:
2950 4806 2998 4851 et
3022 4793 3140 4863 fecit
3170 4789 3450 4859 imaginem
3477 4784 3596 4849 viri,

2002 4878 2157 4975 quasi
2181 4900 2468 4971 speciosum
2489 4897 2749 4952 hominem
2773 4893 3095 4947 habitantem
3128 4887 3185 4940 in
3211 4884 3388 4937 domo.
3416 4878 3600 4975 succi-

2010 4971 2089 5050 dit
2115 4994 2318 5059 cedros,
2346 4990 2467 5045 tulit
2495 4989 2690 5055 ilicem,
2725 4996 2771 5041 et
2806 4997 3056 5056 quercum
3080 4992 3195 5050 qua:
3230 4980 3439 5030 steterat
3464 4971 3601 5023 inter

2010 5087 2155 5158 ligna
2176 5085 2377 5149 saltus;
2407 5081 2664 5158 plantavit
2685 5079 2867 5149 pinum
2898 5086 3056 5146 quam
3084 5067 3262 5139 pluvia
3284 5061 3518 5124 nutrivit,
3537 5067 3600 5158 ‘et

2012 5150 2157 5253 facta
2184 5190 2259 5237 est
2285 5150 2580 5235 hominibus
2612 5156 2669 5228 in
2690 5173 2903 5243 focum;
2929 5164 3150 5236 sumpsit
3191 5176 3255 5215 ea:
3282 5157 3359 5253 eis
3391 5163 3439 5210 et
3464 5150 3602 5253 cale-

2014 5243 2186 5344 factus
2220 5281 2327 5335 est,
2358 5277 2407 5324 et
2431 5264 2696 5324 succendit
2740 5271 2787 5317 et
2829 5257 3033 5315 excoxit
3061 5268 3254 5325 panes;
3296 5249 3360 5304 de
3403 5243 3601 5344 reliquo

2015 5333 2190 5417 autem
2227 5333 2469 5430 operatus
2507 5365 2582 5411 est
2621 5353 2797 5419 deum,
2844 5360 2892 5404 et
2934 5344 3207 5410 adoravit;
3236 5350 3285 5396 et
3319 5339 3439 5411 fecit
3463 5333 3603 5430 scul-

2014 5450 2158 5524 ptile,
2188 5459 2236 5506 et
2259 5428 2513 5504 curvatus
2543 5454 2616 5500 est
2649 5453 2769 5500 ante
2792 5438 2945 5495 illud.
2977 5436 3211 5493 Medium
3233 5434 3348 5505 ejus
3372 5428 3605 5486 combus«

2016 5521 2086 5600 sit
2118 5544 2248 5614 igni,
2291 5541 2422 5595 etde
2461 5537 2631 5593 medio
2673 5550 2854 5589 carnes
2890 5529 3143 5596 comedit;
3190 5525 3329 5582 coxit
3367 5521 3605 5594 pulmen-

2018 5647 2131 5692 tum
2157 5646 2205 5689 et
2234 5642 2505 5689 saturatas
2539 5640 2629 5695 est,
2653 5639 2701 5683 et
2730 5627 3014 5697 calefactus
3047 5632 3140 5688 est,
3177 5631 3226 5676 et
3255 5619 3431 5675 dixit:
3466 5614 3603 5678 Vah,

2022 5728 2307 5797 calefactus
2321 5741 2460 5791 sum,
2481 5725 2588 5781 vidi
2609 5724 2802 5795 focum.
2825 5721 3103 5795 Reliquum
3125 5725 3297 5774 autem
3317 5714 3429 5778 eius
3449 5710 3605 5765 deum
