4030 6548
503 332 608 388 ’75Ξῖ

1144 325 1204 378 Β.
1249 321 1501 379 ΠἉΒΑΝΙ
1539 318 1761 379 MAURI
1802 313 2104 374 ARCHIEP

2210 311 2487 371 [0GUNT.
2525 309 2812 370 OPERUM
2850 311 3030 370 PARS
3067 313 3106 368 Ι.

3689 309 3808 366 736

505 451 646 520 fecit,
676 458 724 504 et
749 444 986 518 sculptile
1010 443 1142 510 sibi;
1173 453 1423 498 curvatur
1449 448 1570 496 ante
1592 439 1750 506 illud,
1781 446 1828 494 et
1855 434 2089 491 adoravit
2117 437 2172 495 Α
2267 430 2536 501 Quidquid
2575 437 2755 486 autem
2800 429 2869 484 de
2906 427 3297 520 idolis'dictum
3341 433 3446 493 est,
3485 435 3684 520 potest

501 540 657 606 illud,
685 548 732 594 et
761 540 994 594 obsecrat
1035 536 1211 590 dicens
1235 548 1252 586 :
1286 532 1470 588 Libera
1512 548 1612 598 me,
1635 531 1759 599 quia
1783 529 1924 583 Deus
1944 542 2092 581 meus

503 649 557 687 es
583 640 660 684 tu.
689 628 1001 684 Nescierunt
1033 644 1194 699 neque
1220 624 1621 690 intellexerunt;
1645 621 1792 688 obliti
1814 619 1951 675 enim
1971 625 2092 674 sunt

504 739 568 776 ne
597 721 804 775 videant
831 719 969 774 oculi
1009 735 1211 785 eorum,
1249 734 1312 771 ne
1341 715 1634 786 intelligant
1664 713 1819 767 corde
1841 727 1957 767 suo.
1982 706 2094 763 Nec

502 811 790 882 recogitant
826 819 994 866 mente
1041 826 1160 876 sua,
1205 823 1367 878 neque
1397 813 1733 876 cognoscunt,
1782 817 1943 873 neque
1973 815 2092 854 sen-

503 903 658 968 tiunt,
690 910 746 956 ut
772 901 948 956 dicant
977 914 993 954 :
1025 900 1255 956 Medium
1289 899 1404 968 ejus
1433 896 1690 952 combussi
1724 895 1864 965 igne,
1895 902 1943 947 et
1979 891 2098 946 coxi

503 1012 664 1065 super
693 993 943 1050 carbones
979 994 1094 1065 ejus
1133 1009 1325 1064 panes;
1369 1007 1486 1045 coau
1514 1005 1696 1044 carnes
1727 997 1774 1042 et
1799 985 2019 1051 comedi,
2049 993 2098 1039 et

506 1087 571 1141 de
595 1086 794 1158 reliquo
838 1085 1040 1140 idolum
1075 1085 1308 1155 faciam?
1337 1094 1459 1137 ante
1495 1089 1738 1135 truncum
1767 1077 1895 1148 ligni
1921 1077 2096 1148 proci-

509 1174 675 1229 dam?
699 1192 822 1245 pars
847 1175 961 1244 ejus
986 1175 1117 1228 cinis
1147 1183 1220 1227 est
1242 1187 1260 1224 .'
1285 1189 1375 1226 cor
1393 1170 1644 1240 insipiens
1676 1167 1914 1223 adoravit
1945 1163 2095 1232 illud,

509 1277 558 1322 et
602 1285 707 1322 non
748 1268 987 1322 liberavit
1041 1283 1272 1321 ammam
1318 1282 1491 1330 suam,
1541 1278 1701 1332 neque
1729 1261 1908 1314 dicit:
1938 1256 2100 1313 Forte

511 1344 842 1412 mendacium
869 1363 957 1411 ‘est
1007 1358 1061 1410 in
1110 1356 1322 1410 dextera
1368 1372 1484 1410 mea
1539 1352 1723 1424 (Isaia:
1764 1349 1957 1423 XLIV)?
1992 1348 2101 1403 Hu-

509 1450 599 1521 jus
623 1451 920 1521 prophetiae
945 1449 1273 1504 narrationis
1298 1448 1420 1503 talis
1447 1454 1532 1502 est
1551 1459 1773 1510 sensus;
1807 1457 1933 1497 nam
1959 1441 2102 1511 quod

513 1541 644 1597 dicit
684 1556 698 1595 :
755 1541 868 1612 Ego
910 1559 1027 1596 sum
1077 1543 1278 1612 primus
1337 1551 1382 1595 et
1435 1540 1778 1605 novissimus,
1821 1537 1963 1592 idem
2018 1545 2103 1591 est

513 1633 656 1702 quod
703 1632 830 1687 alibi
869 1632 1068 1704 legitur
1109 1648 1175 1689 ex
1234 1632 1414 1688 divina
1460 1633 1742 1703 majestate
1778 1630 2048 1701 prolatum
2083 1647 2098 1686 :

515 1725 627 1796 Ego
671 1742 786 1780 sum
831 1725 1002 1796 Alplta
1044 1736 1092 1781 et
1137 1726 1354 1798 Omega,
1398 1727 1608 1780 initium
1657 1733 1705 1779 et
1744 1724 1866 1793 finis
1914 1724 2098 1795 (Apoc.

513 1816 647 1887 xxi).
686 1816 794 1871 Nec
825 1817 970 1871 enim
1013 1817 1148 1872 dicit
1191 1833 1310 1872 esse
1351 1816 1545 1882 solum,
1597 1815 1690 1871 sed
1740 1825 1938 1886 praeter
1986 1815 2098 1868 vir-
2129 1801 2177 1861 B

512 1914 681 1962 tutem
722 1922 876 1961 suam
924 1915 1086 1978 atque
1132 1907 1452 1977 sapientiam
1494 1907 1697 1962 nullum
1748 1921 1867 1962 esse
1919 1913 2102 1960 exter-

516 2011 645 2049 num
686 1995 879 2063 Deum,
920 1996 1252 2066 deorumque
1282 1996 1575 2051 multorum
1605 1997 1912 2066 opinionem
1954 2004 2010 2051 et
2033 1997 2106 2051 si-

515 2086 755 2142 mulacra
783 2088 1189 2144 condemnans:
1225 2087 1376 2153 Quis,
1410 2087 1604 2157 inquit,
1629 2088 1816 2142 similis
1857 2091 1958 2143 mei
1991 2088 2107 2142 est?

516 2174 683 2233 Vocet
716 2193 778 2233 ea
806 2194 928 2250 quze
961 2195 1069 2234 non
1105 2188 1230 2234 sunt
1260 2179 1414 2248 quasi
1457 2180 1584 2243 sint,
1611 2187 1665 2233 et
1691 2188 1926 2248 exponat
1960 2180 2107 2234 ordi-

513 2285 640 2326 nem
668 2281 929 2328 creaturae
959 2288 1094 2328 meae
1119 2289 1224 2342 qua
1256 2281 1450 2328 cuncta
1493 2272 1704 2328 ratione
1739 2272 2102 2337 liberaverim,

514 2375 583 2416 ex
607 2376 715 2432 quo
744 2361 847 2418 feci
876 2362 1147 2418 hominem
1188 2379 1351 2433 super
1377 2372 1600 2433 terram,
1632 2379 1733 2418 nec
1758 2363 1930 2418 solum
1961 2363 2102 2428 volo,

517 2452 613 2506 sed
662 2468 846 2522 quaero
894 2454 1056 2508 etiam
1100 2455 1382 2511 scientiam
1427 2454 1753 2511 futurorum.
1812 2454 1964 2510 Unde
2014 2464 2104 2522 tu,

515 2541 702 2608 Israel,
736 2541 887 2611 cuius
922 2559 1022 2614 ego
1048 2559 1143 2598 rex
1179 2553 1235 2599 et
1263 2545 1574 2616 redemptor
1600 2561 1741 2611 sum,
1777 2547 1885 2602 noli
1912 2547 2107 2602 timere

519 2633 826 2700 simulacra,
867 2650 985 2704 quae
1026 2649 1147 2691 esse
1184 2635 1317 2690 nihil
1365 2636 1420 2690 in
1449 2646 1633 2693 monte
1663 2637 1814 2692 Sinai
1850 2637 2104 2693 didicisti.

519 2726 603 2780 An
627 2724 856 2780 forsitan
886 2725 1024 2782 alius
1051 2734 1267 2783 creator
1289 2735 1374 2783 est
1395 2743 1557 2797 quem
1586 2743 1684 2800 ego
1706 2743 1812 2784 non
1843 2730 2104 2795 noverim,

518 2825 611 2872 aut
662 2827 859 2896 praeter
908 2819 1052 2874 hunc
1094 2819 1231 2876 alius
1262 2830 1344 2876 est
1389 2823 1622 2877 mundus
1655 2823 1746 2892 qui
1794 2823 1961 2894 ignoti
2013 2823 2107 2878 Dei

518 2918 784 2965 monstret
829 2912 1163 2981 potentiam?
1211 2912 1397 2982 Neque
1456 2929 1586 2970 vero
1650 2929 1713 2970 ea
1766 2914 1939 2970 solum
1989 2931 2108 2985 quae

520 3000 677 3067 ﬁunt,
708 3001 804 3056 sed
843 3010 898 3056 et
936 3002 1012 3056 illi
1040 3004 1132 3073 qui
1157 3003 1362 3060 faciunt
1394 3005 1736 3062 habebuntur
1761 3023 1861 3078 pro
1887 3008 2056 3064 nihilo
2090 3025 2103 3062 :

521 3107 752 3163 cumque
785 3093 1037 3150 vindicta:
1072 3104 1283 3168 tempus
1310 3098 1609 3164 advenerit,
1637 3115 1978 3171 nequaquam
2011 3116 2108 3171 po-

522 3194 704 3241 terunt
735 3201 830 3242 eos
877 3201 1133 3244 manuum
1179 3205 1400 3246 suarum
1450 3207 1613 3262 opera
1667 3193 1935 3259 liberare,
1989 3209 2108 3264 qua:

521 3290 666 3331 cazca
691 3284 748 3332 et
778 3277 1111 3334 insensibilia
1145 3279 1480 3335 confundunt
1521 3281 1759 3337 artiﬁces
1799 3297 1943 3338 suos.
1977 3283 2109 3350 Quis

519 3367 664 3423 enim
690 3367 857 3438 possit
897 3368 1000 3424 hoc
1047 3370 1268 3425 credere
1298 3371 1442 3440 quod
1469 3386 1500 3425 a
1531 3387 1626 3427 sua
1655 3372 1782 3428 lima
1806 3382 1861 3429 et
1892 3374 2109 3430 terebro

519 3457 816 3527 malleoque
857 3457 1122 3514 formetur
1169 3460 1336 3527 deus,
1378 3461 1463 3516 vel
1502 3461 1558 3516 in
1590 3463 1779 3532 prunis
1822 3465 2110 3521 simulacra

520 3545 832 3616 fundantur,
864 3550 949 3605 vel
973 3565 1164 3605 norma
1194 3551 1442 3617 runcina,
1479 3561 1536 3607 et
1572 3553 1922 3625 angularibus
1949 3555 2111 3611 circi-

519 3653 698 3708 noque
746 3640 803 3694 in
851 3643 980 3697 deos
1027 3653 1251 3713 repente
1298 3654 1656 3717 consurgant,
1700 3648 2110 3718 praesertimque

521 3744 646 3785 cum
674 3728 817 3784 fame
841 3739 894 3784 et
920 3732 1008 3786 siti
1042 3732 1265 3790 artiﬁcis
1298 3735 1432 3791 artis
1457 3736 1635 3793 vilitas
1664 3737 2064 3795 demonstretur
2092 3759 2105 3796 :

523 3819 582 3873 ﬁt
607 3820 752 3876 enim
784 3821 959 3893 lignea
985 3832 1164 3879 statua
1201 3825 1492 3882 humanam
1517 3830 1827 3899 exprimens
1853 3831 2106 3900 speciem,

519 3918 575 3964 et
601 3918 805 3980 quanto
847 3912 1122 3983 pulchrior
1151 3913 1334 3983 fuerit,
1367 3925 1518 3974 tanto
1547 3919 1680 3976 deus
1703 3930 1927 3991 putatur
1949 3939 2110 3996 augu-

519 3998 674 4065 stior,
705 4002 1031 4072 poniturque
1075 4003 1130 4057 in
1171 4002 1314 4071 fano,
1359 4014 1414 4060 et
1448 4016 1650 4064 aeterno
1683 4010 1953 4067 clauditur
1984 4029 2108 4070 car-

519 4105 664 4158 cere,
689 4107 809 4162 quae
851 4093 1010 4163 longo
1039 4103 1283 4167 tempore
1332 4100 1504 4154 crevit
1550 4101 1606 4155 in
1639 4103 1886 4172 saltibus,
1925 4113 1980 4162 et
2008 4122 2108 4176 pro

518 4183 782 4238 varietate
821 4184 1076 4240 arborum
1120 4186 1337 4255 cedrus,
1391 4199 1447 4245 et
1493 4190 1599 4246 ilex
1648 4200 1704 4247 et
1746 4210 1977 4264 quercus
2024 4197 2109 4254 vel

518 4275 678 4345 pinus
716 4275 838 4343 fuit,
869 4278 1174 4350 mirumque
1211 4281 1269 4336 in
1309 4283 1528 4339 modum
1567 4295 1841 4357 segmenta
1880 4290 1997 4360 ejus
2027 4299 2108 4346 at-

519 4382 625 4437 que
652 4383 854 4424 rasura:
895 4373 1184 4426 mittuntur
1209 4374 1264 4427 in
1304 4373 1483 4431 focum
1513 4387 1570 4432 ut
1596 4378 1918 4436 calefaciunt
1939 4383 2108 4438 artiﬁ-

517 4473 638 4514 cem
666 4461 782 4526 dei,
825 4471 880 4517 et
913 4474 1153 4533 coquant
1177 4465 1390 4522 diversa
1425 4469 1734 4538 pulmenta;
1770 4489 1896 4543 pars
1925 4483 2106 4530 autem

517 4551 689 4607 altera
734 4551 1000 4608 formatur
1027 4555 1081 4609 in
1122 4555 1283 4612 deum
1327 4567 1386 4612 ut
1427 4574 1590 4630 opere
1617 4564 1884 4634 completo
1921 4568 2108 4624 adoret

519 4643 666 4698 illam
696 4645 868 4701 factor
894 4663 1046 4714 suus,
1077 4657 1132 4704 et
1157 4649 1336 4718 operis
1361 4652 1444 4706 sui
1472 4654 1800 4725 imprecetur
1824 4660 2103 4730 auxilium,

520 4753 618 4793 nec
643 4739 893 4810 intelligit
914 4740 1000 4796 vel
1022 4743 1303 4812 recogitat,
1329 4744 1436 4801 imo
1463 4763 1562 4803 nec
1581 4751 1764 4807 carnis
1786 4768 1887 4808 nec
1910 4756 2106 4812 mentis

519 4829 713 4899 aspicit
741 4831 934 4895 oculis,
965 4833 1110 4901 quod
1135 4848 1242 4888 non
1271 4837 1442 4906 possit
1474 4854 1593 4896 esse
1632 4842 1764 4899 deus
1791 4843 1944 4912 cujus
1976 4861 2103 4916 pars

517 4919 640 4992 igne
665 4929 983 4992 consumpta
1011 4930 1116 4989 est,
1162 4940 1261 4981 nec
1305 4929 1542 4985 hominis
1569 4948 1733 4988 manu
1773 4934 1891 4990 ﬁeri
1919 4936 2103 4991 divina

518 5013 795 5083 majestas,
827 5013 1143 5086 pleniusque
1188 5031 1350 5088 super
1391 5021 1642 5080 irrisione
1682 5025 1950 5083 idolorum
1977 5047 2105 5101 pro-

515 5103 759 5174 pheticus
798 5118 976 5161 sermo
1011 5109 1338 5177 contexitur,
1365 5127 1485 5182 quae
1522 5114 1696 5172 facilis
1740 5118 2104 5192 intelligentia:

515 5206 661 5263 sunt,
709 5213 810 5254 nec
858 5199 1174 5257 laciniosam
1217 5203 1326 5259 imo
1358 5207 1683 5276 superfluam
1713 5204 2105 5283 expositionem

516 5286 848 5345 desiderant.
897 5289 1072 5362 Super
1115 5307 1223 5362 quo
1256 5303 1311 5349 et
1349 5295 1572 5355 Flaccus
1601 5302 1790 5358 scribit
1821 5303 1876 5359 in
1919 5315 2059 5376 saty-

523 5378 774 5438 deridens
802 5383 1088 5439 simulacra
1111 5385 1393 5445 gentilium

707 5543 835 5620 Olim
855 5513 1054 5620 tritu-cus
1077 5563 1210 5620 eram
1233 5550 1653 5620 ﬁculnus,_inutile
1677 5557 1882 5620 lignum,

641 5606 759 5718 gum
778 5609 932 5670 faber,
953 5612 1169 5661 incertus
1187 5625 1431 5684 scamnum
1444 5606 1984 5684 'lacerelneuﬁriadum,

692 5670 810 5718 aluit
832 5684 946 5718 esse
967 5674 1129 5718 deum.
1154 5672 1289 5718 Deus
1311 5678 1426 5718 mila
1450 5693 1546 5718 non
1594 5683 1750 5718 ﬁll-nm
1777 5685 1984 5718 nviinmn.

692 5670 946 5750 alpﬁi‘tes'se
963 5674 1129 5750 deum.
1154 5672 1289 5726 Deus
1311 5678 1426 5730 inde
1450 5693 1564 5746 ego,
1593 5683 1750 5735 ﬁtrum
1776 5670 2038 5750 aviumde

644 5730 852 5784 Maxima
877 5733 1097 5789 formido.

2135 3171 2182 3233 C

2192 521 2322 578 ferri
2381 532 2438 578 et
2491 522 2560 576 ad
2615 521 2979 578 haereseorum
3035 519 3309 591 principes
3334 559 3350 585 ,
3406 518 3502 589 qui
3556 518 3807 574 simula-

2193 631 2286 672 cra
2329 615 2640 687 dogmatum
2692 629 2914 670 suorum
2963 622 3128 684 atque
3180 611 3376 668 artiﬁci
3425 613 3594 668 corde
3635 628 3812 671 com-

2191 715 2400 780 ponunt
2429 717 2485 764 et
2510 714 2840 762 venerantur
2883 721 2949 762 ea
2977 721 3097 776 quae
3137 721 3170 760 a
3208 721 3269 761 se
3320 705 3501 761 sciunt
3546 718 3675 762 esse
3728 704 3813 765 li-

2194 799 2418 867 mulata,
2447 815 2548 855 nec
2583 796 2895 874 suﬁicit'eis
2919 812 3076 854 error
3119 798 3391 870 proprius,
3438 797 3545 853 nisi
3587 794 3816 869 simpli-

2196 909 2286 949 ces
2331 906 2575 963 quosque
2601 906 2791 946 eorum
2819 890 2888 945 ab
2913 891 3160 947 oratione
3204 891 3558 962 deceperunt,
3607 899 3666 946 et
3707 891 3812 962 qui

2198 993 2468 1056 quaestum
2515 992 2709 1054 putant
2750 998 2872 1041 esse
2913 983 3191 1055 pietatem,
3223 993 3278 1039 et
3303 984 3572 1040 devorant
3608 982 3814 1039 domos

2197 1078 2502 1142 viduarum,
2533 1079 2925 1146 abutentesque
2945 1077 3415 1148 vulgi'imperitia,
3445 1075 3521 1130 ita
3545 1083 3668 1131 arte
3695 1075 3812 1130 dia-

2199 1172 2409 1239 lectica,
2438 1173 2593 1242 quasi
2623 1171 2771 1227 ascia
2793 1171 2952 1225 tereti
2975 1179 3031 1225 et
3061 1170 3190 1225 lima
3218 1181 3274 1225 et
3301 1169 3529 1225 runcina
3560 1167 3811 1225 formant

2202 1265 2360 1320 deum
2396 1281 2574 1331 suum,
2612 1273 2666 1320 et
2691 1266 2895 1321 cudunt
2930 1263 3145 1329 malleo,
3179 1273 3341 1333 atque
3389 1264 3656 1318 inaurant
3683 1279 3810 1319 ser-

2201 1358 2378 1413 monis
2407 1357 2663 1414 rhetorici
2703 1365 3007 1422 venustatc,
3034 1372 3264 1426 quorum
3301 1356 3436 1411 deus
3465 1365 3668 1411 venter
3705 1367 3810 1420 est,

2203 1457 2258 1503 et
2286 1449 2456 1520 gloria
2487 1450 2541 1504 in
2572 1448 2888 1505 confusione
2915 1464 3124 1504 eorum.

2277 1562 2427 1634 (CAP.
2453 1563 2586 1635 XIV.)
2613 1563 2815 1618 Iterum
2850 1561 2986 1616 alius
3024 1562 3272 1632 navigare
3293 1561 3513 1632 cogitat,
3540 1570 3591 1614 et
3616 1575 3713 1630 per
3735 1559 3815 1632 fe-

2205 1674 2290 1712 ros
2319 1659 2512 1728 ﬂuctus
2536 1658 2786 1727 incipiens
2816 1658 2914 1711 iter
2937 1656 3124 1726 facere,
3166 1646 3306 1724 ligno
3334 1662 3583 1724 portante
3615 1669 3672 1708 se
3697 1652 3804 1722 fra-

2205 1745 2362 1818 gilius
2385 1745 2581 1816 lignum
2606 1747 2829 1800 invocat.
2871 1744 3015 1798 Illud
3037 1745 3173 1799 enim
3209 1744 3468 1814 cupiditas
3497 1740 3814 1814 acquirendi

2206 1839 2532 1910 excogitavit,
2586 1848 2634 1891 et
2681 1838 2873 1908 artifex
2911 1836 3171 1908 sapientia
3211 1834 3487 1904 fabricavit
3536 1850 3668 1887 sua.
3702 1831 3814 1886 Tua

2205 1942 2399 1996 autent,
2450 1927 2626 1994 Pater,
2655 1929 2907 1999 gubernat
2939 1929 3218 1998 sapientia.
3250 1925 3377 1980 Haec
3415 1925 3685 1980 similiter
3713 1924 3813 1978 sic-

2205 2029 2263 2078 ut
2300 2031 2356 2075 et
2401 2021 2581 2090 priora
2630 2022 2685 2076 in
2723 2021 3124 2090 sugillationem
3171 2019 3323 2090 ponit
3367 2019 3810 2084 idololatrarnm,

2205 2111 2332 2180 quia
2373 2110 2612 2164 maxima
2636 2109 2892 2165 vecordia
2935 2117 3041 2176 est,
3086 2117 3146 2163 ut
3191 2109 3352 2163 homo
3397 2108 3466 2162 ad
3517 2106 3814 2178 imaginem

2207 2199 2302 2255 Dei
2344 2201 2614 2268 conditus,
2659 2201 2982 2256 rationalem
3028 2200 3096 2255 ab
3138 2199 3256 2270 ipso
3300 2199 3511 2254 habens
3551 2201 3814 2263 animam,

2203 2307 2303 2362 per
2325 2307 2486 2362 quam
2523 2292 2832 2364 excogitare
2861 2293 3035 2364 potuit
3070 2298 3262 2358 artem,
3301 2291 3578 2362 quomodo
3609 2293 3673 2348 in
3711 2291 3809 2347 ﬁu-

2206 2385 2383 2441 ctibus
2413 2385 2518 2441 iter
2545 2382 2762 2442 meandi
2795 2386 3040 2453 haberet,
3069 2385 3249 2441 navim
3288 2384 3569 2441 fabricans
3617 2400 3814 2440 secun-

2205 2477 2332 2532 dum
2386 2478 2522 2532 artis
2563 2493 2674 2532 suae
2706 2478 2982 2549 peritiam,
3026 2493 3130 2534 non
3177 2477 3439 2534 honorem
3483 2476 3565 2532 illi
3613 2477 3816 2532 tribuat

2206 2569 2299 2639 qui
2326 2570 2467 2624 hanc
2494 2570 2774 2624 scientiam
2797 2569 2900 2625 sibi
2929 2569 3099 2636 dedit,
3129 2568 3222 2625 sed
3248 2569 3430 2640 potius
3455 2569 3682 2625 invocet
3706 2568 3817 2623 ido-

2207 2661 2319 2716 lum
2349 2663 2492 2732 quod
2519 2662 2682 2718 simili
2714 2671 2833 2719 arte
2857 2663 2953 2719 sed
2983 2662 3175 2733 majori
3195 2664 3437 2718 vanitate
3466 2663 3587 2733 ipse
3616 2661 3814 2719 forma-

2207 2755 2303 2809 vit.
2327 2741 2467 2808 ‘Nam
2495 2770 2619 2809 cum
2649 2754 2738 2810 ille
2772 2756 2845 2811 sit
2873 2756 3049 2827 major
3079 2765 3134 2810 et
3171 2754 3363 2811 melior
3392 2755 3703 2810 secundum
3732 2769 3815 2808 ra-

2211 2847 2411 2902 tionem
2441 2843 2637 2903 na'tura
2663 2864 2730 2904 eo
2761 2863 2921 2919 quem
2954 2849 3068 2918 ipse
3094 2846 3470 2902 insensibilem
3491 2847 3563 2901 ad
3593 2845 3814 2916 aliquod

2208 2937 2554 2994 simulacrum
2586 2938 2760 3006 ﬁnxit,
2792 2955 2902 2995 non
2926 2938 3115 2994 debuit
3138 2938 3393 2993 aberrare
3416 2946 3476 2992 ut
3504 2936 3688 3006 major
3715 2937 3815 2991 mi-

2210 3045 2398 3084 norem
2448 3031 2718 3095 adoraret,
2768 3030 3183 3100 quia‘minores
3230 3045 3260 3083 a
3314 3029 3616 3100 majoribus
3658 3028 3814 3083 auxi-

2211 3121 2344 3176 lium
2373 3136 2617 3191 quaerere.
2649 3121 2865 3189 debent,
2904 3137 3012 3178 non
3052 3120 3288 3190 majores
3317 3136 3348 3174 a
3377 3121 3710 3175 minoribus.
3740 3119 3813 3174 Ex

2215 3213 2397 3269 divino
2436 3221 2618 3269 autem
2649 3230 2876 3271 munere
2924 3216 3068 3271 sicut
3111 3214 3310 3286 navigii
3349 3214 3708 3284 praeparatio,
3745 3214 3814 3268 ita

2212 3311 2268 3359 et
2290 3305 2577 3376 navigandi
2600 3320 2793 3361 cursus
2814 3305 3170 3375 postulandus
3193 3312 3296 3372 est,
3323 3305 3451 3374 quia
3470 3305 3817 3374 omnipotens

2212 3395 2438 3452 Creator
2463 3412 2844 3468 quemcunque
2868 3398 3092 3465 deserit,
3125 3396 3414 3463 interimit;
3441 3412 3608 3468 quem
3634 3404 3816 3452 autem

2213 3491 2302 3548 ille
2326 3493 2614 3563 gubernat,
2655 3493 2870 3563 integra
2913 3491 3274 3563 prosperitate
3314 3488 3574 3545 exsultat.
3616 3488 3817 3546 Omnes

2213 3593 2395 3640 autem
2422 3585 2667 3640 haeretici
2691 3586 2785 3656 qui
2814 3585 2868 3639 in
2896 3583 3236 3656 dogmatibus
3263 3583 3376 3639 suis
3397 3582 3550 3637 varia
3574 3584 3818 3640 condunt

2212 3676 2505 3732 simulacra
2543 3689 2815 3743 errorum,
2859 3675 2981 3731 ideo
3029 3675 3084 3730 in
3130 3673 3383 3730 ﬂuctibus
3418 3673 3582 3744 hujus
3636 3673 3816 3730 saeculi

2211 3767 2603 3834 obvolvuntur,
2654 3769 2782 3838 quia
2834 3768 3016 3823 navim
3064 3766 3322 3822 Ecclesia:
3373 3767 3721 3836 reliquerunt
3763 3775 3817 3823 et

2210 3856 2380 3914 Deum
2406 3859 2824 3930 gubernatorem
2858 3858 3061 3914 habere
3085 3855 3393 3912 noluerunt.

2285 3973 2559 4039 Quomodo
2599 3974 2792 4030 dedisti
2828 3975 2882 4028 in
2916 3973 3054 4028 mari
3088 3973 3222 4028 viam
3265 3983 3314 4028 et
3357 3975 3494 4028 inter
3519 3974 3720 4043 ﬂuctus
3741 3991 3814 4028 se-

2209 4067 2392 4120 mitam
2420 4065 2803 4134 ﬁrmissimam,
2833 4065 3107 4121 ostendens
3143 4065 3396 4136 quoniam
3427 4073 3614 4136 potens
3658 4082 3712 4119 es
3753 4081 3812 4118 es

2209 4160 2505 4215 hominibus
2527 4177 2737 4226 sanare,
2768 4161 2926 4216 etiam
2969 4161 3016 4214 si
3049 4159 3165 4228 quis
3185 4159 3296 4214 sine
3323 4168 3432 4213 rate
3451 4159 3616 4212 adeat
3649 4174 3806 4212 mare.

2207 4251 2371 4307 Juxta
2396 4252 2682 4308 historiam
2725 4267 2854 4321 ergo
2900 4250 3115 4307 Domini
3154 4251 3395 4322 potentia
3427 4247 3808 4306 demonstrata

2208 4351 2314 4409 est,
2358 4359 2483 4398 cum
2533 4343 2792 4414 populum
2839 4342 3192 4400 lsraeliticum
3232 4357 3332 4413 per
3370 4356 3522 4398 mare
3555 4341 3809 4413 ,Rubrum

2209 4435 2355 4490 sicco
2397 4436 2534 4507 pede
2579 4436 2812 4492 transire
2852 4434 3010 4503 fecit;
3053 4435 3303 4492 similiter
3331 4443 3387 4491 et
3415 4445 3712 4493 exeuntem
3748 4437 3808 4493 de

2133 4531 2186 4591 D
2213 4529 2426 4584 deserto
2453 4529 2701 4584 eumdem
2741 4542 2837 4601 per
2863 4527 3115 4584 Jordanis
3156 4529 3368 4584 alveum
3401 4528 3711 4584 transduxit
3739 4529 3808 4582 di-

2209 4618 2342 4674 visis
2371 4634 2437 4674 ex
2478 4628 2708 4689 utraque
2735 4629 2892 4690 parte
2920 4620 3095 4691 aquis,
3128 4629 3189 4675 ut
3223 4629 3490 4675 terrorem
3541 4620 3803 4676 incuteret

2208 4712 2458 4782 gentibus
2504 4711 2932 4768 Chananaeorum
2984 4710 3432 4767 exterminandis.
3501 4709 3610 4766 Sed
3656 4712 3804 4783 juxta

2207 4806 2519 4877 allegoriam
2559 4807 2674 4879 ipse
2723 4807 2983 4862 Dominus
3022 4806 3270 4862 ﬁdelibus
3308 4805 3422 4860 suis
3459 4805 3604 4861 inter
3631 4805 3802 4861 saeculi

2206 4897 2402 4954 fluctuis
2431 4909 2592 4970 atque
2621 4907 3030 4968 persecutorum
3060 4906 3325 4954 tormenta
3351 4905 3623 4968 praeparat
3652 4911 3799 4951 semi-

2211 4997 2323 5044 tam
2374 4989 2496 5044 ﬁdei
2533 4999 2695 5060 atque
2736 4990 3076 5055 constantiae,
3127 5005 3226 5061 per
3273 5003 3436 5059 quam
3484 4987 3699 5058 possint
3741 4984 3801 5041 ab

2209 5082 2356 5137 omni
2399 5081 2656 5137 seandalo
2698 5082 2932 5137 transire
2971 5080 3145 5148 illaesi,
3192 5094 3295 5135 nec
3330 5079 3409 5134 eis
3452 5077 3681 5133 humani
3721 5091 3800 5133 so-

2210 5173 2323 5230 latii
2359 5175 2430 5230 ibi
2457 5175 2564 5230 erit
2585 5190 2740 5246 Opus,
2770 5175 2860 5232 ubi
2903 5183 3144 5247 potestas
3182 5175 3448 5232 Altissimi
3498 5189 3614 5232 suae
3639 5173 3774 5232 virtu

2211 5274 2294 5324 tes
2320 5268 2600 5325 mirabiles
2617 5269 2854 5326 ostendit
2881 5267 3126 5326 effectus.

2284 5380 2391 5436 Sed
2418 5391 2476 5437 ut
2505 5399 2609 5438 non
2636 5393 2806 5438 essent
2837 5401 3003 5438 vacua
3039 5384 3312 5454 sapientia:
3338 5393 3444 5440 tua:
3479 5402 3662 5455 opera,
3682 5399 3797 5456 pto-

2207 5479 2322 5542 pter
2355 5472 2452 5527 hoc
2487 5473 2645 5526 etiam
2685 5475 2872 5544 exiguo
2908 5473 3048 5544 ligno
3083 5475 3300 5528 credunt
3333 5475 3570 5530 homines
3594 5475 3794 5529 uitiatas

2206 5578 2350 5628 suas,
2381 5572 2431 5617 et
2456 5573 2783 5618 transeuntes
2815 5581 2958 5618 mare
2993 5581 3084 5632 per
3107 5574 3272 5620 ratem
3303 5565 3509 5621 liberati
3537 5577 3681 5630 sunt,
3704 5562 3792 5620 sed

2206 5654 2271 5707 ab
2293 5655 2442 5709 initio
2471 5673 2590 5709 cum
2616 5659 2843 5728 perirent
2864 5658 3073 5728 superbi
3098 5660 3350 5730 gigantes,
3383 5677 3498 5731 spes
3526 5675 3664 5715 oms
3689 5668 3787 5713 ter-

2206 5760 2388 5802 rarum
2411 5747 2481 5805 ad
2511 5757 2677 5806 ratem
2705 5751 3031 5819 confugiens,
3063 5753 3260 5810 remisit
3284 5753 3478 5810 sa'culo
3500 5766 3674 5812 semen
3694 5762 3784 5808 ne‘
