4030 6470
189 393 304 449 7'57

1021 389 1373 448 COMMENT.
1411 389 1480 446 IN
1518 389 1780 449 LIBRUM
1819 390 2226 450 SAPIENTIIE.
2265 421 2335 434 -
2371 391 2499 448 LIB.
2535 392 2622 450 III.

3357 398 3471 463 πθ

191 506 442 571 tivitatis,
465 517 582 576 quae
599 517 760 560 manu
782 511 872 560 tua
889 512 1000 561 erat
1021 505 1326 574 gubernata.
1359 501 1616 557 Mirabilis
1637 517 1790 557 crea-
1815 505 1868 567 Α
1893 513 2159 560 tormenta
2179 505 2472 576 patientur,
2502 507 2628 576 quia
2654 506 2789 562 falsa
2813 523 2912 579 pro
2939 511 3193 579 veritate,
3213 521 3270 570 et
3292 515 3470 571 factu-

191 606 288 655 tor
315 603 580 654 creatura:
621 610 731 651 sua:
766 595 914 651 dedit
947 595 1245 656 scientiam,
1276 603 1540 664 quatenus
1567 595 1621 648 in
1647 610 1789 665 prae-

190 688 343 746 senti
370 685 565 742 saeculo
590 701 700 742 sure
725 686 894 757 possit
923 686 1204 742 consulere
1240 684 1569 751 necessitati,
1601 694 1656 741 et
1689 685 1794 740 Do-

192 780 339 836 mini
383 779 467 835 sui
513 778 786 834 deservire
836 778 1117 832 voluntati.
1172 777 1264 833 Sic
1312 779 1477 833 etiam
1529 779 1599 834 ab
1635 778 1790 834 initio

191 868 419 940 quando
437 883 605 941 genus
628 869 925 923 humanum
949 877 1005 924 et
1027 867 1346 924 idololatriae
1369 870 1574 926 servire
1601 870 1786 940 coepit,

192 971 255 1018 et
277 961 461 1016 omnia
484 960 626 1015 mala
653 975 752 1031 per
784 960 1046 1030 superbos
1087 959 1331 1032 gigantes
1366 961 1696 1031 gerebantur
1730 945 1825 1017 in.

195 1062 382 1120 terra,
421 1051 622 1107 arbiter
662 1052 1004 1122 omnipotens
1044 1050 1258 1107 ﬁdelem
1314 1052 1576 1110 cultorem
1630 1069 1788 1110 suum

191 1142 317 1200 Noe
345 1156 527 1198 arcam
547 1140 729 1199 facere
751 1141 935 1211 jussit,
963 1156 1061 1213 per
1084 1157 1248 1213 quam
1279 1141 1396 1213 ipse
1421 1151 1477 1198 et
1503 1145 1787 1216 progenies

191 1236 320 1308 ejus
341 1233 662 1301 salvaremr,
684 1221 999 1306 speciesque
1041 1236 1282 1292 omnium
1324 1236 1681 1292 animantium
1718 1237 1788 1294 ad

193 1325 440 1382 futuram
489 1326 941 1382 restaurationem
992 1327 1139 1384 orbis
1195 1336 1565 1384 servarentur.
1620 1326 1786 1396 Cujus

193 1418 451 1473 videlicet
473 1418 788 1490 mysterium
809 1417 1001 1474 Petrus
1035 1418 1311 1489 apostolus
1342 1420 1398 1473 in
1427 1419 1664 1490 Epistola
1686 1435 1785 1476 sua

190 1507 440 1563 ostendit
464 1507 648 1564 dicens
681 1525 696 1562 :
727 1507 975 1564 Christus
1013 1507 1169 1563 semel
1203 1525 1298 1579 pro
1336 1510 1561 1579 peccatis
1591 1511 1784 1564 nostris

189 1608 434 1653 mortuus
455 1607 551 1666 est,
573 1599 753 1670 justus
790 1616 887 1670 pro
932 1599 1165 1670 injustis,
1213 1609 1268 1654 ut
1311 1617 1404 1654 nos
1445 1601 1626 1671 o/feret
1673 1601 1783 1657 Deo

187 1691 537 1760 mortiﬁcatus
571 1691 780 1762 quidem
824 1707 1000 1758 carne,
1042 1691 1330 1760 viviﬁcatus
1370 1700 1546 1746 autem
1572 1693 1780 1762 spiritu.

185 1781 262 1838 In
281 1800 383 1854 quo
412 1791 460 1838 et
489 1783 569 1838 his
586 1783 677 1854 qui
706 1784 760 1837 in
787 1800 991 1838 carcere
1018 1793 1168 1838 erant
1191 1785 1382 1854 spiritu
1408 1783 1612 1839 veniens
1645 1800 1783 1855 prte-

1891 610 2008 650 ram
2037 609 2136 664 pro
2168 594 2374 650 factore
2401 597 2649 650 venerari
2685 597 3063 654 moliebantur.
3125 601 3230 659 Sed
3256 605 3382 674 quia
3410 605 3473 660 li-

1889 700 2052 758 gnum
2079 701 2178 757 pro
2206 688 2426 742 homine
2453 688 2688 758 positum
2716 703 2855 760 saepe
2889 690 2943 745 in
2974 691 3270 763 Scripturis
3301 694 3474 751 sacris

1889 775 2210 844 invenimus,
2240 777 2395 846 juxta
2425 778 2732 850 tropologia:
2753 781 3014 850 regulam,
3048 783 3365 839 benedictus
3393 793 3479 840 est

1889 865 2052 924 homo
2077 868 2170 937 qui
2205 867 2372 923 verba
2412 868 2657 924 veritatis
2691 870 2919 940 profert,
2960 880 3014 925 et
3038 886 3202 941 opera
3231 871 3361 928 facit
3387 871 3476 942 ju—
3521 922 3528 925 _

1888 961 2072 1017 stitiae.
2121 957 2421 1016 Haereticus
2467 969 2649 1016 autem
2695 961 2787 1031 qui
2836 961 3040 1017 erroris
3083 963 3168 1017 sui
3218 963 3474 1034 ﬁgmenta

1886 1057 2178 1107 veneratur
2222 1049 2544 1106 maledictus
2589 1057 2712 1117 est,
2756 1057 2812 1104 et
2855 1051 3145 1121 perditioni
3189 1052 3476 1123 deputatus

1887 1150 2124 1209 aeternae,
2154 1142 2269 1212 ipse
2287 1141 2540 1197 videlicet
2560 1148 2615 1198 et
2647 1156 2784 1212 opus
2809 1141 2945 1212 ejus,
2971 1141 3075 1198 hoc
3095 1150 3203 1211 est,
3228 1142 3477 1198 doctrina

1885 1232 2023 1303 ejus,
2049 1247 2213 1302 quam
2241 1229 2328 1288 ille
2351 1229 2487 1286 falso
2512 1246 2613 1302 pro
2637 1231 2869 1288 veritate
2893 1232 3087 1288 docere
3108 1231 3478 1302 praesumpsit,

1886 1324 1954 1380 de
1979 1338 2087 1395 quo
2115 1333 2170 1378 et
2193 1322 2573 1394 subjungitur:

1957 1412 2212 1470 Similiter
2250 1423 2426 1469 autem
2457 1414 2570 1471 Deo
2605 1415 2724 1469 odio
2766 1423 2888 1471 sunt
2925 1415 3117 1487 impius
3153 1425 3205 1471 et
3238 1415 3480 1486 impietas

1884 1508 2018 1578 ejus.
2076 1503 2286 1561 Etenim
2321 1507 2460 1577 quod
2489 1507 2691 1576 factum
2724 1517 2799 1563 est
2831 1525 2951 1563 cum
2974 1507 3067 1562 illo
3095 1509 3184 1580 qui
3216 1507 3340 1577 fecit
3369 1516 3480 1562 tor-

1882 1608 2058 1654 menta
2083 1600 2330 1670 patietur.
2364 1597 2504 1654 Hinc
2545 1606 2599 1653 et
2617 1613 2716 1668 per
2743 1597 3034 1654 Jeremiam
3059 1599 3258 1654 dicitur
3285 1614 3300 1653 :
3331 1597 3477 1654 Stul-

1838 1760 1844 1770 I
1882 1699 1966 1744 tus
1993 1690 2163 1759 factus
2188 1699 2263 1745 est
2289 1689 2457 1745 omnis
2490 1689 2646 1744 homo
2673 1705 2706 1742 a
2730 1689 2948 1743 scientia
2970 1706 3087 1756 sua,
3119 1691 3372 1761 confusus
3401 1697 3479 1746 est

1883 1781 2052 1836 omnis
2073 1781 2312 1850 falsorin
2332 1779 2589 1851 sculptile,
2624 1780 2749 1851 quia
2784 1780 3014 1836 mendax
3045 1782 3304 1851 conﬂator
3338 1781 3474 1851 ejus,

183 1873 406 1941 dicavit,
433 1875 522 1945 qui
548 1874 807 1929 increduli
842 1875 1051 1944 fuerant
1094 1873 1398 1946 aliquando,
1439 1873 1651 1946 quando
1686 1891 1780 1930 ex-
1809 1864 1859 1926 Β
1885 1886 1978 1924 nec
2015 1879 2090 1924 est
2121 1871 2337 1941 spiritus
2375 1871 2432 1924 in
2459 1871 2555 1937 eis,
2592 1885 2728 1924 vana
2757 1871 2896 1924 enim
2925 1880 3045 1925 sunt
3078 1886 3255 1941 opera,
3285 1880 3332 1926 et
3368 1872 3478 1924 risu

182 1965 492 2036 spectabant
514 1965 612 2021 Dei
639 1966 965 2036 patientiam.
1013 1965 1082 2021 In
1106 1965 1287 2020 diebus
1311 1965 1427 2020 Noe
1457 1981 1575 2020 cum
1613 1964 1782 2035 fabri-

184 2063 404 2111 caretur
428 2073 554 2111 arca
587 2057 642 2112 in
669 2075 773 2129 qua
805 2059 978 2128 pauci,
1024 2057 1078 2111 id
1115 2066 1212 2124 est,
1258 2065 1374 2112 octo
1407 2059 1599 2113 anima:
1627 2057 1784 2114 salva:

186 2145 348 2216 facta:
381 2157 498 2202 sunt
524 2164 616 2218 per
636 2165 848 2218 aquam,
871 2148 1010 2219 quod
1036 2157 1084 2202 et
1114 2165 1202 2203 vos
1225 2165 1363 2202 nunc
1382 2148 1569 2203 similis
1597 2147 1783 2218 forma:

183 2236 361 2292 salvos
390 2238 518 2306 facit
555 2238 812 2310 baptisma
846 2238 899 2311 (Ι
926 2237 1072 2294 Petr.
1105 2237 1212 2310 ιιι).
1245 2239 1499 2296 Formam
1529 2240 1783 2312 baptismi

185 2327 546 2384 assimilatam
591 2329 778 2386 dicunt
821 2345 964 2386 arcae
1012 2339 1067 2385 et
1109 2331 1263 2400 aquis
1301 2330 1508 2396 diluvii,
1546 2339 1602 2386 et
1635 2339 1784 2387 recte

184 2419 411 2477 omnino
434 2421 560 2491 quia
588 2429 643 2476 et
671 2421 788 2491 ipsa
813 2420 1100 2477 fabricatio
1125 2437 1265 2477 arcae
1294 2423 1360 2478 de
1386 2422 1548 2493 lignis
1578 2422 1782 2495 leviga-

186 2512 264 2568 tis
313 2513 771 2568 constructionem
813 2512 1085 2584 signiﬁcat
1129 2512 1410 2580 Ecclesiae,
1462 2527 1583 2584 quae
1622 2512 1684 2566 ﬁt
1717 2512 1786 2568 de

186 2603 507 2659 collectione
531 2603 836 2659 animarum
862 2603 1101 2659 ﬁdelium
1129 2617 1228 2673 per
1256 2602 1581 2659 architectos
1609 2602 1781 2659 verbi.

187 2693 258 2748 Et
288 2693 430 2762 quod
457 2701 719 2764 pereunte
739 2694 870 2748 orbe
900 2701 1012 2747 toto
1039 2693 1219 2763 pauci,
1243 2693 1297 2748 id
1319 2702 1423 2758 est,
1445 2699 1569 2748 octo
1591 2691 1785 2747 animae

186 2785 355 2842 salvae
381 2785 538 2841 facula
568 2795 693 2840 sunt
718 2800 816 2856 per
844 2800 1062 2855 aquam,
1091 2785 1360 2856 signiﬁcat
1387 2785 1512 2855 quia
1543 2784 1612 2839 ad
1636 2799 1786 2840 com-

186 2879 528 2950 parationem
568 2877 911 2949 pereuntium
936 2877 1239 2949 gentilium,
1261 2875 1590 2943 Iudaeorum,
1618 2876 1786 2931 haere-

185 2970 421 3026 ticorum
465 2977 519 3025 et
559 2968 819 3026 falsorum
846 2969 1108 3036 ﬁdelium,
1145 2968 1314 3024 multo
1337 2969 1555 3025 brevior
1581 2976 1666 3024 est
1693 2983 1788 3022 nu-

186 3076 377 3117 merus
417 3061 731 3117 electorum.
789 3059 944 3117 Unde
973 3061 1040 3117 de
1074 3070 1303 3131 angusta
1339 3069 1497 3131 porta
1541 3069 1595 3116 et
1635 3068 1786 3117 arcta

186 3153 280 3207 via
319 3168 439 3222 qua:
475 3153 623 3209 ducit
659 3155 727 3209 ad
773 3154 940 3209 vitam
980 3153 1178 3209 dicitur
1209 3171 1224 3208 :
1257 3152 1326 3207 Et
1361 3154 1518 3225 pauci
1546 3163 1665 3208 sunt
1693 3154 1786 3224 qui

1885 1962 2067 2033 digna,
2095 1962 2154 2016 in
2175 1970 2401 2032 tempore
2420 1961 2732 2016 uisitationis
2759 1977 2870 2016 sua:
2891 1961 3133 2032 peribunt
3161 1959 3297 2033 (Jer.
3324 1959 3404 2032 ιι).

1956 2052 2182 2124 Propter
2205 2053 2300 2108 hoc
2321 2061 2369 2108 et
2390 2053 2446 2107 in
2471 2051 2626 2107 idolis
2649 2054 2922 2108 nationum
2943 2068 3045 2107 non
3067 2053 3163 2107 erit
3185 2061 3442 2122 respectus
3461 2065 3480 2102 :

1883 2145 2133 2217 quoniam
2164 2154 2418 2200 creaturae
2441 2142 2542 2198 Dei
2567 2143 2623 2196 in
2649 2146 2827 2198 odium
2853 2143 3009 2212 facta:
3028 2149 3182 2207 sunt,
3203 2151 3252 2196 et
3287 2142 3345 2195 in
3365 2153 3478 2195 ten-

1885 2237 2136 2291 tationem
2161 2234 2353 2289 animis
2385 2234 2677 2301 hominum,
2711 2243 2759 2288 et
2795 2233 2850 2287 in
2889 2231 3237 2303 muscipulam
3267 2231 3482 2302 pedibus

1883 2330 2264 2402 insipientium.
2311 2327 2429 2384 Non
2459 2337 2586 2386 sunt
2615 2328 2762 2383 enim
2802 2327 2944 2383 idola
2972 2328 3214 2398 gentium
3241 2334 3297 2382 et
3325 2325 3480 2380 inha—
3563 2335 3573 2341 ·

1883 2422 2150 2479 bitatores
2175 2437 2384 2488 eorum,
2413 2421 2634 2491 maligni
2661 2419 2914 2477 videlicet
2946 2419 3188 2490 spiritus,
3220 2416 3367 2488 digni
3390 2430 3482 2471 ve-

1883 2518 1997 2584 nia,
2037 2516 2295 2587 quoniam
2323 2515 2574 2572 homines
2604 2514 2696 2584 qui
2725 2513 3108 2583 ad'imaginem
3139 2519 3194 2567 et
3220 2511 3485 2565 honorem

1884 2608 1982 2664 Dei
2010 2608 2181 2663 creati
2211 2615 2356 2671 sunt,
2385 2621 2417 2660 a
2439 2605 2721 2662 conditore
2749 2618 2848 2659 suo
2881 2601 3291 2667 abstrahebant,
3333 2607 3390 2656 et
3429 2599 3486 2654 in
3568 2643 3573 2650 .

1885 2702 2089 2759 erroris
2123 2701 2207 2757 sui
2242 2699 2543 2770 decipulam
2569 2695 2908 2774 immittendp
2937 2693 3344 2750 subvertebant.
3399 2689 3485 2745 Si-

1884 2793 2086 2849 militer
2119 2800 2175 2849 et
2202 2791 2444 2848 heretici
2467 2790 2513 2845 si
2533 2787 3000 2859 perseveraverint
3017 2785 3072 2840 in
3095 2783 3337 2854 nequitia
3356 2795 3478 2846 sua,

1886 2900 1994 2956 qua
2020 2885 2267 2940 homines
2295 2900 2326 2939 a
2351 2883 2578 2938 veritate
2603 2881 2658 2936 in
2683 2879 2974 2935 falsitatem
2995 2877 3279 2942 seducunt,
3310 2885 3488 2944 neque

1887 2992 1946 3032 se
1974 2976 2312 3033 correxerint
2356 2983 2413 3030 et
2458 2972 2838 3044 paenitentiam
2865 2970 3092 3041 egerint,
3124 2982 3232 3024 non
3256 2963 3489 3023 evadent

1884 3067 2158 3140 judicium
2187 3066 2327 3136 ignis
2356 3064 2565 3119 aeterni.

1958 3157 2182 3213 Initium
2207 3158 2345 3212 enim
2374 3155 2736 3225 fornicationis
2775 3162 2852 3208 est
2883 3150 3148 3206 idolorum
3187 3149 3494 3222 inquisitio,

153 3257 160 3260 '
185 3219 456 3301 inveniunt
482 3263 595 3300 eam
619 3245 835 3318 (Matth.
866 3247 983 3318 vn).
1014 3247 1082 3302 Et
1112 3247 1308 3302 iterum
1335 3219 1554 3302 {Nolite
1581 3219 1782 3312 timere,
1812 3219 1858 3282 Ο
1887 3260 1937 3306 et
1968 3249 2264 3305 adinventio
2288 3219 2502 3302 illorum
2531 3246 2796 3316 corruptio
2836 3245 2955 3298 vitae
2993 3251 3104 3309 est;
3146 3219 3310 3313 neque
3343 3240 3481 3295 enim

185 3336 414 3410 pusillus
437 3354 582 3408 grex,
604 3339 728 3410 quia
749 3338 1061 3410 complacuit
1096 3338 1249 3393 Patri
1278 3347 1445 3394 vestro
1479 3339 1607 3393 dare
1641 3337 1785 3392 vobis

187 3445 412 3499 regnum
439 3429 590 3500 (Luc.
619 3430 739 3503 xu).
798 3431 951 3499 Quod
977 3447 1105 3503 ergo
1136 3432 1321 3487 diluvii
1348 3447 1488 3502 aqua
1529 3447 1638 3487 non
1677 3431 1788 3486 sal-

186 3520 344 3576 vavit
366 3527 519 3575 extra
543 3536 724 3576 arcam
748 3523 972 3592 positos,
991 3523 1085 3578 sed
1104 3524 1327 3590 occidit,
1347 3524 1465 3578 sine
1478 3524 1640 3578 dubio
1649 3539 1789 3594 pra:-

189 3611 466 3683 figurabat
505 3627 720 3667 omnem
753 3613 1068 3670 haereticum
1106 3613 1233 3670 licet
1277 3615 1568 3671 habentem
1611 3616 1789 3686 bapti-

191 3703 386 3759 smatis
409 3711 806 3759 sacramentum
831 3720 941 3760 non
975 3704 1118 3771 aliis,
1155 3705 1248 3762 sed
1272 3705 1404 3776 ipsis
1425 3706 1580 3776 aquis
1611 3707 1678 3760 ad
1708 3707 1790 3761 in-

192 3794 350 3851 ferna
373 3797 744 3866 mergendum,
775 3795 972 3866 quibus
991 3811 1122 3853 arca
1146 3797 1459 3853 sublevatur
1481 3800 1549 3854 ad
1569 3799 1785 3856 cadum.

192 3887 315 3960 Ipse
365 3902 579 3958 quoque
624 3888 936 3944 octonarius
993 3903 1254 3946 numerus
1313 3891 1616 3946 animarum
1669 3907 1790 3962 qua:

196 3981 361 4038 salva:
389 3980 546 4037 factae
577 3989 703 4037 sunt
730 3995 827 4052 per
856 3997 1052 4052 aquam
1097 3984 1385 4054 signiﬁcat,
1424 3985 1568 4054 quod
1605 3991 1790 4040 sancta

196 4071 444 4127 Ecclesia
483 4073 538 4128 in
581 4081 983 4129 sacramentum
1030 4073 1324 4132 Dominicae
1376 4077 1792 4133 resurrectionis

196 4166 454 4236 baptismi
483 4166 756 4222 lavacrum
779 4167 1034 4238 percipit,
1072 4179 1134 4223 ut
1167 4169 1308 4225 sicut
1336 4170 1451 4240 ipse
1492 4172 1791 4225 resurrexit

199 4275 231 4313 a
261 4259 491 4313 mortuis
530 4274 628 4329 per
674 4259 900 4330 gloriam
937 4259 1139 4326 Patris,
1186 4261 1261 4315 ita
1297 4276 1396 4316 nos
1434 4261 1714 4331 expurgati
1759 4276 1791 4314 a

198 4350 439 4422 peccatis
477 4365 575 4420 per
610 4365 807 4420 aquam
846 4351 1272 4423 regenerationis
1313 4351 1368 4404 in
1407 4351 1647 4407 novitate
1668 4351 1794 4405 vitae

199 4441 560 4496 ambulemus.

272 4531 616 4586 Benedictum
643 4540 719 4588 est
748 4539 885 4587 enim
917 4532 1118 4604 lignum
1155 4549 1248 4603 per
1277 4533 1417 4604 quod
1459 4534 1519 4602 ﬁt
1555 4533 1790 4603 justitia.

202 4619 312 4675 Per
335 4636 522 4675 manus
547 4630 721 4676 autem
739 4623 879 4692 quod
910 4622 972 4691 ﬁt
1007 4621 1225 4688 idolum,
1265 4621 1599 4678 maledictum
1635 4634 1709 4679 est
1745 4634 1796 4679 et

201 4713 394 4785 ipsum,
436 4721 484 4766 et
530 4713 621 4784 qui
663 4713 784 4782 fecit
825 4713 1147 4786 illud:quia
1188 4713 1277 4769 ille
1314 4714 1523 4786 quidem
1553 4705 1795 4786 operatus

202 4815 301 4871 est,
338 4803 472 4858 illud
497 4812 693 4870 autem,
720 4821 839 4859 cum
863 4803 1052 4876 fragile
1073 4814 1227 4872 esset,
1249 4805 1376 4861 deus
1401 4808 1798 4877 cognominatus

203 4898 303 4951 est.
329 4896 554 4952 Diversa
596 4904 683 4952 est
713 4899 830 4952 haec
869 4897 1202 4968 comparatio
1241 4897 1471 4953 duorum
1504 4899 1796 4970 lignorum,

203 4986 335 5056 quia
370 5001 538 5046 unum
568 4985 1019 5054 benedictionem,
1056 4987 1284 5044 alterum
1311 5004 1441 5045 vero
1470 4990 1802 5046 maledictio-

202 5091 333 5132 nem
357 5084 616 5131 meretur.
657 5077 1011 5134 Benedictum
1053 5086 1136 5135 est
1173 5079 1317 5134 enim
1355 5079 1559 5152 lignum
1599 5081 1800 5148 crucis,

207 5168 263 5223 in
292 5183 402 5239 quo
420 5184 521 5240 per
541 5170 858 5238 sanguinem
886 5169 1086 5226 Christi
1127 5179 1413 5242 reparatus
1444 5181 1529 5228 est
1551 5171 1719 5239 orbis,
1749 5182 1804 5230 et

207 5258 512 5330 redemptio
534 5258 776 5330 perfecta
811 5270 896 5317 est
923 5262 1147 5317 humani
1171 5265 1405 5333 generis.
1446 5263 1491 5319 E
1528 5265 1802 5321 contrario

208 5367 342 5408 vero
369 5352 714 5410 maledictum
742 5362 828 5410 est
857 5354 1082 5422 idolum,
1113 5356 1216 5411 hoc
1238 5364 1342 5424 est,
1371 5357 1720 5414 simulacrum
1749 5368 1804 5416 et

209 5443 426 5500 cultura
452 5445 713 5502 falsorum
735 5448 985 5516 deorum,
1021 5447 1174 5519 cujus
1206 5457 1288 5505 est
1313 5459 1494 5508 certus
1526 5451 1798 5520 interitus,

211 5546 272 5594 et
314 5540 616 5610 operatoris
660 5540 778 5611 ejus
820 5549 1004 5597 manet
1040 5542 1314 5598 cruciatus
1353 5552 1608 5601 aeternus.
1668 5545 1806 5602 Nam

215 5629 465 5688 diabolus
493 5641 639 5688 recte
681 5634 805 5689 inde
849 5635 1121 5704 punietur,
1174 5636 1317 5704 quod
1361 5636 1619 5692 honorem
1666 5638 1805 5692 divi-

216 5737 350 5777 num
401 5722 504 5778 sibi
546 5724 739 5781 olferrc
781 5727 1054 5797 persuasit
1091 5737 1253 5797 atque
1291 5729 1604 5783 consensit:
1637 5730 1809 5785 homi-

219 5830 322 5872 nes
355 5826 535 5874 autem
576 5819 668 5891 qui
713 5819 862 5875 illum
901 5835 997 5892 pro
1036 5821 1147 5876 Deo
1187 5821 1437 5878 colebant
1461 5822 1585 5878 inde
1617 5825 1810 5879 merito

1887 3352 2040 3400 erant
2079 3342 2143 3397 ab
2200 3341 2349 3396 initio
2384 3381 2399 3406 ,
2449 3355 2612 3411 neque
2661 3347 2816 3392 erunt
2857 3338 2912 3391 in
2952 3342 3277 3407 perpetuum.
3333 3332 3490 3388 Licet

1889 3437 2057 3493 multa
2088 3436 2197 3491 sint
2225 3432 2599 3490 fornicationis
2625 3446 2843 3503 genera,
2875 3438 3055 3484 tamen
3077 3427 3371 3498 pessimum
3397 3431 3484 3478 est

1892 3527 2024 3583 illud
2047 3542 2154 3597 quo
2181 3526 2358 3582 anima
2389 3523 2688 3579 fornicatur
2722 3521 2982 3577 recedens
3014 3534 3046 3574 a
3077 3519 3188 3574 Deo
3215 3524 3270 3572 et
3305 3515 3488 3571 colens

1892 3627 2057 3682 idola.
2083 3624 2346 3681 Similiter
2375 3631 2429 3678 et
2457 3620 2589 3676 illud
2633 3620 2998 3691 perniciosum
3024 3623 3128 3682 est,
3161 3613 3304 3684 quod
3335 3612 3488 3667 dese-

1892 3719 1964 3772 rit
2010 3716 2174 3772 divini
2214 3713 2482 3785 dogmatis
2514 3712 2825 3776 veritatem,
2861 3717 2917 3765 et
2943 3707 3189 3778 sequitur
3215 3702 3486 3760 btereticae

1891 3808 2162 3880 opinionis
2186 3806 2499 3862 falsitatem.
2541 3803 2678 3858 Nam
2702 3811 2758 3858 et
2784 3799 2983 3856 Paulus
3006 3796 3282 3872 apostolus
3307 3794 3485 3850 avari-

1895 3900 2027 3955 tiam
2069 3897 2335 3954 idolorum
2383 3895 2702 3952 servitutem
2747 3892 2978 3965 appellat
3019 3889 3178 3964 (Eph.
3225 3887 3300 3960 v),
3348 3887 3491 3942 unde

1893 3991 2092 4061 conjici
2121 3991 2282 4045 datur
2309 4003 2525 4045 omnem
2552 3986 2750 4042 malam
2794 3979 3293 4053 concupiscentiam
3345 3983 3494 4032 recte

1892 4081 2308 4139 fornicationem
2335 4078 2542 4144 vocari,
2573 4076 2792 4148 quando
2816 4075 2996 4130 anima
3038 4071 3282 4145 neglecta
3329 4083 3490 4138 supe-

1893 4175 2007 4230 rior
2032 4190 2063 4228 a
2088 4174 2202 4244 lege
2225 4186 2330 4241 qua
2354 4171 2560 4240 regitur
2591 4168 2838 4233 inferior,
2877 4174 3194 4221 naturarum
3230 4158 3374 4230 turpi
3399 4173 3495 4213 vo-

1894 4267 2089 4322 luntati
2140 4264 2296 4334 quasi
2337 4262 2588 4318 mercede
2627 4260 2922 4330 prostituta
2955 4254 3322 4325 corrumpitur
3347 4292 3364 4317 ,
3401 4251 3496 4306 sed

1895 4359 2012 4414 haec
2040 4356 2222 4412 omnia
2248 4355 2391 4410 sicut
2413 4353 2481 4407 ab
2514 4352 2672 4406 initio
2695 4365 2804 4406 non
2841 4349 3059 4404 fuerunt
3089 4351 3293 4407 creata,
3337 4343 3413 4396 ita
3443 4349 3498 4395 et
3589 4415 3594 4422 _

1897 4450 1952 4504 in
1986 4457 2250 4503 :eternum
2278 4461 2388 4502 non
2417 4451 2577 4500 erunt
2603 4441 3002 4514 permanentia.
3053 4434 3332 4508 Disperdet
3357 4432 3492 4487 enim

1897 4541 2156 4596 Dominus
2195 4538 2439 4592 universa
2479 4535 2622 4591 labia
2659 4533 2862 4599 dolosa,
2895 4539 2944 4587 et
2971 4527 3150 4602 perdet
3193 4541 3368 4582 omnes
3406 4523 3498 4596 qui

1903 4630 2188 4700 loquuntur
2215 4627 2549 4684 mendacium
2581 4624 2757 4699 (Psal.
2783 4621 2885 4695 ιι).
2930 4621 3087 4679 Unde
3127 4627 3183 4676 et
3221 4632 3320 4689 per
3349 4613 3500 4671 lere-

1904 4722 2070 4777 miam
2095 4720 2330 4777 dicitur:
2359 4719 2452 4773 Dii
2494 4719 2584 4791 qui
2623 4716 2813 4773 coelum
2853 4725 2900 4771 et
2940 4724 3107 4770 terras
3131 4727 3236 4767 non
3265 4709 3498 4779 fecerunt

1903 4820 2115 4883 pereant
2144 4830 2178 4867 a
2213 4823 2374 4878 terra,
2401 4820 2447 4865 et
2476 4810 2540 4863 de
2567 4810 2648 4864 his
2672 4824 2790 4881 quae
2820 4808 2913 4862 sub
2947 4804 3087 4861 cadis
3122 4809 3263 4858 sunt.
3317 4798 3501 4853 Domi-

1909 4920 2004 4957 nus
2033 4912 2208 4957 autem
2233 4902 2375 4957 Deus
2405 4917 2554 4957 verus
2574 4911 2672 4965 est,
2696 4901 2805 4972 ipse
2825 4897 2966 4953 Deus
2987 4896 3158 4951 vivens
3176 4901 3226 4947 et
3247 4906 3339 4944 rea:
3368 4905 3502 4943 sem-

1907 4997 2141 5067 piternus
2181 4995 2315 5067 (Jer.
2345 4995 2426 5066 x).
2473 4993 2628 5050 Unde
2670 5001 2852 5048 autem
2877 4989 3110 5061 primum
3139 4980 3504 5058 processerint

1909 5087 2072 5154 idola,
2098 5102 2330 5156 sequens
2357 5085 2595 5142 ostendit
2625 5082 2916 5139 sententia.

1983 5177 2390 5250 Supervacuitas
2418 5178 2556 5232 enim
2587 5176 2857 5228 hominum
2882 5172 2978 5226 hoc
3015 5166 3280 5223 adinvenit
3318 5163 3376 5218 in
3422 5176 3504 5217 or-

1912 5270 2024 5324 bem
2053 5278 2345 5335 terrarum;
2370 5278 2419 5323 et
2446 5268 2564 5322 ideo
2585 5265 2748 5321 brevis
2769 5263 2980 5318 illorum
3005 5259 3125 5329 finis
3145 5260 3383 5313 inventus
3403 5264 3499 5313 est.

1911 5361 2110 5417 Acerba
2135 5363 2272 5416 enim
2300 5360 2445 5415 luctu
2465 5358 2646 5413 dolens
2673 5365 2842 5427 pater,
2874 5355 2976 5409 cito
3005 5352 3106 5407 sibi
3129 5352 3267 5421 rapti
3293 5350 3396 5418 ﬁlii
3419 5349 3502 5419 fe-

1911 5455 1980 5509 cit
2007 5454 2323 5524 imaginem;
2352 5462 2399 5508 et
2424 5450 2592 5517 illum,
2631 5449 2722 5519 qui
2753 5457 2877 5502 tunc
2911 5445 3063 5515 quasi
3089 5443 3242 5496 homo
3267 5449 3503 5497 mortuus

1913 5546 2106 5616 fuerat,
2135 5561 2271 5598 nunc
2300 5553 2548 5613 tanquam
2593 5540 2747 5594 deum
2776 5537 2944 5593 colere
2974 5535 3145 5606 coepit,
3167 5543 3213 5588 et
3238 5531 3504 5588 constituit

1910 5638 2046 5691 inter
2073 5652 2248 5690 servos
2285 5652 2406 5689 suos
2431 5650 2582 5686 sacra
2628 5642 2674 5686 et
2722 5630 3009 5700 sacriﬁcia.
3051 5624 3253 5682 Deinde
3293 5624 3506 5678 interve-

1916 5730 2084 5784 niente
2108 5739 2356 5797 tempore,
2387 5725 2771 5780 convalescente
2792 5723 2970 5794 iniqua
3000 5715 3392 5780 consuetudine,
3421 5712 3504 5764 hic

1914 5838 2062 5877 error
2089 5830 2339 5892 tanquam
2367 5819 2450 5874 lea:
2482 5817 2771 5874 custoditus
2804 5825 2898 5884 est,
2933 5823 2981 5870 et
3015 5821 3357 5884 tyrannorum
3400 5803 3500 5858 int-
