4030 6490
564 368 672 431 πο

1212 366 1271 419 Β.
1310 360 1564 418 ΒΑΒΑΝΙ
1585 358 1825 416 ιΜΔυΒΙ
1862 355 2144 413 ARCiIlEI

2247 350 2535 409 dOGUNT.
2575 350 2863 408 OPEBUM
2899 348 3080 405 PARS
3126 348 3166 404 l.

3736 343 3861 402 ἰλιι

562 481 708 557 peric
727 478 1029 539 colebantur
1053 478 1318 549 ﬁgmenta.
1362 473 1428 528 Et
1465 474 1558 528 hos
1595 489 1723 544 quos
1764 473 1819 527 in
1858 470 2033 541 palam
2058 471 2150 523 ho-
2176 472 2230 531 Α
2254 466 2390 523 alios
2410 467 2645 520 honores
2672 464 2780 518 vita
2811 463 3123 557 carentibus
3159 464 3423 557 deferant,
3458 467 3706 519 invenire
3738 474 3864 557 non

563 572 732 629 mines
759 568 1019 629 honorare
1047 584 1147 622 non
1169 575 1428 637 poterant,
1467 575 1678 635 propter
1707 565 1803 619 hoc
1840 562 1977 633 quod
2003 560 2156 630 longe

563 670 753 730 essent,
783 678 814 718 e
847 660 1126 731 longinquo
1163 658 1336 727 ﬁgura
1380 655 1591 711 illorum
1640 654 1826 719 allata,
1865 652 2151 708 evidentem

557 749 846 820 imaginem
872 748 1029 819 regis,
1057 763 1209 819 quem
1231 746 1489 801 honorare
1514 743 1769 808 volebant,
1801 742 2034 812 fecerunt
2059 756 2076 793 :
2099 746 2158 793 ut

557 837 715 899 illum
758 840 849 911 qui
887 840 1096 905 aberat,
1138 848 1388 909 tanquam
1435 847 1740 908 prwsentem
1788 834 2013 888 calerent
2057 847 2158 887 sua

560 936 936 997 sollicitudine.
970 934 1216 993 Provexit
1248 946 1422 990 autem
1451 934 1520 989 ad
1545 935 1733 988 horum
1773 930 2060 997 culturam,
2105 936 2156 985 et

562 1029 681 1098 hos,
719 1031 812 1102 qui
853 1028 1185 1101 ignorabant,
1232 1026 1452 1096 artiﬁcis
1481 1025 1673 1079 eximia
1715 1022 2008 1095 diligentia.
2052 1021 2155 1076 Ille

561 1120 703 1177 enim
721 1119 899 1189 uolens
923 1121 1129 1190 placere
1147 1118 1227 1172 illi
1247 1118 1402 1188 quise
1425 1113 1728 1186 assumpsit,
1742 1113 2024 1170 elaboravit
2041 1121 2165 1168 arte.

559 1226 685 1277 sua,
710 1219 768 1265 ut
799 1209 1193 1269 similitudinem
1229 1209 1286 1263 in
1320 1208 1506 1262 melius
1540 1206 1811 1277 ﬁguraret.
1859 1202 2148 1258 Multitudo

561 1311 738 1356 autem
760 1303 1032 1357 hominum
1060 1300 1284 1354 abducta
1313 1315 1404 1369 per
1435 1299 1655 1372 speciem
1698 1296 1866 1367 operis
1893 1311 2035 1365 eum,
2061 1294 2153 1365 qui

561 1403 683 1449 ante
720 1403 922 1465 tempus
961 1403 1211 1465 tanquam
1244 1393 1531 1449 honoratus
1579 1393 1772 1461 fuerat,
1816 1406 1954 1443 nunc
1994 1388 2147 1442 deum

560 1485 970 1543 (cumrerum.
1021 1480 1089 1538 Et
1140 1484 1250 1539 hcec
1293 1483 1394 1553 fuit
1437 1484 1555 1537 vita:
1595 1483 1840 1537 humana:
1878 1481 2150 1550 deceptio:

561 1574 810 1642 quoniam
834 1583 927 1627 aut
957 1573 1187 1642 affectui,
1229 1582 1321 1627 aut
1356 1572 1561 1643 regibus
1602 1572 1944 1626 deservientes
1984 1571 2153 1625 homi-

562 1663 1186 1728 nes,°incommunicabile
1215 1681 1401 1721 nomen
1429 1663 1692 1734 lapidibus
1720 1674 1766 1718 et
1798 1663 1953 1733 lignis
1984 1664 2152 1734 impo-

2262 572 2479 630 possum
2509 574 2521 609 :
2546 564 2835 626 propterea
2880 555 3053 625 pietas
3096 569 3285 609 eorum
3328 552 3422 624 qui
3464 554 3865 609 successerant

2260 647 2550 719 plurimum
2576 646 2800 702 contulit
2830 646 2899 701 ad
2931 660 3194 711 errorem,
3229 644 3320 716 qui
3356 652 3419 700 ut
3453 642 3636 699 divina
3675 642 3865 715 stirpe

2260 740 2370 799 nati
2400 740 2730 805 viderentur,
2759 737 2970 795 divinos
2994 738 3229 794 honores
3248 752 3279 791 a
3300 735 3617 808 parentibus
3637 733 3863 791 detule-

2260 839 2405 898 runt,
2429 832 2734 903 deferrique
2755 829 3033 900 jusserunt
3062 849 3074 884 :
3107 831 3227 886 ideo
3247 829 3398 895 dicit,
3421 826 3861 885 inoommunica-

2258 925 2366 981 bile
2387 920 2590 985 nomen
2621 924 2889 996 lapidibus
2924 931 2978 980 et
3014 924 3176 996 lignis
3207 923 3519 994 impositum
3545 940 3558 977 :
3582 922 3716 993 quia
3747 920 3865 980 vivi

2258 1026 2313 1075 et
2339 1017 2727 1093 omnipotentis
2740 1016 2859 1084 Dei,
2881 1016 2972 1087 qui
3000 1016 3143 1073 solus
3168 1024 3272 1084 est,
3302 1013 3865 1087 incomprehensibile

2259 1126 2457 1169 nomen
2492 1111 2547 1166 in
2571 1110 2875 1169 simulacris
2920 1109 3125 1182 perﬁde
3153 1109 3467 1179 compositis
3498 1106 3751 1165 materia:
3775 1106 3865 1163 in-

2258 1203 2501 1259 sensibili
2531 1212 2586 1259 et
2613 1201 2791 1275 fragili
2828 1202 3214 1275 ascripserunt,
3255 1208 3312 1257 et
3353 1199 3520 1257 simul
3553 1215 3685 1257 cum
3718 1197 3865 1259 {ala

2259 1294 2516 1365 religione
2554 1292 2804 1351 omnibus
2830 1292 2978 1367 vitiis
3012 1308 3072 1349 se
3111 1291 3448 1364 impudenter
3469 1289 3859 1361 perdiderunt

2259 1387 2411 1445 Unde
2433 1388 2564 1444 dicit
2587 1405 2600 1440 :
3697 1456 3708 1467 .

2327 1478 2395 1534 Et
2436 1495 2539 1534 non
2579 1478 2856 1548 suﬂecerat
2899 1493 3103 1533 errasse
3134 1495 3222 1533 eos
3252 1480 3393 1534 circa
3422 1478 3525 1535 Dei
3550 1478 3857 1542 scientiam.

2254 1571 2345 1626 sed
2365 1582 2413 1627 et
2441 1572 2496 1626 in
2522 1587 2711 1642 magno
2744 1570 2970 1629 viventes
3010 1571 3297 1627 inscientia:
3336 1571 3489 1636 bella,
3534 1581 3611 1627 tot
3657 1582 3710 1626 et
3748 1583 3856 1626 tam

2253 1677 2447 1732 magna
2490 1659 2632 1715 mala
2669 1677 2847 1729 pacem
2886 1660 3170 1731 appellant.
3218 1661 3323 1717 Aut
3362 1662 3502 1717 enim
3543 1660 3694 1729 ﬁlias
3734 1678 3857 1717 suos

558 1766 803 1815 meum.
830 1757 1141 1815 Firmanus
1169 1765 1351 1813 autem
1374 1756 1692 1815 Lactantius
1726 1756 1780 1810 in
1813 1756 1950 1812 libro
1974 1757 2151 1828 primo
2253 1752 2632 1820 sacriﬁcantes,
2662 1760 2750 1807 aut
2781 1751 3001 1807 obscura
3034 1752 3295 1822 sacriﬁcia
3337 1752 3612 1821 facientes,
3648 1764 3746 1809 aut
3777 1755 3861 1808 in.

560 1860 720 1919 quem
754 1847 971 1919 scripsit
1008 1848 1075 1905 (ιε
1110 1847 1245 1903 falsa
1278 1845 1539 1917 religione
1572 1834 1818 1913 deorum,
1864 1847 1991 1903 huic
2028 1847 2146 1902 loco
2174 1829 2224 1890 B
2251 1841 2414 1895 sauia:
2436 1840 2616 1911 plenas
2645 1841 2851 1912 vigilias
2874 1842 3142 1908 habentes,
3179 1858 3342 1914 neque
3363 1844 3523 1899 vitam
3560 1860 3735 1913 neque
3768 1861 3855 1898 nu-

558 1933 755 1989 similia
796 1933 1002 2004 profert
1039 1934 1223 1990 dicens
1252 1953 1265 1987 :
1308 1934 1425 1990 Non
1458 1942 1544 1990 est
1581 1934 1873 1991 obscurum
1910 1951 2017 2007 qua
2061 1952 2148 1991 ra-

559 2026 706 2082 tione
731 2026 979 2085 homines
1006 2026 1083 2083 dii
1107 2027 1371 2097 eruperint
1398 2028 1692 2094 nominari,
1724 2037 1943 2100 propter
1979 2030 2147 2085 homi-

555 2131 687 2170 num
719 2118 860 2171 enim
896 2117 1219 2188 pravitatem
1258 2118 1348 2188 qui
1386 2125 1655 2189 agrestem
1688 2118 1855 2174 vitam
1890 2110 2007 2175 sine
2038 2119 2146 2176 ullo

555 2216 767 2264 rectore
787 2208 1057 2265 vivebant.
1106 2209 1225 2265 Non
1244 2219 1329 2265 est
1349 2210 1577 2267 dubium
1594 2210 1727 2283 quin
1752 2211 1857 2268 illis
1890 2213 2146 2283 tempori-

552 2296 654 2354 bus
677 2297 949 2355 hominem
983 2315 1185 2371 regem,
1208 2300 1385 2373 ipsum
1405 2309 1683 2372 totamque
1702 2311 1919 2375 gentem
1936 2302 2146 2374 jactare

555 2388 782 2447 summis
827 2390 1076 2457 laudibus
1116 2393 1402 2462 coeperint,
1450 2402 1512 2448 ut
1556 2394 1723 2450 etiam
1751 2395 1880 2453 deos
1912 2397 2145 2469 appella-

554 2488 694 2543 rent,
723 2479 835 2537 sive
865 2480 934 2539 ob
971 2482 1295 2547 miraculum
1324 2484 1540 2543 virtutis
1572 2486 1678 2541 hoc
1702 2501 1831 2543 vere
1857 2489 2142 2558 putabant,

554 2568 714 2624 rudes
742 2570 917 2629 adhuc
947 2580 1001 2627 et
1030 2572 1323 2643 simplices,
1355 2576 1490 2641 sive,
1516 2584 1576 2631 ut
1600 2576 1719 2639 ﬁeri
1750 2578 1904 2647 solet,
1938 2581 1994 2636 in
2018 2582 2147 2637 adu-

552 2658 810 2721 lationem
836 2666 1120 2737 praesentis
1147 2667 1423 2741 potentite,
1467 2668 1581 2725 sive
1617 2671 1691 2727 ob
1723 2670 1986 2731 beneﬁcia
2027 2664 2145 2744 qui;

549 2749 654 2807 bus
692 2752 762 2806 ad
800 2752 1189 2817 humanitatem
1238 2760 1554 2830 compositi;
1601 2761 1794 2817 deinde
1838 2762 1939 2833 ipsi
1989 2779 2144 2836 reges

549 2852 675 2907 cum
712 2842 864 2903 chari
902 2843 1130 2905 fuissent
1156 2848 1245 2904 his
1265 2863 1480 2925 quoque
1504 2851 1671 2913 vitam
1705 2862 2149 2924 composuerant,

545 2944 802 3007 maguum
833 2951 990 3003 suum
1022 2938 1352 2999 desiderium
1384 2943 1587 3003 mortui
1627 2943 1981 3015 reliquerunt.
2035 2946 2142 3001 Ita-

549 3036 655 3092 que
689 3023 937 3084 homines
969 3043 1159 3085 eorum
1186 3031 1473 3087 simulacra
1498 3034 1759 3111 ﬁxerunt,
1785 3044 1847 3091 ut
1880 3036 2144 3099 haberent

549 3112 771 3185 aliquod
806 3134 869 3179 ex
907 3120 1202 3195 imaginum
1230 3124 1683 3195 contemplatione
1712 3126 1985 3193 solatium,
2020 3143 2144 3199 pro-

547 3205 826 3275 gressique
851 3208 1061 3281 longius
1094 3226 1190 3283 per
1217 3228 1481 3281 amorem,
1508 3217 1830 3273 memoriam
1855 3218 2140 3274 defuncto-

548 3287 671 3351 ruin
713 3298 892 3357 colere
939 3313 1246 3372 coeperunt,
1293 3313 1353 3367 ut
1388 3315 1444 3361 et
1486 3308 1722 3380 gratiam
1750 3308 1958 3367 referre
2001 3312 2141 3369 bene

546 3386 757 3443 meritis
782 3389 1117 3459 viderentur,
1158 3402 1214 3450 et
1248 3411 1594 3453 successores
1629 3414 1821 3455 eorum
1861 3400 2145 3459 allicerent

548 3476 617 3531 ad
639 3476 775 3535 bene
802 3479 1106 3557 imperandi
1140 3486 1511 3556 cupiditatem.
1563 3489 1719 3558 Quod
1742 3491 1931 3549 Cicero
1959 3494 2025 3549 de
2045 3509 2143 3551 na~

549 3574 670 3622 tura
715 3571 939 3627 deorum
989 3575 1147 3632 docet
1186 3578 1412 3634 dicens:
1448 3580 1697 3653 Suscepit
1746 3593 1928 3640 autem
1970 3586 2141 3640 vitam

547 3656 825 3714 hominum
851 3665 1187 3721 consuetudo
1218 3670 1541 3739 communis,
1570 3680 1631 3726 ut
1657 3673 1935 3729 beneﬁciis
1962 3675 2142 3730 excel-

545 3744 734 3814 lentes,
762 3751 906 3807 viros
933 3753 989 3807 in
1020 3755 1219 3811 coelum
1261 3758 1405 3815 fama
1442 3776 1506 3818 ac
1553 3763 1829 3820 voluntate
1868 3766 2137 3822 tollerent.

546 3837 683 3896 Hinc
714 3836 994 3910 Hercules,
1023 3846 1149 3915 hinc
1171 3847 1389 3919 Castor,
1417 3851 1545 3908 hinc
1564 3851 1776 3921 Pollux,
1804 3856 1929 3911 hinc
1948 3855 2141 3913 Aiscu-

545 3931 740 4002 lapius,
772 3934 899 3991 hinc
923 3934 1107 3992 Liber.
1157 3939 1223 3994 Et
1254 3941 1359 3997 alio
1385 3942 1504 3999 loco
1537 3962 1549 3998 :
1579 3945 1758 4016 Atque
1790 3947 1845 4001 in
1870 3947 2141 4020 plerisque

549 4021 856 4078 civitatibus
899 4025 1125 4098 intelligi
1163 4038 1342 4098 potest
1390 4034 1644 4089 acuenda:
1686 4035 1902 4093 virtutis
1943 4041 2137 4109 gratia,

548 4119 643 4164 aut
694 4114 838 4181 quod
888 4112 1142 4171 libentius
1197 4119 1275 4173 rei
1339 4121 1570 4191 publica;
1622 4138 1785 4179 causa
1840 4126 2139 4196 periculum

547 4202 790 4268 adirent,
844 4206 1033 4274 optimi
1085 4208 1341 4281 cujusque
1385 4211 1628 4269 virorum
1672 4214 1895 4272 fortium
1937 4235 2142 4276 memo-

549 4293 702 4359 riam,
722 4294 776 4348 in
795 4296 1057 4353 honorem
1078 4298 1304 4355 deorum
1330 4301 1718 4360 immortalium
1742 4319 2135 4365 consecratam.

460 4412 474 4424 -
546 4383 659 4441 Hac
692 4385 897 4443 scilicet
926 4389 1133 4447 ratione
1157 4390 1387 4447 Romani
1421 4392 1666 4452 Caesares
1696 4413 1823 4454 suos
1850 4416 2139 4455 consecra-

543 4490 769 4555 verunt,
798 4493 854 4538 et
882 4482 1052 4555 Mauri
1079 4500 1205 4541 suos
1238 4502 1420 4559 reges;
1452 4488 1531 4545 sic
1562 4491 1820 4561 paulatim
1851 4493 2143 4565 religiones
2164 4531 2223 4595 Β

547 4586 663 4595 μη
691 4582 962 4595 m-___-_.
1032 4575 1143 4595 ,μω
1186 4574 1258 4595 ην
1371 4579 1382 4590 ι
1448 4580 1460 4591 -
1588 4581 1600 4592 .
2035 4593 2040 4595 .

544 4586 667 4628 esse
686 4582 993 4643 coeperunt,
1023 4575 1149 4637 dum
1184 4574 1259 4631 illi
1302 4579 1467 4648 primi
1509 4581 1602 4652 qui
1649 4596 1743 4638 eos
1783 4593 2047 4638 noverant
2075 4601 2143 4641 eo

544 4660 656 4715 ritu
684 4677 813 4718 suos
840 4663 1041 4720 liberos
1072 4674 1235 4736 atque
1274 4679 1514 4740 nepotes,
1566 4672 1758 4729 deinde
1802 4690 1991 4731 omnes
2037 4692 2139 4749 po-

546 4757 723 4807 steros
749 4751 1079 4823 imbuerunt,
1105 4763 1159 4811 et
1180 4755 1236 4810 hi
1260 4765 1438 4814 tamen
1469 4762 1663 4816 summi
1698 4778 1850 4834 reges
1889 4765 1958 4821 ob
2000 4765 2140 4822 cele-

546 4836 801 4896 britatem
841 4843 1077 4901 nominis
1106 4845 1163 4901 in
1193 4849 1487 4917 provinciis
1519 4853 1771 4909 omnibus
1801 4855 2135 4912 colebantur.

546 4931 805 4988 Privatim
851 4950 980 4992 vero
1021 4936 1218 5009 singuli
1256 4941 1437 5011 populi
1482 4943 1659 5013 gentis
1696 4954 1791 4999 aut
1835 4946 1985 5002 urbis
2029 4963 2139 5003 suae

545 5025 853 5082 conditores
879 5042 973 5082 seu
995 5028 1098 5083 viri
1122 5027 1438 5087 fortitudine
1464 5034 1701 5105 insignes
1727 5046 1903 5101 erant,
1937 5054 2031 5093 seu
2058 5037 2138 5093 fe-

547 5117 707 5173 mina:
730 5119 981 5175 castitate
1012 5120 1303 5188 mirabiles,
1330 5138 1539 5179 summa
1575 5129 1924 5182 veneratione
1956 5128 2138 5183 colue-

548 5216 693 5275 runt,
740 5217 802 5264 ut
839 5209 1079 5285 Egyptii
1117 5213 1336 5282 Isidem,
1383 5212 1537 5277 Poeni
1588 5217 1870 5287 Uraniam,
1909 5221 2141 5279 Βοηηηὶ

548 5296 852 5368 Quirinum,
894 5301 1084 5359 Samos
1120 5304 1408 5373 Iunonem,
1438 5306 1692 5364 Liberum
1731 5310 1933 5377 Naxos,
1967 5313 2137 5368 Mauri

546 5383 760 5458 Iubam,
784 5388 962 5448 Latini
988 5393 1255 5463 Faunum,
1285 5398 1475 5454 eodem
1514 5400 1700 5479 utique
1738 5402 1896 5459 modo
1922 5402 2137 5475 Paphos

546 5482 847 5557 Venerem,
887 5492 1186 5563 Apollinem
1232 5497 1421 5563 Delos,
1468 5496 1788 5556 Macedones
1826 5500 2134 5573 Scabrium,

546 5578 902 5639 Athenienses
937 5583 1250 5654 Minervam,
1295 5587 1595 5644 Vulcanum
1641 5591 1891 5660 Lemnos,
1924 5595 2001 5650 sic
2037 5611 2134 5665 per

547 5674 775 5745 populos
801 5691 863 5732 ac
893 5679 1139 5750 regiones
1166 5681 1311 5735 varia
1341 5696 1494 5737 sacra
1522 5694 1767 5754 suscepta
1807 5697 1952 5754 sunt,
2003 5688 2129 5743 dum

548 5762 793 5825 homines
821 5768 959 5843 grati
990 5784 1109 5828 esse
1140 5771 1195 5826 in
1220 5786 1343 5827 suos
1372 5773 1641 5846 principes
1665 5776 1902 5847 cupiunt.
1944 5777 2013 5833 Et
2034 5794 2131 5833 cur

2248 1934 2385 2003 ptius
2410 1933 2633 1988 mundos
2804 1934 3127 2000 custodiunt,
3156 1935 3249 1991 sed
3276 1934 3412 1991 alius
3446 1935 3625 1991 alium
3645 1953 3745 2008 per
3774 1938 3851 1991 iu-

2248 2026 2441 2080 ridiam
2485 2025 2675 2081 occidit
2718 2036 2808 2080 aut
2859 2025 3164 2082 adulterans
3211 2028 3535 2094 contristat;
3579 2037 3633 2081 et

2246 2117 2521 2170 commista
2549 2128 2692 2183 sunt,
2718 2117 2953 2189 sanguis,
2988 2117 3349 2185 homicidium,
3379 2119 3587 2188 furtum
3608 2129 3664 2173 et
3687 2120 3850 2188 fictio,

2248 2208 2513 2277 corruptio
2541 2217 2589 2262 et
2621 2206 2926 2276 inﬁdelitas,
2957 2208 3185 2265 turbatio
3216 2219 3267 2263 et
3294 2210 3619 2281 perjurium,
3665 2212 3853 2266 tumul»

2247 2305 2331 2353 tus
2354 2296 2628 2363 bonorum,
2652 2297 2752 2352 Dei
2773 2298 3180 2365 immemoratio,
3203 2300 3506 2355 animarum

2246 2388 2535 2442 nativitatis
2561 2388 2878 2457 immutatio,
2909 2392 3213 2461 nuptiarum
3236 2393 3620 2459 inconstantia,
3648 2396 3851 2451 inordi-

2247 2480 2391 2534 natio
2419 2481 2651 2539 mter/rite
2686 2491 2732 2536 et
2768 2482 3129 2552 impudicitia.
3183 2483 3285 2552 Qui
3316 2485 3465 2542 enim
3495 2495 3854 2544 mutaverunt

2247 2573 2475 2652 gloriam
2502 2574 2929 2646 incorruptibilis
2947 2575 3045 2632 Dei
3067 2577 3124 2632 in
3153 2576 3567 2636 similitudinem
3595 2581 3853 2652 imaginis

2246 2649 2614 2734 corruptibilis
2652 2665 2908 2732 hominis,
2948 2674 3002 2723 et
3037 2667 3320 2725 volucrum
3346 2677 3403 2725 et
3434 2649 3854 2765 quadrupedum

2247 2763 2301 2809 et
2331 2756 2666 2826 serpentium
2686 2798 2701 2823 ,
2732 2766 2788 2813 et
2814 2767 3289 2817 commutaverunt
3325 2762 3617 2819 veritatem
3666 2756 3769 2821 Dei
3797 2762 3853 2821 in

2245 2848 2591 2905 mendacium
2616 2890 2632 2916 ,
2673 2858 2728 2905 et
2771 2850 3081 2906 servierunt
3128 2858 3393 2909 creatum
3449 2853 3641 2922 potius
3687 2866 3855 2927 quam

2246 2940 2500 3006 creatori,
2527 2940 2621 3011 qui
2648 2948 2733 2999 est
2758 2941 3079 2999 benedictus
3114 2942 3171 3003 in
3213 2943 3437 3010 saeuis;
3476 2944 3610 3001 licet
3653 2959 3723 3001 se
3762 2960 3851 3005 m-

2244 3031 2453 3103 pientes
2487 3032 2911 3100 nominaverint,
2944 3033 3094 3091 stulti
3126 3034 3258 3095 facti
3281 3042 3409 3091 sunt
3439 3054 3453 3089 :
3482 3036 3678 3093 trtuiti
3707 3037 3855 3095 enim

2246 3133 2373 3180 sunt
2402 3125 2459 3179 in
2488 3127 2777 3197 reprobum
2804 3142 3043 3194 sensum,
3085 3135 3150 3183 ut
3186 3129 3529 3187 contumeliis
3567 3128 3855 3189 enicet-ent

2244 3230 2476 3286 corpora
2507 3231 2606 3273 sua
2631 3217 2686 3272 in
2711 3219 3039 3291 semetipsis,
3067 3228 3124 3274 et
3145 3220 3237 3290 qui
3266 3236 3395 3281 cum
3420 3220 3533 3277 Deo
3562 3236 3668 3293 per
3690 3222 3853 3279 ﬁdem
3884 3246 3907 3256 -

2245 3317 2469 3375 rectam,
2520 3319 2577 3366 et
2614 3312 2757 3367 bona
2794 3326 2959 3385 opera
3010 3311 3190 3371 foedus
3227 3313 3368 3370 inire
3394 3314 3726 3383 noluerunt,
3756 3315 3851 3372 sub

2244 3398 2445 3455 diaboli
2465 3400 2615 3458 cultu
2636 3401 2940 3469 constituti,
2973 3418 3164 3474 pacem
3190 3418 3379 3461 veram
3406 3403 3553 3460 nullo
3578 3404 3754 3462 modo
3774 3406 3849 3461 in-

2244 3493 2416 3551 vicem
2450 3494 2649 3553 habere
2674 3502 2987 3569 potuerunt.
3038 3495 3209 3568 Igitur
3232 3495 3373 3557 filios
3400 3511 3528 3553 suos
3563 3498 3849 3555 sacritiea-

2243 3596 2459 3655 verunt,
2496 3598 2556 3645 ut
2583 3590 2638 3647 in
2668 3590 2842 3648 sacris
2878 3589 3100 3647 Saturni
3149 3591 3253 3663 ipsi
3295 3593 3527 3663 gentiles
3572 3593 3847 3659 fecerunt,

2244 3680 2337 3752 qui
2370 3682 2545 3738 eidem
2580 3682 2815 3745 Saturno
2855 3684 3213 3745 immolabant
3247 3702 3348 3758 pro
3394 3687 3521 3745 odio
3566 3687 3759 3756 Jovis,
3799 3696 3851 3745 et

2243 3782 2460 3830 teneras
2500 3784 2662 3845 atque
2707 3776 3025 3835 innocentes
3060 3778 3289 3844 animas,
3323 3793 3444 3850 quin
3473 3780 3723 3839 maxime
3769 3787 3851 3839 est

2243 3875 2381 3927 aetas
2415 3869 2731 3937 parenubus
2769 3868 2961 3934 dulcis,
3010 3870 3129 3929 sine
3172 3871 3283 3931 ullo
3333 3881 3587 3941 respectu
3625 3874 3851 3945 pietatis

2244 3961 2680 4034 exstinguebant.
2712 3961 2819 4019 Alii
2850 3963 2996 4019 enim
3020 3963 3210 4023 virtuti
3244 3979 3411 4036 quam
3435 3964 3730 4027 Bellonam
3758 3981 3849 4023 vv

2243 4052 2443 4119 cabant
2472 4052 2767 4113 humanum
2797 4052 3113 4124 sanguinem
3150 4052 3365 4111 litando
3388 4052 3677 4121 ﬁtderunt;
3722 4070 3847 4111 nam

2244 4140 2555 4199 sacerdotes
2588 4142 2693 4214 ipsi
2713 4156 2821 4201 non
2851 4142 3052 4209 alieno,
3079 4145 3178 4203 sed
3210 4159 3315 4201 suo
3333 4160 3529 4205 cruore
3548 4146 3605 4203 ei
3626 4145 3843 4203 sacriﬁ-

2245 4235 2474 4300 cabant,
2526 4234 2789 4291 districtis
2832 4235 3027 4306 gladiis
3065 4237 3389 4309 semetipsos
3432 4237 3721 4299 ferientes.
3772 4240 3849 4297 De

2244 4339 2352 4395 quo
2381 4324 2582 4396 optime
2612 4324 2979 4393 Quintilianus
3006 4327 3122 4382 ait:
3148 4328 3317 4395 Istud,
3355 4330 3551 4400 inquit,
3601 4331 3652 4387 si
3699 4331 3846 4389 Dens

2242 4415 2406 4485 cogit,
2452 4415 2623 4469 iratus
2650 4423 2753 4469 est.
2806 4414 2913 4470 Alii
2947 4416 3177 4473 obscura
3214 4434 3369 4475 sacra
3401 4420 3669 4479 facientes
3703 4425 3846 4480 inss-

2244 4504 2348 4560 nite
2370 4504 2579 4576 vigilias
2599 4505 2785 4574 plenas
2811 4507 3104 4576 habebant,
3129 4517 3190 4571 ut
3215 4509 3279 4571 in
3299 4512 3652 4576 sacrum
3672 4514 3843 4587 Egy-

2244 4594 2390 4663 ptian,
2417 4603 2475 4653 et
2492 4594 2708 4657 Cereris
2742 4594 3009 4659 Eleusinae
3040 4598 3222 4658 facere
3254 4602 3533 4670 solebant;
3565 4619 3705 4665 nam
3735 4607 3842 4663 sic-

2243 4693 2303 4743 ut
2348 4683 2423 4739 ibi
2469 4683 2645 4749 Osiris
2666 4685 2887 4757 planctu
2929 4690 3131 4753 metris.
3157 4691 3592 4761 inquirebantur,
3634 4697 3713 4752 ita
3751 4698 3838 4757 hic

2243 4772 2313 4829 ad
2344 4774 2611 4837 incestum
2644 4777 2823 4848 patrui
2864 4779 3269 4841 matrimonium
3302 4793 3461 4857 rapta
3509 4785 3837 4860 Proserpina

2241 4864 2640 4934 requirebatur.
2688 4866 2869 4936 Quam
2889 4869 3017 4942 quia
3044 4871 3255 4935 facibus
3277 4891 3345 4932 ex
3379 4875 3601 4936 Ethnaa
3637 4884 3835 4941 vertice

2245 4956 2490 5012 accensis
2528 4957 2810 5028 qumsiisse
2842 4960 2899 5015 in
2946 4960 3133 5023 Sicilia
3176 4964 3341 5025 Ceres
3373 4970 3595 5038 dicitur.
3630 4974 3834 5033 idcirco

2243 5061 2401 5105 saera
2430 5047 2547 5119 ejus
2583 5050 2889 5115 ardentium
2926 5052 3189 5121 tardarunt
3221 5057 3527 5127 iactatione
3553 5063 3834 5125 00hran-

2245 5146 2354 5193 tur.
2411 5138 2674 5201 Similiter
2727 5150 2784 5198 et
2830 5143 2886 5201 in
2944 5146 3115 5205 sacris
3161 5147 3342 5207 Liberi
3386 5153 3563 5222 patris
3603 5153 3831 5217 insani:

2241 5230 2415 5301 plenae
2442 5233 2638 5305 vigiliae
2678 5236 3043 5307 habebantin;
3077 5257 3183 5303 nec
3218 5259 3331 5307 non
3358 5255 3415 5303 et
3448 5248 3507 5303 in
3548 5247 3689 5309 festa
3720 5248 3830 5305 ιιι-

2242 5336 2363 5391 gum
2404 5320 2608 5388 Matris,
2629 5316 2730 5387 ubi
2763 5327 2832 5383 ad
2856 5331 3163 5402 exenmlnm
3184 5335 3413 5397 deonnn
3447 5353 3696 5408 suorum.
3732 5339 3831 5411 qui

2245 5412 2301 5466 in
2340 5411 2459 5491 ejus
2500 5413 2795 5473 festivitate
2826 5419 3000 5488 epulis
3028 5423 3212 5483 satiati
3241 5435 3458 5483 noctem
3489 5428 3703 5489 lusibus
3721 5429 3825 5488 dl-

2192 5516 2198 5521 '
2244 5506 2458 5569 cebanl,
2483 5505 2569 5560 isti
2601 5514 2763 5562 totam
2792 5519 3005 5567 noctem
3044 5512 3173 5573 ludo
3209 5516 3383 5574 inutili
3414 5522 3835 5584 coan

2242 5596 2427 5668 Neque
2457 5598 2644 5666 vitam,
2671 5617 2843 5671 neque
2876 5605 3088 5675 nuptias
3111 5610 3340 5665 mundas
3361 5612 3474 5683 jam
3502 5613 3603 5683 ipsi
3632 5610 3833 5685 pagani

2241 5690 2638 5756 custodiebant,
2661 5693 2783 5761 quia
2810 5710 2905 5763 per
2926 5695 3202 5755 libidinem
3229 5710 3283 5756 et
3311 5701 3681 5761 immunditias
3699 5703 3831 5761 vim

2241 5782 2340 5836 diis
2375 5779 2486 5836 suis
2513 5795 2568 5837 se
2581 5781 2794 5853 placere
2825 5787 3187 5857 mstimabant,
3213 5791 3392 5848 omnia
3426 5794 3573 5853 enim
3598 5790 3825 5859 contusa
