4030 6470
207 340 315 398 7“

1040 325 1392 387 COMMENT.
1433 320 1500 379 IN
1539 315 1804 374 LIBRUM
1843 311 2255 370 SAPIENTUE.
2295 339 2366 350 —
2401 306 2543 363 LIB;
2571 304 2658 363 ill.

3380 301 3487 358 τις

206 455 375 517 erant
393 443 487 503 ubi
505 442 645 503 ratio
666 448 731 499 et
752 452 882 501 vera
905 436 1095 511 religio
1122 437 1297 493 locum
1325 433 1528 490 nullum
1563 430 1796 491 tenebat,
1830 431 1880 490 Α
1903 438 2042 488 esse,
2076 430 2130 476 et
2162 422 2227 477 ad
2257 421 2589 493 agnitionem
2622 416 2868 475 veritatis
2898 414 3202 488 pervenire.
3250 414 3354 485 Qui
3390 431 3490 491 per

209 541 314 601 sed
340 545 544 611 quanto
572 533 693 605 quis
714 530 1027 595 sceleratior
1058 537 1198 595 erat,
1234 535 1382 583 tanto
1408 524 1578 593 magis
1609 537 1665 576 se
1693 520 1800 574 Deo

210 649 319 693 suo
350 631 564 703 placere
589 626 830 698 putabat.

289 721 645 793 lnfandorum
689 718 828 773 enim
862 715 1123 771 idolorum
1163 713 1371 769 cultura
1405 752 1420 777 ,
1463 709 1631 764 omnis
1677 703 1803 760 mali

211 835 385 879 causa
403 825 480 872 est
500 824 549 871 et
569 812 777 871 initium
799 820 846 867 et
868 810 1010 883 ﬁnis.
1054 807 1209 863 Nulla
1234 804 1404 874 major
1426 800 1697 861 dementia
1721 806 1805 857 est

214 925 386 982 quam
431 908 684 967 deserere
749 902 919 965 Deum
964 900 1178 965 vivum,
1228 908 1286 955 et
1330 895 1603 955 deservire
1650 892 1807 950 idolis

212 1000 471 1064 mortuis,
502 1005 558 1053 et
583 996 703 1053 ideo
723 994 902 1053 omnis
924 992 1052 1053 mali
1076 1007 1239 1049 causa
1264 998 1320 1047 et
1338 990 1549 1047 initium
1581 996 1666 1044 est
1694 987 1809 1043 ido-

217 1093 402 1151 lorum
424 1089 654 1165 cultura,
699 1086 826 1159 quia
849 1093 1135 1156 postquam
1168 1098 1321 1140 mens
1354 1083 1587 1137 humana
1615 1078 1812 1135 avertit

220 1201 284 1243 se
312 1200 345 1240 a
369 1190 614 1241 creatore
634 1195 756 1245 suo,
777 1178 1019 1237 omnium
1037 1177 1300 1234 scelerum
1323 1192 1383 1232 se
1404 1174 1698 1247 implicavit
1726 1189 1812 1229 er-

221 1278 460 1335 roribus.
511 1273 733 1331 Initium
763 1272 899 1328 enim
929 1270 1098 1325 omnis
1128 1269 1324 1341 peccati
1355 1267 1599 1338 superbia
1641 1263 1809 1337 (Eccl.

221 1368 305 1440 ι).
350 1366 609 1429 Similiter
633 1372 813 1421 autem
842 1372 897 1419 et
925 1363 1047 1418 linis
1070 1370 1176 1428 est,
1205 1363 1309 1417 hoc
1342 1368 1444 1425 est,
1476 1374 1815 1418 consumma-

218 1459 300 1514 tio
330 1474 425 1514 seu
445 1456 720 1528 plenitudo
748 1455 926 1511 omnis
945 1453 1073 1512 mali
1095 1453 1283 1509 eadem
1311 1451 1644 1515 idololatria;
1680 1449 1815 1507 nihil

219 1548 372 1609 enim
395 1547 546 1604 deest
573 1545 649 1601 illi
678 1546 732 1599 in
754 1543 863 1599 ulla
892 1542 1121 1608 malitia,
1141 1542 1233 1612 qui
1262 1540 1532 1597 diabolum
1564 1538 1694 1595 colit
1718 1553 1816 1608 pro

222 1637 411 1703 divina
438 1634 708 1707 potentia;
732 1634 935 1693 idcirco
957 1632 1006 1691 ei
1031 1632 1210 1688 omnia
1240 1632 1295 1689 in
1325 1630 1523 1685 malum
1545 1630 1676 1685 etin
1701 1643 1818 1698 pec-

222 1740 413 1789 catum
430 1736 772 1805 reputantur.

1902 515 2221 587 prophetam
2254 514 2333 568 ait
2362 532 2374 567 :
2408 511 2549 566 Nolo
2578 519 2796 566 mortem
2825 510 3131 580 peccatoris,
3163 508 3253 565 sed
3283 517 3339 562 ut
3368 524 3495 567 con.-

1904 617 2134 664 vertatur
2177 616 2224 662 et
2272 607 2405 661 vivat
2447 603 2662 676 (Ezech.
2712 603 2926 675 χχχιιι).
2975 603 3140 673 Cujus
3180 617 3400 659 manum
3446 598 3499 661 εἰ

1905 699 2313 772 peccaverimus
2335 698 2565 754 evadere
2585 712 2691 753 non
2719 710 3028 768 possumus,
3053 695 3179 766 quia
3205 693 3323 765 ejus
3344 705 3501 749 creao

1906 805 2031 853 tura
2058 810 2261 853 sumus.
2316 792 2376 848 Si
2414 800 2595 848 autem
2632 805 2859 859 peccare
2905 789 3224 847 desierimus
3264 794 3321 842 et
3342 785 3498 843 bonis

1906 887 2160 956 operibus
2203 881 2524 947 insistimus,
2558 889 2763 936 certam
2786 878 3278 939 remunerationem
3308 877 3376 933 ab
3407 876 3498 933 illo

1906 975 2289 1048 percipiemus,
2329 973 2469 1045 apud
2503 987 2665 1047 quem
2699 970 2942 1025 omnium
2978 971 3245 1025 bonorum
3284 976 3504 1025 actuum

1909 1081 2168 1122 numerus
2191 1065 2399 1135 integer
2427 1071 2694 1119 servatur.
2741 1059 2860 1131 Ipse
2881 1058 3026 1114 enim
3046 1057 3196 1117 novit
3213 1073 3420 1121 omnes,
3450 1064 3506 1113 et

1911 1156 2116 1213 nullum
2143 1170 2328 1211 coram
2361 1169 2427 1209 eo
2456 1152 2586 1209 latet
2613 1157 2898 1207 secretum.
2959 1147 3086 1223 Ejus
3112 1158 3289 1207 autem
3324 1148 3508 1219 cogni-

1916 1250 1989 1306 tio
2015 1247 2145 1319 quid
2170 1245 2327 1302 nobis
2352 1242 2599 1303 conterat
2627 1256 2859 1312 sequens
2883 1241 3152 1299 sententia
3172 1238 3506 1294 manifestat.

1988 1341 2157 1396 Nosse
2173 1338 2311 1394 enim
2332 1346 2381 1391 te
2405 1344 2764 1391 consummata
2778 1333 2990 1404 justitia
3010 1341 3107 1398 est,
3129 1340 3180 1386 et
3204 1331 3339 1387 scire
3347 1330 3511 1401 justi-

1915 1436 2044 1501 tiam
2072 1442 2119 1488 et
2147 1432 2386 1487 virtutem
2418 1438 2589 1494 tuam,
2621 1426 2775 1483 radix
2807 1435 2881 1483 est
2914 1422 3348 1481 immortalitatis.
3380 1420 3510 1488 Qui-

1918 1539 2151 1596 cumque
2176 1536 2304 1578 vere
2331 1520 2502 1575 Deum
2539 1531 2698 1577 nosse
2727 1517 2894 1585 cupit,
2926 1514 2997 1570 ab
3022 1513 3168 1571 omni
3198 1508 3420 1583 peccato
3452 1524 3512 1577 se

1918 1616 2193 1673 abstinere
2220 1610 2520 1674 contendit,
2550 1609 2693 1680 quod
2717 1605 2953 1662 Joannes
2973 1602 3247 1674 apostolus
3268 1616 3517 1672 compro-

1919 1708 2017 1765 bat
2039 1707 2223 1762 dicens
2247 1722 2261 1757 :
2286 1702 2469 1759 Omnis
2494 1701 2583 1772 qui
2610 1700 2763 1755 habet
2784 1714 2929 1768 spem
2957 1697 3098 1750 hanc
3119 1694 3174 1748 in
3202 1709 3261 1748 eo
3283 1691 3519 1759 sanctifi-

297 1788 405 1879 Αιιι
434 1782 571 1879 enim
599 1800 724 1874 dum
757 1816 1006 1874 ιωιαηιω·
1031 1816 1326 1883 insaniunt,
1359 1825 1450 1871 ααι
1483 1825 1617 1873 certe
1642 1817 1823 1871 υαιίεε.
1854 1782 1899 1845 Β
1925 1807 2009 1854 cat
2027 1814 2102 1865 se,
2131 1798 2266 1851 sicut
2286 1804 2333 1850 et
2360 1794 2447 1848 ille
2472 1800 2687 1848 sanctus
2709 1800 2783 1846 est
2808 1789 2859 1862 (I
2886 1788 3048 1843 loan.
3084 1786 3191 1858 ιιι).
3241 1785 3307 1841 Ει
3348 1785 3475 1841 item
3501 1799 3515 1837 :

224 1922 427 1975 nuntur
464 1911 625 1982 falsa,
670 1919 762 1971 aut
807 1910 981 1965 vivunt
1016 1910 1245 1981 injuste,
1288 1919 1379 1963 aut
1418 1909 1655 1980 pejerant
1696 1909 1818 1963 cito.

223 2003 372 2067 Dum
403 2005 542 2063 enim
572 2002 843 2072 conﬁdunt
868 2003 923 2059 in
945 2001 1101 2059 idolis
1144 2019 1265 2074 qua:
1300 2012 1423 2063 sunt
1467 2003 1579 2058 sine
1621 2002 1821 2068 anima,

224 2094 369 2155 male
398 2095 640 2165 jurantes
676 2110 851 2150 nocen
888 2110 943 2149 se
981 2110 1085 2149 non
1124 2102 1357 2163 sperant.
1406 2091 1598 2151 Omnis
1637 2107 1825 2151 eorum

234 2187 349 2242 vita
377 2186 433 2241 in
459 2186 734 2245 erroribus
765 2192 850 2243 est
884 2185 1212 2251 constituta;
1245 2185 1295 2241 si
1336 2183 1608 2250 laetantur,
1648 2184 1737 2240 vel
1772 2184 1827 2241 in

228 2274 386 2331 festis
410 2275 495 2330 vel
524 2276 579 2329 in
606 2275 746 2330 ludis
775 2274 889 2330 suis
916 2274 1213 2340 insaniunt,
1251 2274 1378 2331 dum
1411 2282 1504 2331 aut
1533 2275 1827 2333 homicidia

227 2367 550 2432 conﬁciunt,
599 2375 693 2422 aut
734 2366 959 2431 libidine
996 2366 1253 2429 obscmne
1294 2381 1353 2421 se
1385 2365 1660 2436 polluunt;
1700 2364 1826 2419 dum

229 2461 621 2526 vaticinantur,
667 2458 878 2527 fallunt,
928 2467 982 2514 et
1024 2460 1302 2515 auditores
1351 2474 1479 2517 suos
1526 2458 1827 2520 seducunt;

233 2553 366 2611 dum
396 2549 595 2621 injuste
621 2550 828 2615 vivunt,
852 2550 1034 2605 anima
1064 2550 1265 2607 mortui
1294 2558 1451 2615 sunt;
1485 2550 1531 2605 si
1563 2549 1827 2620 pejerant,

232 2643 349 2701 cito
375 2643 444 2698 ad
469 2641 738 2699 infernum
764 2642 1066 2709 ducuntur;
1096 2658 1219 2698 cum
1245 2643 1434 2714 jurant
1458 2643 1512 2697 in
1534 2642 1690 2697 idolis
1719 2641 1834 2713 pol-

233 2733 397 2793 luunt
423 2749 620 2795 nomen
656 2732 775 2802 Dei,
815 2735 910 2805 qui
950 2735 1011 2790 in
1049 2733 1167 2806 lege
1205 2734 1281 2790 ita
1315 2734 1562 2805 praecipit
1608 2734 1829 2791 dicens:

239 2826 377 2883 Non
403 2841 644 2883 assumas
668 2840 857 2883 nomen
879 2824 978 2879 Dei
997 2824 1077 2878 tui
1102 2824 1160 2881 in
1185 2840 1377 2879 vanum
1406 2822 1605 2896 (Exod.
1630 2822 1744 2895 xx).
1769 2823 1838 2879 Et

236 2922 373 2978 item
403 2938 416 2974 :
444 2916 551 2974 Per
586 2933 810 2983 nomen,
847 2916 1054 2988 inquit,
1092 2926 1426 2973 eaternorum
1465 2916 1683 2971 deorum
1734 2932 1837 2970 non

240 3010 453 3078 iuretis,
477 3008 569 3067 sed
590 3009 648 3062 in
668 3006 876 3062 nomine
897 3006 1110 3062 Domini
1126 3006 1229 3067 Dei
1247 3007 1404 3062 vestri
1425 3003 1631 3078 (Exod.
1655 3004 1835 3076 XXIII).

242 3099 363 3161 Sed
377 3114 503 3161 cum
525 3097 778 3154 deludere
807 3111 867 3154 se
896 3095 1070 3157 Deum
1098 3110 1259 3166 posse
1286 3096 1562 3153 aestimant
1589 3095 1646 3153 in
1673 3103 1836 3153 aeter—

242 3207 379 3253 nam
398 3199 631 3249 mortem
663 3189 984 3259 semetipsos
1020 3189 1380 3260 praecipitant.
1415 3176 1727 3259 Allego'rice'
1745 3203 1841 3243 au-

244 3290 363 3345 taut
409 3280 652 3345 haeretici
691 3293 943 3336 errorum
983 3294 1206 3339 suorum
1255 3278 1549 3336 simulacra
1602 3278 1842 3335 colentes

244 3373 572 3449 perditionis
606 3387 716 3431 suae
750 3372 854 3442 ipsi
888 3372 993 3430 sibi
1021 3373 1267 3429 existunt
1296 3388 1459 3431 causa
1489 3387 1721 3442 quorum
1743 3372 1839 3429 do—

247 3464 437 3523 ctrina
455 3472 537 3521 est
560 3462 715 3531 falsa,
739 3462 854 3518 vita
881 3460 1100 3531 injusta,
1127 3462 1315 3519 laetitia
1338 3462 1553 3529 insana,
1580 3476 1728 3518 mors
1750 3475 1847 3517 ne-

251 3556 440 3621 fanda.
486 3555 753 3624 Quoniam
788 3570 913 3613 cum
943 3554 1139 3627 injuste
1167 3555 1357 3625 jurant
1389 3555 1445 3609 in
1486 3553 1631 3609 idolo
1658 3560 1716 3608 et
1737 3566 1847 3609 non

251 3653 480 3719 sperant
497 3646 553 3705 in
573 3645 685 3702 Deo
701 3660 846 3712 vero,
877 3653 1287 3702 contenmentes
1306 3644 1599 3716 justitiam,
1627 3643 1851 3699 merito-

252 3752 381 3795 rum
420 3752 642 3793 suorum
671 3736 877 3805 justam
920 3735 1187 3804 recipient
1230 3733 1546 3793 vindictam.
1603 3730 1761 3799 Quod
1796 3738 1849 3785 et

252 3836 651 3898 consequenter
688 3827 948 3899 insinuat.

331 3919 457 3979 Non
501 3921 641 3981 enim
681 3920 988 3990 jurantium
1023 3927 1098 3973 est
1138 3918 1303 3973 virtus
1327 3958 1342 3983 ,
1391 3917 1483 3972 sed
1525 3918 1849 3987 peccantium

255 4030 414 4085 poena
427 4010 757 4083 perambulat
781 4027 981 4082 semper
1002 4010 1319 4080 iniustorum
1340 4008 1845 4079 praeuaricationem.

258 4103 415 4173 Justo
467 4104 613 4165 enim
668 4103 769 4161 Dei
806 4100 1013 4171 judicio
1067 4102 1309 4159 damnati
1358 4116 1479 4158 sero
1527 4100 1855 4171 poenitentes

260 4204 593 4267 agtmscunt,
620 4195 767 4264 quod
800 4202 961 4255 antea
990 4192 1234 4247 viventes
1267 4191 1491 4248 credere
1530 4190 1850 4255 noluerunt;

261 4286 347 4355 sic
367 4294 425 4342 et
440 4284 728 4343 Psalmista
753 4291 982 4341 testatur
1016 4283 1205 4339 dicens
1238 4301 1252 4336 :
1287 4280 1639 4352 Cognoscetur
1669 4280 1855 4335 Domi-

264 4398 366 4447 nus
383 4379 594 4452 judicia
614 4377 839 4449 faciens,
858 4379 915 4432 in
938 4375 1180 4448 operibus
1200 4391 1453 4435 manuum
1478 4390 1697 4429 suarum
1717 4387 1859 4427 com-

264 4475 550 4549 prehensus
594 4481 675 4531 est
712 4480 972 4542 peccator.
1036 4468 1413 4529 Convertentur
1462 4476 1756 4539 peccatores
1802 4467 1858 4521 in

266 4568 541 4638 infernum
563 4606 582 4634 ,
639 4580 817 4625 omnes
866 4573 1043 4637 gentes
1097 4579 1214 4635 qum
1265 4562 1639 4619 obliviscuntur
1693 4561 1860 4617 Deum

271 4660 449 4734 (Pw
476 4659 583 4731 ω’
880 4726 1110 4786 CAPUT
1169 4710 1259 4782 1v.

272 4824 569 4896 Conﬁtetur
603 4823 714 4880 Deo
740 4822 880 4896 quod
915 4822 1031 4892 ejus
1074 4821 1333 4892 sapientia
1372 4821 1625 4891 gubernat
1666 4820 1862 4885 omnia.

370 4936 500 4993 CAP.
529 4937 666 5009 nt.)
691 4936 772 4992 Tu
801 4944 999 5004 autem,
1028 4934 1175 4990 Deus
1206 4943 1401 4999 noster,
1431 4934 1608 4988 suavis
1640 4941 1693 4987 et
1717 4948 1866 4987 verus

275 5046 353 5093 es,
383 5027 589 5098 patiens
622 5035 670 5082 et
705 5028 765 5080 in
797 5025 1164 5081 misericordia
1200 5025 1481 5095 disponens
1524 5023 1725 5079 omnia.
1768 5020 1865 5076 Et-

276 5076 353 5093 ",
383 5076 585 5098 rm---"
625 5076 665 5082 --
800 5076 1163 5081 ---ωηημηπ
1532 5076 1567 5079 μ

244 5076 420 5211 ‘enim
440 5120 491 5174 si
514 5119 919 5190 peccaverimus,
950 5118 1029 5172 tui
1059 5132 1263 5181 sumus,
1298 5116 1519 5170 scientes
1549 5112 1873 5183 magnitudi-

254 5205 403 5287 ξηαπ
434 5221 599 5267 tuam.
649 5207 720 5265 Et
749 5211 799 5266 si
826 5226 931 5265 non
959 5209 1362 5280 peccaverimus,
1400 5207 1594 5261 scimus
1626 5205 1875 5276 quoniam

282 5304 429 5377 apud
458 5316 506 5358 te
532 5320 712 5359 sumus
741 5302 1047 5373 computati.
1096 5301 1243 5357 Deus
1286 5309 1473 5356 noster
1511 5298 1716 5363 suavis,
1744 5311 1879 5368 quo-

284 5396 435 5453 niam
474 5394 756 5463 ined‘abilis
788 5402 874 5450 est
905 5393 1140 5449 dilectio.
1181 5393 1280 5449 Est
1304 5407 1488 5458 verus,
1537 5390 1665 5462 quia
1706 5389 1879 5447 nemi-

285 5503 415 5546 nem
445 5487 603 5553 t'allit,
631 5495 688 5543 et
710 5502 742 5541 a
768 5486 985 5541 nemine
1005 5486 1225 5541 fallitur.
1282 5484 1499 5541 Patiens
1526 5492 1583 5539 et
1615 5484 1669 5538 in
1713 5483 1878 5538 mise—

290 5579 527 5639 ricordia
565 5579 854 5649 disponens
882 5578 1094 5643 omnia;
1140 5586 1362 5648 propter
1396 5577 1695 5633 bonitatem
1736 5576 1879 5630 enim

292 5684 451 5728 suam
480 5671 744 5741 patienter
781 5671 1055 5726 sustinens
1092 5685 1191 5726 nos
1224 5676 1502 5740 exspectat
1545 5666 1784 5722 converti
1827 5665 1880 5718 in

296 5764 515 5825 melius.
550 5764 737 5822 nolens
765 5778 1090 5836 quemquam
1128 5762 1325 5834 perire,
1359 5760 1453 5818 sed
1482 5773 1670 5817 omnes
1706 5756 1883 5815 salvos

1929 1896 2112 1953 Omnis
2144 1893 2234 1964 qui
2258 1894 2311 1946 in
2337 1908 2395 1945 eo
2421 1899 2593 1943 manet
2630 1904 2735 1942 non
2764 1893 2963 1957 peccat,
3007 1883 3176 1937 omnis
3218 1891 3394 1937 autem
3431 1882 3521 1950 qui

1924 1994 2101 2058 peccat
2137 2001 2241 2039 non
2270 1983 2399 2038 vidit
2424 1997 2545 2037 eum
2575 1996 2667 2035 nec
2696 1977 2933 2049 cognovit
2954 1991 3073 2033 eum
3098 1970 3306 2045 (llud).
3353 1970 3523 2025 Nosse

1928 2088 2106 2141 autem
2129 2078 2298 2133 Deum
2319 2080 2695 2131 consummata
2715 2067 3049 2138 estjustitia,
3064 2067 3171 2127 hoc
3191 2072 3297 2132 est,
3312 2077 3525 2119 summa

1927 2169 2279 2230 beatitudinis
2304 2165 2599 2238 perfectio;
2630 2172 2685 2220 et
2722 2162 2863 2221 scire
2892 2159 3165 2232 justitiam
3189 2154 3308 2226 ejus
3333 2163 3389 2211 et
3418 2154 3527 2208 vir—

1929 2272 2104 2320 tutem
2143 2260 2299 2321 radix
2341 2267 2426 2315 est
2464 2253 2905 2313 immortalitatis.
2952 2250 3083 2319 Quae
3110 2254 3197 2307 est
3229 2254 3412 2303 autem
3436 2244 3528 2317 ju-

1931 2354 2078 2413 stitia
2110 2361 2166 2410 et
2190 2352 2364 2409 virtus
2392 2348 2489 2404 Dei
2531 2345 2635 2403 nisi
2675 2345 2764 2400 ille
2807 2344 2874 2400 de
2922 2356 3029 2412 quo
3073 2337 3360 2411 Apostolus
3410 2335 3526 2390 ait:

1933 2446 2203 2503 Christum
2232 2442 2328 2503 Dei
2350 2442 2467 2495 dico
2498 2440 2741 2493 virtutem
2768 2444 2817 2491 et
2849 2433 2944 2489 Dei
2966 2432 3298 2502 sapientiam,
3326 2427 3417 2499 qui
3451 2426 3533 2495 [a-

1933 2547 2046 2595 ctus
2076 2546 2151 2592 est
2186 2534 2333 2589 nobis
2360 2551 2395 2587 a
2426 2531 2535 2586 Deo
2566 2528 2826 2599 sapientia
2863 2534 2913 2581 et
2943 2524 3181 2597 justitia,
3206 2518 3456 2577 sanctitas
3484 2523 3535 2577 et

1935 2626 2241 2696 redemptio.
2274 2623 2444 2678 Nosse
2476 2621 2613 2681 enim
2653 2617 2819 2672 Deum
2858 2623 2907 2670 et
2937 2613 3204 2687 justitiam
3236 2610 3351 2683 ejus
3381 2616 3538 2681 atque

1936 2719 2177 2773 virtutem
2214 2714 2371 2769 radix
2404 2722 2482 2768 est
2519 2706 2935 2771 immortalitatis
2969 2704 3021 2777 (Ι
3062 2703 3185 2759 Cor.
3225 2701 3287 2772 ι),
3324 2700 3427 2756 hoc
3454 2703 3541 2759 est

1937 2807 2212 2878 perceptio
2246 2802 2668 2873 incorruptionis
2696 2808 2753 2855 et
2779 2795 3163 2866 contemplatio
3191 2791 3443 2848 veritatis
3480 2790 3538 2861 in

1939 2908 2141 2955 aeterna
2167 2896 2299 2961 vita,
2329 2896 2470 2953 sicut
2500 2893 2619 2962 ipsa
2652 2889 2867 2949 Veritas
2904 2887 2965 2943 in
2992 2883 3284 2956 Evangelio
3323 2881 3391 2941 ad
3432 2880 3536 2949 Pa-

1941 2998 2081 3046 trem
2122 2989 2237 3045 ait:
2276 2984 2404 3043 Ham
2438 2993 2516 3040 est
2550 2983 2692 3039 enim
2730 2980 2837 3035 vita
2874 2988 3098 3040 (eterna,
3132 2983 3193 3029 ut
3225 2978 3539 3045 cognoscant

1945 3089 1995 3137 te
2016 3096 2180 3135 unum
2210 3093 2385 3132 verum
2407 3075 2596 3139 Deum,
2620 3082 2693 3139 et,
2729 3087 2883 3142 quem
2913 3068 3127 3135 misisti,
3158 3064 3345 3129 Iesum
3387 3060 3540 3118 Chr-t-

1943 3182 2112 3234 stum;
2140 3184 2295 3240 quem
2325 3182 2463 3221 nunc
2491 3180 2555 3219 ea;
2586 3171 2736 3233 parte
2761 3158 3129 3229 cognoscimus
3159 3156 3219 3210 in
3250 3154 3379 3224 (ide,
3419 3161 3544 3209 tunc

1943 3271 2119 3319 autem
2150 3272 2518 3331 cognoscemus
2553 3255 2611 3309 in
2646 3252 2861 3311 veritate
2886 3290 2902 3315 ,
2948 3249 3085 3304 sicut
3122 3256 3171 3303 et
3220 3243 3414 3315 cogniti
3450 3257 3543 3299 su-

1944 3373 2084 3419 mus,
2110 3352 2362 3425 quoniam
2385 3348 2670 3404 videbimus
2696 3361 2819 3401 eum
2852 3344 2987 3399 sicut
3017 3350 3092 3401 est
3117 3356 3136 3399 .t
3160 3353 3297 3395 nunc
3326 3351 3445 3390 vero
3469 3334 3544 3393 vi-

1945 3422 2132 3500 demus
2153 3459 2247 3514 per
2274 3440 2541 3512 speculum
2570 3446 2618 3493 et
2642 3438 2701 3493 in
2719 3434 3029 3505 (enigmata;
3057 3440 3182 3485 tunc
3209 3437 3384 3483 autem
3410 3422 3549 3496 facie

1948 3536 2017 3591 ad
2046 3535 2234 3604 faciem
2258 3531 2315 3595 61
2319 3548 2443 3587 oan.
2467 3528 2623 3597 xvn).

1951 3764 2030 3819 De
2072 3762 2288 3818 diversis
2338 3758 2602 3816 erroribus
2642 3755 2907 3825 idolorum
2933 3792 2972 3825 ,_
2997 3747 3225 3825 qualiter
3266 3745 3555 3800 introducti

2025 3836 2129 3889 sint
2158 3834 2217 3886 in
2246 3820 2717 3902 genererhumano‘;
2748 3820 2807 3879 et:
2831 3822 2973 3902 quod
3002 3820 3120 3877 sum
3146 3820 3393 3874 humana:
3415 3832 3553 3871 sern-

2024 3921 2117 3975 per
2142 3894 2384 3973 deceptor
2402 3901 2469 3956 sit
2496 3897 2763 3955 idolorum
2786 3894 2980 3951 cultus.

2030 4016 2159 4070 Non
2184 4015 2318 4069 enim
2349 4014 2405 4067 in
2427 4025 2656 4066 errorem
2698 4006 2911 4061 induant
2952 4019 3046 4059 nos
3087 4002 3363 4055 Itomnum
3398 3993 3555 4050 malm

1958 4108 2088 4161 artis
2110 4104 2444 4176 excogitatio,
2469 4118 2561 4156 nec
2581 4100 2771 4155 umbra
2792 4099 3032 4168 picturae,
3055 4092 3206 4147 labor
3225 4090 3337 4145 sine
3359 4088 3560 4159 fructu,

1958 4201 2147 4271 effigies
2167 4197 2371 4267 sculpta
2396 4210 2490 4267 per
2512 4195 2685 4249 varios
2711 4190 2910 4246 colores
2937 4188 3091 4257 cujus
3116 4192 3360 4255 aspectus
3385 4181 3565 4235 insen-

1960 4269 2076 4347 sano
2108 4290 2200 4343 dat
2234 4284 2730 4356 concupiscentiam,
2763 4289 2813 4334 et
2851 4277 3026 4348 diligit
3064 4284 3289 4330 mortua!
3317 4269 3564 4340 imaginis

1961 4383 2177 4455 efﬁgiem
2212 4380 2324 4435 sine
2372 4377 2571 4431 anima.
2622 4372 2702 4427 Ex
2744 4382 2985 4441 persona
3028 4364 3275 4422 ﬁdelium
3302 4360 3563 4431 loquitur,

1965 4447 2062 4545 qui
2090 4472 2185 4529 Dei
2222 4468 2398 4543 gratia
2423 4464 2618 4521 muniti
2659 4462 2809 4518 nullo
2851 4458 3015 4515 modo
3052 4452 3334 4528 gentilium
3367 4447 3569 4520 iniqui-

1966 4566 2067 4621 tati
2105 4579 2167 4620 se
2216 4561 2526 4618 immiscere
2574 4556 2781 4621 volunt,
2826 4565 2928 4607 nec
2962 4561 3180 4606 errores
3207 4558 3393 4601 eorum
3426 4554 3569 4613 quos

1968 4658 2171 4713 habent
2201 4655 2261 4708 in
2286 4647 2589 4706 idololatria
2613 4655 2669 4701 et
2697 4642 2931 4701 diversis
2953 4636 3247 4696 sceleribus
3278 4633 3569 4706 dignantur

1972 4745 2193 4809 imitari,
2220 4742 2347 4814 quia
2377 4741 2495 4797 sine
2516 4732 2937 4805 fructnjustitise
2957 4726 3266 4801 huiusmodi
3284 4725 3439 4781 labor
3462 4730 3569 4790 est,

1974 4838 2085 4894 imo
2112 4844 2344 4892 mortem
2370 4839 2611 4889 meretur
2637 4834 2977 4900 perpetuam,
3015 4823 3083 4879 de
3116 4834 3226 4891 quo
3259 4826 3315 4875 et
3349 4816 3572 4886 subjun—

1977 4933 2122 5005 gitur
2149 4949 2162 4985 :

2045 5020 2311 5076 Malorum
2349 5025 2612 5072 amatores
2650 5011 2796 5085 digni
2833 5017 2957 5065 sunt
2993 5014 3178 5071 morte,
3213 5003 3304 5074 qui
3334 5015 3476 5072 spem
3514 4998 3573 5054 in

1975 5112 2168 5169 talibus
2198 5110 2416 5171 habent,
2450 5117 2498 5162 et
2526 5107 2615 5178 qui
2644 5105 2846 5175 faciunt
2875 5100 3015 5164 illos,
3045 5104 3093 5151 et
3118 5094 3208 5166 qui
3238 5091 3488 5178 diligunt,
3523 5096 3573 5142 et

1977 5205 2071 5276 qui
2104 5201 2303 5257 colunt.
2350 5198 2471 5254 Non
2506 5172 2679 5253 solum
2720 5206 2853 5264 ergo
2882 5191 2938 5246 hi
2978 5188 3068 5259 qui
3109 5172 3377 5241 fabricant
3407 5178 3570 5276 idola,

1981 5271 2083 5352 sed
2098 5302 2155 5350 et
2181 5294 2263 5349 illi
2283 5292 2377 5363 qui
2404 5291 2638 5362 diligunt
2657 5303 2721 5342 ea
2751 5294 2914 5354 atque
2943 5282 3130 5339 colunt
3153 5290 3308 5348 spem
3332 5288 3491 5331 suam
3515 5271 3576 5329 in

1984 5388 2094 5444 illis
2121 5391 2387 5458 ponentes
2421 5380 2569 5437 noxii
2593 5384 2722 5434 sunt
2747 5384 2803 5431 et
2825 5371 3291 5447 prmvarieatores,
3315 5364 3577 5436 quianon

1986 5456 2201 5535 tantum
2230 5476 2489 5531 facientes
2509 5472 2673 5535 mala,
2700 5469 2794 5524 sed
2817 5475 2874 5523 et
2897 5462 3298 5521 consentientes
3326 5456 3576 5515 facienti-

1986 5572 2089 5625 bus
2117 5568 2261 5639 digni
2292 5574 2419 5623 sunt
2458 5572 2652 5619 morte.
2682 5559 2879 5628 Quales
2915 5563 3097 5611 autem
3139 5559 3267 5607 sunt
3292 5550 3385 5621 qui
3427 5559 3577 5639 spem

1989 5634 2200 5717 habent
2226 5659 2279 5712 in
2301 5656 2472 5730 tidolis
2506 5655 2618 5710 suis
2645 5650 2880 5708 ostendit
2915 5644 3199 5702 Psalmista
3227 5642 3453 5697 dicens:
3486 5634 3575 5690 Si-

1991 5751 2231 5808 mulacra
2278 5748 2508 5823 gentium
2561 5752 2835 5817 argentum
2883 5749 2931 5796 et
2974 5752 3167 5791 aurum
3187 5773 3202 5802 ,
3258 5745 3413 5802 opera
3458 5741 3576 5781 ma-
