4030 6538
514 374 618 431 745

1142 369 1205 425 Β.
1247 367 1502 458 ΒᾼΒΑΝΙ
1539 365 1760 423 MAURI
1798 362 2119 421 ARCHIEP.

2225 361 2469 420 DGUNT.
2513 361 2800 421 OPERUM
2835 362 3018 420 PARS
3057 362 3100 418 Ι.

3687 362 3809 419 744

513 505 672 547 nuum
700 490 984 543 hominum.
1026 483 1099 538 Os
1135 483 1322 538 habent
1351 493 1399 538 et
1439 480 1875 552 non'loquentur,
1919 477 2096 532 oculos
2125 477 2178 538 Α
2203 493 2347 542 rum,
2373 479 2475 532 hoc
2500 486 2601 543 est,
2632 478 2774 533 {teda
2800 479 3053 550 cogitatio
3082 479 3343 548 ipsorum,
3372 483 3430 533 et
3451 476 3601 532 omni
3631 492 3813 534 caeno

511 585 700 639 habent
727 589 774 634 et
805 595 909 631 non
929 576 1190 631 videbunt.
1238 575 1406 630 Aures
1440 575 1628 628 habent
1655 583 1700 626 et
1727 588 1831 625 non
1860 570 2094 633 audient,

513 691 665 729 nares
695 671 882 725 habent
917 677 964 723 et
995 683 1099 722 non
1130 666 1443 721 odorabunt.
1480 665 1674 719 Manus
1703 662 1894 716 habent
1921 669 1968 715 et
1995 675 2098 713 non

511 763 816 836 palpabunt,
844 759 998 830 pedes
1031 757 1220 811 habent
1249 762 1437 810 etnon
1465 753 1831 818 ambulabunt,
1861 765 1966 804 non
1991 746 2101 801 cla—

516 852 730 907 mabunt
759 852 816 904 in
837 857 1044 920 gutture
1068 862 1196 911 suo;
1231 863 1393 916 neque
1419 845 1558 898 enim
1584 853 1658 898 est
1685 842 1904 911 spiritus
1931 840 1988 893 in
2013 853 2102 891 ore

516 945 769 1014 ipsorum.
811 938 1023 997 Similes
1054 937 1159 991 illis
1195 937 1328 1005 ﬁant
1360 935 1450 1006 qui
1486 934 1686 1004 faciunt
1723 947 1806 997 ea,
1839 936 1887 984 et
1925 944 2102 982 omnes

515 1035 606 1106 qui
635 1033 902 1103 conﬁdunt
928 1032 985 1086 in
1010 1031 1084 1085 eis
1113 1027 1284 1102 (Psal.
1313 1028 1488 1099 cxrn).
1529 1025 1771 1082 Mortalis
1796 1023 1942 1080 enim
1963 1037 2105 1078 mor-

514 1134 669 1181 tuum
703 1123 860 1194 ﬁngit
880 1121 1130 1178 manibus
1151 1121 1351 1191 iniquis
1378 1128 1434 1176 et
1460 1119 1591 1175 colit
1619 1117 1815 1174 stultus
1841 1115 2102 1172 stultissi-

514 1233 685 1274 mum.
721 1214 1028 1286 Allegorico
1056 1221 1238 1268 autem
1264 1227 1427 1268 sensu
1463 1211 1774 1265 inventores
1807 1213 1862 1263 et
1887 1212 2102 1262 exstru-

517 1318 697 1366 ctores
740 1321 1121 1379 perversorum
1169 1304 1480 1375 dogmatum
1520 1299 1900 1358 haeresiarchas
1948 1303 2102 1361 sunt;

519 1404 793 1452 amatores
811 1401 991 1449 autem
1013 1401 1069 1448 et
1087 1392 1321 1448 cultores
1340 1404 1527 1445 eorum
1547 1401 1810 1456 sequaces
1827 1393 1882 1441 et
1903 1382 2105 1439 alumni

519 1500 727 1550 eorum,
756 1483 857 1554 qui
897 1497 1086 1538 omnes
1127 1481 1205 1536 rei
1247 1488 1372 1536 sunt
1403 1486 1460 1535 et
1492 1476 1711 1534 obnoxii
1738 1473 2057 1547 perditionis
2088 1490 2101 1526 :

521 1580 716 1635 Omnes
747 1579 886 1631 enim
910 1575 1164 1647 pavebant
1193 1584 1239 1628 et
1262 1574 1494 1639 stabunt,
1521 1581 1569 1625 et
1595 1568 1752 1625 simul
1777 1567 2105 1637 confunden-

519 1677 608 1722 tur
635 1666 792 1739 (Isai.
825 1665 995 1737 xuv).
1022 1663 1297 1734 Disperdet
1322 1663 1459 1717 enim
1485 1661 1742 1716 Dominus
1768 1659 1939 1714 virum
1970 1657 2108 1711 hunc

517 1759 608 1829 qui
631 1759 728 1812 hoc
756 1755 956 1826 fecerit,
986 1754 1295 1824 magistrum
1325 1762 1372 1806 et
1407 1749 1722 1821 discipulum
1747 1749 1860 1819 ejus
1884 1745 2105 1819 (Malae.

2199 567 2466 622 sordidior
2490 568 2598 622 vita
2625 568 2860 635 illorum,
2889 567 3148 638 quoniam
3176 568 3430 639 ignorant
3457 581 3584 621 eum
3613 569 3720 637 qui
3749 583 3812 622 se

2200 656 2384 722 ﬁnxit,
2428 667 2484 712 et
2529 665 2762 714 mentem
2798 658 3185 730 intelligibilem
3229 657 3406 723 dedit,
3454 657 3551 713 sed
3588 673 3812 713 evane-

2201 754 2357 802 scunt
2380 747 2434 801 in
2459 747 2880 818 cogitationibus
2913 749 3047 814 suis,
3081 763 3303 804 sensum
3341 757 3656 803 sanctorum
3691 747 3811 802 Pa-

2201 847 2346 895 trum
2373 841 2677 910 spernendo
2705 856 2865 912 quem
2891 841 2968 896 illi
2997 841 3054 897 in
3081 841 3280 897 divinis
3322 839 3624 912 Scripturis
3654 842 3813 898 dono

2204 931 2440 1003 Spiritus
2462 934 2638 989 sancti
2664 933 2954 998 habebant,
2999 947 3170 989 novos
3196 948 3412 990 errores
3451 951 3519 992 ac
3555 937 3604 992 si
3643 937 3814 993 indos

2203 1036 2373 1078 vanos
2409 1030 2632 1094 propter
2672 1023 2972 1078 humanum
3009 1023 3252 1079 favorem
3291 1032 3349 1080 et
3391 1032 3675 1082 terrenum
3725 1027 3815 1082 lu-

2204 1128 2357 1169 crum
2389 1114 2729 1186 impudenter
2753 1116 3009 1180 condunt,
3039 1124 3286 1172 errantes
3309 1115 3519 1173 scilicet
3546 1127 3606 1174 et
3631 1119 3691 1173 in
3724 1135 3815 1175 er-

2204 1221 2386 1262 rorem
2408 1221 2760 1277 quoscunque
2781 1202 3336 1277 possunt'mittentes,
3365 1217 3426 1263 ut
3455 1209 3813 1266 inexcusabi-

2205 1296 2286 1352 les
2315 1298 2422 1352 sint
2447 1297 2502 1352 in
2529 1298 2614 1353 die
2633 1296 2845 1366 judicii,
2875 1299 3092 1368 quando
3115 1297 3283 1368 judex
3317 1300 3567 1356 omnium
3592 1302 3812 1356 venerit

2202 1387 2448 1460 judicare
2483 1389 2699 1445 occulta
2741 1390 2985 1446 cordium
3028 1398 3084 1447 et
3114 1391 3344 1448 reddere
3383 1393 3687 1464 unicuique
3728 1410 3815 1450 se-

2209 1477 2446 1532 cundum
2467 1492 2631 1550 opera
2653 1493 2771 1534 sua.
2808 1478 2962 1536 Unde
2987 1487 3043 1534 et
3067 1480 3342 1551 sequitur:

2279 1569 2384 1624 Hic
2425 1570 2561 1625 enim
2598 1587 2756 1642 super
2783 1587 2961 1626 omnes
3002 1573 3100 1626 scit
3143 1590 3198 1628 se
3242 1572 3571 1645 delinquere,
3613 1577 3708 1645 qui
3751 1592 3815 1629 ea:

2210 1669 2364 1717 terra:
2385 1663 2608 1716 materia
2635 1662 2850 1732 fragilia
2877 1681 3002 1719 vasa
3025 1673 3075 1719 et
3098 1663 3363 1734 sculptilia
3389 1665 3568 1736 ﬁngit.
3597 1665 3816 1720 Nullam

2211 1751 2356 1806 enim
2385 1752 2793 1808 excusationem
2832 1754 3038 1810 habent
3081 1755 3357 1821 haeretici,
3400 1756 3534 1826 quia
3577 1757 3818 1812 scienter

520 1851 605 1924 ιι).
645 1849 738 1905 Va:
773 1849 965 1904 anima:
991 1863 1195 1912 eorum,
1217 1844 1467 1915 quoniam
1490 1843 1697 1897 reddita
1719 1841 1794 1896 eis
1817 1847 1939 1894 sunt
1963 1837 2106 1894 mala
2133 1834 2181 1894 B
2207 1852 2467 1916 peccant,
2499 1845 2628 1899 dum
2659 1854 2880 1902 sanctos
2908 1854 2964 1901 et
2992 1846 3291 1902 catholicos
3318 1847 3579 1903 doctores
3622 1848 3682 1902 in
3713 1848 3818 1905 ﬁde

521 1942 679 2016 (lsai.
704 1941 811 2015 ιιι).

489 2023 492 2026 ”
596 2033 699 2089 Sed
738 2043 787 2088 et
821 2031 1016 2103 ﬁgulus
1057 2028 1267 2084 mollem
1312 2036 1508 2082 terram
1547 2041 1816 2096 premens,
1855 2023 2111 2077 laboriose

523 2127 672 2198 ﬁngit
705 2125 774 2179 ad
796 2140 922 2180 usus
969 2130 1170 2177 nostros
1198 2118 1600 2189 unumquodque
1629 2132 1740 2181 vas,
1771 2125 1818 2169 et
1847 2114 1912 2169 de
1935 2112 2111 2168 eodem

522 2217 632 2272 luto
660 2216 810 2286 ﬁngit
837 2230 954 2285 qua:
980 2212 1177 2268 munda
1202 2219 1322 2267 sunt
1347 2210 1405 2264 in
1428 2224 1583 2263 usum
1611 2223 1758 2272 vasa,
1792 2213 1841 2260 et
1870 2203 2114 2260 similiter

521 2324 640 2380 quin
671 2307 752 2360 his
791 2304 1057 2360 contraria
1093 2317 1112 2356 ε
1151 2303 1340 2357 horum
1380 2307 1556 2354 autem
1599 2313 1848 2354 vasorum
1889 2295 2004 2366 quis
2045 2295 2114 2349 sit

523 2418 672 2466 usus,
711 2399 881 2470 judex
920 2406 995 2453 est
1030 2395 1247 2467 ﬁgulus.
1291 2393 1362 2447 Et
1400 2408 1520 2446 cum
1558 2390 1736 2444 labore
1781 2403 1912 2443 vano
1958 2387 2115 2440 deum

525 2492 674 2561 fingit
707 2491 771 2543 de
799 2489 979 2544 eodem
1016 2487 1148 2553 luto,
1186 2485 1275 2540 ille
1303 2485 1393 2556 qui
1429 2482 1588 2554 paulo
1616 2491 1737 2540 ante
1773 2479 1837 2534 de
1866 2487 2006 2533 terra
2033 2476 2117 2546 fa-

525 2592 640 2636 ctus
671 2581 863 2650 fuerat,
892 2589 938 2634 et
967 2588 1082 2650 post
1113 2577 1366 2648 pusillum
1395 2576 1594 2631 reducit
1627 2591 1682 2629 se
1711 2573 1849 2626 unde
1877 2579 2114 2640 acceptus

528 2680 625 2738 est,
659 2671 904 2742 repetitus
932 2671 1124 2724 anima:
1146 2668 1377 2722 debitum
1401 2681 1561 2738 quam
1587 2663 1827 2719 habebat.
1860 2660 1963 2716 Sed
1988 2676 2116 2714 cura

526 2773 601 2820 est
631 2762 731 2828 illi,
767 2779 870 2817 non
896 2761 1022 2834 quia
1057 2761 1393 2815 laboraturus
1423 2767 1521 2823 est,
1548 2773 1640 2811 nec
1674 2754 1922 2826 quoniam
1953 2752 2117 2806 brevis

528 2853 611 2908 illi
633 2855 739 2908 vita
763 2861 858 2918 est,
886 2851 975 2906 sed
1001 2858 1332 2906 concertatur
1353 2847 1662 2916 auriﬁcibus
1686 2853 1734 2899 et
1765 2842 2076 2914 argentariis
2099 2857 2117 2895 :

528 2944 620 2999 sed
650 2951 699 2997 et
728 2942 944 2997 aerarios
971 2941 1230 3004 imitatur,
1263 2947 1312 2992 et
1342 2937 1566 3008 gloriam
1599 2933 1842 3005 prtefert,
1871 2931 2118 3003 quoniam

528 3050 611 3089 res
634 3047 981 3103 supervacuas
1003 3029 1174 3101 ﬁngit.
1201 3027 1347 3083 Cinis
1369 3036 1445 3083 est
1467 3027 1606 3081 enim
1631 3041 1722 3079 cor
1745 3023 1880 3093 ejus,
1906 3030 1953 3076 et
1977 3030 2120 3074 terra

527 3127 851 3194 8upervacua
878 3137 992 3191 spes
1021 3119 1191 3185 illius,
1226 3127 1274 3172 et
1306 3117 1415 3172 luto
1446 3116 1596 3172 vilior
1637 3116 1742 3171 vita
1767 3113 1881 3184 ejus
1919 3126 1938 3164 :
1982 3127 2116 3183 quo-

2211 1941 2360 1988 recta
2387 1939 2443 1988 et
2465 1932 2710 1989 doctrina
2735 1949 2870 1990 sana
2894 1935 3082 1990 nolunt
3111 1936 3286 2006 sequi,
3315 1935 3409 1992 sed
3427 1935 3592 2006 juxta
3625 1936 3817 1992 inven-

2213 2025 2388 2081 tiones
2413 2040 2539 2081 suas
2561 2039 2847 2096 perversas
2874 2026 3048 2097 magis
3077 2027 3285 2098 eligunt
3307 2034 3596 2082 terrenum
3626 2035 3685 2082 et
3708 2025 3819 2082 fra-

2213 2116 2376 2189 gilem
2402 2131 2619 2173 sensum
2635 2157 2651 2183 ,
2699 2131 2863 2187 quam
2906 2116 3203 2188 spiritalem
3229 2125 3286 2173 et
3313 2116 3605 2174 caelestem
3648 2117 3706 2172 in
3731 2118 3820 2175 do-

2213 2206 2482 2280 gmatibus
2515 2207 2628 2263 suis
2665 2207 2867 2263 molini.
2914 2205 3107 2262 Omnes
3146 2207 3287 2264 enim
3321 2209 3639 2280 insipientes
3665 2223 3821 2278 supra

2214 2299 2430 2354 modum
2458 2299 2648 2354 anima:
2671 2298 2885 2370 superbi
2910 2309 3051 2354 sunt.

2839 2410 3068 2467 CAPUT
3104 2399 3194 2467 vi.

2221 2503 2373 2571 Quod
2400 2503 2717 2560 idololatria:
2737 2520 2899 2558 causa
2919 2505 3096 2558 omnia
3119 2503 3351 2573 nefanda
3370 2503 3437 2557 ab
3463 2502 3697 2557 ethnicis
3720 2503 3820 2556 sint

2292 2585 2518 2699 repeqta,
2541 2582 2593 2630 et
2619 2573 2759 2646 quod
2787 2582 2996 2644 propter
3020 2573 3169 2654 illam
3196 2573 3363 2628 multa
3384 2575 3534 2644 passi
3561 2582 3693 2628 sunt
3721 2584 3822 2628 tor-

2292 2661 2407 2698 men
2432 2662 2483 2698 a.

2291 2661 2483 2698 menta.

2292 2753 2508 2809 Inimici
2534 2754 2712 2825 populi
2743 2755 2820 2809 tui
2849 2764 2898 2810 et
2927 2757 3242 2826 imperantes
3271 2753 3385 2820 illi,
3425 2755 3686 2824 quoniam
3713 2771 3819 2807 om-

2225 2846 2313 2900 nia
2351 2845 2495 2899 idola
2539 2846 2808 2900 nationum
2847 2846 3237 2901 aestimaverunt
3265 2844 3411 2910 deos,
3439 2844 3637 2913 quibus
3668 2860 3823 2912 neque

2225 2935 2495 2990 oculorum
2525 2952 2650 2989 usus
2676 2943 2753 2989 est
2779 2936 2849 2989 ad
2875 2935 3176 2999 videndum,
3210 2951 3375 3004 neque
3401 2950 3561 2987 nares
3601 2935 3677 2985 ad
3713 2949 3823 3002 per-

2224 3028 2518 3098 cipiendum
2546 3028 2823 3097 spiritum,
2857 3044 3020 3098 neque
3053 3043 3206 3081 aures
3235 3025 3304 3078 ad
3331 3024 3666 3079 audiendum
3687 3063 3704 3088 ,
3736 3039 3821 3078 ne-

2224 3135 2326 3200 que
2351 3118 2502 3189 digiti
2532 3135 2784 3173 manuum
2819 3119 2888 3171 ad
2919 3117 3270 3182 tractandum,
3317 3115 3408 3171 sed
3448 3124 3494 3169 et
3542 3115 3705 3184 pedes
3741 3130 3820 3168 eo-

529 3214 674 3268 niam
701 3211 958 3282 ignoravit
982 3209 1071 3281 qui
1097 3225 1151 3264 se
1177 3207 1351 3276 ﬁnxit,
1384 3217 1432 3260 et
1460 3205 1551 3276 qui
1592 3203 1863 3275 inspiravit
1890 3200 1970 3254 illi
1999 3200 2116 3254 αηὶ-
2145 3197 2191 3260 C
2223 3197 2338 3264 rum
2376 3211 2512 3281 pigri
2559 3212 2628 3264 ad
2671 3210 3069 3265 ambulandum.
3113 3209 3346 3280 Superbi
3390 3207 3598 3278 quippe
3642 3207 3822 3262 hostes

529 3318 670 3358 mam
693 3316 809 3371 qua:
837 3307 1104 3371 operatur,
1135 3306 1183 3351 et
1211 3297 1302 3367 qui
1336 3293 1612 3366 insufflauit
1640 3293 1687 3347 ei
1715 3292 1955 3362 spiritum
1981 3290 2114 3343 vita-

528 3391 651 3448 lem.
683 3389 789 3447 Sed
820 3401 868 3445 et
906 3390 1292 3445 wstimaverunt
1328 3385 1501 3440 lusum
1531 3400 1639 3438 esse
1676 3383 1833 3437 vitam
1860 3390 2114 3446 nostram,

530 3491 580 3536 et
623 3481 1066 3536 conversationem
1113 3479 1229 3534 vita:
1277 3475 1618 3547 compositam
1669 3473 1737 3526 ad
1782 3471 2022 3537 lucrum,
2071 3478 2118 3523 et

533 3581 768 3644 oportere
801 3571 1145 3642 undecunque
1170 3570 1329 3623 etiam
1354 3583 1418 3622 ea:
1453 3565 1593 3620 malo
1631 3565 1918 3635 acquirere.
1951 3560 2122 3632 Supe—

533 3663 649 3717 rius
674 3667 994 3716 narraverat
1017 3661 1084 3716 de
1105 3660 1193 3716 his
1216 3659 1309 3729 qui
1336 3658 1402 3713 de
1427 3657 1585 3726 lignis
1613 3663 1707 3710 aut
1733 3653 2000 3723 lapidibus
2028 3660 2123 3707 aut

534 3751 767 3807 metallis
802 3750 1070 3822 aliquibus
1116 3748 1260 3806 idola
1301 3747 1731 3812 fabricaveram;
1766 3759 1907 3799 nunc
1954 3751 2009 3798 et
2054 3743 2122 3798 de

534 3842 642 3899 illis
673 3843 822 3910 dicit,
853 3842 945 3913 qui
974 3842 1029 3896 in
1077 3849 1195 3897 arte
1235 3840 1382 3912 ﬁguli
1423 3840 1671 3896 eamdem
1693 3838 1990 3893 vanitatem
2036 3850 2123 3892 se-
2162 3905 2166 3912 _

533 3936 647 3994 cuti
682 3945 834 4003 sunt,
861 3935 980 4006 pari
1006 3949 1194 3990 errore
1230 3934 1423 3989 noxios
1460 3947 1556 3988 eos
1592 3946 1714 3986 esse
1741 3931 2118 4000 comprobans.

532 4029 594 4085 In
616 4036 824 4085 tantam
845 4027 990 4082 enim
1017 4025 1303 4081 stultitiam
1330 4024 1432 4094 ipsi
1462 4022 1692 4094 gentiles
1717 4021 1950 4077 devoluti
1975 4029 2120 4088 sunt,

535 4127 596 4174 ut
623 4132 732 4172 non
769 4117 943 4173 solum
971 4116 1037 4172 de
1063 4131 1196 4171 auro
1220 4116 1335 4170 sive
1366 4119 1613 4181 argento,
1655 4111 1768 4166 sive
1799 4111 1962 4166 etiam
1992 4109 2125 4180 lapi-

538 4211 694 4266 dibus
728 4208 982 4278 pretiosis
1020 4207 1162 4263 idola
1202 4207 1526 4268 conderent,
1571 4203 1665 4259 sed
1705 4210 1760 4258 et
1797 4203 1863 4257 de
1891 4202 1982 4256 vili
2011 4202 2124 4258 luto

536 4297 824 4354 simulacra
865 4297 984 4368 pari
1027 4297 1187 4353 modo
1235 4295 1543 4366 ﬁngerent,
1591 4293 1750 4348 deum
1796 4291 2126 4362 appellantes

537 4404 682 4456 eum,
708 4389 800 4460 qui
824 4388 890 4444 de
913 4388 1043 4444 limo
1068 4396 1226 4442 terrm
1251 4394 1490 4442 testaceo
1510 4400 1674 4456 opere
1696 4384 1962 4439 formatus
1982 4390 2122 4438 erat.

543 4478 694 4535 Unde
729 4477 875 4549 juste
915 4479 994 4533 eis
1038 4477 1363 4532 retributum
1396 4482 1502 4540 est,
1548 4482 1606 4529 ut
1642 4473 1734 4544 qui
1772 4473 2020 4530 homines
2059 4471 2126 4527 de

542 4577 692 4626 terra
718 4568 846 4624 facti
876 4567 1111 4634 fuerant,
1145 4581 1268 4622 cum
1295 4565 1574 4622 meliorem
1611 4566 1694 4621 sui
1736 4574 1945 4636 partem
1965 4605 1979 4630 ,
2022 4565 2125 4620 hoc
2149 4542 2204 4603 Ῑ)

539 4669 657 4726 est,
707 4659 1084 4715 rationabilem
1127 4660 1362 4714 animam
1407 4673 1528 4729 quae
1571 4660 1641 4714 ad
1688 4659 1978 4729 imaginem
2029 4657 2126 4714 Dei

541 4757 724 4806 creata
750 4757 853 4815 est,
886 4750 955 4804 ad
993 4749 1326 4805 adorandum
1352 4748 1523 4805 Deum
1547 4748 1730 4804 vivum
1755 4747 2010 4804 nolebant
2035 4761 2124 4803 se-

543 4837 666 4908 qui,
698 4836 945 4893 viliorem
974 4838 1057 4894 sui
1093 4838 1429 4908 portionem,
1457 4838 1562 4894 hoc
1588 4846 1672 4893 est
1690 4877 1706 4904 ,
1734 4851 1930 4907 corpus
1958 4845 2128 4893 terre-

547 4944 676 4985 num
701 4929 962 4986 imitando
986 4930 1192 4985 luteum
1219 4931 1509 4986 adorarent
1534 4929 1691 4984 deum
1711 4970 1727 4995 ,
1768 4929 1954 4999 sicque
1981 4938 2128 5000 post-

545 5021 768 5078 modum
800 5021 917 5077 sine
945 5022 1074 5079 boni
1106 5022 1285 5092 operis
1309 5021 1489 5076 fructu
1522 5028 1682 5076 terra:
1710 5019 2032 5086 insensibili,
2063 5019 2131 5075 de

548 5132 654 5188 qua
679 5119 879 5189 sumpti
913 5128 1057 5186 sunt,
1086 5118 1188 5188 ipsi
1214 5117 1473 5174 insensati
1507 5124 1563 5173 et
1592 5115 1813 5172 inutiles
1842 5115 2130 5172 redderen-

549 5218 656 5265 tur.
704 5208 927 5281 Mystice
972 5221 1152 5266 autem
1186 5225 1373 5265 omnes
1400 5207 1641 5264 haeretici
1685 5215 1848 5277 atque
1872 5205 2132 5262 schisma-

550 5301 644 5358 tici
689 5302 778 5373 qui
824 5304 1108 5360 veritatem
1155 5303 1251 5358 Dei
1300 5303 1354 5357 in
1400 5300 1718 5373 iniustitiam
1762 5300 2034 5366 detinent,
2081 5307 2136 5356 et

552 5395 891 5451 mendacium
924 5410 1023 5465 pro
1049 5395 1277 5450 veritate
1317 5395 1372 5450 in
1404 5393 1773 5450 doctrinarum
1814 5407 2034 5448 suarum
2063 5393 2136 5448 si-

553 5487 808 5545 mulacris
847 5489 1048 5544 colunt.
1093 5488 1244 5544 Licet
1283 5489 1572 5560 aliquando
1600 5499 1828 5546 venusta
1864 5488 2134 5546 locutione

552 5587 645 5634 aut
677 5577 1058 5635 verisimilibus
1084 5592 1150 5633 ea
1176 5578 1465 5634 virtutibus
1506 5579 1773 5650 polleant,
1809 5587 1989 5634 tamen
2021 5578 2132 5632 fra-

554 5672 679 5743 gilia
728 5687 791 5727 ac
836 5671 880 5726 si
923 5670 1065 5726 lutea
1095 5671 1205 5726 sint
1229 5674 1448 5730 omnino
1474 5688 1594 5730 esse
1635 5674 1972 5743 probabunt,
2008 5675 2134 5745 quia

555 5779 642 5832 res
669 5776 1030 5834 supervacuas
1056 5761 1285 5834 lingunt,
1320 5774 1374 5822 et
1403 5765 1627 5838 proinde
1649 5766 1789 5826 cinis
1811 5776 1896 5827 est
1923 5783 2018 5825 cor
2045 5782 2134 5824 eo-

2218 3303 2399 3374 populi
2429 3301 2526 3358 Dei
2552 3311 2607 3358 et
2633 3301 2837 3357 inimici
2867 3315 3058 3357 omnes
3079 3287 3330 3371 justitize,
3358 3298 3487 3353 licet
3512 3297 3586 3353 ad
3616 3306 3823 3367 tempus

2220 3397 2276 3452 in
2299 3405 2444 3453 terra
2476 3395 2742 3453 dominari
2768 3395 3076 3460 videantur,
3113 3401 3293 3447 tamen
3337 3390 3467 3461 quia
3498 3389 3822 3460 insipientes

2220 3497 2347 3544 sunt
2387 3504 2511 3544 cum
2557 3490 2834 3544 insensata
2874 3486 3018 3542 idola
3070 3486 3352 3540 nationum
3394 3483 3678 3538 aestimant
3706 3496 3819 3538 esse

2221 3579 2351 3634 deos
2380 3580 2575 3648 quibus
2607 3594 2716 3633 non
2759 3587 2844 3633 est
2878 3577 3049 3644 visus,
3093 3590 3193 3632 nec
3221 3575 3461 3640 auditus,
3491 3589 3599 3630 nec
3627 3583 3819 3638 tactus,

2221 3684 2322 3725 nec
2347 3669 2488 3724 ullus
2517 3669 2733 3724 vivendi
2777 3683 3002 3736 sensus;
3051 3665 3296 3722 infelices
3334 3674 3466 3721 sunt
3504 3679 3675 3735 super
3717 3680 3824 3720 mo-

2223 3758 2350 3814 dum
2381 3759 2574 3814 animas
2603 3773 2715 3813 suae
2744 3758 3026 3812 interitum
3054 3757 3110 3810 in
3143 3756 3388 3826 gehenna
3418 3761 3821 3822 exspectantes,

2221 3850 2314 3906 ubi
2336 3850 2440 3905 erit
2468 3857 2724 3920 perpetua
2747 3857 2911 3918 poena
2937 3847 3249 3912 cruciandi;
3275 3860 3401 3900 nam
3430 3845 3624 3899 vermis
3644 3859 3824 3898 eorum

2223 3957 2328 3996 non
2369 3941 2610 4005 moritur,
2655 3949 2702 3994 et
2739 3941 2876 4011 ignis
2911 3955 3015 3993 non
3051 3939 3430 4008 exstinguetur,
3467 3951 3565 4006 pro
3597 3951 3658 3988 eo
3688 3933 3821 4004 quod

2224 4048 2328 4086 non
2362 4031 2614 4086 dederunt
2643 4033 2891 4086 honorem
2916 4030 3025 4085 Deo
3065 4031 3172 4084 vivo
3202 4037 3251 4082 et
3277 4043 3415 4093 vero,
3452 4035 3501 4080 et
3527 4025 3818 4080 servierunt

2223 4123 2550 4194 sculptilibus
2575 4141 2692 4194 quia
2728 4123 2828 4193 ipsi
2858 4122 3091 4193 nequiter
3124 4121 3392 4191 ﬁnxerunt
3421 4116 3623 4191 (Marc.
3655 4117 3756 4190 rx).

2298 4213 2470 4267 Homo
2497 4215 2634 4268 enim
2658 4213 2780 4282 fecit
2807 4212 2946 4280 illos,
2967 4221 3015 4266 et
3042 4213 3130 4284 qui
3156 4211 3400 4282 spiritum
3428 4218 3706 4263 mutuatus
3726 4215 3822 4275 est,

2225 4305 2380 4374 ﬁnxit
2411 4305 2562 4369 illos;
2594 4321 2743 4359 nemo
2773 4305 2907 4359 enim
2937 4304 3036 4358 sibi
3064 4301 3287 4358 similem
3310 4303 3464 4356 homo
3495 4301 3658 4355 deum
3682 4310 3822 4370 pote-

2227 4397 2294 4451 rit
2316 4397 2531 4468 fingere.
2556 4395 2688 4450 Cum
2715 4397 2780 4450 sit
2809 4396 2946 4450 enim
2972 4393 3230 4459 mortalis,
3250 4401 3518 4447 mortuum
3537 4391 3697 4462 ﬁngit
3715 4407 3822 4444 nta-

2229 4488 2379 4542 nibus
2409 4487 2621 4559 iniquis.
2650 4485 2840 4541 Melior
2862 4495 2937 4540 est
2958 4486 3097 4539 enim
3121 4485 3230 4555 ipse
3258 4483 3339 4538 his
3368 4499 3500 4554 quos
3529 4481 3680 4547 colit,
3700 4483 3820 4552 quia

2229 4579 2335 4651 ipse
2365 4580 2571 4651 quidem
2600 4579 2751 4645 vixit,
2778 4595 2896 4633 cum
2922 4588 3054 4633 esset
3080 4576 3337 4644 mortalis,
3366 4575 3455 4630 ille
3480 4584 3662 4630 autem
3686 4591 3815 4628 nun-

2228 4686 2406 4740 quam.
2439 4668 2627 4723 Melior
2652 4675 2735 4724 est
2761 4667 2904 4723 enim
2932 4667 3094 4722 homo
3134 4665 3289 4723 idolis
3325 4663 3628 4720 secundum
3655 4661 3814 4718 ratio-

2229 4776 2356 4816 nem
2385 4760 2675 4816 creationis
2705 4775 2838 4826 suae,
2865 4759 2991 4830 quia
3017 4759 3134 4830 ipse
3156 4757 3292 4812 vivit
3315 4764 3372 4814 et
3409 4754 3696 4825 intelligit,
3735 4753 3816 4810 illa

2230 4861 2412 4908 autem
2448 4867 2745 4922 nunquam.
2787 4849 2892 4907 Sed
2923 4860 3105 4907 tamen
3131 4849 3260 4920 quia
3292 4847 3465 4918 magis
3496 4856 3719 4902 secutus
3742 4854 3817 4901 est

2229 4943 2527 4998 vanitatem
2564 4942 2769 4998 erroris
2800 4956 2962 5012 quam
3000 4940 3285 4997 scientiam
3315 4937 3598 5002 veritatis,
3640 4935 3816 5006 imple-

2231 5042 2321 5089 tur
2341 5033 2397 5089 in
2420 5049 2487 5090 eo
2505 5033 2648 5104 quod
2673 5047 2772 5104 per
2794 5033 3137 5088 Psalmistam
3160 5029 3359 5086 dicitur
3380 5047 3394 5083 :
3422 5026 3599 5082 Homo
3625 5043 3741 5080 cum
3768 5026 3814 5079 in

2231 5127 2426 5180 honore
2463 5135 2591 5179 esset
2629 5142 2732 5179 non
2773 5123 3054 5189 intellexit,
3095 5132 3429 5193 comparatus
3464 5128 3542 5174 est
3569 5117 3813 5189 jumentis

2231 5220 2614 5290 insipientibus,
2645 5230 2691 5273 et
2729 5218 2914 5274 similis
2945 5218 3117 5289 factus
3153 5225 3228 5272 est
3266 5215 3372 5271 illis
3407 5213 3581 5287 (Psal.
3611 5210 3807 5280 xum).

2306 5308 2410 5365 Sed
2444 5319 2492 5364 et
2522 5307 2777 5363 animalia
2806 5307 3101 5361 miserrima
3137 5307 3352 5368 colunt;
3391 5306 3661 5359 insensata
3689 5301 3810 5356 enim

2235 5410 2538 5471 comparata
2576 5399 2677 5464 his,
2717 5397 2837 5453 aliis
2867 5407 2987 5452 sunt
3028 5398 3309 5452 deteriora.
3345 5393 3448 5450 Sed
3485 5411 3580 5448 nec
3615 5400 3811 5464 aspectu

2237 5492 2424 5563 aliquis
2450 5507 2514 5546 ex
2534 5491 2612 5545 his
2643 5489 2957 5545 animalibus
2981 5489 3115 5542 bona
3135 5497 3300 5558 potest
3322 5488 3638 5556 conspicere.
3670 5482 3810 5552 Effu-

2235 5593 2419 5655 gerunt
2449 5593 2623 5638 autem
2650 5583 2747 5638 Dei
2779 5583 3012 5647 laudem,
3040 5591 3087 5635 et
3115 5581 3517 5635 benedictionem
3545 5580 3677 5649 ejus.
3715 5575 3807 5631 Mi-

2236 5692 2358 5732 sera
2388 5676 2660 5748 gentilitas
2696 5691 2805 5730 non
2845 5674 3019 5729 solum
3054 5674 3344 5728 humanam
3386 5672 3618 5742 speciem
3647 5669 3700 5723 in
3734 5667 3805 5721 in-

2236 5769 2579 5825 sensibilibus
2603 5768 2764 5823 rebus
2786 5766 3075 5823 formatam
3103 5778 3201 5822 oro
3228 5763 3448 5821 numine
3470 5760 3697 5824 colebat,
3716 5753 3800 5829 sed
