4030 6532
317 385 427 443 745

1129 374 1479 437 COMMENT.
1522 373 1592 430 IN
1628 370 1889 430 LIBRUM
1928 366 2337 428 SAPIENTI/E.
2379 396 2450 409 —-
2486 364 2614 421 LIB.
2654 363 2719 420 Il.

3482 361 3586 419 746

319 501 488 561 etiam
520 500 839 553 ceterorum
884 490 1200 548 animalium
1239 489 1447 560 species
1495 498 1749 558 perverse
1807 481 1901 537 ad—
1926 485 1980 546 Α
2002 479 2127 533 tutis
2172 477 2242 532 ad
2279 474 2817 530 commemorationem
2864 477 3101 526 mandati
3135 470 3261 543 legis
3304 478 3431 529 tute.
3483 475 3589 543 Qui

320 592 535 655 orabat,
558 602 660 643 nec
678 587 880 659 justam
904 582 1284 641 discretionem
1314 580 1371 635 in
1396 579 1504 635 ulla
1530 592 1591 632 re
1615 577 1899 632 habuerat.

324 679 633 738 Secundum
675 674 1161 733 eonsnderationem
1204 671 1349 728 enim
1391 667 1635 723 veritatis
1669 663 1904 720 viventia

321 774 696 842 proponuntur
724 764 972 832 mortuis,
1002 772 1059 820 et
1086 761 1361 818 sensibilia
1402 758 1823 821 insensibilibus,
1850 761 1906 810 et

324 860 608 918 rationalia
653 857 949 913 animantia
992 855 1205 912 caeteris
1246 852 1640 916 animantibus;
1686 850 1781 904 sed
1826 848 1908 904 di-

323 966 490 1024 gnum
517 948 618 1004 fuit
643 955 703 1002 ut
727 946 820 1018 qui
847 956 1149 1002 creatorem
1189 958 1346 1000 suum
1392 943 1809 1014 ignoraverunt,
1849 939 1907 993 in

323 1040 589 1097 creaturis
601 1053 816 1109 quoque
830 1037 1001 1108 ipsius
1015 1035 1415 1092 distinctionem
1425 1048 1718 1104 congruam
1731 1029 1911 1085 facere

324 1129 628 1193 nescirent;
652 1127 745 1197 qui
770 1127 915 1182 enim
942 1125 1039 1182 Dei
1065 1124 1279 1180 laudem
1305 1131 1362 1179 et
1392 1121 1823 1178 benedictionem
1854 1118 1910 1172 in

326 1218 617 1288 semetipso
645 1217 846 1274 habere
878 1214 1129 1287 negligit,
1171 1213 1227 1269 in
1255 1220 1476 1283 aspectu
1504 1221 1560 1267 et
1588 1208 1913 1266 discretione

327 1309 643 1367 animalium
671 1307 1017 1379 semetipsum
1046 1321 1231 1363 errare
1256 1304 1523 1377 probabit.

361 1448 365 1452 ’
400 1444 552 1518 (CAP.
578 1441 716 1516 xw.)
759 1439 985 1513 Propter
1017 1443 1114 1495 hoc
1141 1443 1246 1512 'per
1285 1440 1366 1494 his
1394 1437 1589 1493 similia
1616 1439 1758 1507 passi
1791 1441 1914 1489 sunt

330 1539 492 1609 digna
521 1544 800 1601 tormenta,
830 1542 877 1589 et
904 1550 998 1605 per
1023 1532 1411 1588 multitudinem
1438 1530 1719 1584 bestiarum
1743 1536 1913 1581 exter-

329 1632 517 1688 minati
559 1640 701 1686 sunt.
742 1629 869 1685 Haec
913 1630 958 1685 si
999 1629 1067 1684 ad
1114 1626 1399 1699 Egyptios
1435 1623 1626 1690 refers,
1660 1621 1751 1693 qui
1792 1634 1935 1701 cum

330 1721 631 1779 idololatrae
659 1719 892 1776 fuissent
928 1728 986 1775 et
1029 1720 1197 1774 variis
1237 1716 1517 1773 erroribus
1549 1713 1716 1771 dediti
1754 1726 1919 1784 popu-

331 1813 444 1869 lum
473 1828 690 1884 quoque
723 1811 821 1867 Dei
863 1811 1059 1883 injuste
1094 1808 1367 1881 persecuti
1407 1815 1556 1873 sunt,
1596 1807 1650 1861 in
1690 1804 1798 1861 illis
1829 1804 1919 1860 de-

330 1919 451 1960 cem
496 1902 672 1974 plagis
709 1902 906 1972 quibus
950 1901 1212 1956 Dominus
1250 1914 1346 1955 eos
1387 1896 1670 1968 corripuit,
1711 1909 1813 1966 pro
1850 1908 1916 1949 eo

328 1994 473 2064 quod
503 1993 791 2048 noluerunt
810 1990 1066 2063 populum
1111 2005 1268 2047 suum
1300 1989 1590 2053 dimittere,
1621 1987 1917 2043 bestiarum

328 2097 427 2139 eos
451 2089 629 2153 potest
654 2081 954 2153 intelligere
977 2082 1238 2136 saevitiam
1267 2089 1520 2151 expertos
1541 2092 1693 2144 esse;
1717 2092 1843 2133 nam
1861 2083 1919 2133 et

328 2176 407 2231 ibi
435 2190 638 2231 muscae
665 2175 863 2232 diversi
898 2175 1113 2246 generis
1144 2182 1201 2231 et
1231 2174 1454 2230 locustae
1481 2187 1577 2229 eos
1607 2171 1921 2228 describun-

328 2275 422 2321 tur
449 2267 780 2334 devastasse,
807 2266 1062 2323 similiter
1080 2272 1134 2320 et
1158 2280 1305 2321 rana:
1329 2272 1386 2320 et
1408 2270 1613 2334 rnpetaa
1638 2271 1693 2317 et
1720 2268 1919 2318 caetera

330 2358 627 2414 animantia
657 2365 839 2424 terrae,
873 2358 941 2414 de
966 2358 1161 2427 quibus
1186 2357 1242 2411 in
1273 2356 1482 2428 psalmo
1508 2354 1767 2425 scriptum
1791 2361 1915 2409 est:

330 2446 561 2502 Immisit
586 2448 660 2502 eis
686 2464 921 2503 muscam
943 2448 1207 2512 caninam,
1241 2454 1290 2501 et
1317 2444 1538 2500 comedit
1562 2459 1682 2506 eos;
1710 2457 1916 2508 ranam,

326 2549 379 2595 et
404 2538 765 2595 exterminavit
788 2555 876 2594 eos
889 2555 909 2604 ;
936 2548 983 2593 et
1005 2537 1148 2592 dedit
1185 2537 1390 2608 erugini
1412 2536 1614 2607 fructus
1639 2549 1842 2600 eorum,
1870 2542 1920 2587 et

330 2631 536 2687 labores
563 2648 742 2687 eorum
783 2630 998 2687 locustte
1025 2628 1198 2702 (Psal.
1231 2628 1456 2698 Lxxvn).
1498 2622 1672 2682 Aliter
1708 2638 1921 2696 quoque

332 2724 620 2779 haereticos
647 2731 704 2778 et
739 2723 1118 2779 schismaticos
1146 2728 1311 2791 atque
1340 2732 1529 2775 omnes
1565 2717 1780 2789 iniquos
1817 2715 1924 2786 spi-

332 2814 522 2870 ritales
542 2815 751 2880 bestiae,
783 2815 888 2870 boc
914 2821 1019 2880 est,
1049 2812 1271 2884 maligni
1299 2811 1523 2882 spiritus
1554 2809 1783 2875 laniant,
1813 2808 1922 2864 dis-

333 2908 515 2977 sipant
542 2915 706 2977 atque
743 2906 1142 2971 exterminant,
1173 2918 1405 2975 quorum
1447 2902 1576 2973 quia
1614 2900 1923 2957 consentie-

333 2999 469 3054 bant
491 2998 755 3054 voluntati
788 2997 937 3067 justo
966 2997 1062 3053 Dei
1096 2996 1302 3068 judieio
1329 2994 1530 3051 subditi
1558 3000 1684 3050 sunt
1710 2989 1919 3057 ditioni,

332 3098 395 3146 ut
415 3103 510 3147 eos
535 3090 782 3146 crueient
809 3099 973 3158 atque
998 3088 1328 3158 disperdant.

2003 571 2141 626 enim
2172 583 2445 624 conversus
2468 574 2563 631 est,
2591 581 2698 619 non
2722 580 2814 635 per
2838 564 2934 617 hoc
2956 562 3097 634 quod
3124 562 3329 618 videbat
3360 566 3593 633 sanaba-

2004 671 2113 727 tur,
2145 660 2235 714 sed
2262 675 2356 729 per
2389 668 2438 712 te
2464 656 2695 712 omnium
2722 653 3068 719 salvatorem;
3106 664 3155 709 et
3182 656 3240 710 in
3277 655 3375 711 hoc
3413 666 3593 712 autem

2005 749 2276 805 ostendisti
2317 748 2542 801 inimicis
2587 746 2800 812 nostris,
2828 745 2951 817 quia
2995 754 3051 799 tu
3092 762 3146 800 es
3172 746 3261 817 qui
3310 746 3499 803 liberas
3528 749 3594 802 ab

2006 841 2147 896 omni
2189 838 2350 893 malo.
2387 839 2517 894 Item
2547 837 2742 909 legitur
2774 836 2828 891 in
2868 836 3127 907 pracdicto
3164 836 3304 892 libro
3334 836 3597 894 Numero-

2007 948 2130 988 rum
2176 932 2321 1002 quod
2372 938 2771 986 murmurantes
2819 928 2912 983 ﬁlii
2959 927 3156 994 Israel,
3213 929 3268 983 in
3318 930 3596 1000 trigesima

2009 1025 2198 1093 quinta
2240 1022 2521 1078 mansione
2562 1035 2675 1091 prae
2723 1020 2881 1076 taedio
2915 1020 3124 1076 itineris
3168 1036 3233 1076 ac
3274 1021 3498 1089 laboris,
3543 1031 3602 1078 et

2008 1130 2122 1187 prae
2143 1114 2403 1169 tenuitate
2422 1114 2597 1168 victus
2616 1112 2754 1166 iram
2772 1110 2985 1166 Domini
3008 1119 3196 1166 contra
3216 1127 3275 1168 se
3297 1113 3596 1168 incitarint.

2014 1208 2363 1275 Quamobrem
2389 1207 2531 1261 misit
2572 1206 2827 1262 Dominus
2871 1205 2927 1260 in
2971 1204 3219 1276 populum
3262 1207 3453 1277 ignitos
3490 1224 3603 1263 ser-

2010 1308 2206 1371 pentes,
2238 1298 2307 1353 ad
2331 1314 2553 1369 quorum
2575 1297 2758 1368 plagas
2787 1305 2835 1351 et
2867 1294 3055 1351 moites
3080 1295 3428 1365 plurimorum
3453 1315 3604 1353 vene—
3624 1311 3641 1321 ‘

2014 1397 2136 1443 runt
2163 1392 2232 1442 ad
2262 1385 2478 1457 Moysen
2502 1394 2549 1441 et
2574 1386 2821 1441 dixerunt
2851 1404 2869 1441 :
2902 1384 3260 1452 Peccavimus,
3291 1388 3418 1453 quia
3439 1387 3604 1442 locuti

2013 1495 2194 1535 sumus
2223 1488 2405 1534 contra
2440 1478 2727 1534 Dominum
2771 1487 2820 1533 et
2863 1478 2944 1545 té;
2978 1495 3072 1534 ora
3100 1488 3156 1533 ut
3198 1478 3347 1533 tollat
3383 1496 3416 1534 a
3454 1479 3603 1535 nobis

2012 1576 2294 1639 serpentes.
2326 1566 2511 1622 Oravit
2560 1566 2766 1638 Moyses
2804 1584 2897 1639 pro
2941 1567 3155 1640 populo,
3200 1578 3248 1623 et
3292 1568 3496 1624 locutus
3528 1579 3605 1625 est

2014 1661 2270 1717 Dominus
2296 1660 2367 1715 ad
2393 1676 2511 1715 eum
2531 1673 2550 1714 :
2573 1659 2689 1715 Fac
2715 1671 3002 1733 serpentem
3026 1677 3227 1716 a'neum
3252 1669 3303 1717 et
3327 1678 3461 1734 pone
3484 1678 3608 1717 eum
3652 1690 3653 1693 η
3694 1666 3715 1684 ’

2014 1767 2110 1824 pro
2142 1751 2291 1821 signo
2319 1763 2339 1803 :
2368 1750 2459 1822 qui
2486 1766 2761 1821 percussus
2799 1749 3057 1820 aspexerit
3092 1766 3233 1818 cant,
3272 1750 3423 1805 vivet.
3455 1748 3606 1805 Fecit

1942 1868 1992 1929 Β
2017 1859 2138 1914 ergo
2174 1841 2382 1914 Moyses
2413 1851 2699 1914 serpentem
2728 1858 2931 1898 teneam
2966 1851 3016 1896 et
3048 1844 3220 1914 posuit
3247 1860 3367 1898 eum
3402 1861 3498 1917 pro
3533 1844 3609 1898 si-

2017 1949 2142 2005 gno,
2169 1950 2324 2005 quem
2345 1949 2464 1988 cum
2491 1934 2723 1998 percussi
2750 1933 3037 2004 aspicerent
3060 1935 3386 1991 sanabantur
3411 1933 3605 2006 (Nam.

2016 2025 2157 2097 ιιι).
2189 2022 2298 2081 Sed
2327 2023 2613 2097 diligenter
2648 2023 2984 2095 pensandum
3024 2032 3109 2080 est
3150 2025 3256 2081 hoc
3292 2024 3436 2095 quod
3475 2024 3611 2081 dici-

2019 2122 2146 2171 tur:
2178 2112 2284 2181 Qui
2305 2115 2444 2169 enim
2470 2131 2747 2170 conversus
2772 2123 2848 2169 est
2871 2131 2979 2171 non
3001 2131 3094 2186 per
3114 2116 3212 2171 hoc
3236 2116 3376 2187 quod
3403 2115 3609 2170 videbat

2017 2205 2330 2273 sanabatur,
2355 2204 2446 2260 sed
2474 2221 2568 2276 per
2595 2214 2646 2260 te
2685 2206 2918 2261 ominum
2947 2204 3278 2262 salvatorem.
3310 2205 3425 2261 Non
3460 2206 3610 2262 enim

2018 2311 2201 2353 aeneus
2229 2311 2474 2369 serpens,
2519 2297 2613 2368 qui
2658 2311 2757 2367 pro
2787 2296 2939 2368 signo
2969 2296 3267 2370 ﬁguraliter
3308 2298 3613 2371 ponebatur

2020 2384 2252 2441 salvavit
2296 2384 2438 2451 illos,
2472 2385 2568 2441 sed
2615 2394 3015 2441 sacramentum
3054 2386 3326 2459 mysterii,
3372 2387 3476 2461 hoc
3503 2395 3610 2453 est,

2019 2490 2167 2532 mors
2181 2474 2510 2547 Christi,qui
2537 2476 2592 2532 in
2616 2491 2681 2532 eo
2704 2484 2953 2548 serpente
2981 2477 3337 2548 ﬁgurabatur,
3363 2478 3477 2550 ipse
3504 2478 3613 2533 sal-

2020 2568 2169 2623 vavit
2209 2583 2379 2641 genus
2423 2569 2717 2624 humanum
2747 2585 2761 2623 :
2792 2567 2976 2625 omnia
3002 2569 3147 2625 enim
3185 2568 3239 2624 in
3280 2568 3454 2640 ﬁgura
3481 2585 3614 2625 con-

2020 2660 2302 2733 tingebant
2334 2660 2461 2717 illis.
2495 2658 2710 2731 Scripta
2745 2668 2872 2716 sunt
2897 2667 3078 2714 autem
3110 2658 3182 2737 ad
3213 2660 3615 2729 correptionem

2022 2761 2263 2809 nostram
2282 2792 2299 2821 ,
2328 2752 2383 2808 in
2409 2768 2544 2825 quos
2572 2750 2708 2808 lines
2748 2750 3069 2807 saeculorum
3100 2751 3455 2807 devenerunt.
3506 2749 3616 2807 Sed

2021 2846 2151 2917 quid
2197 2845 2328 2901 illud
2356 2844 2624 2917 signiﬁcat
2663 2844 2806 2916 quod
2831 2843 3056 2899 vulnera
3099 2842 3155 2898 in
3197 2842 3508 2898 hominibus
3546 2857 3617 2897 ex

2021 2954 2210 2996 morsu
2239 2938 2476 2996 ferorum
2502 2936 2836 3007 serpentium
2857 2933 2997 2990 facta
3019 2933 3261 2989 exaltato
3287 2941 3342 2991 et
3368 2942 3616 3004 respecto

2021 3044 2172 3086 aeneo
2212 3036 2463 3101 serpente
2503 3027 2859 3092 sanabantur,
2891 3023 2996 3081 nisi
3033 3025 3177 3095 quod
3212 3039 3354 3081 nunc
3398 3025 3452 3080 in
3488 3031 3617 3095 typo

2025 3119 2345 3186 Salvatoris,
2373 3118 2466 3190 qui
2490 3116 2665 3174 ferum
2694 3116 3083 3188 antiquumque
3112 3122 3418 3185 serpentem
3443 3115 3496 3169 in
3521 3129 3619 3184 pa-

410 3188 541 3257 Pm’
573 3203 759 3305 qui?!“
810 3201 1081 3305 ξονςξιεςιιίε
1139 3200 1263 3303 bene
1312 3197 1614 3305 disposuist-i
1635 3285 1648 3305 '
1670 3194 1923 3298 ροριιιιιπξ
1952 3241 1998 3305 c
2028 3212 2198 3267 tibulo
2224 3188 2423 3276 crucis,
2452 3208 2841 3280 triumphavit,
2879 3205 3081 3264 diaboli
3117 3220 3326 3264 venena
3359 3221 3620 3277 superan-

337 3304 518 3358 tuum,
568 3294 752 3364 quibus
803 3293 993 3347 dedisti
1045 3288 1514 3362 concupiscentiam
1563 3285 1925 3342 delectamenti
1953 3285 1998 3305 “
2026 3302 2147 3357 ιυι-ςθ
2176 3302 2249 3357 ξω
2283 3308 2343 3356 ιη
2367 3300 2457 3371 qui
2487 3314 2617 3356 vere
2646 3312 3009 3369 expressaque
3048 3297 3335 3369 imaginem
3367 3297 3489 3353 Filii
3519 3296 3619 3354 ῃεί

336 3385 420 3440 sui
455 3400 643 3438 novum
672 3399 935 3455 saporem,
962 3399 1134 3436 escam
1164 3397 1359 3452 parans
1388 3381 1462 3434 eis
1499 3384 1922 3448 ortygometram,

340 3485 396 3529 ut
433 3474 514 3528 illi
549 3475 757 3546 quidem
788 3474 1205 3544 concupiscentes
1246 3487 1450 3535 escam,
1484 3479 1693 3540 propter
1720 3484 1782 3521 ea
1807 3481 1926 3537 qua:

339 3564 450 3621 illis
482 3573 684 3619 ostensa
718 3574 766 3617 et
794 3565 951 3617 missa
978 3572 1101 3617 sunt
1120 3602 1134 3628 ,
1163 3563 1321 3617 etiam
1353 3579 1384 3615 a
1413 3558 1707 3615 necessaria
1737 3573 1928 3611 concu-

337 3658 595 3730 piscentia
633 3665 1004 3711 averterentur.
1044 3653 1116 3708 Ili
1144 3663 1317 3708 autem
1343 3654 1398 3707 in
1425 3651 1563 3706 brevi
1594 3650 1768 3720 inopes
1795 3648 1925 3719 [acti

340 3763 529 3801 novam
562 3753 899 3816 gustaverunt
941 3760 1146 3809 escam;
1182 3742 1450 3814 oportebat
1489 3741 1626 3795 enim
1666 3739 1773 3794 illis
1812 3739 1927 3810 qui-

340 3838 457 3892 dem
484 3838 594 3892 sine
624 3837 958 3892 excusatione
992 3836 1322 3906 supervenire
1351 3833 1616 3887 interitum
1644 3829 1928 3885 exercenti-

342 3928 436 3982 bus
481 3928 845 3999 tyrannidem;
888 3928 968 3982 his
1000 3937 1173 3981 autem
1220 3932 1424 3979 tantum
1455 3922 1723 3977 ostendere
1749 3936 1928 3992 quem-

341 4020 627 4074 admodum
678 4020 876 4073 inimici
922 4018 1135 4073 illorum
1175 4015 1676 4070 exterminabantur.
1705 4011 1929 4083 Legitur

342 4111 397 4166 in
431 4112 570 4167 libro
610 4112 967 4167 Numerorum
999 4110 1141 4181 quod
1168 4108 1396 4181 populus
1438 4105 1765 4161 lsraeliticus
1802 4119 1925 4159 cum

342 4217 491 4258 esum
519 4204 765 4258 carnium
802 4203 854 4256 in
883 4202 1097 4258 deserto
1124 4198 1501 4271 concupierat,
1527 4195 1927 4252 multitudinem

340 4295 717 4349 cothurnicum
749 4293 978 4349 Domino
1023 4293 1292 4349 tribuente
1323 4289 1626 4362 acceperit,
1670 4304 1804 4359 quas
1832 4302 1927 4343 co-

339 4385 566 4439 medens
594 4384 820 4439 satiatus
862 4391 946 4438 est
988 4398 1160 4454 usque
1192 4382 1257 4437 ad
1296 4395 1584 4445 nauseam,
1614 4378 1709 4433 sed
1746 4386 1924 4433 tamen

340 4488 449 4527 non
477 4472 665 4543 procul
708 4472 776 4527 ab
818 4473 897 4528 eis
943 4471 1045 4527 fuit
1079 4472 1244 4543 ipsius
1269 4470 1718 4541 concupiscentia:
1745 4468 1927 4523 vindi-

2023 3393 2441 3467 passionemque
2489 3391 2607 3462 ejus
2653 3389 3032 3460 conspexerit,
3082 3399 3456 3445 conservetur.
3504 3388 3622 3446 lloc

2024 3487 2170 3541 enim
2216 3485 2524 3556 signiﬁcant
2567 3492 2620 3539 et
2662 3484 2826 3539 verba
2877 3483 3046 3553 ipsius
3087 3482 3300 3537 Domini
3338 3483 3567 3539 dicentis
3602 3500 3616 3538 :

2026 3575 2173 3631 Sicut
2196 3574 2444 3630 exultavit
2471 3574 2679 3646 Moyses
2702 3575 2756 3628 in
2781 3590 2951 3627 eremo
2977 3582 3287 3645 serpentem,
3316 3572 3391 3627 sic
3417 3582 3621 3644 oportet

2024 3665 2251 3723 exaltari
2272 3664 2446 3738 [ilium
2490 3665 2738 3731 hominis,
2768 3672 2826 3718 ut
2867 3663 3035 3718 omnis
3077 3663 3168 3734 qui
3209 3664 3374 3718 credit
3417 3664 3471 3716 in
3500 3680 3622 3719 eum

2025 3772 2129 3810 non
2171 3767 2377 3827 pereat,
2420 3756 2511 3810 sed
2552 3755 2740 3810 habeat
2783 3755 2945 3809 vitam
2986 3763 3235 3809 a'ternam
3278 3752 3461 3826 (Joan.
3508 3754 3619 3827 ut).

2026 3846 2192 3905 Recte
2224 3862 2353 3920 ergo
2389 3862 2613 3921 serpens
2642 3862 2825 3902 tenens
2857 3846 2972 3919 ipse
3015 3855 3160 3913 erat,
3190 3846 3284 3916 qui
3328 3845 3472 3916 ligno
3503 3862 3624 3902 sus-

2024 3954 2224 4010 pensus
2267 3947 2385 4006 est;
2427 3955 2503 3994 tes
2546 3938 2745 4010 quippe
2790 3937 3001 3994 caeteris
3046 3936 3277 3993 metallis
3325 3936 3623 3993 durabilius

2025 4044 2146 4086 esse
2170 4030 2337 4096 solet,
2365 4039 2419 4085 et
2450 4037 2636 4102 aperte
2666 4043 2848 4100 amens
2877 4042 3101 4098 serpens
3127 4027 3183 4082 in
3220 4026 3366 4098 ligno
3394 4041 3625 4098 suspen-

2026 4134 2121 4176 sus
2166 4129 2269 4187 est,
2300 4129 2361 4175 ut
2390 4120 2653 4176 Dominus
2696 4128 2751 4175 et
2786 4119 2839 4173 in
2888 4126 3138 4187 serpente
3184 4127 3432 4173 mortuus
3464 4126 3520 4174 et
3567 4118 3624 4175 in

2025 4225 2132 4268 tere
2160 4211 2559 4279 signiﬁcaretur
2585 4218 2852 4276 aeternus;
2900 4207 3151 4263 videlicet
3195 4215 3254 4263 ut
3292 4207 3625 4265 indicaretur

2027 4308 2273 4357 mortuus
2324 4315 2423 4370 per
2472 4300 2902 4363 humanitatem,
2951 4306 3007 4352 et
3057 4305 3235 4353 tamen
3278 4306 3424 4353 esset
3468 4300 3623 4368 quasi

2027 4407 2208 4448 aeneus
2232 4401 2452 4464 propter
2480 4391 2837 4448 divinitatem.

2098 4482 2230 4539 Illos
2255 4485 2392 4538 enim
2414 4482 2738 4538 locustarum
2764 4490 2813 4535 et
2839 4496 3136 4534 muscarum
3160 4479 3460 4535 occiderunt
3482 4498 3624 4534 mor-

341 4571 448 4628 cta,
475 4578 600 4617 nam
626 4562 775 4631 furor
794 4561 1006 4617 Domini
1035 4563 1323 4616 concitatus
1346 4562 1401 4615 in
1428 4559 1695 4631 populum,
1719 4575 1929 4630 percus-

2030 4593 2153 4642 sus,
2185 4586 2233 4632 et
2263 4593 2366 4632 non
2394 4585 2469 4631 est
2509 4577 2716 4630 inventa
2755 4574 2957 4629 sanitas
2988 4574 3177 4627 animle
3214 4571 3465 4640 illorum;
3497 4576 3625 4645 quia

339 4653 408 4707 sit
435 4670 553 4707 eum
589 4654 745 4725 plaga
787 4671 976 4725 magna
1008 4655 1185 4721 nimis,
1221 4662 1531 4724 vocatusque
1558 4662 1631 4707 est
1672 4652 1815 4706 locus
1841 4642 1930 4706 ille

338 4741 637 4811 sepulcrum
668 4744 1097 4814 concupiscentia:
1126 4745 1313 4817 (Num.
1349 4744 1444 4815 χι).
1482 4743 1595 4800 Hoc
1629 4758 1759 4814 ergo
1786 4758 1929 4798 nunc

341 4843 734 4888 commemorat
790 4835 1054 4905 sapientia
1092 4835 1409 4891 alternando
1444 4836 1726 4907 disputans
1759 4836 1824 4889 de
1853 4834 1933 4888 in-

341 4926 655 4980 ternecione
680 4925 1058 4998 Egyptiorum
1088 4933 1141 4979 et
1172 4927 1511 4996 correptione
1540 4925 1925 4989 lsraelitarum,

343 5015 471 5085 quia
507 5030 629 5070 cum
672 5016 747 5071 illi
786 5016 892 5071 Deo
931 5026 1296 5087 repugnantes
1335 5025 1390 5072 et
1423 5017 1475 5069 in
1517 5015 1771 5087 populum
1811 5012 1929 5083 ejus

342 5106 686 5178 tyrannidem
714 5114 1030 5161 exercentes
1062 5108 1179 5161 sine
1221 5107 1570 5162 excusatione
1615 5105 1792 5161 subito
1836 5120 1930 5174 pe-

345 5198 573 5253 rierunt.
598 5197 691 5254 lsti
710 5214 839 5254 vero
867 5199 934 5253 ad
961 5209 1170 5270 tempus
1199 5199 1426 5255 correcti
1451 5207 1506 5252 et
1528 5197 1955 5269 disciplinabiliw

346 5296 434 5342 ter
460 5289 734 5360 castigati,
772 5306 877 5346 non
908 5297 1090 5344 tamen
1124 5291 1347 5347 omnino
1371 5289 1565 5345 solatio
1597 5288 1781 5342 divino
1805 5296 1932 5342 sunt

346 5378 609 5434 destituti.
638 5379 792 5435 Unde
821 5388 876 5435 et
906 5381 1185 5450 sequitur:

423 5492 631 5548 Etenim
660 5511 779 5549 cum
806 5494 1156 5565 superveniret
1196 5494 1301 5549 illis
1341 5510 1478 5549 saeva
1508 5493 1789 5548 bestiarum
1829 5491 1933 5557 ira,

350 5583 611 5651 morsibus
652 5602 1009 5657 perrersorum
1056 5584 1388 5639 colubrorum
1432 5583 1933 5638 exterminabantur.

353 5672 461 5735 Sed
489 5693 591 5730 non
622 5677 675 5732 in
705 5687 1006 5750 perpetuum
1042 5678 1326 5747 permansit
1358 5678 1440 5730 ira
1469 5686 1582 5741 tua,
1609 5675 1698 5729 sed
1728 5675 1797 5728 ad
1821 5691 1937 5729 cor-

352 5768 635 5823 rectionem
669 5767 723 5822 in
761 5767 897 5821 brevi
927 5767 1121 5823 turbati
1150 5777 1299 5835 sunt,
1332 5768 1537 5839 signum
1577 5767 1820 5821 habentes
1849 5782 1936 5820 sa-

759 5861 1031 5924 Puuon.
1078 5861 1243 5923 CIX.

2032 4666 2177 4737 digni
2206 4677 2353 4722 erant
2380 4667 2443 4721 ab
2473 4665 2835 4737 hujuscemodi
2864 4663 3223 4719 exterminari.
3251 4660 3421 4721 Filios
3448 4674 3625 4719 autem

2032 4767 2149 4811 tuos
2179 4773 2270 4811 nec
2297 4757 2585 4813 draconum
2621 4765 2989 4811 venenatorum
3026 4754 3259 4809 vicerunt
3287 4754 3485 4809 dentes.
3525 4754 3627 4811 N0-

2032 4848 2195 4903 tanda
2224 4855 2308 4903 est
2341 4847 2638 4912 distinctio,
2668 4846 2793 4916 quia
2823 4846 2963 4900 sicut
2992 4844 3193 4898 electos
3220 4844 3510 4913 aliquando
3536 4858 3626 4898 ca-

2032 4938 2251 5011 stigatio
2279 4937 2471 5008 Probat
2508 4952 2573 4991 ac
2610 4944 2947 5000 commonet,
2980 4942 3039 4989 ut
3066 4942 3292 4989 caveant
3320 4942 3540 5004 peccata
3571 4942 3628 4988 et

2034 5028 2288 5101 operibus
2315 5027 2565 5082 insistant
2596 5025 2844 5095 justitize,
2872 5024 3144 5093 ﬁdemque
3172 5023 3266 5079 Dei
3298 5033 3353 5078 et
3399 5024 3625 5078 manda—

2039 5130 2217 5177 torum
2244 5118 2359 5190 ejus
2404 5119 2706 5175 custodiam
2748 5117 3034 5187 diligenter
3064 5116 3383 5181 observent,
3423 5115 3498 5168 ita
3542 5130 3630 5170 re-

2035 5213 2236 5283 probus
2261 5226 2475 5282 quoque
2506 5207 2777 5280 correptio
2812 5206 3054 5261 adhibita
3098 5204 3282 5274 dejicit
3313 5220 3377 5258 ac
3420 5204 3629 5275 disper-

2039 5305 2157 5371 dit,
2210 5303 2466 5373 quoniam
2521 5300 2668 5356 nulla
2717 5299 2772 5355 in
2821 5298 2899 5353 eis
2947 5297 3219 5351 invenitur
3264 5297 3531 5352 correctio
3573 5305 3631 5353 et

2038 5395 2345 5454 emendatio
2405 5394 2714 5465 condigna;
2781 5398 3068 5462 propterea
3128 5402 3256 5460 ergo
3317 5388 3629 5447 idololatras

2039 5506 2207 5561 parva
2256 5488 2551 5543 animantia
2602 5487 2711 5542 Deo
2760 5484 2975 5539 volente
3026 5482 3450 5551 interemerunt,
3497 5496 3552 5539 et
3595 5500 3630 5541 θ

2041 5582 2316 5638 contrario
2348 5579 2620 5635 Israelitas
2644 5577 2881 5633 cultores
2909 5575 3023 5631 veri
3064 5575 3192 5641 Dei,
3220 5576 3302 5629 vis
3331 5585 3627 5632 venenato-

2045 5690 2163 5730 rum
2210 5671 2543 5742 serpentium
2591 5685 2699 5724 non
2745 5667 2921 5740 potuit
2954 5667 3335 5730 exterminare,
3372 5666 3628 5735 quoniam

2045 5767 2193 5825 novit
2238 5764 2498 5822 Dominus
2541 5762 2659 5835 pios
2700 5760 2767 5816 de
2806 5759 3100 5816 tcntatione
3144 5756 3372 5826 eripere,
3414 5754 3625 5828 iniquos

3108 5846 3187 5910 9’s
