4030 6476
439 369 543 425 747

1080 362 1142 419 Β.
1178 359 1430 418 RABANI
1470 356 1687 413 MAURI
1732 352 2049 409 ARCHIEP.
2093 348 2401 407 MOGUNT.
2444 346 2729 405 OPERUM
2765 344 2947 401 PARS
2984 345 3023 399 I.

3587 338 3757 433 748.

434 500 570 540 vero
608 488 664 544 in
700 482 843 539 diem
883 476 1069 550 iudicii
1115 474 1440 531 cruciandos
1480 484 1718 528 servare.
1767 466 1919 523 Unde
1964 474 2018 521 et
2046 468 2092 528 Λ
2121 473 2278 519 erant
2303 463 2576 528 animalia,
2606 463 2701 518 sed
2727 470 2787 517 ut
2813 460 2917 531 Ipsi
2944 458 3185 515 videntes
3213 468 3418 514 scirent
3441 462 3704 527 quoniam

439 578 702 650 sequitur.

1042 655 1270 714 CAPUT
1309 655 1421 710 VII.

434 783 727 851 Conﬁtetur
755 779 863 833 Deo
889 775 1028 847 quod
1052 774 1227 830 suavis
1252 780 1301 826 et
1330 787 1499 851 verus,
1526 767 1727 851 patiens
1750 772 1799 819 et
1827 762 2023 851 miseri-

438 915 442 919 ,
507 832 623 907 cbrs
650 832 860 920 est,per
877 832 1165 901 sermonem
1190 858 1345 898 suum
1370 832 1576 895 salvans
1603 838 1788 893 electos
1810 844 1856 889 et
1886 832 2025 896 iudi-

508 940 633 978 cans
664 919 926 991 reprobos.

511 1030 878 1088 Misericordia
908 1038 999 1082 tua
1024 1026 1161 1081 enim
1201 1022 1477 1078 adveniens
1506 1018 1727 1075 sanabat
1769 1014 1926 1077 illos;
1968 1014 2025 1065 in

437 1128 691 1185 memoria
732 1125 868 1180 enint
902 1134 1198 1176 sermonum
1236 1126 1444 1169 tuorum
1481 1108 1936 1169 examinabantur,
1977 1112 2025 1158 et

437 1220 800 1282 salvabantur,
846 1231 908 1269 ne
942 1214 998 1267 in
1035 1209 1199 1265 altam
1240 1205 1523 1260 incidentes
1552 1202 1882 1262 oblivionem,
1922 1210 2026 1248 non

439 1316 645 1382 possent
675 1305 752 1359 uti
789 1313 879 1357 tuo
909 1298 1211 1371 adjutorio;
1255 1294 1441 1350 etenim
1470 1307 1633 1362 neque
1667 1287 1827 1342 herba
1865 1299 2028 1355 neque

440 1399 705 1469 malagma
746 1393 947 1450 sanavit
986 1390 1127 1454 illos,
1169 1386 1259 1442 sea’
1287 1398 1429 1449 tuus,
1466 1380 1707 1442 Domine,
1731 1392 1901 1432 sermo
1939 1375 2029 1443 qui

441 1499 594 1545 sanat
621 1488 796 1544 omnia
822 1502 841 1541 :
871 1485 947 1539 Tu
976 1498 1031 1538 es
1056 1466 1214 1545 enim,
1244 1477 1484 1541 Domine,
1509 1472 1597 1546 qui
1622 1472 1738 1526 viae
1770 1478 1817 1523 et
1848 1465 2029 1521 mortis

440 1580 598 1635 habes
620 1585 943 1650 potestatent,
968 1583 1015 1628 et
1047 1570 1261 1626 deducis
1290 1567 1359 1621 ad
1388 1574 1566 1637 portas
1594 1561 1775 1615 mortis
1806 1566 1853 1613 et
1883 1556 2032 1611 redu-

440 1675 538 1728 cis.
587 1669 727 1726 Nota
756 1668 897 1738 quod
937 1665 1065 1722 dicit
1110 1678 1141 1718 a
1173 1658 1516 1730 serpentibus
1560 1654 1738 1717 laesos,
1785 1665 1891 1707 non
1933 1662 2032 1718 per

442 1763 710 1832 malagma
755 1770 916 1829 atque
959 1754 1294 1812 medicorum
1338 1762 1501 1820 opera
1531 1753 1772 1807 sanatos,
1811 1742 1905 1797 sed
1933 1754 2033 1811 per

442 1859 683 1914 Verbum
714 1852 947 1917 Domini,
974 1852 1079 1906 hoc
1111 1856 1216 1914 est,
1239 1845 1435 1902 Filium
1467 1856 1565 1914 per
1587 1854 1745 1910 quem
1777 1836 2028 1890 universa
2061 1826 2106 1885 Β

443 1949 663 2005 condita
704 1954 863 2010 sunt,
903 1951 960 1999 et
994 1943 1115 1997 sine
1143 1940 1262 2010 ipso
1290 1936 1491 1992 factum
1526 1942 1611 1988 est
1648 1928 1780 1984 nihil
1824 1946 1836 1980 :
1878 1924 2033 1994 cujus

442 2047 687 2112 potestas
734 2036 1044 2095 dominatur
1086 2032 1315 2101 ubique,
1369 2036 1424 2084 et
1472 2025 1652 2081 omnia
1700 2031 2034 2094 quaecunque

441 2132 558 2187 vult
586 2130 716 2186 facit
744 2129 797 2184 in
827 2126 967 2184 caelo
994 2134 1050 2182 et
1090 2125 1144 2179 in
1174 2131 1341 2186 terra,
1372 2120 1427 2174 in
1455 2116 1591 2173 mari
1619 2121 1673 2169 ct
1703 2113 1757 2167 in
1787 2108 2035 2166 omnibus

442 2225 683 2298 abyssis;
729 2222 844 2294 ipse
883 2227 1038 2276 curat
1073 2228 1329 2287 corpora,
1374 2212 1488 2283 ipse
1515 2226 1545 2264 a
1575 2204 1910 2279 spiritalibus
1944 2201 2037 2255 be-

444 2294 585 2383 stiis,
622 2316 725 2371 hoc
760 2320 879 2379 est,
907 2308 1156 2381 malignis
1193 2305 1474 2378 Spiritibus
1509 2300 1682 2357 salvat
1708 2304 1764 2354 et
1802 2294 2030 2355 animas,

448 2426 540 2464 nec
566 2416 639 2463 est
665 2405 753 2478 qui
776 2405 934 2477 possit
959 2402 1197 2457 resistere
1217 2395 1472 2453 voluntati
1494 2394 1608 2465 ejus
1635 2389 1868 2463 (Esther.
1890 2383 2031 2466 stu).

522 2500 694 2555 Homo
728 2508 905 2552 autem
944 2493 1133 2549 occidit
1159 2491 1368 2560 quidem
1396 2505 1486 2560 per
1512 2485 1772 2541 malitiam
1806 2480 2036 2536 animant

447 2607 619 2655 suam,
646 2599 695 2644 et
721 2605 839 2642 cunt
863 2585 1045 2641 exierit
1074 2582 1287 2655 spiritus
1314 2596 1419 2634 non
1442 2586 1687 2639 revertar,
1714 2591 1807 2629 nec
1833 2587 2039 2627 revoca-

450 2687 520 2740 bit
546 2684 777 2738 animant
800 2696 917 2753 qum
944 2686 1147 2750 recepta
1170 2684 1266 2741 est,
1294 2672 1385 2729 sed
1407 2682 1552 2727 tuam
1578 2683 1792 2723 manum
1813 2665 2041 2735 effugere

449 2770 768 2846 impossibile
795 2781 890 2826 est.
931 2769 1039 2825 Per
1067 2766 1329 2823 malitiam
1366 2760 1601 2819 hominis
1631 2758 1813 2814 anima
1842 2753 2042 2809 occidi-

451 2877 558 2931 tur,
608 2867 711 2923 hoc
749 2873 853 2929 est,
895 2877 991 2934 per
1034 2858 1332 2932 nequitiam
1378 2852 1612 2927 propria:
1640 2847 1952 2914 voluntatis,
1987 2852 2044 2899 et

449 2958 699 3014 effectum
729 2957 881 3028 pravi
928 2953 1127 3026 cperis.
1178 2950 1331 3007 Unde
1361 2947 1582 3019 quidam
1614 2944 1731 2999 ait:
1760 2940 2042 2996 Neminem

450 3051 573 3104 hedi
599 3063 758 3121 posse
787 3047 887 3103 nisi
919 3061 947 3101 a
977 3044 1293 3114 semetipso,
1321 3041 1444 3111 quia
1469 3046 1562 3094 aut
1588 3035 1792 3109 proprii
1822 3031 2043 3090 sceleris

451 3142 568 3213 ipse
605 3140 855 3195 inventor
884 3147 989 3201 est,
1038 3142 1132 3191 aut
1172 3133 1362 3188 aliena:
1402 3128 1654 3200 nequitiae
1695 3137 1941 3180 assensor
1988 3125 2045 3175 et

2121 556 2216 611 Dei
2267 555 2471 627 judicio
2520 555 2798 627 patiuntur
2848 550 3300 623 persecutionem.
3352 548 3419 603 Et
3465 549 3705 618 quodam

2124 656 2364 716 tempore
2392 647 2444 701 in
2470 660 2611 715 aqua
2636 659 2800 715 super
2820 643 3073 697 virtutem
3104 639 3242 710 ignis
3283 637 3510 694 ardebat
3542 639 3707 693 undi-

2122 753 2227 810 que
2256 745 2318 793 ut
2342 738 2579 807 iniquam
2608 744 2767 791 teme
2794 735 3071 790 nationem
3093 731 3504 787 exterminaret.
3535 728 3708 801 Igitur

2124 830 2264 885 sicut
2303 829 2357 883 in
2382 828 2520 883 libro
2542 826 2768 882 Genesis
2790 825 3007 896 legitur,
3037 821 3179 893 quod
3222 821 3419 892 pluerit
3446 819 3711 875 Dominus

2127 938 2287 993 super
2310 920 2595 976 Sodomam
2622 928 2677 976 et
2699 919 3054 976 Gomorrham
3092 917 3270 987 ignem
3298 922 3356 970 et
3390 912 3618 984 sulphur
3643 913 3714 967 de

2124 1013 2277 1069 caalis
2304 1027 2332 1065 a
2364 1012 2589 1067 Domino
2613 1019 2673 1066 ut
2702 1009 3036 1080 disperderet
3074 1007 3270 1076 impios
3297 1001 3451 1077 (Gen.
3486 1002 3631 1074 χιιι),
3660 1011 3717 1056 et

2127 1105 2179 1159 in
2210 1104 2395 1158 Exodo
2434 1103 2657 1157 mistura
2684 1099 2958 1170 grandinis
2983 1107 3038 1153 et
3076 1096 3215 1169 ignis
3241 1103 3494 1150 narratur
3516 1093 3718 1163 impios

2125 1194 2465 1266 percussisse
2488 1191 2685 1264 (Exod.
2710 1190 2810 1262 ix),
2837 1190 2908 1244 ita
2938 1188 2990 1243 in
3015 1187 3374 1242 Numerorum
3398 1184 3541 1240 libro
3566 1199 3719 1239 com.

2128 1292 2497 1342 memorantur
2524 1281 2677 1353 igniti
2720 1287 3020 1350 serpentes,
3052 1276 3345 1332 rebellosos
3381 1283 3437 1329 et
3470 1288 3721 1328 murmuo

2129 1385 2338 1431 ratores
2366 1372 2792 1434 cxterminasse,
2823 1378 3090 1439 quatenus
3130 1365 3231 1436 ipsi
3270 1365 3508 1436 protervi
3549 1379 3722 1433 agno-

2130 1474 2368 1530 scerent,
2393 1462 2536 1533 quod
2564 1459 2743 1516 omnis
2764 1467 3012 1516 creatura
3041 1457 3109 1511 ad
3137 1456 3394 1511 ultionem
3420 1464 3614 1524 parata
3636 1463 3725 1507 est

2129 1569 2535 1628 perversurum,
2573 1552 2788 1622 quando
2829 1549 3124 1606 conditoris
3165 1563 3249 1604 SUI
3290 1563 3398 1603 non
3428 1545 3727 1602 formidant

2133 1646 2392 1704 rebellare
2422 1644 2703 1716 pratccptis
2735 1641 2927 1714 (Nunt.
2959 1639 3096 1711 xxx).

2758 1770 2986 1829 CAPUT
3021 1769 3113 1824 IX.

2136 1867 2400 1925 Prtrdicat
2426 1867 2590 1921 Deum
2610 1863 2815 1918 dedisse
2833 1861 3022 1932 populo
3041 1858 3232 1914 Israeli
3251 1858 3452 1913 timenti
3472 1872 3531 1911 se
3550 1872 3731 1913 escam

2738 1931 3117 1986 delectamenti.

2775 1940 3117 1987 eiectamenta.

2206 2032 2314 2087 Pro
2333 2031 2519 2102 quibus
2537 2027 2843 2098 angelorum
2857 2038 2975 2079 esca
2998 2022 3260 2077 nutrivisti
3278 2018 3532 2091 pupulum
3553 2028 3731 2081 tuum,

2135 2133 2182 2178 et
2204 2131 2448 2193 paratum
2479 2134 2666 2190 panem
2693 2116 2757 2169 de
2786 2113 2912 2170 caelo
2938 2113 3226 2185 prwstitisti
3253 2111 3357 2166 illis
3381 2111 3494 2165 sine
3525 2109 3734 2171 labore,

2137 2232 2287 2271 omne
2308 2213 2740 2268 delectamentum
2771 2211 2824 2262 in
2851 2224 2906 2262 se
2931 2206 3223 2268 habentem,
3251 2216 3299 2259 et
3325 2204 3495 2258 omnis
3523 2201 3736 2271 saporis

2136 2308 2467 2363 suavitatem.
2516 2299 2823 2358 Substantia
2870 2299 3008 2353 enim
3049 2305 3144 2350 tua
3182 2293 3509 2348 dulcedinem
3559 2302 3736 2356 tuam,

2137 2415 2296 2472 quam
2329 2398 2385 2452 in
2416 2396 2557 2465 ﬁlios
2585 2393 2744 2448 habes
2780 2388 3110 2450 ostendebat;
3140 2395 3188 2441 et
3231 2382 3521 2440 deserviens
3549 2382 3740 2436 unius-

2139 2492 2394 2562 cujusque
2413 2485 2686 2547 voluntati,
2704 2482 2772 2537 ad
2803 2480 2941 2552 quod
2971 2480 3187 2550 quisque
3212 2474 3435 2540 volebat,
3469 2481 3741 2527 convertes

2141 2585 2316 2639 batur.
2350 2580 2463 2635 Nix
2488 2588 2664 2633 autent
2692 2585 2740 2630 et
2774 2574 2968 2645 glacies
2996 2569 3320 2626 sustinebant
3349 2569 3453 2624 vim
3486 2568 3652 2637 ignis,
3689 2577 3739 2620 et

2140 2693 2248 2732 non
2271 2672 2597 2730 tabescebant
2626 2683 2645 2721 :
2677 2676 2734 2722 ut
2763 2667 2955 2722 scirent
2985 2663 3233 2735 quoniam
3263 2661 3470 2731 fructus
3490 2659 3737 2713 inimico-

2143 2784 2261 2825 rum
2294 2762 2672 2823 exterminabat
2710 2759 2847 2830 ignis
2880 2756 3070 2811 ardens
3102 2754 3159 2808 in
3191 2751 3448 2824 grandine
3480 2759 3529 2803 et
3556 2747 3741 2819 pluvia

2144 2874 2447 2917 coruscans.
2492 2854 2596 2910 Hic
2638 2863 2818 2908 autent
2863 2851 3053 2906 iterum
3097 2856 3154 2902 ut
3203 2845 3532 2900 nutrirentur
3568 2839 3740 2912 justi,

2145 2952 2303 3007 etiam
2336 2965 2447 3005 sua:
2475 2945 2683 3002 virtutis
2708 2943 2900 2998 oblitus
2934 2949 3029 2995 est.
3074 2938 3475 2994 Commemorat
3518 2931 3614 2987 hic
3653 2945 3744 2985 sa-

2143 3041 2353 3112 pientia
2399 3036 2595 3110 populo
2641 3033 2940 3091 Israelitico
2980 3031 3034 3085 in
3070 3030 3284 3085 deserto
3310 3026 3492 3082 cibum
3539 3038 3746 3078 manna

2149 3133 2365 3189 caelitus
2391 3131 2575 3185 datum
2620 3124 3000 3183 suavissimum
3044 3136 3108 3177 ac
3138 3116 3553 3175 saluberrimum
3596 3114 3747 3170 scili-

452 3234 652 3290 fantor.
683 3230 741 3286 Si
764 3229 908 3286 enim
935 3230 1102 3285 homo
1131 3223 1366 3281 custodit
1395 3230 1629 3276 mentem
1659 3230 1832 3279 suam,
1858 3220 2046 3267 etnon
2073 3194 2119 3258 C
2149 3234 2255 3292 εει,
2276 3232 2562 3296 quatenus
2591 3216 2937 3288 ῃράρηιριονί
2984 3228 3083 3271 suo
3112 3213 3236 3268 inde
3276 3210 3513 3281 majores
3537 3206 3748 3280 muas

454 3324 727 3384 consentit
756 3320 1092 3395 persuasioni
1137 3317 1357 3387 iniqum,
1387 3313 1525 3369 liber
1556 3318 1643 3367 est
1677 3308 1745 3363 ab
1770 3304 1915 3361 omni
1946 3302 2052 3358 cri-

455 3418 621 3473 mine.

1056 3500 1285 3557 CAPUT
1326 3496 1454 3554 VIII.

458 3619 761 3677 Subsannat
790 3618 1082 3671 inventores
1113 3611 1451 3675 idololatriat,
1489 3607 1765 3663 ostendens
1791 3601 2051 3677 quomodo
2088 3625 2106 3644 ο

527 3691 638 3745 Deo
675 3688 953 3759 judicante
994 3700 1086 3755 per
1123 3696 1316 3753 aquam
1354 3690 1403 3735 et
1440 3674 1745 3751 grandinem
1788 3674 1834 3729 et
1882 3674 2053 3743 ignem

528 3758 985 3816 excruciabantur.
1035 3830 1039 3833 Δ

532 3869 800 3941 Negautes
820 3874 996 3921 autem
1027 3880 1178 3919 nosse
1203 3871 1251 3917 te
1268 3861 1416 3933 intpii
1440 3875 1532 3931 per
1551 3856 1914 3930 fortitudinem
1935 3853 2059 3907 bra-

458 3961 563 4016 chii
592 3960 692 4025 tui,
724 3956 978 4030 ﬂagellati
1005 3965 1125 4010 sunt
1157 3954 1301 4008 novis
1337 3951 1509 4022 aquis,
1537 3958 1586 4004 et
1614 3945 1979 4020 grandinibus,
2005 3950 2064 3997 et?

458 4051 648 4124 pluviis
676 4048 1087 4121 persecutionem
1117 4046 1261 4117 passi
1305 4052 1448 4109 sunt,
1490 4051 1538 4097 et
1581 4056 1672 4112 per
1700 4038 1885 4110 ignem
1929 4050 2058 4089 con-

460 4139 733 4198 summoti.
763 4137 918 4205 Quod
953 4137 1091 4191 enim
1130 4133 1370 4190 mirabile
1401 4141 1513 4188 erat
1539 4132 1595 4185 in
1621 4145 1759 4200 aqua
1794 4142 1911 4199 quae
1939 4140 2055 4179 om-

462 4233 554 4288 nia
578 4230 859 4302 exstinguit
882 4227 1000 4300 plus
1032 4226 1169 4299 ignis
1186 4225 1409 4291 valebat,
1439 4221 1627 4279 vindex
1652 4228 1726 4274 est
1752 4218 1889 4273 enim
1920 4215 2059 4271 orbis

456 4324 744 4395 justorunt.
795 4318 932 4378 Cum
984 4318 1196 4391 Moyses
1244 4316 1584 4372 Pharaonem
1635 4309 1851 4369 Domini
1893 4307 2060 4365 verba

465 4414 851 4487 compellebat,
898 4424 959 4469 ut
1007 4412 1149 4469 ﬁlios
1195 4409 1362 4466 Israel
1410 4408 1561 4465 abire
1605 4404 1945 4477 permitteret
1993 4416 2061 4456 ex

465 4506 725 4579 rEgypto,
764 4514 1034 4577 quatenus
1069 4502 1442 4560 sacrificarent
1476 4500 1706 4555 Domino
1736 4498 1789 4553 in
1824 4497 2058 4559 deserto,

2150 3315 2439 3380 referrent,
2473 3312 2565 3385 qui
2611 3325 2719 3366 non
2757 3309 2931 3365 solum
2966 3306 3035 3362 ab
3070 3304 3315 3362 hostibus
3359 3307 3750 3372 coangustatos

2150 3422 2243 3463 eos
2269 3402 2696 3460 misericorditer
2733 3397 3080 3463 liberaverit,
3120 3394 3213 3451 sed
3243 3394 3407 3450 etiam
3436 3391 3750 3461 indigentes

2152 3495 2379 3566 dapibus
2404 3491 2653 3562 supernis
2684 3489 2904 3560 largiter
2928 3485 3140 3557 paverit
3169 3482 3366 3556 (Exod.
3394 3479 3494 3538 ιιι).
3533 3478 3594 3534 Si
3625 3479 3753 3548 quis

2151 3595 2332 3643 autem
2363 3583 2711 3655 qurerendum
2738 3588 2911 3651 putat,
2941 3577 3071 3648 quid
3110 3575 3184 3631 sit
3211 3573 3357 3645 quod
3384 3571 3534 3638 dicit,
3564 3571 3751 3625 nivem

2152 3690 2209 3737 et
2229 3680 2456 3752 glaciem
2485 3677 2753 3734 sustinere
2794 3674 2902 3729 vim
2943 3671 3086 3742 ignis
3109 3677 3165 3725 et
3200 3682 3307 3724 non
3334 3667 3635 3728 tabescere,
3667 3664 3754 3717 in-

2156 3770 2364 3842 telligat
2409 3769 2483 3824 ibi
2524 3783 2632 3823 non
2672 3765 2990 3830 innotuisse,
3018 3760 3163 3833 quod
3190 3761 3297 3816 duo
3334 3756 3611 3815 contraria
3643 3754 3754 3811 ele-

2156 3871 2362 3929 menta,
2401 3862 2505 3917 hoc
2531 3868 2637 3927 est,
2669 3859 2809 3932 ignis
2832 3865 2888 3913 et
2926 3870 3066 3927 aqua
3104 3854 3279 3924 gelata
3304 3851 3500 3923 impios
3524 3863 3754 3905 concor-

2158 3958 2298 4013 diter
2324 3954 2625 4019 feriebant,
2651 3951 2737 4007 vel
2764 3949 3082 4022 qualitatem
3112 3947 3347 4016 aliquam
3373 3942 3617 4000 ccelestis
3643 3941 3754 3996 cibi

2159 4047 2251 4119 qui
2280 4047 2336 4101 in
2359 4059 2483 4101 esca
2512 4042 2709 4115 p0pulo
2738 4041 2834 4098 Dei
2864 4040 3022 4096 datus
3043 4044 3157 4103 est,
3185 4036 3258 4093 ibi
3283 4048 3600 4105 expressum
3630 4046 3755 4088 esse

2159 4137 2253 4209 qui
2293 4135 2404 4190 vim
2446 4134 2586 4206 ignis
2634 4133 2724 4188 ubi
2767 4130 3052 4203 Oportebat
3097 4125 3423 4189 sull‘ercbat,
3467 4132 3523 4178 et
3568 4131 3754 4177 tamen

2160 4228 2379 4300 quando
2417 4226 2724 4298 oportebat,
2756 4224 2824 4280 ad
2866 4221 3101 4279 calorem
3127 4218 3258 4276 solis
3286 4214 3621 4287 liquefiebat.
3652 4212 3757 4267 Le-

2164 4320 2309 4392 gitur
2348 4332 2564 4388 quoque
2609 4316 2663 4371 in
2692 4314 2901 4381 Exodo,
2926 4312 3073 4382 quod
3114 4308 3452 4381 apparuisset
3480 4306 3534 4360 in
3562 4305 3758 4361 solitu-

2163 4412 2290 4468 dine
2317 4409 2499 4465 album
2525 4408 2791 4463 minutum
2820 4413 2876 4459 et
2905 4401 3050 4474 quali
3094 4400 3204 4472 pilo
3235 4408 3451 4454 tonsum
3478 4396 3534 4451 in
3563 4394 3759 4451 simili-

2165 4499 2406 4556 tudinem
2427 4497 2634 4568 pruiua:
2659 4509 2821 4565 super
2845 4503 3065 4557 terram,
3089 4489 3242 4561 cujus
3265 4503 3415 4543 esum
3445 4484 3759 4542 sentiebant

458 4596 751 4656 induratus
773 4596 1000 4669 profana
1024 4611 1155 4653 V008
1184 4592 1499 4667 respondit:
1529 4590 1581 4645 Ν
1585 4591 1721 4646 8εέἱο
1748 4588 2056 4651 Dominum,
2085 4560 2140 4620 Β
2161 4591 2321 4664 quasi
2350 4589 2540 4646 simila}
2565 4603 2689 4643 cum
2735 4586 2893 4642 melle
2936 4560 3187 4649 mistumr,
3226 4595 3328 4636 nec
3367 4578 3439 4635 οι)
3470 4579 3581 4633 vim
3617 4577 3760 4648 ignis

467 4700 516 4746 et
546 4688 716 4745 Israel
740 4705 845 4744 non
881 4688 1142 4743 dimittam
1178 4686 1377 4760 (Exod.
1410 4683 1485 4757 v).
1515 4682 1853 4752 Quapropter
1877 4678 2060 4734 diver-

470 4783 547 4839 sis
575 4780 746 4853 plagis
772 4779 930 4836 simul
958 4795 1079 4836 cum
1115 4778 1312 4850 populo
1340 4791 1440 4833 suo
1468 4781 1753 4845 correptus
1777 4778 1887 4836 est,
1921 4769 2064 4825 inter

470 4889 607 4945 quas
636 4871 900 4944 grandine
938 4869 1098 4927 simul
1126 4878 1182 4925 et
1208 4869 1330 4941 igne
1357 4860 1764 4938 percutiebatur
1799 4862 1939 4919 sicut
1981 4859 2063 4916 le-

472 4966 618 5035 gitur
645 4964 700 5019 in
732 4963 918 5019 Exodo
946 4981 958 5017 :
987 4961 1240 5033 quoniam
1278 4959 1484 5031 grando
1511 4966 1569 5014 et
1611 4956 1752 5029 ignis
1780 4953 2064 5010 commista

471 5059 679 5128 pariter
704 5054 1044 5121 ferebantur,
1073 5062 1131 5110 et
1157 5058 1549 5123 percusserunt
1573 5056 1767 5105 cuncta
1796 5062 1917 5118 qua:
1946 5045 2063 5102 fue-

2163 4684 2433 4744 defectum
2458 4683 2781 4753 patiebatur.
2812 4677 2967 4735 Unde
2988 4678 3043 4732 in
3069 4674 3428 4730 Numerorum
3456 4670 3599 4725 libro
3624 4668 3761 4725 scri-

2162 4787 2317 4849 ptum
2347 4784 2432 4830 est
2461 4792 2475 4828 :
2507 4771 2638 4826 Erat
2666 4780 2842 4825 autent
2869 4784 3065 4823 manna
3093 4765 3246 4838 quasi
3279 4779 3456 4818 semen
3489 4759 3760 4816 coriandri

2163 4866 2356 4923 coloris
2385 4862 2624 4926 bedellii;
2659 4860 3011 4930 circuibatque
3049 4854 3273 4929 populus
3314 4852 3565 4924 colligens
3590 4851 3755 4913 illud,

2166 4955 2440 5029 frangebat
2481 4952 2645 5018 mola,
2672 4953 2777 5006 sive
2817 4949 3010 5004 terebat
3041 4949 3097 5002 in
3136 4945 3412 5010 mortario,
3452 4957 3682 5013 eaqueus
3708 4940 3759 4993 in

2164 5049 2271 5105 olla
2293 5059 2344 5103 et
2365 5047 2564 5118 faciens
2585 5060 2650 5098 ex
2668 5059 2728 5098 eo
2754 5040 2976 5096 tortulas
2998 5040 3202 5110 saporis
3226 5035 3378 5108 quasi
3403 5050 3558 5106 panis
3581 5032 3756 5087 olenti.

475 5158 602 5204 runt
639 5149 692 5203 in
727 5148 875 5219 agris
911 5148 980 5203 ab
1015 5145 1234 5202 homine
1260 5159 1432 5215 usque
1460 5141 1530 5198 ad
1567 5142 1871 5213 iumentum
1891 5179 1907 5206 ,
1940 5154 2068 5193 cun—
2165 5140 2288 5197 Sate
2315 5149 2491 5196 autem
2519 5145 2632 5191 orto
2661 5132 2955 5205 liqueﬁcbat
2984 5129 3174 5201 (Nam.
3206 5128 3290 5198 ιι).
3323 5124 3551 5196 Mysticc
3579 5131 3759 5177 autem

477 5252 713 5311 clamque
733 5240 945 5295 herbam
967 5240 1082 5313 agri
1103 5212 1360 5311 percussit
1378 5236 1604 5308 grando,
1624 5242 1673 5289 et
1695 5250 1847 5289 omne
1868 5232 2068 5303 lignum
2167 5233 2311 5289 sicut
2345 5230 2402 5285 in
2433 5225 2644 5299 ﬂagello
2678 5221 2957 5295 grandinis
2991 5229 3045 5276 et
3082 5219 3227 5291 ignis
3270 5219 3403 5271 dura
3436 5212 3758 5283 increpatio,

480 5333 705 5404 regionis
732 5332 983 5403 confregit
1001 5305 1220 5405 '(Eatod.
1253 5332 1352 5401 ιιι).
1380 5305 1500 5385 Nec
1542 5328 1739 5383 mirum
1778 5325 1922 5395 quod
1963 5323 2070 5379 duo
2169 5321 2330 5395 quasi
2354 5319 2636 5390 Scriptura
2657 5315 2838 5372 divina
2858 5321 3173 5384 peccatores
3192 5308 3402 5365 cruciat
3422 5305 3759 5374 intelligitur,

480 5420 753 5478 contraria
782 5421 1073 5488 elementa,
1109 5422 1213 5477 hoc
1240 5398 1355 5489 est,
1402 5419 1541 5491 ignis
1568 5427 1624 5474 et
1663 5417 1868 5489 grando
1910 5414 2073 5470 simul
2175 5416 2251 5471 ita
2280 5423 2335 5469 et
2364 5414 2419 5468 in
2448 5409 2658 5467 caelesti
2685 5408 2808 5463 cibo
2836 5404 3135 5461 consolatio
3161 5415 3415 5473 superna,
3445 5414 3565 5468 qum
3589 5398 3763 5468 justos

480 5511 785 5578 feriebant,
816 5512 1071 5582 quoniam
1102 5512 1284 5568 omnia
1315 5485 1580 5568 creatoris
1613 5485 1696 5566 sui
1725 5507 2077 5565 consentiunt
2176 5523 2242 5563 ac
2281 5506 2393 5561 Deo
2420 5505 2642 5560 devotos
2675 5498 2918 5570 quotidie
2956 5494 3163 5551 refovet
3200 5489 3553 5563 significatur.
3598 5485 3762 5540 Aliter

481 5603 742 5664 voluntati
763 5644 778 5669 ,
824 5617 922 5658 nec
966 5602 1039 5656 ibi
1069 5610 1155 5657 est
1192 5604 1369 5673 aliqua
1415 5601 1735 5665 adversitas,
1768 5598 1858 5654 ubi
1893 5596 2071 5653 divina
2178 5610 2376 5651 manna
2403 5592 2672 5664 signiﬁcat
2703 5602 2897 5659 panem
2925 5586 3094 5648 illum,
3120 5583 3211 5654 qui
3249 5582 3303 5635 in
3327 5576 3619 5648 Evangelio
3642 5573 3714 5658 ait
3741 5586 3755 5623 ε

824 5650 922 5658 --νν
966 5650 1039 5656 -υ-
1073 5650 1153 5657 ν--
1192 5650 1369 5673 mu.“
1416 5650 1735 5665 --νη---ψη
1776 5650 1857 5654 η-
1900 5650 1943 5653 ρ
2180 5650 2207 5651 ρ
2452 5650 2481 5664 υ
2703 5650 2721 5659 ,
3138 5650 3153 5654 -

485 5693 717 5763 imperat
762 5689 1038 5761 majestas.
1080 5688 1321 5756 Quodam
1360 5690 1506 5744 enim
1553 5698 1793 5757 tempore
1827 5696 2076 5740 mansue-
2179 5684 2292 5755 Ego
2316 5698 2432 5736 sum
2463 5680 2613 5751 panis
2638 5680 2753 5733 vitw
2784 5677 2874 5747 qui
2902 5675 2966 5728 de
2993 5673 3120 5729 cwlo
3147 5669 3409 5732 descendi,
3438 5676 3485 5721 et
3516 5665 3585 5719 do
3609 5650 3761 5718 etiam

487 5785 704 5839 tabatur
732 5782 870 5855 ignis
896 5796 961 5837 ne
983 5779 1448 5846 comburerentur,
1473 5794 1593 5848 quae
1616 5779 1685 5835 ab
1711 5777 1890 5847 impiis
1913 5775 2077 5832 missa
2179 5751 2395 5828 mundo.
2429 5770 2531 5838 Qui
2556 5770 2691 5825 venit
2717 5767 2786 5823 ad
2816 5783 2907 5841 nte
2943 5780 3044 5821 non
3073 5762 3281 5828 esurict,
3317 5769 3364 5815 et
3399 5758 3488 5813 aui
3521 5753 3680 5809 credit
3707 5751 3759 5803 in
