4030 6498
353 346 458 403 ’185

1170 332 1522 398 COMMENT.
1560 338 1626 394 IN
1664 334 1925 394 LIBRUM
1964 331 2372 393 SAPIENTLE.
2417 363 2489 374 —
2521 331 2650 388 LIB.
2693 330 2781 388 III.

3505 333 3613 399 750

352 474 436 514 me
462 473 566 513 non
586 455 725 513 sitiet
757 471 1009 528 unquam.
1038 455 1105 511 Et
1136 455 1266 510 item
1291 473 1304 509 :
1335 452 1522 521 Panis,
1549 452 1744 524 inquit,
1780 467 1933 523 quem
1959 455 2013 516 Α
2035 458 2113 505 est
2146 449 2423 505 subtritus.
2466 447 2554 503 En
2593 446 3026 518 quadragesimus
3064 463 3236 503 annus
3259 455 3336 502 est
3372 456 3430 501 ut
3463 463 3610 504 reco-

350 565 447 620 ego
472 546 630 614 dabo,
668 562 792 599 caro
821 562 935 600 mea
970 555 1044 601 est
1084 562 1179 616 pro
1204 544 1386 599 mundi
1418 544 1544 599 vita.
1584 541 1653 597 Et
1669 554 1929 597 rursum:

354 636 462 706 Qui
482 635 762 691 manducat
786 651 996 689 carnem
1018 652 1181 689 meam
1197 644 1247 689 et
1262 634 1386 689 bibit
1410 649 1579 687 meum
1604 630 1931 702 sanguinem,

353 728 411 782 in
441 743 522 782 me
550 734 721 780 manet
749 734 799 779 et
835 741 926 796 ego
955 726 1010 801 in
1034 742 1092 780 eo
1128 725 1307 795 (Joan.
1337 723 1435 797 γι).
1466 722 1778 791 Quicunque
1805 733 1934 791 ergo

355 817 427 873 ad
468 814 627 885 hujus
663 815 820 886 panis
862 814 1327 887 participationem
1367 813 1637 868 veraciter
1667 810 1932 881 pervenit,

353 906 546 979 procul
590 904 753 961 dubio
797 904 965 959 vitam
1008 912 1265 960 aeternam
1308 903 1425 958 sine
1468 901 1575 956 ﬁne
1621 898 1933 971 possidebit.

355 982 680 1054 Cruciantur
707 1009 839 1066 ergo
868 994 1083 1065 reprobi
1113 992 1343 1063 spiritali
1373 991 1534 1057 fame,
1558 999 1612 1046 et
1642 997 1938 1060 pascuntur

352 1088 514 1147 electi
546 1086 835 1143 salubriter
866 1084 1070 1141 caelesti
1103 1098 1242 1154 pane
1276 1102 1289 1138 :
1326 1083 1402 1138 illi
1445 1081 1682 1153 quotidie
1713 1080 1938 1135 diversis

354 1179 632 1236 laboribus
660 1185 1034 1249 praeparantur
1064 1176 1132 1231 ad
1164 1175 1399 1230 futuram
1436 1188 1681 1246 poenam;
1724 1171 1813 1228 isti
1843 1185 1938 1225 au-

353 1279 464 1325 tem
503 1284 606 1340 ope
643 1268 823 1324 divina
863 1267 1102 1338 quotidie
1139 1267 1455 1322 nutriuntur
1488 1265 1557 1320 ad
1594 1266 1759 1319 vitam
1783 1271 1942 1318 teter-

353 1377 502 1416 nam.
543 1360 697 1427 Quod
734 1368 789 1415 et
826 1358 1095 1428 Propheta
1132 1365 1361 1413 testatur
1392 1356 1616 1412 dicens:
1642 1353 1812 1409 Multa
1840 1355 1941 1423 ﬂa-

348 1451 488 1523 gella
528 1459 650 1506 sunt
691 1460 1056 1521 peccatorum;
1095 1457 1358 1519 sperantes
1405 1456 1580 1503 autem
1617 1446 1674 1501 in
1713 1445 1937 1503 Domino

351 1538 715 1595 misericordia
744 1538 1091 1593 circumdabit
1120 1536 1292 1612 (Psal.
1322 1535 1474 1609 xxxt)

978 1670 1205 1727 CAPUT
1242 1670 1311 1726 X.

2036 540 2165 611 gites
2188 540 2244 595 in
2266 540 2421 595 corde
2443 548 2556 607 tuo,
2575 540 2701 611 quia
2719 539 2856 594 sicut
2876 540 3049 595 erudit
3066 539 3220 595 homo
3239 538 3409 607 ﬁlium
3431 556 3608 606 suum,

2035 631 2111 685 sic
2135 629 2394 684 Dominus
2422 628 2565 684 Deus
2594 638 2715 684 tuus
2740 629 2963 684 erudivit
2995 639 3045 683 te
3073 638 3128 683 ut
3156 629 3421 684 custodias
3455 647 3610 685 man-

2035 718 2162 773 data
2190 718 2287 773 Dei
2315 719 2421 786 tui,
2450 728 2499 773 et
2528 718 2761 775 ambules
2789 720 2844 773 in
2870 719 2965 775 viis
2993 719 3128 790 ejus,
3163 728 3212 772 et
3246 720 3431 775 timeas
3456 736 3613 785 eum;

2035 808 2295 865 Dominus
2334 809 2472 863 enim
2514 817 2636 863 tuus
2677 809 2972 864 introducet
3014 820 3063 863 te
3100 810 3157 863 in
3196 819 3390 866 terram
3424 810 3616 864 bonam

2039 898 2216 970 (Deut.
2243 901 2383 971 VIII).
2431 899 2539 956 Sed
2585 899 2712 969 quia
2756 899 2857 970 ipsi
2900 916 3114 970 semper
3154 901 3352 974 ingrati
3397 901 3618 958 fuerunt

2037 998 2093 1045 et
2135 990 2320 1062 ﬁgura:
2357 991 2717 1056 adhaerentes,
2764 990 2936 1062 ipsam
2980 992 3265 1046 veritatem
3305 992 3372 1045 ad
3418 1007 3478 1047 se
3520 1007 3617 1047 vc-

2038 1081 2277 1137 nicutem
2304 1082 2545 1152 recipere
2582 1082 2867 1147 nolebant,
2908 1082 3029 1138 ideo
3064 1082 3132 1137 ad
3173 1081 3380 1138 fruetus
3416 1091 3620 1139 sanctas

2040 1172 2294 1229 Ecclesiae
2330 1174 2582 1229 universa
2624 1171 2885 1229 translata
2929 1182 3094 1241 sunt;
3145 1176 3326 1230 omnia
3371 1175 3512 1230 enim
3559 1176 3619 1231 in

2038 1262 2212 1334 ﬁgura
2255 1264 2644 1335 contingebant
2684 1263 2811 1319 illis.
2879 1263 3096 1335 Scripta
3148 1272 3275 1321 sunt
3321 1274 3501 1321 autem
3552 1264 3623 1321 ad

2039 1355 2432 1423 correptioncm
2474 1352 2753 1417 nostram,
2802 1354 2944 1424 quod
2985 1366 3042 1409 et
3079 1354 3280 1410 Paulus
3320 1355 3389 1408 ad
3425 1353 3622 1409 Corin-

2040 1442 2182 1498 thios
2205 1441 2453 1498 scribens
2478 1442 2762 1497 manifeste
2782 1444 3033 1513 probavit
3053 1443 3238 1498 dicens
3266 1460 3279 1497 :
3315 1442 3456 1499 Nolo
3482 1444 3624 1498 enim

2038 1549 2130 1588 vos
2167 1533 2435 1603 ignorare,
2476 1532 2689 1602 fratres,
2728 1534 2977 1603 quoniam
3018 1543 3193 1604 patres
3236 1533 3401 1588 nostri
3441 1549 3621 1588 omnes

2038 1622 2134 1677 sub
2159 1623 2291 1676 nube
2313 1622 2544 1692 fuerunt,
2572 1630 2620 1677 et
2642 1639 2820 1677 omnes
2842 1639 2986 1677 mare
3006 1624 3349 1691 transierunt,
3375 1633 3423 1678 et
3444 1640 3624 1679 omnes

2040 1712 2097 1765 in
2126 1709 2313 1781 Moyse
2342 1710 2594 1782 baptizati
2624 1720 2743 1765 sunt
2772 1707 2830 1765 in
2860 1711 2993 1766 nube
3020 1721 3067 1767 et
3092 1713 3149 1765 in
3173 1713 3330 1780 mari,
3367 1721 3417 1767 et
3447 1729 3625 1768 omnes

358 1801 563 1859 Narrat
602 1801 741 1873 quod
781 1803 965 1857 mortis
1009 1812 1057 1857 et
1101 1802 1224 1858 vita:
1264 1802 1408 1859 solus
1451 1801 1710 1857 Dominus
1747 1802 1935 1873 habeat
1964 1803 2014 1863 B
2038 1801 2274 1856 eamdem
2304 1818 2476 1856 escam
2502 1800 2789 1872 spiritalem
2820 1801 3266 1857 manducaverunt
3289 1844 3303 1867 ,
3355 1811 3405 1857 et
3447 1820 3625 1858 omnes

422 1869 757 1944 potestatem,
800 1874 892 1943 qui
931 1883 1062 1929 nutu
1100 1890 1199 1928 suo
1245 1874 1373 1944 regit
1416 1874 1680 1944 uniuersa,
1722 1869 1934 1944 ﬂagello

426 1943 645 2014 puniens
687 1943 892 2014 impios,
938 1953 988 1999 et
1029 1960 1164 2014 pane
1202 1943 1396 1999 caelesti
1437 1943 1675 2013 reﬁciens
1716 1943 1851 2014 pios.

426 2069 682 2126 Creatura
716 2072 854 2126 enim
893 2072 987 2127 tibi
1022 2074 1247 2129 creatori
1270 2073 1584 2141 deserviens,
1609 2073 1939 2129 excandescit

352 2160 411 2213 in
452 2170 770 2215 tormentum
809 2161 1059 2216 adversus
1103 2162 1362 2232 injustos,
1418 2171 1469 2217 et
1521 2162 1691 2218 lenior
1729 2162 1821 2231 ﬁet
1868 2162 1940 2218 ad

353 2250 783 2320 benefaciendum
823 2269 918 2324 pro
953 2254 1036 2308 his
1074 2256 1166 2325 qui
1205 2255 1325 2310 vitce
1359 2255 1653 2324 confidunt.
1702 2253 1942 2311 Confun—

355 2341 561 2395 duntur
596 2342 700 2397 hac
743 2344 1013 2398 sententia
1055 2359 1246 2401 omnes
1290 2345 1443 2415 impii
1487 2353 1545 2401 et
1583 2353 1936 2417 peccatores,

352 2433 499 2501 quod
538 2449 665 2490 cum
707 2442 906 2490 caetera
944 2445 1197 2492 creatura
1232 2436 1468 2493 creatori
1505 2451 1606 2493 suo
1646 2437 1939 2503 deserviat,

356 2521 459 2592 ipsi
502 2522 601 2578 soli
640 2523 759 2594 ejus
797 2524 1062 2582 voluntati
1106 2535 1163 2583 et
1207 2528 1480 2584 mandatis
1514 2542 1818 2599 repugnare
1858 2528 1943 2583 in-

356 2613 664 2667 veniantur.
715 2612 823 2670 Sed
857 2614 983 2685 quia
1024 2630 1186 2672 nemo
1222 2618 1424 2688 poterit
1459 2618 1716 2674 resistere
1753 2617 1944 2674 volun-

356 2702 458 2757 tati
494 2702 612 2773 ejus
637 2743 653 2769 ,
700 2704 826 2760 inde
864 2707 1060 2762 merito
1105 2714 1484 2765 creaturarum
1519 2709 1764 2771 omnium
1807 2723 1940 2765 con-

355 2795 543 2850 cordia
587 2793 928 2867 ﬁagellantur
971 2804 1134 2868 atque
1182 2799 1591 2871 corripiuntur,
1640 2806 1698 2856 et
1739 2800 1786 2856 si
1831 2814 1943 2856 non

355 2885 711 2958 pmnituerint
754 2902 930 2956 neque
972 2903 1031 2943 se
1081 2890 1418 2946 correxerint
1455 2891 1731 2964 perpetuis
1765 2890 1944 2960 ptenis

358 2977 634 3033 cruciandi
672 2978 975 3034 tradentur.
1015 2979 1158 3036 Solis
1193 2989 1373 3036 autem
1404 2981 1565 3037 bonis
1584 2996 1711 3037 vera
1737 2994 1945 3051 praepa-

357 3075 548 3125 rantur
587 3068 750 3136 bona,
796 3069 996 3143 iniquis
1041 3079 1224 3129 autem
1267 3072 1635 3129 indeﬁcientia
1674 3071 1943 3129 destinata

355 3170 481 3217 Slllll
525 3170 814 3220 tormenta.

968 3296 1199 3355 CAPUT
1236 3297 1329 3354 XI.

871 3405 1121 3479 Sequitur
1151 3416 1209 3461 ut
1244 3424 1428 3477 supra.

443 3514 659 3584 Propter
694 3517 791 3570 hoc
835 3526 884 3571 et
926 3526 1051 3574 tunc
1089 3518 1145 3572 in
1183 3520 1362 3574 omnia
1402 3519 1783 3590 transﬁgurata
1827 3534 1943 3573 om-

364 3606 739 3675 niumnutrici
778 3608 966 3680 gratia:
1006 3617 1109 3665 tute
1149 3609 1487 3674 deseruiebat,
1525 3611 1595 3663 ad
1630 3609 1949 3665 uoluntatem

359 3712 539 3752 eorum
572 3697 662 3768 qui
704 3711 738 3752 α
772 3706 824 3752 :e
859 3698 1141 3755 desiderati
1180 3710 1301 3756 sunt
1324 3714 1343 3753 :
1382 3710 1441 3755 ut
1478 3701 1669 3756 scirent
1709 3700 1810 3771 ﬁlii
1845 3701 1945 3769 tui,

360 3810 490 3865 quos
528 3793 784 3861 dilexisti,
822 3794 1068 3863 Domine,
1094 3798 1345 3869 quoniam
1371 3814 1477 3854 non
1510 3798 1802 3854 nativitatis
1827 3796 1946 3867 fru-

361 3878 476 3939 ctus
510 3894 731 3955 pascunt
765 3885 1022 3954 homines,
1047 3888 1139 3943 sed
1179 3905 1349 3944 sermo
1390 3898 1515 3944 tuus
1556 3889 1652 3946 hos
1684 3889 1776 3961 qui
1810 3889 1868 3944 in
1900 3898 1949 3944 te

363 3974 713 4044 crediderint,
752 3986 1041 4034 conservat.
1101 3977 1384 4051 Multiplici
1427 3993 1559 4051 ergo
1603 3978 1799 4035 solatio
1846 3993 1947 4051 po-

362 4067 521 4140 pulus
553 4068 649 4123 Dei
688 4069 744 4123 in
777 4069 993 4126 deserto
1032 4071 1214 4127 divina
1253 4072 1604 4129 miseratione
1642 4070 1946 4128 fovebatur.

364 4159 512 4217 Pluit
556 4162 664 4219 illis
705 4164 774 4219 de
811 4162 953 4219 caelo
992 4178 1230 4230 manna,
1274 4163 1402 4218 data
1440 4170 1528 4218 est
1565 4161 1649 4218 eis
1684 4163 1753 4218 de
1793 4169 1952 4232 petra

365 4266 505 4321 aqua
553 4251 880 4323 largissime,
921 4252 1063 4323 pasti
1098 4260 1224 4307 sunt
1262 4252 1444 4309 avium
1479 4251 1759 4318 carnibus,
1785 4251 1952 4306 vesti-

368 4350 548 4397 menta
590 4358 776 4398 eorum
819 4359 927 4400 non
967 4351 1093 4400 sunt
1133 4343 1342 4409 attrita,
1366 4355 1543 4414 neque
1582 4341 1951 4398 calceamenta

365 4445 725 4506 consumpta;
788 4451 888 4507 per
927 4436 1070 4492 diem
1120 4436 1200 4492 sol
1244 4450 1352 4491 non
1397 4436 1590 4492 urebat
1636 4449 1771 4500 eos,
1822 4434 1949 4505 quia

2036 1894 2274 1949 eumdem
2312 1902 2492 1965 potum
2522 1893 2813 1965 spiritalem
2843 1894 3102 1949 biberunt.
3157 1894 3413 1952 Bibebant
3447 1904 3626 1950 autem

2037 1984 2103 2039 de
2134 1983 2362 2056 spiritali
2400 1993 2741 2056 consequente
2767 2001 2855 2039 eos
2883 1993 3073 2056 petra:
3110 1994 3259 2055 petra
3296 1995 3474 2039 autem
3511 1994 3628 2039 erat

2039 2075 2276 2131 Christus
2303 2074 2356 2149 (Ι
2382 2074 2504 2131 Cor.
2534 2074 2612 2147 ι).
2660 2075 2848 2132 Totius
2882 2076 3029 2131 enim
3061 2075 3196 2147 legis
3222 2074 3629 2132 ﬁrmamentum

2037 2174 2094 2222 et
2123 2165 2309 2238 ﬁgurae
2333 2166 2537 2222 veritas
2564 2164 2817 2222 Christus
2844 2173 2931 2222 est
2951 2206 2966 2231 ,
2999 2180 3159 2234 quem
3190 2165 3283 2239 qui
3310 2163 3623 2228 crediderit,

2039 2263 2211 2312 totam
2240 2255 2413 2326 legem
2456 2254 2737 2326 implevit;
2791 2255 2887 2327 qui
2935 2266 3114 2311 autem
3158 2271 3264 2311 non
3300 2254 3627 2322 crediderit,

2039 2346 2195 2418 quasi
2223 2346 2617 2417 praevaricator
2644 2345 2778 2419 legis
2804 2347 2861 2402 in
2890 2355 3150 2403 aeternum
3178 2347 3391 2421 peribit.

2112 2438 2266 2505 Quod
2291 2439 2430 2493 enim
2458 2438 2523 2492 ab
2554 2440 2671 2510 igne
2699 2455 2805 2494 non
2827 2447 3032 2510 poterat
3059 2439 3419 2505 exterminari,
3450 2440 3633 2496 statim

2040 2530 2105 2587 ab
2131 2531 2320 2600 exiguo
2350 2529 2502 2586 radio
2528 2528 2654 2584 solis
2680 2528 2995 2599 calefactum
3024 2528 3338 2594 tabescebat,
3365 2536 3420 2581 ut
3449 2537 3634 2584 notum

2040 2620 2280 2676 omnibus
2308 2629 2441 2676 esset
2483 2620 2735 2691 quoniam
2778 2628 2979 2691 oportet
3020 2620 3306 2691 prtevenire
3351 2618 3515 2674 solem
3563 2619 3633 2674 ad

2042 2710 2451 2767 benedictionem
2482 2720 2664 2776 tuam,
2703 2719 2753 2764 et
2779 2708 2849 2764 ad
2891 2708 3143 2765 orientem
3186 2706 3318 2763 lucis
3356 2718 3553 2778 oportet
3585 2717 3635 2762 te

2041 2801 2285 2856 adorare.
2345 2800 2607 2871 Superius
2630 2801 2746 2871 jam
2776 2799 3012 2855 diximus
3056 2798 3201 2870 quod
3247 2811 3446 2853 manna
3494 2797 3637 2869 ignis

2041 2891 2265 2947 odorem
2298 2892 2574 2947 sustinens
2596 2891 2665 2945 ad
2690 2890 2822 2946 solis
2851 2889 3088 2946 calorem
3117 2890 3456 2955 tabesceret;
3487 2904 3636 2944 nunc

2044 2992 2224 3039 autem
2251 2984 2378 3056 quia
2403 2983 2547 3039 idem
2576 2983 2774 3053 repetit
2798 2981 3119 3054 mysterium
3149 2981 3266 3053 ejus
3292 2981 3475 3037 dicere
3502 2981 3634 3039 satis

2045 3085 2165 3128 esse
2190 3072 2485 3128 credimus.
2522 3071 2616 3128 Ille
2641 3071 2788 3128 enim
2814 3071 3056 3143 ﬁguralis
3093 3071 3250 3128 cibus
3279 3071 3637 3129 historialiter

1970 3160 2016 3223 C
2046 3162 2305 3234 pascebat
2332 3172 2517 3235 patres
2546 3170 2783 3229 nostros,
2826 3162 2923 3218 sed
2950 3161 3019 3218 ad
3048 3169 3232 3218 ortum
3259 3162 3373 3219 veri
3407 3162 3537 3218 solis
3566 3161 3635 3219 li-

2045 3254 2339 3325 queliebat,
2360 3254 2465 3309 hoc
2483 3263 2591 3321 est,
2616 3254 2670 3311 in
2695 3252 2980 3309 nativitate
3005 3251 3209 3309 Christi
3237 3252 3305 3308 ad
3332 3252 3635 3323 spiritalem

2043 3359 2202 3400 usum
2233 3344 2562 3410 solvebatur,
2594 3351 2652 3398 et
2679 3343 2734 3398 in
2764 3342 2987 3400 caeleste
3020 3350 3423 3399 sacramentum
3454 3353 3633 3401 verte-

2043 3434 2221 3500 batur,
2253 3442 2520 3504 quatenus
2560 3433 2963 3504 praeveniamus
3002 3432 3172 3489 solem
3212 3433 3269 3489 in
3303 3433 3639 3491 benedictio.-

2048 3525 2227 3590 nibus,
2250 3525 2355 3583 hoc
2379 3534 2483 3592 est,
2507 3524 2708 3581 Christi
2737 3524 3077 3582 divinitatem
3106 3525 3324 3582 aeternis
3349 3527 3639 3597 praeconiis

2045 3617 2422 3688 praedicemus,
2456 3616 2696 3672 dicentes
2738 3630 2864 3671 cum
2910 3615 3241 3687 evangelista
3265 3613 3515 3671 Joanne:
3565 3615 3637 3673 In

2046 3706 2305 3777 principio
2343 3714 2458 3760 erat
2492 3704 2738 3772 Verbum,
2780 3715 2828 3760 et
2864 3703 3091 3760 Verbum
3121 3714 3236 3760 erat
3266 3705 3408 3777 apud
3440 3704 3635 3773 Deum,

2048 3805 2095 3851 et
2122 3794 2267 3851 Deus
2314 3804 2428 3851 erat
2459 3794 2707 3851 Verbum.
2763 3794 2883 3851 Hoc
2926 3805 3037 3851 erat
3084 3796 3141 3850 in
3188 3798 3447 3869 principio
3496 3798 3638 3869 apud

2048 3885 2217 3942 Deum
2243 3902 2263 3941 :
2298 3886 2473 3941 omnia
2509 3902 2603 3957 per
2634 3887 2807 3957 ipsum
2836 3885 2983 3957 facta
3011 3896 3155 3952 sunt,
3194 3894 3243 3941 et
3270 3887 3384 3943 sine
3408 3887 3523 3958 ipso
3552 3887 3639 3958 fa.

2050 3990 2191 4034 ctum
2216 3989 2291 4035 est
2316 3978 2469 4045 nihil,
2497 3986 2601 4034 etc.
2634 3977 2819 4050 (Joan.
2847 3977 2911 4050 ι).
2948 3976 3034 4035 Ad
3059 3986 3239 4036 ortum
3271 3985 3451 4033 autem
3481 3976 3637 4044 lucis,

2050 4071 2155 4127 hoc
2180 4079 2286 4137 est,
2316 4070 2384 4125 ad
2409 4070 2702 4127 adventum
2728 4068 3047 4137 Salvatoris,
3080 4068 3326 4125 dicamus
3351 4086 3365 4125 :
3412 4066 3641 4125 Verbum

2051 4179 2177 4217 caro
2205 4163 2404 4233 factum
2429 4173 2529 4229 est,
2555 4172 2605 4218 et
2629 4163 2883 4218 habitarit
2910 4162 2968 4216 in
2997 4161 3167 4227 nobis,
3199 4170 3249 4217 et
3277 4161 3503 4219 vidimus
3531 4161 3645 4234 glo—

2052 4253 2187 4307 riam
2217 4252 2334 4323 ejus
2354 4292 2370 4317 ,
2415 4252 2639 4322 gloriam
2662 4251 2816 4322 quasi
2853 4251 3106 4322 unigeniti
3132 4268 3165 4305 a
3194 4249 3384 4319 Patre,
3427 4251 3640 4322 plenum

2052 4347 2239 4418 gratiae
2265 4356 2312 4401 et
2338 4345 2594 4400 veritatis.
2629 4343 2772 4411 Quid
2798 4350 2978 4399 autem
3006 4342 3072 4399 de
3097 4341 3189 4397 illo
3210 4342 3411 4412 populo
3433 4341 3644 4399 carnali

2056 4438 2421 4507 subsequatur
2448 4435 2748 4492 videamus.

367 4525 555 4580 eduxit
590 4503 687 4581 eos
728 4503 807 4582 in_
825 4526 969 4582 nube
1010 4526 1151 4590 diei,
1199 4532 1256 4581 et
1299 4532 1410 4580 tota
1448 4531 1609 4580 nocte
1650 4524 1707 4578 in
1744 4503 1946 4579 illutni-
1974 4503 2029 4564 Ῑ)
2127 4503 2336 4599 Ingrati
2362 4527 2502 4583 enim
2527 4525 2659 4596 ﬁdes
2698 4536 2951 4596 tanquam
2982 4523 3267 4578 hibernans
3307 4521 3522 4594 glacies,
3553 4529 3640 4576 ια-

368 4618 590 4673 natione
628 4618 799 4689 ignis,
854 4627 916 4674 ut
958 4617 1192 4674 creatori
1230 4631 1335 4683 suo
1379 4616 1505 4673 inde
1547 4617 1724 4688 magis
1767 4615 1950 4673 devoti

371 4705 602 4773 ﬁerent,
653 4724 760 4779 quo
802 4724 898 4765 eos
944 4709 1116 4779 gratis
1162 4709 1218 4764 in
1260 4708 1409 4764 omni
1452 4707 1779 4764 necessitate
1819 4722 1949 4778 pro-

368 4799 613 4854 curando
674 4798 976 4868 adjuvaret.
1041 4800 1166 4856 Ideo
1220 4800 1364 4855 enim
1419 4798 1527 4854 illis
1581 4798 1954 4871 temporaliter

369 4890 626 4954 consulit,
667 4898 729 4947 ut
761 4891 910 4946 illum
945 4891 1335 4964 perpetualiter
1358 4892 1645 4963 diligerent
1680 4900 1843 4962 atque
1866 4890 1951 4945 in-

373 4979 709 5050 telligerent,
752 4982 1047 5037 secundum
1087 4980 1247 5051 hujus
1287 4982 1391 5037 loci
1441 4982 1791 5046 mentionem,
1821 4994 1954 5052 quo-

373 5070 519 5125 niam
560 5087 669 5128 non
706 5073 1012 5129 nativitatis
1050 5073 1259 5129 fructus
1296 5083 1523 5144 pascunt
1558 5073 1823 5139 homines,
1858 5073 1955 5128 sed

373 5175 556 5219 sermo
595 5164 691 5219 Dei
754 5165 855 5220 IIOS
899 5165 992 5235 qui
1036 5164 1092 5220 in
1149 5164 1300 5218 illum
1351 5165 1582 5220 credunt
1630 5172 1951 5219 conservat.

375 5253 532 5320 Quod
556 5263 610 5312 et
631 5254 840 5328 Moyses
864 5256 917 5312 in
944 5255 1365 5312 Deuterouomio
1389 5253 1706 5325 comprobat
1729 5254 1913 5309 dicens
1938 5271 1952 5308 :

377 5343 572 5415 Aﬂlixit
610 5356 659 5401 te
696 5347 939 5419 penuria,
969 5355 1017 5401 et
1051 5346 1193 5402 dedit
1230 5346 1323 5400 tibi
1358 5345 1533 5400 cibum
1560 5362 1775 5407 manna,
1804 5360 1957 5415 quem

378 5439 659 5510 ignorabas
701 5448 757 5492 tu
800 5446 849 5492 et
886 5449 1061 5509 patres
1107 5437 1206 5501 tui,
1253 5446 1310 5490 ut
1351 5436 1644 5492 ostenderet
1688 5434 1778 5489 tibi
1818 5434 1958 5506 quod

377 5544 484 5585 non
519 5531 580 5590 in
609 5529 719 5584 solo
745 5546 881 5599 pane
912 5530 1033 5585 vivit
1059 5535 1233 5593 homo,
1274 5529 1364 5581 sed
1395 5530 1450 5581 in
1477 5529 1619 5583 omni
1644 5527 1796 5581 verbo
1820 5525 1960 5597 quod

378 5619 645 5692 egreditur
683 5621 747 5674 de
784 5636 875 5675 ore
917 5619 1036 5675 Dei.
1090 5619 1467 5674 Vestimentum
1512 5630 1658 5688 tuum
1700 5634 1802 5688 quo
1840 5633 1962 5687 ope-

382 5713 599 5770 nebaris
622 5729 947 5786 nequaquam
973 5720 1227 5778 vetustate
1259 5711 1466 5784 defecit,
1502 5720 1549 5766 et
1582 5725 1670 5783 pes
1702 5718 1823 5764 tuus
1855 5723 1960 5766 non

2055 4621 2213 4676 bescit
2241 4628 2290 4675 et
2317 4619 2564 4690 disperiet
2590 4629 2841 4690 tanquam
2869 4632 3008 4688 aqua
3041 4631 3387 4686 supervacua.
3435 4612 3646 4686 Ingrati

2054 4714 2202 4770 enim
2230 4713 2449 4784 populi,
2481 4712 2585 4769 hoc
2613 4719 2726 4777 est,
2758 4709 3070 4768 Judzeorum
3100 4724 3224 4783 spes
3252 4724 3416 4780 quam
3445 4707 3521 4764 illi
3549 4708 3646 4763 ba-

2055 4804 2187 4859 hent
2221 4803 2383 4859 modo
2423 4803 2477 4858 in
2518 4803 2810 4857 adventum
2854 4801 2997 4872 regis
3038 4800 3154 4865 sui,
3198 4800 3457 4855 nimirum
3486 4799 3646 4855 Anti-

2056 4894 2270 4960 christi,
2295 4902 2549 4963 tanquam
2575 4891 2873 4948 ltibernalis
2902 4891 3102 4962 glacies
3134 4891 3382 4954 tabescit,
3411 4890 3514 4943 hoc
3540 4898 3647 4953 est,

2059 4985 2257 5058 frigida
2286 4985 2340 5039 in
2366 4982 2682 5041 inﬁdelitate
2710 4982 2827 5039 sine
2853 4980 3033 5038 fructu
3063 4978 3292 5048 justitiae
3320 4978 3645 5043 marcescit,

2061 5085 2120 5133 et
2147 5076 2410 5148 disperiet
2437 5083 2694 5146 tanquam
2730 5088 2869 5144 aqua
2905 5085 3272 5143 supervacua,
3308 5086 3432 5130 cum
3465 5071 3647 5127 omnis

2063 5166 2285 5222 traditio
2308 5165 2569 5223 doctrinae
2592 5163 2826 5227 illorum.
2851 5162 3001 5217 nullo
3027 5160 3149 5216 usui
3175 5168 3300 5231 apta
3328 5161 3646 5231 deputetur;

2063 5256 2197 5313 dicit
2230 5257 2375 5311 enim
2400 5255 2558 5312 nobis
2588 5255 2841 5311 Salvator
2866 5260 3053 5308 noster
3079 5251 3305 5322 loquens
3336 5252 3404 5307 ad
3433 5261 3651 5323 aposto-

2065 5348 2182 5404 los:
2218 5344 2384 5403 Sinite
2419 5346 2573 5411 illos,
2623 5346 2748 5400 cwci
2788 5353 2910 5398 sunt
2948 5343 3107 5398 duces
3144 5359 3421 5398 cwcorum.
3465 5340 3648 5399 Omnts

2065 5437 2323 5510 plantatio
2344 5454 2503 5508 quam
2528 5452 2631 5490 non
2653 5433 2906 5505 plantavit
2935 5431 3098 5489 Pater
3122 5449 3266 5489 meus
3292 5431 3512 5491 caelestis
3534 5447 3651 5490 em.

2068 5530 2332 5585 dicabitur
2355 5528 2573 5603 (Matth.
2602 5526 2717 5600 xv).
