4030 6474
395 370 493 427 751

994 480 1219 537 CAPUT
1258 480 1369 536 XII.

401 580 672 673 Sapientia
699 594 883 673 laudat
909 592 1096 673 Deum,
1121 592 1259 673 quod
1284 607 1475 673 magna
1499 594 1613 673 sint.
1626 590 1833 673 judicia
1857 590 1972 672 ejus

472 661 519 718 et
546 661 919 717 inenarrabilia
943 662 1098 716 verba
1126 661 1311 731 ipsius,
1339 662 1429 731 qui
1458 661 1767 715 mirabiliter
1792 662 1975 731 punie-

452 735 558 787 ‘bat
588 731 934 787 adversarios.
1978 746 1981 749 ·

414 844 423 853 ’
470 846 620 919 (CAP.
650 842 808 916 xvn.)
846 842 1042 915 Magna
1072 844 1209 898 enim
1253 853 1374 898 sunt
1396 843 1609 915 judicia
1639 853 1761 909 tua,
1797 853 1845 897 et
1894 843 1975 896 in-

398 937 716 994 enarrabilia
737 936 891 993 verba
917 945 1041 1001 tua;
1070 946 1280 1007 propter
1300 935 1397 990 hoc
1426 935 1830 1005 indisciplinata:
1858 934 1976 988 ani-

397 1046 498 1083 ma:
516 1038 840 1084 erraverunt.
869 1027 1058 1099 Magna
1082 1037 1208 1082 sunt
1222 1025 1432 1097 judicia
1452 1024 1837 1094 omnipotentis
1855 1023 1973 1095 Dei,

396 1122 452 1175 et
492 1118 876 1175 inenarrabilia
906 1118 1102 1184 verba,
1138 1117 1335 1187 quibus
1378 1124 1510 1170 nutu
1549 1114 1779 1171 miriﬁco
1818 1129 1974 1169 crea-

398 1222 574 1267 turam
625 1211 764 1282 regit
806 1210 1131 1264 universam.
1182 1207 1477 1279 Propterea
1512 1208 1656 1262 enim
1692 1208 1978 1262 insensatzc

397 1301 592 1355 anima:
636 1298 929 1354 inﬁdelium
977 1306 1330 1362 erraverunt,
1380 1296 1637 1367 quoniam
1673 1304 1976 1352 creatorem

398 1407 579 1458 suum,
611 1390 703 1461 qui
732 1391 897 1445 verbo
928 1405 1025 1446 suo
1054 1389 1235 1445 omnia
1272 1388 1421 1455 fecit,
1459 1388 1682 1443 credere
1702 1397 1757 1443 et
1784 1387 1979 1443 intelli-

397 1468 525 1553 gere
555 1478 881 1545 noluerunt,
932 1493 1032 1533 nec
1070 1478 1119 1532 ei
1161 1478 1400 1535 debitum
1440 1478 1703 1532 honorem
1740 1476 1795 1531 in
1830 1476 1977 1533 cultu

396 1567 619 1639 pietatis
652 1567 1036 1622 exhibuerunt.
1084 1564 1194 1621 Nec
1222 1575 1306 1621 est
1335 1566 1668 1621 contrarium
1697 1566 1824 1622 huic
1849 1581 1976 1621 sen-

387 1658 580 1713 Jtentim
607 1656 735 1728 quia
789 1656 920 1712 dicit
959 1644 1340 1711 inenarrabilis
1370 1671 1491 1712 esse
1518 1657 1681 1711 verba
1715 1656 1811 1711 Dei
1847 1656 1977 1712 illud

394 1748 537 1819 quod
553 1732 837 1803 Psalmisia
862 1747 975 1801 ait:
1013 1745 1081 1801 In
1108 1744 1261 1800 labiis
1286 1747 1413 1801 meis
1440 1747 1772 1817 pronuntiavi
1798 1748 1977 1801 omnia

386 1836 599 1909 judicia
645 1839 752 1893 oris
799 1838 879 1892 tui
908 1835 1080 1908 (Psal.
1110 1835 1338 1908 cxvm),

390 1929 767 1999 pronuntiare,
795 1928 899 1983 hoc
927 1936 1037 1990 est,
1088 1925 1436 1982 manifestare
1466 1925 1633 1981 voluit
1677 1933 1736 1980 ut
1773 1941 1837 1980 ea
1878 1926 1977 1980 hu-

394 2020 555 2076 mana
594 2019 861 2091 fragilitas
910 2018 1212 2090 intelligere
1258 2025 1314 2071 et
1359 2015 1563 2071 referre
1611 2026 1818 2086 potest;
1856 2000 1996 2087 quae.

395 2121 577 2165 autem
605 2109 722 2181 ipse
752 2109 933 2165 abdita
968 2124 1087 2163 esse
1121 2107 1389 2173 decrevit,
1439 2106 1618 2162 nullus
1645 2107 1863 2165 omnino
1888 2109 1975 2163 in-

393 2198 665 2270 vestigare
690 2198 884 2269 potuit.

416 2291 426 2303 '
462 2289 603 2344 Dum
632 2290 769 2345 enim
793 2306 1101 2360 persuasum
1130 2290 1319 2345 habent
1347 2288 1513 2362 iniqui
1540 2307 1689 2362 posse
1713 2292 1979 2347 dominari

389 2380 597 2437 nationi
622 2390 852 2445 sanctte,
901 2379 1121 2434 vinculis
1156 2381 1490 2435 tenebrarum
1525 2392 1572 2436 et
1607 2380 1777 2452 longa:
1812 2383 1978 2437 noctis

391 2474 693 2546 compediti,
735 2472 924 2527 inclusi
951 2474 1044 2528 sub
1077 2474 1223 2527 tectis
1259 2472 1462 2545 fugitivi
1500 2490 1591 2545 per
1624 2483 1773 2528 tuam
1805 2475 1979 2545 prori-

390 2562 623 2618 dentiam
640 2563 952 2634 jacuerunt,
972 2572 1020 2617 et
1042 2563 1169 2617 dum
1187 2574 1372 2639 putant
1401 2581 1455 2618 se
1481 2563 1642 2618 latere
1668 2566 1723 2619 in
1744 2565 1979 2621 obscuris

390 2654 637 2723 peccatis,
666 2652 935 2707 tenebroso
964 2650 1236 2706 oblivionis
1262 2652 1547 2707 velamento
1576 2654 1796 2724 dispersi
1833 2664 1976 2720 sunt,

390 2753 632 2815 paventes
660 2743 918 2797 horrende
958 2753 1004 2796 et
1042 2760 1158 2796 cum
1197 2742 1547 2797 admiratione
1576 2744 1739 2797 nimia
1772 2754 1980 2815 pertur-

392 2834 522 2887 bati.
554 2832 959 2889 Commemorat
984 2833 1087 2888 hoc
1118 2833 1263 2905 quod
1301 2832 1355 2888 in
1383 2832 1622 2906 Algypto
1661 2834 1844 2891 hostes
1877 2850 1977 2905 po-

390 2924 502 2993 puli
533 2923 629 2980 Dei
661 2924 715 2978 in
746 2923 974 2996 caligine
1009 2924 1350 2980 tenebrarum
1379 2926 1623 2997 perpessi
1654 2934 1809 2992 sunt,
1842 2942 1980 2997 quas

393 3014 675 3086 Scriptum
706 3024 816 3069 tam
845 3016 1041 3071 densas
1073 3016 1270 3082 refert,
1303 3025 1363 3072 ut
1390 3016 1597 3088 palpari
1622 3018 1878 3088 quirent;
1923 3018 1979 3073 in

393 3108 593 3178 quibus
617 3106 897 3163 horrorem
929 3108 1153 3164 nimium
1182 3109 1461 3181 perpessi,
1499 3109 1695 3163 merito
1728 3117 1979 3179 peccato-

1032 374 1093 428 B.
1136 371 1389 426 RABANI
1426 371 1644 432 MAIJRI
1680 370 1995 428 ARCIIIEP.
2037 366 2345 425 MOGUNT.
2385 367 2668 427 OPERUM
2703 369 2884 426 PARS
2920 370 2960 425 Ι.

3537 371 3656 425 752

1999 485 2054 544 Α
2149 475 2329 547 Neque
2355 478 2490 531 enim
2514 494 2631 548 qua:
2667 480 2957 534 continebat
2997 483 3115 535 illos
3156 484 3399 551 spelunca
3433 486 3547 536 sine
3576 482 3657 534 ti-

2074 584 2217 621 more
2240 568 2601 622 custodiebat:
2639 571 2889 639 quoniam
2938 572 3139 625 sonitus
3182 570 3493 625 descendens
3528 589 3658 641 per-

2074 658 2315 713 turbabat
2339 658 2477 725 illos,
2504 670 2553 714 et
2580 676 2814 730 persona:
2834 662 3006 717 tristes
3032 662 3137 717 illis
3162 672 3468 733 apparentes
3490 681 3661 733 paeo—

2076 763 2183 801 rem
2203 746 2309 801 illis
2326 748 2666 817 prwstabant.
2697 749 2766 803 Et
2792 751 2928 820 ignis
2949 752 3154 821 quidem
3182 750 3327 805 nulla
3353 753 3425 806 vis
3446 762 3660 821 poterat

2075 838 2182 892 illis
2219 837 2393 893 lumen
2430 840 2688 910 prrcbere,
2736 856 2829 894 nec
2874 842 3108 897 siderum
3152 842 3383 912 limpida
3419 846 3661 913 ﬂamma:

2074 924 2373 979 illuminare
2396 936 2637 996 poterant
2663 926 2810 981 illam
2836 939 3035 983 noctem
3060 931 3398 986 horrendam.
3423 930 3662 1002 Semper

2076 1016 2328 1073 tenebras
2366 1018 2657 1074 comitatur
2681 1020 2896 1087 horror,
2941 1030 2996 1075 et
3035 1031 3237 1091 quanto
3273 1023 3397 1092 quis
3438 1024 3661 1094 perspi-

2075 1123 2200 1163 cere
2228 1125 2333 1164 non
2356 1118 2553 1179 potest,
2579 1125 2679 1166 nec
2701 1112 3007 1167 discernere
3033 1128 3095 1167 ea
3121 1128 3242 1183 qua:
3266 1114 3413 1169 circa
3441 1128 3500 1170 se
3526 1122 3667 1170 sunt

2077 1207 2227 1255 tanto
2275 1201 2530 1272 majorem
2582 1202 2834 1258 timorem
2883 1203 3086 1269 habet,
3142 1206 3376 1274 undique
3425 1207 3664 1261 adversa

2076 1292 2393 1361 suspicans,
2449 1299 2505 1346 et
2552 1292 2826 1348 iussionem
2876 1293 3147 1362 pavitans.
3204 1294 3292 1350 Sic
3338 1311 3556 1367 quoque
3602 1306 3666 1352 et

2076 1379 2346 1452 [Egyptiis
2373 1381 2622 1452 contigit,
2651 1382 2866 1451 quando
2894 1383 3161 1440 maximas
3194 1384 3444 1440 tenebras
3476 1385 3664 1441 triduo

2076 1477 2440 1548 patiebantur,
2460 1491 2596 1547 quas
2618 1491 2721 1531 nec
2746 1475 2846 1539 sol,
2868 1490 3042 1545 neque
3071 1474 3220 1542 luna,
3240 1477 3336 1532 sed
3360 1492 3463 1533 nec
3489 1477 3669 1533 stella:

2075 1574 2365 1637 potuerunt
2404 1566 2748 1623 illuminare:
2782 1567 3091 1638 ubicunque
3121 1568 3409 1624 latitabant
3446 1577 3666 1624 terrore

2077 1658 2246 1712 nimio
2273 1656 2560 1727 pavebant.
2611 1656 2765 1725 Quod
2802 1665 2983 1714 autem
3011 1658 3143 1714 dicit
3177 1673 3439 1729 personas
3475 1660 3669 1715 tristes

2078 1748 2185 1804 illis
2211 1756 2534 1819 apparentes
2560 1763 2818 1820 pavorem
2839 1757 3119 1820 praestare,
3140 1751 3318 1820 potuit
3337 1749 3456 1806 ﬁeri
3477 1760 3542 1805 ut
3560 1764 3669 1821 pro

1396 1837 1522 1906 quia
1572 1852 1694 1906 qua:
1746 1836 1833 1891 ille
1880 1851 1976 1892 ore
2003 1843 2053 1904 Β
2079 1841 2479 1896 machinatione
2503 1840 2864 1912 malignorum
2886 1841 3173 1911 spirituum
3197 1841 3378 1912 aliqua
3398 1843 3671 1913 phantas-

2079 1942 2222 1988 mata
2256 1933 2362 1989 illis
2389 1941 2729 2004 apparerent,
2744 1935 2881 2003 qua:
2906 1933 2974 1988 ad
3001 1942 3347 2005 augmentum
3370 1948 3669 2005 pomarum

2078 2040 2296 2081 suarum
2326 2026 2607 2080 horrorem
2639 2024 2866 2080 nimium
2900 2024 2982 2080 eis
3008 2024 3333 2080 incuterent.
3392 2024 3671 2080 Similiter

2077 2125 2134 2172 et
2176 2132 2320 2173 nunc
2363 2126 2746 2188 persecutores
2792 2117 2917 2173 ﬁdei
2953 2116 3279 2173 Christianae
3320 2124 3377 2172 et
3413 2116 3673 2171 veritatis

2079 2208 2329 2264 inimicos
2372 2210 2714 2265 circumdant
2759 2209 2997 2278 undique
3037 2208 3274 2264 tenebrae
3312 2214 3670 2277 peccatorum

2078 2315 2298 2355 suorum
2316 2342 2331 2367 ,
2369 2301 2498 2371 quia
2533 2300 2705 2357 solem
2730 2300 2957 2372 iustitia:
2984 2300 3273 2372 ignorant,
3315 2313 3419 2355 nec
3444 2312 3545 2352 cos
3570 2299 3674 2353 do-

2078 2396 2257 2445 ctores
2304 2391 2483 2445 sancti
2533 2390 2745 2461 fulgore
2790 2391 3174 2446 doctrinarum
3213 2403 3434 2446 suarum
3482 2389 3674 2458 aliquo

2077 2479 2238 2534 modo
2267 2478 2557 2535 illustrant.
2595 2480 2707 2535 Hos
2733 2487 2790 2536 et
2819 2479 3034 2535 sonitus
3055 2478 3409 2544 descendens,
3432 2478 3539 2534 hoc
3557 2486 3669 2542 est,

2078 2568 2389 2637 pnedicatio
2440 2568 2683 2624 caelestis
2728 2583 2918 2639 plenas
2963 2570 3047 2624 eis
3092 2567 3305 2624 futuras
3358 2568 3672 2638 pmdicens

2077 2662 2381 2731 perturbat,
2411 2672 2466 2716 et
2494 2676 2741 2731 personae
2770 2662 2972 2725 tristes,
3004 2662 3109 2717 hoc
3133 2669 3238 2727 est,
3266 2660 3545 2716 daemones
3570 2661 3670 2730 qui

2076 2769 2171 2809 eos
2201 2753 2397 2808 tortari
2425 2762 2583 2818 sunt,
2616 2753 2933 2823 ιιι-ωροεηίιὶ
2966 2752 3304 2817 terriﬁcant;
3348 2766 3450 2807 nec
3479 2760 3668 2807 tamen

2078 2842 2413 2899 fructuosam
2442 2844 2823 2913 ptenitentiam
2853 2844 2906 2899 in
2939 2843 3046 2898 illis
3073 2849 3332 2914 generat,
3374 2842 3485 2897 imo
3510 2842 3668 2898 dete-

2078 2935 2253 2991 riores
2280 2934 2456 2990 iactos
2494 2937 2563 2990 ad
2606 2934 2967 3005 perditionem
2997 2941 3315 3003 perpetuam
3340 2931 3459 2986 sine
3484 2946 3670 2986 cessa-

2078 3027 2225 3082 tione
2241 3035 2574 3098 praeparant:
2591 3026 2847 3097 quoniam
2867 3040 2990 3081 cum
3010 3025 3297 3094 desperant
3318 3023 3666 3093 semetipsos,

2079 3135 2182 3176 nec
2205 3134 2265 3175 se
2291 3118 2565 3189 corrigere
2590 3117 2781 3173 volunt
2807 3126 2865 3171 ut
2899 3116 3205 3186 relinquant
3229 3128 3476 3171 errorem
3504 3129 3669 3169 suum

394 3212 515 3252 rum
544 3212 765 3253 suorum
791 3206 846 3253 et
877 3200 1171 3256 tenebrosae
1194 3198 1482 3254 oblivionis
1504 3198 1769 3270 condigne
1793 3200 1980 3270 punie-
2005 3199 2050 3262 C
2082 3218 2137 3265 et
2155 3224 2319 3279 opera
2342 3207 2542 3263 faciant
2559 3207 2806 3278 justitite,
2829 3206 3198 3262 thesaurizant
3214 3204 3316 3260 sibi
3342 3204 3477 3259 iram
3502 3205 3558 3258 in
3575 3204 3671 3259 die

392 3291 608 3345 bantur.
651 3287 875 3361 Mystice
904 3299 1083 3346 autem
1112 3305 1305 3346 onmes
1326 3297 1702 3360 persecutores
1727 3289 1981 3346 Ecclesia:

391 3376 617 3449 Christi,
648 3382 819 3439 Judaei
847 3383 1111 3449 videlicet,
1144 3381 1339 3456 pagani
1370 3392 1426 3438 et
1454 3383 1717 3451 breretici,
1744 3399 1845 3439 nec
1872 3399 1979 3440 non

392 3485 449 3531 et
478 3473 605 3529 falsi
634 3472 933 3531 Christiani
973 3474 1225 3531 tenebras
1254 3474 1520 3530 scelerum
1559 3489 1781 3529 suorum
1818 3483 1981 3545 atque

391 3566 598 3641 erroris
620 3565 905 3636 patiuntur
930 3578 1199 3631 enormes,
1223 3580 1398 3635 neque
1424 3578 1651 3634 usquam
1680 3563 1781 3618 tuti
1807 3578 1871 3618 ac
1897 3578 2005 3618 sc-.

391 3659 509 3715 euri
541 3673 662 3714 esse
691 3667 943 3729 possunt,
976 3672 1112 3727 quos
1142 3665 1382 3713 rectores
1409 3656 1755 3712 tenebrarum
1787 3656 1982 3711 harum

386 3751 543 3821 juxta
568 3750 901 3806 voluntatem
936 3766 1089 3805 suam
1121 3750 1357 3815 ducunt,
1398 3758 1453 3805 et
1480 3750 1549 3804 ad
1576 3757 1881 3805 extremum
1925 3748 1980 3802 in

394 3843 648 3900 tenebras
700 3842 1018 3908 exteriores,
1056 3840 1147 3897 ubi
1191 3841 1298 3897 erit
1324 3841 1480 3898 ﬂetus
1524 3850 1580 3896 et
1616 3839 1817 3896 stridor
1843 3840 1977 3897 den-

395 3935 566 4001 tium,
596 3933 983 4005 perpetualitcr
1035 3947 1220 3989 secum
1266 3932 1582 4004 puniendos
1638 3931 1977 4004 demergunt.

394 4020 548 4094 Quod
576 4033 758 4080 autem
803 4025 854 4080 in
899 4023 1138 4081 tenebris
1172 4032 1301 4080 sunt
1329 4038 1519 4081 omnes
1550 4023 1690 4079 male
1732 4031 1977 4094 agentes,

393 4115 635 4171 ostendit
679 4116 796 4186 ipsa
825 4112 1042 4171 Veritas
1087 4116 1142 4171 in
1184 4114 1481 4187 Evangelio
1523 4113 1747 4170 dicens:
1794 4112 1979 4169 Omnis

392 4209 484 4279 qui
509 4206 647 4263 male
674 4209 782 4280 agit
813 4209 922 4263 odit
951 4208 1144 4275 lucem,
1187 4219 1235 4264 et
1280 4225 1386 4263 non
1426 4207 1565 4263 venit
1606 4207 1676 4262 ad
1716 4206 1885 4261 lucem
1923 4216 1979 4262 ut

396 4317 499 4355 non
531 4310 826 4372 arguantur
853 4317 1010 4373 opera
1040 4301 1194 4372 ejus:
1229 4301 1322 4371 qui
1352 4310 1528 4355 autem
1557 4299 1685 4369 facit
1709 4300 1979 4354 ueritatem

394 4392 530 4445 venit
560 4391 630 4445 ad
666 4390 835 4446 lucem
869 4402 927 4446 ut
960 4391 1364 4461 manifestentur
1393 4407 1549 4461 opera
1584 4390 1721 4460 ejus,
1762 4390 1887 4461 quia
1921 4390 1977 4443 in

394 4481 505 4557 D_eo
532 4490 654 4536 sunt
672 4482 824 4552 facta
846 4481 1028 4554 (Joan.
1052 4480 1159 4552 tn).
1192 4481 1261 4536 Et
1284 4481 1415 4535 item
1440 4498 1452 4532 :
1489 4479 1593 4546 Qui
1618 4481 1874 4551 sequitur,
1902 4479 1975 4534 im

396 4575 534 4644 quit,
558 4590 661 4638 me,
692 4589 796 4627 non
825 4573 1057 4627 ambulat
1087 4575 1142 4628 in
1173 4572 1422 4639 tenebris,
1453 4573 1543 4628 sed
1572 4572 1778 4627 habebit
1807 4573 1982 4629 lumen

396 4665 513 4719 vitm
543 4663 727 4736 (Joan.
756 4665 898 4736 vtn).
946 4663 1085 4720 Hinc
1112 4673 1166 4720 et
1191 4663 1429 4721 Joannes
1456 4666 1569 4721 ait:
1604 4665 1710 4731 Qui
1736 4666 1843 4720 odit
1870 4666 2005 4735 [να-η

395 4765 528 4834 trem
560 4772 716 4810 suum
749 4756 923 4811 adhuc
962 4757 1019 4811 in
1056 4757 1279 4812 tenebris
1316 4768 1413 4824 est,
1446 4767 1493 4811 et
1524 4758 1579 4812 in
1613 4757 1837 4811 tenebris
1870 4772 1983 4810 am-

398 4844 565 4912 bulat,
605 4856 653 4901 et
692 4847 856 4901 nescit
882 4862 984 4917 quo
1012 4856 1121 4913 eat,
1160 4847 1411 4917 quoniam
1441 4846 1665 4901 tenebra:
1690 4847 1983 4901 obcaicave-

398 4932 517 4991 runt
557 4936 736 4992 oculos
774 4937 891 5008 ejus
921 4936 973 5009 (Ι
1002 4937 1164 4992 Joan.
1194 4937 1279 5009 ιι).
1334 4939 1412 4993 De
1448 4952 1555 5008 quo
1594 4947 1650 4993 et
1682 4937 1879 4994 Petrus
1914 4938 1984 4994 ad

396 5022 680 5085 credentes
724 5029 857 5085 dicit
897 5047 910 5084 :
966 5027 1068 5083 Vos
1117 5038 1292 5083 autem
1339 5029 1465 5084 estis
1507 5046 1670 5100 genus
1722 5029 1980 5098 electum,

398 5120 569 5191 regale
597 5121 979 5189 sacerdotium,
1013 5138 1138 5193 gens
1172 5130 1386 5188 sancta,
1425 5119 1650 5192 populus
1680 5122 1985 5192 acquisitio-

400 5204 504 5280 nis,
547 5226 603 5271 ut
645 5219 858 5274 virtutes
898 5218 1217 5273 annuntietis
1255 5218 1370 5289 ejus
1409 5218 1499 5290 qui
1538 5218 1603 5273 de
1643 5218 1866 5273 tenebris
1896 5233 1982 5272 ros

400 5307 601 5359 vocarit
643 5307 699 5360 in
738 5306 1050 5362 admirabile
1098 5307 1274 5362 lumen
1308 5324 1497 5371 suum,
1558 5308 1649 5378 qui
1696 5306 1983 5378 aliquando

400 5410 503 5447 non
536 5393 779 5464 populus,
826 5413 963 5451 nunc
1004 5407 1180 5452 autem
1216 5397 1440 5469 populus
1468 5395 1608 5462 Dei;
1655 5406 1705 5450 et
1746 5396 1836 5468 qui
1877 5412 1982 5450 non

400 5481 582 5538 steculi
637 5485 1051 5540 misericordiam
1079 5527 1095 5553 ,
1150 5504 1287 5542 nunc
1337 5497 1514 5542 autem
1564 5486 1983 5542 misericordiam

397 5576 664 5633 consecuti
692 5574 776 5649 (11
813 5575 955 5632 Petr.
982 5576 1066 5649 ιι).
1127 5578 1264 5634 llinc
1310 5588 1367 5634 et
1410 5578 1612 5633 Paulus
1654 5578 1722 5633 ad
1765 5576 1983 5634 eosdem

400 5667 517 5722 ait:
551 5666 731 5721 Eratis
761 5668 900 5723 enim
927 5666 1212 5738 aliquando
1238 5670 1484 5735 tenebrte,
1514 5685 1659 5723 nunc
1688 5678 1865 5724 autem
1893 5665 1986 5722 lux

403 5762 460 5818 in
489 5760 732 5830 Domino,
760 5770 818 5815 ut
838 5758 942 5831 ,lilii
969 5758 1103 5816 lucis
1129 5758 1394 5815 ambulate
1422 5758 1640 5834 (Ephes.
1667 5760 1743 5823 v).

2078 3301 2175 3356 inc
2218 3311 2273 3354 et
2312 3298 2658 3354 revelationis
2697 3297 2828 3369 justi
2869 3296 3058 3366 judicii
3088 3295 3185 3352 Dei
3209 3294 3304 3367 qui
3333 3294 3512 3351 reddit
3537 3293 3669 3350 uni-

2081 3390 2276 3461 cuique
2301 3390 2602 3446 secundum
2626 3404 2789 3460 opera
2817 3403 2934 3445 sua.

2672 3502 2899 3559 CAPUT
2937 3502 3073 3557 XIII.

2082 3593 2235 3661 Quod
2275 3611 2478 3665 semper
2514 3595 2853 3665 pra'sumptio
2896 3612 3033 3650 smva
3076 3596 3247 3650 turbet
3289 3596 3665 3651 conscientiam

2152 3666 2451 3735 impiorum,
2493 3675 2543 3720 et
2581 3665 2720 3735 quod
2759 3666 2857 3735 ipsi
2897 3682 2989 3735 per
3025 3666 3178 3721 uaria
3219 3667 3424 3721 somnia
3457 3678 3505 3722 et
3531 3668 3672 3721 ima-

2147 3736 2438 3807 ginationes
2474 3736 2710 3790 exterriti
2750 3744 3110 3806 torqueantur.

2150 3849 2448 3920 Apparebat
2501 3858 2675 3904 autem
2729 3848 2836 3904 illis
2887 3850 3023 3920 ignis
3073 3849 3420 3917 subitaneus,
3480 3842 3669 3905 timoi'e

2079 3938 2300 4010 plenus;
2321 3949 2369 3994 et
2395 3942 2580 3997 timore
2604 3942 2836 4011 percussi
2852 3940 2998 3995 illius
3017 3957 3136 4012 qua:
3156 3957 3260 3995 non
3284 3941 3556 3995 ridebatur
3576 3941 3668 4011 [a-

2082 4033 2203 4099 ciei,
2226 4033 2553 4088 wstimabant
2583 4032 2843 4088 deteriora
2881 4047 2994 4087 esse
3033 4049 3152 4102 qua:
3193 4031 3518 4086 ridebantur.
3556 4031 3670 4101 Ap-

2079 4134 2306 4196 parente
2333 4126 2478 4183 enim
2508 4125 2599 4181 illo
2633 4125 2758 4197 igne
2784 4124 2878 4195 qui
2917 4122 3112 4193 impios
3135 4121 3442 4194 ﬂagellabat
3469 4121 3670 4176 timore

2080 4215 2387 4288 perterriti,
2416 4215 2652 4286 undique
2676 4229 2866 4286 pinnas
2893 4212 3276 4277 formidabant,
3303 4212 3430 4281 quia
3459 4220 3671 4281 quanto

2080 4308 2203 4377 quis
2218 4308 2499 4379 graviores
2519 4320 2802 4376 prunarum
2823 4305 2989 4361 sentit
3006 4302 3241 4369 dolores,
3258 4311 3409 4358 tanto
3432 4301 3670 4371 majores

2079 4406 2301 4454 veretur
2325 4397 2430 4452 sibi
2457 4396 2808 4467 supervenire
2833 4396 3110 4450 horrores.

2157 4487 2223 4541 Et
2250 4489 2466 4557 magica:
2497 4486 2628 4540 artis
2665 4484 2888 4555 appositi
2923 4491 3072 4538 erant
3104 4482 3331 4546 derisus,
3379 4491 3427 4536 et
3458 4483 3668 4552 sapien-

2008 4562 2061 4622 D
2086 4581 2174 4633 tite
2210 4578 2393 4650 gloria:
2438 4577 2692 4647 correptio
2730 4591 2848 4631 eum
2882 4574 3218 4629 contumelia.
3264 4572 3357 4627 Illi
3394 4575 3537 4627 enim
3575 4574 3665 4643 qui

2082 4670 2448 4743 promittebant
2486 4668 2720 4733 timores,
2759 4677 2981 4721 terrores
3015 4674 3065 4719 et
3099 4664 3540 4735 perturbationes,
3580 4681 3670 4717 ea:-

2083 4759 2272 4830 pellere
2311 4775 2366 4813 se
2409 4758 2474 4811 ab
2517 4758 2696 4812 anima
2735 4756 3032 4827 languente,
3080 4756 3133 4811 hi
3170 4773 3288 4810 cum
3312 4756 3491 4810 derisu
3525 4755 3666 4825 pleni

2082 4851 2265 4903 timore
2304 4848 2642 4918 languebant.
2689 4846 2830 4900 Nam
2870 4847 2968 4900 etsi
3007 4845 3137 4900 nihil
3169 4845 3290 4901 illos
3322 4863 3388 4901 es;
3419 4847 3667 4900 monstris

2088 4936 2446 5009 perturbabat,
2495 4937 2720 4990 transitu
2759 4935 3068 4990 animalium
3108 4945 3156 4989 et
3196 4935 3515 5005 serpentium
3541 4935 3663 4989 sibi~

2089 5026 2287 5080 latione
2309 5027 2571 5086 commoti,
2596 5025 2922 5079 tremebundi
2953 5024 3214 5094 peribant.
3256 5025 3501 5092 Qualiter
3522 5025 3666 5095 magi

2089 5117 2141 5185 in
2186 5115 2423 5188 Egypto
2467 5116 2782 5171 resisterent
2822 5115 2988 5186 Moysi
3027 5116 3321 5181 iacientes,
3362 5115 3501 5169 falsa
3543 5131 3670 5185 pro-

2086 5208 2231 5280 digia
2268 5223 2364 5279 per
2383 5207 2778 5263 incantationes
2803 5207 3042 5278 magicas
3066 5205 3385 5262 seducentes
3408 5206 3665 5275 populum

2088 5304 2225 5360 liber
2258 5302 2428 5358 Exodi
2475 5300 2739 5364 meminit,
2782 5300 2876 5356 sed
2920 5300 3133 5355 tandem
3169 5314 3289 5354 cum
3326 5312 3387 5354 se
3422 5298 3668 5354 viderent

2086 5403 2371 5465 superatos
2409 5392 2611 5447 virtute
2652 5391 2929 5461 signorum
2953 5430 2970 5456 ,
3029 5405 3150 5459 qua:
3180 5404 3299 5469 per
3348 5387 3567 5459 Moysen
3614 5397 3669 5442 et

2084 5487 2267 5543 Aaron
2311 5484 2570 5541 divinitus
2606 5482 2837 5547 ﬁebant,
2870 5481 3049 5536 coacti
3093 5479 3402 5535 fatebantur
3439 5480 3662 5549 digitum

2085 5591 2207 5632 esse
2251 5574 2381 5641 Dei,
2422 5573 2513 5644 qui
2558 5573 2673 5627 liaac
2713 5570 2978 5642 magnalia
3019 5569 3241 5639 gerebat
3286 5569 3485 5640 (Exod.
3526 5574 3619 5635 vn)
3646 5606 3660 5628 ,

2088 5666 2296 5736 ipsique
2335 5664 2428 5733 qui
2478 5662 2643 5733 paulo
2689 5670 2814 5716 ante
2871 5661 3111 5716 medicos
3149 5661 3390 5715 omnium
3435 5660 3657 5729 aegritu-

2089 5756 2273 5812 dinum
2313 5771 2371 5811 se
2413 5768 2531 5811 esse
2571 5752 2924 5815 plaudebant.
2965 5752 3018 5806 in
3058 5752 3290 5807 adventu
3332 5748 3658 5821 serpentium
