4030 6478
404 370 508 425 753

398 604 521 643 cum
564 589 774 645 cmtcris
811 607 1008 661 pavore
1050 597 1292 665 percussi
1333 598 1679 671 laborabant;
1723 611 1777 659 et
1811 606 1888 662 sic
1912 615 1966 662 et

397 694 540 734 nunc
583 683 913 751 temporibus
961 688 1187 757 gratias,
1253 705 1440 748 omnes
1500 695 1591 764 qui
1653 696 1963 768 religionem

393 767 757 827 Christianam
783 773 1048 842 derident,
1077 781 1167 848 qui
1206 781 1261 835 in
1310 783 1421 839 suis
1468 800 1528 841 se
1566 767 1772 844 artibus
1802 790 1964 861 jacti-

393 864 543 925 tant,
586 861 688 917 hoc
729 873 845 930 est,
887 868 1162 936 gentilium
1202 871 1366 929 divini
1409 883 1465 931 et
1506 879 1816 948 aruspices,
1859 898 1961 939 nec

389 960 498 1003 non
534 956 592 1004 et
626 950 684 1005 hi
717 953 810 1022 qui
849 955 917 1009 ab
954 955 1207 1013 Ecclesia:
1246 961 1452 1018 unitate
1495 979 1593 1034 per
1630 970 1957 1038 apostasiam

388 1050 769 1109 recesserunt,
824 1056 885 1101 ut
927 1047 1165 1104 haeretici
1207 1059 1370 1122 atque
1413 1056 1743 1115 schisinatici
1769 1101 1783 1126 ,
1832 1061 1961 1118 licet

383 1131 617 1188 victores
658 1149 780 1191 esse
826 1153 886 1193 se
927 1140 1218 1210 simulent,
1258 1148 1496 1216 potentia
1540 1159 1718 1207 tamen
1754 1153 1955 1212 Christi

381 1223 652 1278 veraciter
687 1227 995 1296 vincuntur,
1042 1244 1099 1288 et
1147 1248 1453 1307 serpentem
1501 1245 1781 1315 antiquum
1828 1266 1952 1307 cum

382 1314 704 1373 satellitibus
746 1321 860 1378 suis
897 1325 1251 1385 saevissimum
1298 1332 1354 1388 in
1397 1314 1639 1394 extremo
1679 1342 1953 1411 patientur

378 1406 658 1465 inimicum

452 1497 521 1550 Et
553 1516 724 1555 aerem
750 1521 902 1574 quem
932 1508 1080 1564 nulla
1112 1513 1313 1568 ratione
1348 1522 1463 1587 quis
1495 1521 1722 1592 e/fugere
1753 1536 1946 1596 posset,

376 1598 620 1657 negantes
674 1610 728 1648 se
786 1596 978 1653 videre.
1043 1599 1365 1674 Frequenter
1402 1611 1540 1665 enim
1579 1629 1947 1688 prwoccupant

374 1678 598 1734 pessima
628 1683 968 1755 redarguente
991 1694 1330 1762 conscientia,
1354 1715 1471 1754 cum
1503 1704 1572 1756 sit
1596 1706 1734 1761 enim
1759 1709 1944 1764 timida

371 1768 622 1836 nequitia,
665 1771 757 1826 dat
795 1777 1145 1836 testimonium
1185 1786 1548 1846 condemnata.
1596 1793 1651 1848 In
1691 1811 1757 1852 eo
1797 1799 1941 1853 enim

368 1858 514 1925 quod
553 1860 677 1917 dicit
726 1864 846 1922 illos
888 1868 1101 1940 iniquos
1144 1890 1372 1946 negasse
1410 1896 1469 1936 se
1506 1884 1690 1941 videre
1722 1903 1934 1955 aerem,
1965 1872 2012 1931 Β

363 1947 523 2017 cujus
564 1955 905 2020 praesentiam
946 1975 1109 2018 omne
1155 1967 1353 2022 animal
1397 1971 1581 2027 vivens
1630 1983 1685 2030 et
1724 1978 1939 2048 spirans

362 2035 656 2105 aliquando
695 2057 801 2097 non
840 2054 1017 2115 potest
1060 2050 1321 2119 devitarc,
1360 2057 1699 2118 nimietatem
1726 2035 1937 2124 timoris

361 2127 637 2198 exprimit,
665 2147 825 2201 quem
858 2147 1079 2207 propter
1105 2146 1507 2212 oppressionem
1540 2150 1936 2214 imminentium

360 2228 647 2284 pmnarum
690 2225 833 2280 malo
876 2242 974 2285 suo
1014 2232 1371 2304 redarguente
1411 2243 1793 2301 conscientiam
1840 2264 1935 2319 pa~

282 2303 295 2312 '
357 2307 514 2393 titur.
542 2309 676 2367 Cum
705 2316 777 2371 sit
797 2328 976 2375 autem
1005 2303 1194 2380 timida
1215 2342 1428 2400 semper
1450 2335 1690 2405 nequitia
1714 2303 1933 2409 pavoris

357 2400 444 2454 sui
471 2390 561 2458 dat
585 2406 800 2463 initium
826 2414 1102 2483 suppliciis
1128 2390 1504 2480 condemnata.

431 2484 648 2564 Semper
676 2500 813 2554 enim
844 2508 1113 2573 praesumit
1145 2525 1282 2565 θωνα
1314 2516 1614 2582 perturbata
1664 2524 1929 2579 conscien-

355 2580 454 2637 tia.
502 2583 653 2640 Nihil
690 2590 827 2645 enim
869 2603 945 2648 est
983 2597 1140 2652 timor
1175 2600 1277 2655 nisi
1314 2580 1733 2679 pra'sumptionis
1772 2613 1928 2685 adjue

354 2672 568 2739 torium,
605 2679 832 2745 proditio
865 2684 1193 2754 cogitationis
1228 2672 1584 2762 auxiliorum;
1623 2708 1674 2753 et
1702 2672 1924 2758 dum'ab

353 2760 494 2816 intro
517 2765 689 2821 minor
718 2779 793 2823 est
821 2778 1155 2844 exspectatio,
1194 2782 1445 2851 majorem
1474 2760 1623 2856 putat
1656 2794 1921 2850 conscien-

350 2850 481 2905 tiam
512 2854 626 2925 ejus
657 2874 850 2925 cause,
873 2862 938 2917 de
958 2880 1062 2934 qua
1094 2850 1405 2926 tormentum
1437 2850 1652 2945 prwstat
1682 2898 1923 2952 augmen-

347 2951 481 2997 tum.
547 2943 773 3017 Semper
810 2951 971 3023 enim,
996 2957 1246 3025 turbida,
1314 2971 1371 3019 et
1411 2943 1530 3035 quae
1575 2943 1921 3031 serenitatem

349 3035 755 3105 tranquillitatis
807 3042 863 3097 in
905 3060 965 3100 se
1008 3061 1113 3103 non
1155 3050 1318 3107 habet
1361 3058 1728 3129 conscientia,
1777 3080 1917 3135 prte-

348 3134 660 3194 sumptuose
698 3145 758 3187 se
794 3132 998 3204 elevat,
1042 3139 1137 3195 sed
1178 3142 1372 3201 timore
1416 3147 1529 3217 ipsa
1572 3132 1918 3227 praesumptio

346 3217 739 3285 comprimitur.
802 3222 956 3283 Unde
1000 3229 1200 3287 dicitur
1239 3234 1401 3292 timor
1438 3237 1555 3308 ejus
1572 3217 1714 3301 esse
1758 3217 1913 3317 adju-

348 3306 575 3373 torium,
622 3311 728 3367 hoc
764 3323 881 3381 est,
928 3318 1398 3382 medicamentum.
1452 3329 1554 3397 Qui
1589 3335 1756 3392 etiam
1789 3353 1916 3410 pro-

345 3394 427 3448 dit
477 3396 849 3460 inlirmitatcm
902 3412 1101 3468 mentis
1145 3394 1542 3489 superbientis,
1608 3441 1730 3496 quae
1774 3394 1913 3488 vana

345 3500 443 3556 spe
484 3490 802 3550 auxiliorum
842 3502 1187 3574 semetipsam
1225 3510 1512 3581 cogitando
1545 3490 1909 3591 dementabat,

343 3581 560 3677 quando
602 3585 655 3641 id
695 3602 755 3644 se
792 3605 954 3660 posse
994 3602 1286 3670 sperabat,
1329 3609 1474 3677 quod
1513 3612 1663 3669 nulla
1706 3581 1913 3676 ratione

336 3668 601 3769 perlicere
642 3686 892 3747 poterat,
960 3700 1026 3741 ac
1084 3668 1309 3759 proinde
1347 3668 1480 3752 dum
1524 3700 1640 3769 ejus

340 3757 519 3814 minor
556 3775 676 3821 erat
713 3770 964 3829 valetudo
999 3792 1184 3835 earum
1224 3797 1405 3840 rerum
1429 3804 1549 3859 quae
1571 3795 1911 3857 extrinsecus

334 3846 661 3920 patiebatur,
702 3856 963 3927 majorem
1002 3868 1224 3935 putabat
1263 3886 1383 3957 esse
1419 3846 1735 3950 potentiam,
1764 3890 1909 3957 quod

336 3942 394 3990 et
446 3937 504 3994 in
556 3950 992 4012 persecutoribus
1044 3955 1279 4016 ﬁdelium
1314 3937 1641 4036 fret-[uenter
1682 3937 1906 4046 evejnit;

335 4027 461 4097 quia
502 4046 626 4088 cum
668 4046 885 4107 propter
915 4045 1209 4104 caecitatem
1244 4027 1445 4113 cordis.
1458 4060 1542 4114 sui
1570 4076 1630 4118 se
1658 4027 1908 4134 potentes

333 4131 454 4175 esse
490 4126 798 4197 aestimant,
855 4137 1072 4204 quando
1112 4153 1423 4202 sanctorum
1469 4167 1697 4222 corpora
1739 4162 1907 4220 variis

332 4212 617 4269 tormentis
656 4220 986 4289 excruciant,
1010 4228 1269 4295 patientia
1311 4248 1498 4293 eorum
1530 4212 1659 4298 victi
1697 4261 1820 4303 cum
1850 4251 1907 4306 id

330 4310 392 4351 se
425 4299 636 4401 ellicere
673 4322 778 4363 non
809 4325 969 4380 posse
991 4316 1174 4374 vident
1204 4325 1347 4391 quod
1378 4329 1648 4401 volebant,
1675 4299 1909 4408 propri;

329 4389 526 4445 mentis
563 4398 811 4465 angustia
855 4405 1107 4473 contriti,
1148 4389 1360 4469 tandem
1410 4389 1710 4490 agnoscunt
1750 4389 1811 4484 se
1849 4431 1905 4485 id

320 4490 437 4542 non
479 4495 596 4538 esse
636 4490 781 4556 quod
822 4501 946 4548 ante
987 4510 1045 4552 se
1084 4497 1203 4555 fieri
1244 4506 1626 4580 aestimabant,
1679 4525 1737 4572 et
1781 4517 1899 4587 ejus

328 4574 588 4643 majorem
629 4579 994 4642 fortitudinem
1038 4604 1157 4648 esse
1196 4600 1535 4668 perpendunt
1558 4645 1573 4670 ,
1611 4574 1710 4679 qui
1750 4574 1895 4667 mili-

326 4663 471 4720 tibus
501 4670 613 4724 suis
642 4673 979 4745 patientiam,
1018 4663 1211 4751 poenas
1244 4663 1506 4749 tolerandi
1546 4663 1604 4752 et
1634 4663 1895 4760 virtutem

324 4750 512 4810 hostes
549 4771 674 4814 suos
711 4768 999 4833 superandi
1040 4771 1325 4831 tribuebat.

401 4841 490 4896 Illi
529 4857 702 4904 autem
724 4856 829 4923 qui
870 4856 1197 4928 impotentem
1234 4884 1350 4924 vere
1381 4884 1603 4944 noctem,
1637 4890 1686 4935 et
1716 4884 1782 4937 ab
1815 4886 1895 4941 in-

320 4933 484 5003 limis,
507 4949 553 4993 et
582 4942 646 4995 ab
667 4944 933 5005 altissimis
966 4953 1148 5023 inferis
1171 4967 1632 5036 supervenientem,
1654 4977 1894 5032 eumdem

319 5039 561 5082 somnum
585 5032 917 5106 dormientes,
956 5042 1241 5114 aliquando
1280 5065 1631 5112 monstrorum
1659 5065 1896 5134 exagita-

327 5114 349 5134 ι
434 5127 445 5134 .
562 5122 593 5134 -ο
853 5129 883 5134 --

315 5391 709 5449 custodiebatur
749 5399 803 5452 in
846 5418 1088 5472 carcere,
1138 5410 1251 5465 sine
1289 5414 1428 5479 ferro
1470 5419 1722 5479 reclusus.
1773 5427 1889 5484 IIoc

316 5475 449 5571 dicit
479 5495 599 5535 cum
634 5484 688 5539 in
714 5486 947 5559 Egypto
982 5493 1163 5552 hostes
1202 5475 1380 5570 populi
1417 5507 1511 5561 Dei
1550 5475 1889 5571 horrore—te:

315 5564 605 5626 nebrarum
643 5574 959 5636 circumdati
989 5596 1168 5653 erant,
1189 5593 1332 5659 quod
1355 5610 1455 5650 nec
1477 5599 1759 5669 vigilantes
1786 5625 1888 5667 nec

315 5658 645 5720 dormientes
690 5667 925 5739 aliquam
966 5658 1223 5745 quietem,
1250 5658 1561 5741 haberent.“
1583 5658 1883 5754 Aut—enini

316 5744 644 5811 dormientes
683 5760 965 5821 horrendis
988 5744 1283 5828 visionibus
1325 5777 1757 5841 exatsitahantur.
1790 5798 1881 5846 aut

1218 375 1569 435 COMMENT.
1606 380 1673 437 IN
1712 381 1973 441 LIBRUM
2011 386 2414 448 SAPIENTI/E.
2444 426 2514 437 —
2539 397 2664 455 LIB.
2709 400 2792 456 III.

400 506 459 552 et
491 505 808 554 caeterorum
846 501 1155 559 animalium
1193 506 1284 576 qui
1319 524 1417 564 eos
1456 509 1781 583 allligebant,
1807 515 1969 571 simili
1997 525 2043 579 Α
2076 518 2360 591 vigilantes
2414 536 2621 587 terrore
2672 534 2841 591 nimio
2885 540 3300 613 cruciabantur;

3537 417 3641 475 754

2086 564 2360 591 "annuus
2414 564 2621 587 ιυιιυιυ
2672 564 2841 591 ιιιιιιιυ
2885 564 3300 613 crucianantur;
3350 564 3451 607 nec
3492 564 3640 613 οηίαι

2068 609 2234 667 libera
2273 616 2355 672 eis
2391 618 2590 676 alicubi
2630 626 2915 682 secedendi
2958 631 3188 690 dabatur
3224 635 3488 708 facultas,
3540 645 3639 704 sed

2063 701 2182 757 sine
2205 709 2482 776 compede,
2507 721 2599 767 aut
2627 724 2817 771 catena
2841 718 3017 776 lcrrea
3042 738 3264 782 carcere
3286 734 3636 792 tenebrarum

2061 790 2279 850 fuerunt
2308 800 2566 857 conclusi.
2613 803 2765 862 Unde
2797 810 3057 881 scriptum
3087 825 3170 871 est
3198 835 3210 871 :
3239 815 3427 876 Tribus
3452 790 3631 881 diebu—s

2059 900 2208 940 nemo
2251 888 2378 943 vidit
2417 890 2637 968 fratrem
2677 912 2853 965 suum,
2902 918 2994 956 nec
3035 907 3190 961 movit
3230 925 3284 965 se
3317 911 3382 965 de
3418 930 3478 968 eo
3518 914 3630 971 loco

2056 974 2111 1029 in
2137 993 2239 1047 quo
2265 991 2376 1060 erat
2403 981 2600 1053 (Exod.
2631 984 2708 1056 x).
3142 1066 3145 1071 η
3200 990 3203 993 ’

2127 1066 2188 1122 Si
2224 1053 2375 1124 enim,
2402 1075 2625 1130 rusticus
2664 1053 2782 1147 quis
2826 1090 2960 1146 erat,
3008 1094 3098 1138 aut
3137 1066 3337 1156 pastor,
3382 1101 3477 1147 aut
3515 1092 3634 1167 agri

2053 1154 2302 1214 laborum
2333 1165 2601 1230 operarius
2644 1181 3035 1241 prteoccupatus
3079 1154 3231 1243 esset,
3254 1154 3630 1253 ineﬂ'ugibilem

2051 1251 2335 1307 sustinebat
2360 1257 2733 1313 necessitatem.
2760 1258 2879 1315 Una
2910 1264 3047 1317 enim
3081 1277 3267 1322 catena
3298 1272 3628 1328 tenebrarum

2050 1354 2228 1397 omnes
2251 1355 2397 1399 erant
2419 1346 2670 1418 colligati.
2710 1351 2832 1408 Sive
2859 1356 3074 1425 spiritus
3104 1358 3345 1429 sibilans,
3374 1376 3465 1419 aut
3494 1368 3631 1422 inter

2048 1433 2241 1501 spissos
2280 1436 2529 1492 arborum
2568 1457 2747 1497 ramos
2787 1445 2960 1500 avium
2998 1463 3157 1505 sonus
3196 1453 3393 1520 suavis,
3436 1465 3527 1510 aut
3554 1457 3627 1511 vis

2046 1535 2198 1589 aquae
2237 1522 2557 1582 decurrentis
2597 1530 2840 1598 nimium,
2880 1544 2971 1588 aut
3006 1553 3166 1593 sonus
3200 1540 3406 1597 validus
3441 1544 3627 1613 pra'cia

2044 1609 2331 1680 pilatorum
2354 1624 2645 1685 petrarum,
2667 1612 2759 1673 aut
2790 1619 3078 1679 ludentium
3100 1627 3410 1684 animalium
3439 1609 3625 1687 cursus

2044 1702 2262 1771 invisus,
2309 1716 2401 1761 aut
2441 1708 2795 1780 mugientium
2827 1714 3004 1769 valida
3044 1719 3325 1774 bestiarum
3367 1737 3486 1790 νοω,
3531 1734 3625 1777 aut

2045 1809 2295 1852 resonans
2325 1798 2390 1853 de
2423 1799 2695 1857 altissimis
2728 1806 2991 1862 montibus
3022 1810 3146 1871 actio
3169 1826 3197 1863 :.
3223 1810 3519 1880 deﬁcientes
3545 1815 3626 1885 fa-

2039 1881 2239 1938 ciebant
2270 1884 2389 1940 illos
2419 1903 2530 1957 pm:
2561 1888 2765 1945 timore.
2795 1891 3042 1963 Undique
3070 1897 3213 1952 enim
3244 1899 3429 1955 miseri
3456 1881 3619 1971 pcena

2040 1974 2586 2046 constringebantur,
2638 1980 2763 2049 quia
2802 1983 3064 2054 quidquid
3111 1987 3192 2042 de'
3226 2002 3361 2044 sono
3397 1990 3624 2045 auribus

2037 2063 2423 2135 percipiebant,
2460 2068 2542 2124 vel
2580 2084 2741 2126 sensu
2783 2073 2963 2145 aliquo
3002 2078 3328 2148 sentiebant,
3351 2088 3524 2137 totum
3550 2081 3620 2137 ad

2036 2153 2332 2221 perniciem
2373 2172 2529 2213 suam
2567 2160 2849 2219 intendere
2888 2164 3278 2227 formidabant.

2107 2242 2290 2301 Omnis
2313 2249 2449 2303 enim
2476 2251 2615 2307 orbis
2654 2262 2914 2310 terrarum
2960 2258 3177 2331 limpido
3216 2263 3622 2322 illuminabatur

2032 2333 2250 2401 lumine,
2280 2347 2330 2393 et
2359 2356 2463 2396 non
2498 2344 2760 2414 impeditis
2793 2351 3033 2418 operibus
3056 2355 3434 2412 continebatur.
3474 2360 3617 2416 Solis

2030 2434 2204 2479 autent
2233 2427 2339 2483 illis
2364 2436 2690 2505 superposita
2719 2453 2831 2497 erat
2875 2445 3048 2512 gravis
3093 2464 3227 2513 nox,
3265 2450 3442 2523 imago
3469 2462 3617 2507 tene-

2029 2515 2264 2584 brarum,
2313 2520 2403 2591 qui
2446 2540 2820 2595 superuentura
2865 2533 2971 2589 illis
3021 2547 3153 2591 erat.
3192 2537 3307 2608 Ipsi
3344 2515 3466 2611 ergo
3515 2542 3617 2596 sibi

2025 2617 2174 2662 erant
2203 2612 2465 2680 graviores
2495 2619 2738 2676 tenebris.
2795 2621 2907 2679 Soli
2936 2627 3079 2682 enim
3111 2627 3260 2700 impii
3299 2631 3353 2686 in
3378 2633 3616 2690 tenebris

2025 2710 2217 2768 erant;
2269 2704 2505 2763 cultores
2550 2721 2730 2769 autem
2767 2715 2860 2772 Dei
2900 2718 3206 2791 largissimo
3243 2723 3615 2782 exuberabant

2024 2790 2244 2849 lumine.
2280 2796 2433 2855 Unde
2460 2800 2534 2855 ita
2564 2801 2766 2875 legitur
2795 2826 2807 2861 :
2856 2790 3164 2882 Ubicunque
3203 2823 3378 2869 autem
3406 2816 3611 2872 habita-

2022 2882 2145 2938 bant
2188 2884 2288 2954 ﬁlii
2307 2886 2481 2945 Israel
2509 2891 2714 2949 luxerat
2741 2895 2938 2968 (Exod.
2970 2900 3045 2971 Χ).
3080 2901 3185 2959 Sed
3204 2894 3275 2959 et
3299 2906 3401 2962 hoc
3432 2909 3609 2962 consi-

2022 2975 2317 3032 derandum
2364 2982 2508 3049 quod
2544 2983 2675 3040 dicit
2712 3004 2725 3040 :
2781 2987 2923 3045 Solis
2970 2990 3076 3047 illis
3122 2997 3446 3066 superposita
3495 3010 3608 3055 erat

2018 3066 2190 3135 gravis
2220 3084 2344 3135 nox,
2372 3070 2544 3143 imago
2577 3076 2907 3135 tenebrarum
2930 3098 3050 3153 quas
3098 3097 3471 3155 superventura
3492 3098 3607 3144 erat

2017 3155 2145 3223 illis,
2164 3161 2412 3230 quoniam
2432 3164 2532 3234 ipsi
2559 3168 2659 3223 sibi
2677 3180 2828 3226 erant
2863 3175 3126 3244 graviores
3146 3180 3388 3235 tenebrae.
3412 3181 3471 3235 In
3499 3198 3607 3251 quo

1942 3230 1989 3295 C
2018 3248 2238 3305 omnino
2266 3230 2664 3314 demonstratur
2687 3262 2829 3332 quod
2859 3230 3136 3335 graviores
3187 3278 3309 3325 sunt
3334 3272 3605 3342 spiritales

2018 3339 2273 3407 tenebras,
2324 3360 2460 3414 quas
2506 3365 2661 3409 mens
2701 3355 2908 3424 patitur
2951 3360 3318 3430 corporalibus
3361 3339 3605 3421 tenebris

2016 3447 2152 3502 quas
2180 3435 2367 3491 oculus
2391 3441 2628 3499 sustinet
2644 3438 2665 3511 ;'
2687 3460 2754 3502 ex
2784 3447 2902 3504 istis
2927 3451 3070 3507 enim
3093 3453 3351 3523 tenebris,
3378 3456 3481 3512 hoc
3494 3467 3601 3524 est,

2015 3523 2349 3585 infidelitatis
2397 3540 2453 3586 et
2505 3538 2707 3593 erroris
2754 3547 2918 3612 atque
2966 3544 3254 3611 scelerum,
3279 3549 3597 3619 perducitur

2013 3615 2176 3673 homo
2204 3620 2272 3676 ad
2300 3624 2552 3682 tenebras
2575 3630 2894 3699 exteriores,
2927 3634 3019 3690 ubi
3046 3638 3151 3692 erit
3183 3615 3340 3695 ﬂetus
3368 3649 3424 3696 et
3465 3641 3596 3696 stri-

2011 3707 2112 3762 dor
2129 3708 2369 3767 dentium
2385 3731 2400 3781 ;
2424 3730 2558 3785 quas
2584 3717 2688 3774 illae
2709 3723 2942 3780 tenebrae
2954 3725 3329 3797 [Egyptiorum
3352 3744 3452 3800 per
3467 3730 3598 3801 ligus

2010 3811 2131 3853 ram
2184 3813 2593 3874 expresserant,
2644 3811 2898 3880 quoniam
2952 3814 3094 3871 sicut
3138 3817 3219 3873 ibi
3256 3834 3484 3889 corpora
3527 3821 3607 3876 ad

2007 3902 2168 3944 omne
2188 3905 2322 3961 opus
2340 3892 2541 3951 bonum
2566 3897 2774 3957 inutilia
2802 3905 3145 3971 tenebantur,
3179 3907 3255 3963 ita
3284 3918 3340 3963 et
3357 3909 3447 3965 hic
3474 3925 3598 3965 cori

2007 3992 2138 4047 pora
2165 3980 2326 4037 simul
2363 3996 2421 4040 et
2444 3987 2637 4053 animae
2668 3992 2738 4047 ad
2761 4007 2921 4048 nume
2947 4009 3082 4065 opus
3106 3996 3304 4051 bonum
3335 3998 3592 4054 inhabilia

2006 4083 2226 4124 carcere
2248 4079 2453 4130 aeterno
2482 4074 2857 4146 includuntur,
2886 4085 3140 4153 quoniam
3168 4101 3270 4142 nec
3292 4088 3463 4155 ratio,
3491 4106 3597 4148 nec

2005 4152 2175 4223 locus,
2207 4173 2308 4215 nec
2339 4168 2549 4233 tempus
2575 4175 2662 4223 est
2684 4152 2943 4239 operandi
2970 4175 3112 4243 apud
3141 4174 3365 4234 inferos.

2583 4286 2812 4344 CAPUT
2850 4290 2989 4347 XIV.

2003 4364 2081 4422 De
2106 4371 2300 4424 sanctis
2319 4412 2334 4436 ,
2368 4375 2508 4452 quod
2531 4376 2597 4452 _in
2634 4380 2857 4452 tenebris
2884 4381 3106 4452 zEggpti
3121 4426 3135 4451 ,
3167 4388 3264 4441 hoc
3289 4399 3365 4444 est
3404 4392 3599 4445 mundi

2211 4444 2499 4507 erroribus,
2521 4445 2717 4502 lumine
2746 4449 2921 4506 divino
2942 4444 3370 4534 illustrabantur.

1921 4569 1978 4629 υ
2073 4530 2224 4602 (CAP.
2256 4535 2438 4607 XVIII.)
2475 4535 2686 4595 Sanctis
2715 4551 2888 4598 autem
2922 4547 3026 4601 tuis
3056 4530 3288 4604 maxima
3316 4561 3430 4606 erat
3468 4552 3583 4620 lux,

2001 4630 2049 4676 et
2072 4623 2259 4678 horum
2283 4626 2492 4697 quidem
2523 4646 2700 4686 vocem
2739 4635 3051 4704 audiebant,
3090 4641 3184 4695 sed
3216 4642 3446 4715 ﬁguram
3478 4660 3585 4700 non

2000 4711 2259 4768 videbant.
2288 4714 2358 4771 Et
2384 4719 2509 4789 quia
2542 4736 2647 4776 non
2669 4732 2719 4777 et
2755 4725 2856 4795 ipsi
2880 4728 3062 4783 eadem
3089 4711 3241 4803 passi
3257 4711 3438 4802 erant,
3468 4752 3581 4791 ma-

2000 4803 2317 4872 qni/icabant
2345 4816 2426 4870 te;
2456 4819 2505 4863 et
2530 4812 2621 4881 qui
2656 4823 2775 4868 ante
2802 4813 2915 4870 (tesi
2941 4829 3114 4885 erant,
3137 4823 3260 4891 quia
3294 4840 3398 4877 non
3423 4824 3582 4880 trede-

2001 4889 2213 4957 bantur,
2241 4896 2441 4964 gratias
2467 4898 2726 4969 agebant;
2746 4913 2795 4957 et
2814 4913 2871 4957 ut
2887 4917 3020 4961 esset
3043 4889 3357 4977 cli/ferentia,
3382 4912 3577 4967 donum

1998 4985 2256 5053 petebant.
2287 4985 2511 5058 Propter
2535 4991 2675 5062 quod
2701 4994 2837 5065 ignis
2861 4997 3130 5053 ardentem
3158 4999 3454 5057 columnam
3477 5004 3577 5058 du-

1995 5087 2105 5126 cem
2128 5074 2421 5131 Itabuerunt
2450 5079 2641 5149 ignotas
2674 5084 2799 5149 viae,
2834 5095 2883 5139 et
2908 5086 3071 5141 solem
3095 5089 3209 5144 sine
3235 5089 3428 5146 [casura
3456 5094 3557 5167 bon

1872 5342 1909 5402 ,’
1990 5343 2191 5401 lumine
2219 5346 2651 5420 illustrahantur;
2677 5354 2810 5410 ﬁdes
2829 5357 2974 5412 enim
2996 5358 3090 5416 Dei
3110 5370 3166 5417 et
3197 5364 3406 5434 puritas
3442 5381 3572 5424 con-

1993 5434 2233 5491 scientia:
2261 5438 2379 5495 illos
2413 5441 2559 5497 intus
2584 5434 2922 5501 illuminabat
2942 5489 2957 5515 ,
2996 5465 3222 5521 quorum
3251 5470 3436 5514 vocem
3468 5459 3571 5515 ini~

1994 5524 2120 5580 mici
2146 5527 2466 5596 audiebant,
2501 5533 2596 5588 sed
2623 5533 2853 5604 ﬁguram
2879 5553 2986 5594 non
3010 5541 3298 5611 videbant,
3330 5548 3457 5618 quia
3489 5558 3568 5604 te-

1991 5616 2184 5688 nebrae}
2201 5619 2609 5678 obcaecaverunt
2626 5626 2809 5684 oculos
2826 5644 3012 5686 eorum
3031 5674 3047 5699 ,
3068 5643 3124 5690 et
3144 5638 3269 5707 quia
3289 5616 3563 5710 plagarum

1991 5703 2285 5760 tentatione
2305 5721 2426 5776 qua:
2451 5724 2876 5781 supervenerunt
2894 5703 3272 5793 Egyptiis—isti
3289 5703 3409 5779 non
3435 5741 3558 5796 per-

1990 5792 2349 5863 cutiebantur,
2379 5801 2474 5857 sed
2507 5803 2711 5862 cmlcsti
2739 5806 2932 5866 ducatu
2967 5792 3064 5882 per
3090 5813 3393 5869 columnam
3420 5815 3574 5885 ignis-
