4030 6496
422 368 532 431 755

1076 366 1137 421 Β.
1174 363 1429 421 uanam
1465 361 1686 420 suum
1721 359 2044 419 ARCHIEP.
2085 357 2397 421 MOGUNT.
2426 357 2930 436 murmurans
2964 360 3007 419 Ι.

3595 363 3722 425 756

426 488 482 548 in
511 500 692 554 nocte,
719 495 775 544 et
794 497 894 559 per
921 480 1227 540 columnam
1255 480 1415 537 nubis
1446 480 1502 535 in
1531 479 1619 535 die
1646 479 2008 542 ducebantur,
2039 480 2088 542 Α
2114 474 2251 531 toris
2287 475 2354 529 ad
2387 482 2608 546 tempus
2644 475 2892 547 impediri
2927 474 3168 546 possint,
3207 490 3276 532 ne
3303 475 3504 532 cultum
3534 475 3723 532 Chri—

425 578 693 637 conditori
722 591 820 632 suo
844 575 1035 646 dignas
1061 574 1265 644 gratias
1294 574 1543 644 agebant.
1567 571 1735 643 Igitur
1753 570 2010 642 quoniam

423 671 605 728 sancti
640 676 824 742 patres
846 668 936 724 'illi
976 667 1069 738 qui
1107 667 1206 722 sub
1233 665 1429 721 Vetere
1454 662 1804 721 Testamento
1852 663 2011 735 dege-

418 764 583 830 bant,
621 769 934 818 sanctorum
970 759 1201 832 qui.sub
1230 756 1380 813 Novo
1409 756 1758 812 Testamento
1795 753 2012 811 Christo

392 922 393 925 η
419 855 658 912 militant
680 862 864 927 typum
886 850 1276 924 praeferebant;
1304 848 1378 903 illi
1407 848 1458 903 in
1485 843 1720 920 Egypto
1748 846 2012 903 historico

419 945 524 1002 sub
568 944 854 999 Pharaone
901 941 1084 997 alllicti
1131 939 1492 1006 laborabant,
1535 937 1669 992 istos
1704 935 2012 1007 persecutio

418 1037 620 1094 diaboli
649 1037 705 1092 in
740 1035 943 1092 mundo
967 1033 1241 1105 prcssuris
1266 1031 1484 1103 fatigat;
1514 1046 1639 1085 nam
1665 1030 1750 1086 his
1775 1029 2011 1085 maxima

419 1126 513 1185 lux
540 1130 739 1196 micat,
782 1129 878 1200 qui
920 1128 1096 1183 lucem
1124 1142 1311 1183 veram
1339 1141 1460 1197 qua:
1488 1125 1758 1181 illuminat
1793 1138 2009 1180 omnem

418 1223 700 1280 hominem
724 1223 1030 1279 venientem
1064 1222 1121 1277 in
1148 1221 1295 1277 hunc
1332 1220 1592 1276 mundum
1631 1219 1686 1274 in
1717 1218 1898 1274 cordis
1927 1217 2012 1274 sui

420 1313 735 1370 habitaculo
782 1312 970 1369 sedulo
1026 1320 1259 1385 gestant.
1305 1311 1511 1368 [lorum
1560 1311 1779 1381 quidem
1823 1325 2012 1366 vocem

419 1403 831 1477 praedicationis
862 1404 1066 1462 inimici
1106 1405 1366 1471 audiunt,
1393 1405 1485 1460 sed
1515 1400 1741 1475 ﬁguram
1770 1403 2014 1459 veritatis

421 1508 546 1565 qua:
594 1495 649 1551 in
694 1496 780 1553 eis
822 1503 909 1552 est
955 1509 1065 1551 non
1115 1503 1445 1567 agnoscunt,
1493 1495 1616 1551 ideo
1661 1502 1716 1551 et
1758 1494 1867 1551 illis
1904 1509 2013 1551 non

425 1586 678 1642 credunt.
708 1585 820 1642 llos
859 1596 917 1643 et
961 1586 1213 1642 columna
1240 1586 1380 1658 ignis
1403 1586 1457 1640 in
1487 1593 1662 1648 nocte,
1684 1593 1740 1642 et
1764 1585 2014 1642 columna

420 1677 585 1733 nubis
610 1677 666 1732 in
691 1678 782 1734 die
809 1678 980 1745 ducit,
1003 1679 1128 1748 quia
1159 1693 1255 1734 eos
1279 1677 1585 1734 incarnatio
1606 1677 1807 1733 Christi
1838 1678 1894 1732 in
1921 1679 2017 1734 ad-

418 1768 599 1823 versis
623 1775 679 1824 et
707 1769 985 1839 prosperis
1015 1768 1372 1839 protectionis
1400 1784 1512 1824 sua:
1538 1767 1839 1823 munimine
1865 1781 2011 1823 sem-

418 1872 521 1929 per
543 1860 805 1915 custodit.

494 1950 655 2021 Digni
697 1952 908 2023 quidem
953 1953 1034 2008 illi
1071 1966 1249 2007 carere
1287 1951 1402 2007 luce
1429 1993 1444 2018 ,
1494 1959 1543 2006 et
1591 1952 1701 2023 pati
1751 1968 2012 2008 carcerem

422 2042 789 2111 tenebrarum;
816 2046 907 2117 qui
938 2044 1167 2099 inclusos
1196 2044 1556 2100 custodiebant
1583 2043 1723 2113 ﬁlios
1757 2052 1896 2108 tuos,
1922 2059 2016 2113 per

420 2150 553 2202 quos
594 2135 871 2204 incipiebat
914 2145 1218 2206 corruptum
1258 2134 1384 2205 legis
1424 2133 1600 2189 lumen
1640 2133 1834 2188 swculo
1871 2133 2009 2187 dari.

421 2222 555 2279 Cum
597 2226 887 2297 cogitarent
915 2226 1188 2297 justorum
1232 2225 1470 2281 occidere
1507 2224 1776 2294 infantes;
1814 2232 1862 2277 et
1905 2239 2013 2276 una

423 2318 658 2389 exposito
677 2318 791 2388 ﬁlio
816 2329 864 2373 et
885 2318 1126 2386 liberato,
1153 2321 1207 2374 in
1232 2319 1613 2375 traductionem
1640 2317 1851 2372 illorum
1875 2316 2013 2371 mul-

421 2407 697 2465 titudinem
728 2410 963 2479 ﬁliorum
995 2411 1293 2479 abstulisti,
1328 2421 1376 2467 et
1403 2412 1600 2482 pariter
1633 2411 1753 2466 illos
1780 2411 2015 2482 perdidi-

420 2498 495 2551 sti
538 2499 594 2553 in
632 2515 771 2571 aqua
812 2501 1007 2556 valida.
1050 2501 1157 2556 Illa
1197 2503 1335 2557 enim
1379 2519 1485 2557 nox
1528 2513 1649 2557 ante
1692 2502 1897 2572 cognita
1935 2509 2011 2556 est

417 2603 457 2641 α
488 2589 728 2658 patribus
755 2593 950 2648 nostris
969 2631 986 2659 ,
1007 2601 1064 2646 ut
1093 2608 1209 2648 uere
1245 2594 1464 2648 scientes
1489 2594 1675 2663 quibus
1693 2592 2012 2663 juramentis

421 2678 755 2737 crediderunt
784 2685 1188 2756 animmquiores
1224 2696 1412 2740 essent.
1458 2685 1650 2741 Merito
1686 2685 1905 2757 Egypti
1935 2693 2013 2741 te-

421 2770 715 2828 nebrarum
746 2788 936 2844 poenas
972 2777 1351 2844 sustinebant,
1382 2778 1473 2848 qui
1510 2778 1726 2834 invidiae
1764 2778 2011 2834 obscuri-

420 2865 540 2916 tate
573 2865 831 2920 excaecati
858 2867 1119 2937 populum
1148 2864 1245 2924 Dei
1284 2867 1373 2924 cui
1402 2868 1493 2924 lux
1521 2869 1718 2924 divina:
1740 2869 1874 2940 legis
1902 2876 2011 2923 tra-

420 2950 599 3007 denda
619 2963 757 3022 erat,
789 2956 844 3011 in
871 2973 1094 3014 carcere
1119 2974 1219 3015 suo
1249 2959 1486 3015 retinere
1514 2959 1785 3023 volebant,
1805 2968 1860 3014 et
1885 2974 2006 3014 cum

417 3035 656 3095 infantes
685 3040 900 3097 illorum
927 3060 1031 3101 nec
1057 3046 1273 3102 tradere
1306 3047 1690 3118 disponebant,
1730 3063 1838 3103 uno
1866 3047 2004 3114 tilio,

415 3126 525 3185 hoc
563 3140 677 3196 est,
717 3131 928 3206 Moyse,
966 3137 1035 3192 ah
1073 3151 1228 3208 aqum
1264 3138 1643 3195 interiectione
1679 3139 1775 3195 Dei
1802 3137 2007 3207 judicio

418 3223 608 3287 erepto
626 3220 916 3278 multitudo
937 3224 1369 3282 adversariorum
1390 3243 1489 3298 per
1508 3227 1624 3296 ejus
1646 3228 2007 3284 ministerium

415 3307 476 3365 in
501 3326 642 3383 aqua
670 3315 850 3371 valida
879 3318 1164 3374 submersa
1198 3329 1305 3387 est,
1331 3321 1407 3375 ita
1430 3328 1485 3376 et
1512 3336 1657 3378 nunc
1683 3323 1869 3378 hostes
1894 3322 2007 3393 spi-

414 3403 606 3461 ritales
632 3407 726 3477 qui
755 3416 955 3464 emtum
985 3408 1221 3467 ﬁdelium
1253 3412 1522 3483 perimere
1548 3414 1864 3480 moliuntur,
1895 3413 2007 3469 ele-

416 3492 523 3549 ctis
554 3494 650 3549 Dei
677 3510 775 3567 per
809 3513 1008 3568 aquam
1046 3500 1394 3571 baptismatis
1433 3503 1503 3559 ab
1532 3503 1777 3560 hostibus
1810 3503 2009 3560 libera-

414 3581 513 3644 tis,
545 3584 646 3639 soli
675 3585 750 3641 illi
777 3602 901 3643 cum
939 3604 1069 3661 rege
1098 3606 1196 3647 suo
1233 3591 1448 3649 diabolo
1479 3594 1533 3648 in
1562 3594 1693 3664 ipsis
1731 3596 1885 3665 aquis
1911 3611 2010 3667 per

416 3672 621 3730 Christi
644 3679 945 3746 potentiam
977 3683 1375 3753 opprimuntur.
1408 3685 1573 3756 Cujus
1597 3689 1842 3759 mysterii
1866 3689 2007 3746 ratio

415 3771 474 3820 et
512 3764 714 3823 dudum
761 3779 848 3826 est
882 3773 1231 3845 antiquorum
1271 3778 1484 3835 actibus
1524 3779 1899 3851 praeﬁgurata,
1951 3790 2007 3837 et

412 3870 563 3913 nunc
586 3872 685 3928 per
705 3861 999 3917 adventum
1020 3864 1222 3923 Christi
1253 3868 1521 3939 completa

1021 3977 1250 4035 CAPUT
1284 3979 1403 4036 XV.

411 4055 493 4113 De
528 4072 932 4147 exterminatore
960 4066 1227 4147 'ﬁggpti,
1269 4072 1361 4141 qui
1398 4086 1560 4127 ausus
1600 4089 1704 4128 non
1739 4073 1840 4143 fuit
1881 4091 2005 4147 agni

485 4134 742 4202 sanguine
759 4144 933 4206 postes
951 4134 1237 4195 Ilebraicos
1263 4134 1591 4197 consecratos
1612 4134 1930 4215 contingere:

482 4218 737 4292 Suscepta
788 4233 863 4278 est
928 4235 1103 4280 autem
1148 4245 1183 4283 a
1242 4228 1434 4301 populo
1490 4242 1580 4287 tuo
1632 4234 1832 4290 sanitas
1887 4240 2005 4307 qui-

410 4309 527 4367 dem
548 4312 850 4383 justorum,
887 4316 1207 4388 injustorum
1244 4332 1418 4377 autem
1443 4326 1830 4382 exterminatio.
1856 4327 2006 4384 S.'cut

408 4406 546 4460 enim
576 4405 760 4464 (resisti
796 4408 1158 4480 adversarios,
1198 4416 1276 4469 sic
1318 4432 1413 4471 nos
1447 4432 1736 4487 provocans
1760 4420 2005 4490 magni/i-

409 4500 562 4553 casti.
602 4499 865 4557 Absconse
908 4504 1046 4558 enim
1079 4506 1450 4575 sacriﬁcabant
1474 4508 1612 4577 justi
1652 4511 1803 4580 pueri
1843 4510 2003 4565 bono-

408 4605 549 4656 rum,
579 4600 627 4645 et
656 4589 882 4661 justitia:
919 4593 1081 4665 legem
1124 4597 1181 4650 in
1224 4597 1560 4652 concordiam
1595 4598 1998 4669 disposuerunt;

408 4678 652 4733 similiter
687 4681 823 4735 bona
861 4692 909 4737 et
949 4683 1091 4738 mala
1126 4695 1458 4755 percepturos
1486 4687 1662 4757 justas
1700 4691 1841 4759 patri
1880 4706 1996 4744 om-

408 4771 557 4825 nium
584 4772 697 4840 iam
737 4773 1073 4831 decantantes
1116 4775 1319 4833 laudes.
1359 4778 1438 4834 Eo
1473 4787 1716 4851 tempore
1756 4797 1865 4851 quo
1901 4797 1999 4853 po-

405 4863 567 4932 pulus
590 4863 687 4920 Dei
715 4878 812 4935 per
837 4864 1058 4938 Moysen
1086 4876 1143 4924 et
1164 4867 1345 4926 Aaron
1392 4870 1461 4926 de
1486 4869 1725 4943 Egypto
1763 4875 1997 4929 educen-

406 4953 508 5010 dus
537 4962 690 5022 erat,
716 4956 832 5027 ipse
858 4960 1089 5029 populus
1122 4959 1302 5016 adhuc
1330 4960 1384 5016 in
1412 4961 1647 5034 Egypto
1667 4965 1997 5023 constitutus

404 5042 619 5101 Domini
652 5043 809 5117 jussu
852 5051 1067 5119 pascha:
1092 5050 1369 5107 victimam
1407 5052 1751 5119 immolabat;
1789 5061 1845 5109 et
1868 5070 1994 5127 pro—

402 5147 593 5205 pterea
633 5139 767 5195 dicit
802 5155 898 5197 eos
937 5142 1203 5199 absconse
1244 5143 1582 5200 sacriﬁcasse
1603 5186 1619 5211 ,
1673 5144 1800 5215 quia
1844 5155 1993 5202 metu

404 5228 644 5285 hostium
670 5232 845 5286 territi
875 5232 929 5287 id
961 5234 1173 5289 occulte
1202 5234 1483 5305 gerebant,
1506 5235 1586 5290 uti
1612 5243 1670 5290 et
1696 5235 1869 5307 legem
1899 5251 1995 5306 pa-

328 5362 333 5367 .
404 5318 552 5372 schxe
592 5319 826 5389 qualiter
868 5322 1123 5393 deinceps
1163 5324 1429 5379 servanda
1474 5334 1619 5380 esset
1653 5340 1752 5395 per
1794 5324 1994 5395 Moysis

404 5409 707 5464 doctrinam
731 5411 1055 5479 didicerant,
1080 5415 1435 5471 tentationem
1458 5414 1816 5485 reproborum
1844 5415 1990 5486 passi

402 5498 471 5553 ad
499 5506 733 5569 tempus,
766 5502 859 5557 sed
884 5502 954 5557 ab
979 5504 1216 5561 hostium
1254 5506 1506 5562 manibus
1540 5506 1724 5561 divina
1752 5521 1854 5577 ope
1879 5506 1988 5562 cito

400 5586 690 5645 liberandi.
723 5590 899 5649 Simili
939 5596 1099 5651 modo
1127 5605 1184 5651 et
1223 5612 1370 5653 nunc
1410 5598 1743 5669 temporibus
1775 5598 1984 5670 gratiae,

400 5681 546 5735 servi
577 5681 671 5737 Dei
702 5683 899 5752 quibus
934 5686 1059 5742 data
1096 5696 1181 5743 cst
1219 5688 1303 5743 lex
1333 5688 1515 5745 divina
1549 5690 1604 5744 in
1641 5691 1986 5748 concordiam

401 5766 635 5831 duorm
672 5782 1151 5847 testamentorum,
1184 5780 1309 5837 licet
1344 5797 1374 5836 a
1408 5784 1848 5850 persecutoribus
1875 5782 1987 5838 suis

2023 4550 2078 4610 D

2114 564 2305 620 stiana:
2330 563 2607 637 religionis
2633 564 2812 635 palam
2841 564 3137 633 celebrent,
3162 571 3344 620 tamen
3372 564 3516 621 nullo
3535 565 3719 621 modo

2112 653 2388 726 prohiberi
2412 662 2669 725 possunt,
2694 656 2824 727 quin
2851 657 2908 711 in
2937 656 3135 712 abditis
3163 656 3343 713 cordis
3380 656 3463 712 sui
3488 657 3718 714 sacriﬁ—

2113 744 2197 800 cia
2217 744 2402 801 divino
2420 746 2731 816 conspectui
2758 745 2920 819 digna
2947 745 3258 813 exhibeant,
3288 746 3415 817 quia
3437 748 3716 818 scriptum

2113 842 2199 890 est
2228 850 2244 890 :
2276 833 2615 904 Sacriﬁcium
2639 835 2749 890 Deo
2776 835 2992 907 spiritus
3017 835 3432 902 contribulatus,
3458 852 3551 892 cor
3578 853 3721 891 con-

2112 927 2294 981 tritum
2331 934 2379 981 et
2417 925 2752 981 humiliatum
2800 926 2944 983 Deus
2998 944 3103 983 non
3140 927 3339 997 spernit
3384 924 3569 998 (Psal.
3614 928 3717 999 ι).

2111 1015 2182 1072 Et
2207 1015 2337 1071 item
2366 1015 2508 1073 idem
2534 1015 2803 1087 Propheta
2833 1016 2952 1071 ait:
2985 1016 3053 1071 In
3085 1032 3169 1071 me
3193 1025 3351 1083 sunt,
3377 1014 3551 1081 Deus,
3582 1025 3722 1070 tota

2113 1116 2205 1162 tua
2229 1123 2347 1178 qua:
2371 1107 2586 1163 reddam
2616 1107 2946 1163 laudationes
2979 1107 3073 1163 tibi
3108 1107 3283 1179 (Psal.
3309 1107 3418 1180 Lv).
3450 1108 3591 1164 Vota
3610 1105 3721 1175 ju-

2113 1206 2321 1255 storum
2348 1198 2637 1269 placabilis
2663 1206 2792 1255 sunt
2812 1198 3042 1255 Domino
3067 1205 3124 1255 et
3145 1199 3384 1254 victima:
3409 1197 3725 1270 impiorum

2112 1295 2523 1353 abominabiles.

2185 1383 2485 1442 Resonabat
2522 1394 2697 1441 autem
2727 1384 3091 1442 inconveniens
3128 1384 3465 1441 inimicorum
3486 1399 3625 1449 uox,
3659 1391 3725 1437 et

2114 1477 2301 1548 ﬂebilis
2321 1476 2639 1532 audiebatur
2655 1475 2897 1547 planctus
2925 1476 3253 1548 ploratorum
3280 1475 3591 1546 infantium.
3618 1472 3726 1529 Si-

2113 1567 2227 1622 mili
2258 1576 2433 1622 autem
2465 1582 2617 1638 paena
2648 1583 2827 1622 servus
2869 1583 2989 1621 cum
3025 1566 3236 1621 domino
3265 1566 3486 1638 afﬂictus
3514 1573 3624 1629 est,
3661 1572 3726 1618 et

2114 1658 2383 1731 popularis
2421 1659 2575 1713 homo
2627 1659 2736 1730 regi
2778 1657 2973 1713 similia
3023 1674 3233 1729 passus.
3285 1655 3541 1713 Similiter
3585 1670 3727 1726 ergo

2117 1767 2294 1807 omnes
2323 1767 2430 1806 uno
2456 1750 2665 1806 nomine
2693 1750 2900 1816 mortis,
2923 1757 3159 1804 mortuos
3179 1747 3436 1803 habebant
3464 1748 3731 1802 innume-

2041 1846 2089 1907 B
2118 1842 2328 1899 rabiles.
2373 1840 2486 1898 Nec
2518 1841 2659 1897 enim
2694 1840 2765 1895 ad
2801 1838 3155 1912 sepeliendum
3190 1838 3292 1894 vivi
3322 1836 3653 1909 suﬁiciebant
3698 1848 3727 1887 .'

2114 1932 2365 2004 quoniam
2388 1948 2492 1987 uno
2512 1940 2795 1996 momento,
2819 1945 2938 2003 qua:
2957 1937 3071 1984 erat
3089 1928 3413 2000 prmelarior,
3431 1927 3581 1982 natio
3602 1925 3731 1980 illo—

2114 2038 2234 2076 rum
2261 2022 2609 2076 exterminata
2643 2027 2742 2076 est.
2771 2018 2849 2074 De
2877 2020 3116 2075 omnibus
3144 2021 3283 2074 enim
3308 2035 3411 2073 non
3438 2017 3726 2073 credentes

2112 2120 2324 2181 propter
2344 2110 2613 2181 veneﬁcia,
2638 2120 2763 2165 tunc
2788 2127 2910 2166 vero
2930 2111 3158 2181 primum
3180 2127 3300 2165 cum
3325 2109 3428 2180 fuit
3455 2108 3725 2164 extermi-

2114 2204 2257 2258 nium
2289 2204 2776 2275 primogenitorum,
2803 2204 3191 2274 spoponderunt
3220 2202 3472 2274 populum
3498 2201 3606 2257 Dei
3629 2218 3725 2257 es-

2112 2311 2187 2350 se.
2229 2295 2631 2351 Commemorat
2666 2295 2772 2351 hoc
2817 2295 2963 2366 quod
3002 2294 3143 2351 liber
3185 2294 3359 2350 Exodi
3402 2302 3601 2349 narrat
3648 2294 3729 2350 de

2112 2386 2592 2458 primogenitorum
2621 2384 3023 2451 interiectione,
3063 2384 3283 2455 quando
3310 2384 3583 2456 percussit
3609 2384 3727 2440 Do-

2111 2478 2292 2533 minus
2319 2478 2375 2533 in
2410 2478 2588 2535 noctis
2622 2479 2804 2534 medio
2840 2494 3003 2535 omne
3028 2479 3447 2551 primogenitum
3474 2479 3531 2533 in
3560 2487 3725 2535 terra

2112 2569 2363 2642 IEgypti,
2386 2588 2419 2625 a
2445 2570 2790 2642 primogenita
2818 2569 3121 2627 Pharaonis
3144 2572 3234 2642 qui
3256 2571 3466 2628 sedebat
3494 2572 3550 2626 in
3575 2571 3723 2626 solio

2110 2678 2208 2717 suo
2251 2678 2414 2733 usque
2448 2662 2518 2716 ad
2546 2662 2947 2733 primogenitum
2970 2663 3189 2733 captiva:
3215 2678 3332 2734 qua:
3356 2670 3469 2718 erat
3494 2664 3550 2717 in
3584 2679 3721 2717 car-

2111 2771 2248 2820 cere,
2278 2763 2326 2810 et
2356 2770 2506 2810 omne
2534 2754 2938 2826 primogenitum
2958 2754 3321 2825 jumentorum
3351 2753 3549 2826 (Exod.
3580 2754 3717 2826 xu).

2113 2844 2213 2901 Ubi
2238 2860 2348 2902 non
2369 2845 2511 2901 sicut
2529 2846 2682 2916 prius
2702 2844 2907 2901 exitum
2928 2845 3299 2902 lsraelitarum
3320 2861 3381 2902 se
3399 2847 3721 2903 consentire

2110 2935 2556 3003 dissimulabant,
2583 2935 2677 2991 sed
2703 2936 2881 3006 palam
2913 2938 3212 3007 arguebant
3233 2937 3489 3009 populum
3518 2938 3619 2993 Dei
3648 2938 3725 2993 de

2109 3033 2255 3082 terra
2283 3026 2503 3098 IEgypti
2538 3026 2689 3081 exire
2721 3027 2987 3083 velociter
3022 3028 3265 3084 dicentes
3307 3045 3321 3082 :
3361 3026 3556 3083 Omnes
3596 3044 3725 3082 mo-

2109 3134 2330 3173 rtemur.

2033 3203 2079 3267 Ο
2180 3230 2313 3287 Cum
2345 3232 2482 3287 enim
2517 3233 2753 3303 quietum
2791 3231 3059 3287 silentium
3088 3231 3372 3287 contineret
3415 3232 3628 3297 omnia,
3660 3242 3714 3287 et

2110 3338 2216 3377 non:
2258 3323 2314 3377 in
2352 3339 2450 3377 suo
2487 3339 2645 3377 cursu
2689 3323 2919 3377 medium
2959 3323 3061 3376 iter
3096 3322 3340 3387 haberet,
3379 3325 3715 3392 omnipotens

2108 3428 2279 3466 sermo
2311 3421 2432 3466 tuus
2466 3412 2531 3466 de
2563 3411 2690 3466 caelo
2715 3429 2749 3466 a
2778 3411 3041 3483 regalibus
3069 3410 3299 3477 sedibus,
3328 3410 3499 3465 durus
3528 3411 3713 3465 debel-

2108 3501 2247 3556 lator
2283 3503 2338 3556 in
2372 3502 2601 3558 mediam
2629 3503 2929 3558 exterminii
2964 3512 3163 3557 terram
3185 3502 3462 3573 prosilivit,
3493 3502 3713 3572 gladius

2108 3600 2297 3647 acutus
2321 3591 2687 3648 insimulatum
2714 3592 2990 3663 imperium
3018 3602 3169 3647 tuum
3197 3602 3415 3663 portans
3434 3633 3449 3657 ,
3480 3601 3530 3646 et
3557 3600 3709 3647 stans

2108 3682 2320 3756 replevit
2354 3685 2533 3739 omnia
2572 3693 2767 3749 morte,
2809 3693 2858 3738 et
2895 3700 3059 3755 usque
3089 3684 3159 3737 ad
3199 3682 3383 3737 caelum
3419 3683 3712 3752 attingebat

2103 3786 2251 3832 stans
2302 3776 2357 3832 in
2410 3787 2570 3833 terra.
2625 3776 2813 3833 Noctis
2860 3779 3038 3834 medio
3099 3778 3232 3835 dicit
3273 3779 3709 3849 omnipotentem

2106 3867 2275 3923 Deum
2303 3882 2609 3925 sermonem
2639 3870 2706 3925 de
2729 3868 2871 3925 caelo
2899 3885 2931 3924 a
2958 3869 3230 3940 regalibus
3258 3870 3479 3925 sedibus
3503 3870 3704 3923 durum

2105 3956 2489 4014 debellatorem
2517 3959 2571 4014 in
2599 3960 2833 4015 mediam
2859 3961 3173 4015 exterminii
3197 3969 3398 4015 terram
3425 3959 3699 4031 prosilire,

2103 4054 2160 4102 et
2186 4049 2379 4104 mortis
2397 4047 2663 4118 judicium
2692 4058 2945 4120 potenter
2971 4051 3024 4106 in
3053 4051 3234 4122 impiis
3263 4065 3538 4106 exercere.
3568 4048 3706 4116 Quis

2103 4146 2186 4195 est
2218 4140 2367 4196 enim
2406 4155 2588 4196 sermo
2628 4140 2871 4206 Domini,
2924 4142 3032 4197 nisi
3076 4142 3246 4198 Filius
3290 4142 3423 4198 Dei?
3476 4141 3547 4197 de
3593 4156 3704 4211 quo

2100 4226 2339 4284 Joannes
2379 4228 2456 4282 ait
2493 4242 2508 4282 :
2542 4227 2612 4284 1η
2653 4230 2911 4300 principio
2936 4241 3050 4285 erat
3093 4230 3345 4298 Verbum,
3379 4241 3429 4287 et
3470 4229 3702 4287 Verbum

2100 4325 2215 4371 erat
2247 4317 2390 4389 apud
2419 4316 2587 4372 Deum
2606 4359 2621 4384 ,
2651 4328 2699 4373 et
2725 4318 2868 4374 Deus
2894 4328 3007 4375 erat
3039 4318 3265 4375 Verbum
3294 4319 3477 4393 (Joan.
3508 4319 3571 4393 ι),
3603 4336 3705 4391 per

2102 4422 2264 4478 quem
2293 4406 2546 4465 universa
2573 4409 2717 4465 facta
2746 4418 2892 4478 sunt,
2927 4412 3099 4480 quiet
3127 4411 3254 4467 alibi
3281 4412 3567 4467 brachium
3594 4413 3704 4467 Do-

2103 4498 2237 4554 mini
2276 4500 2608 4568 nominatur,
2649 4502 2865 4558 dicente
2908 4502 3046 4558 lsaia
3095 4520 3109 4556 :
3156 4503 3227 4558 Et
3271 4503 3544 4558 brachium
3590 4503 3703 4558 Do-

2100 4592 2234 4646 mini
2271 4592 2358 4645 cui
2383 4591 2665 4647 revelatum
2693 4593 2806 4648 est?
2832 4592 2992 4665 (Isai.
3024 4593 3166 4667 un.)
3206 4594 3351 4649 Idem
3388 4602 3446 4650 et
3474 4595 3699 4650 dextera

2100 4683 2315 4740 Domini
2346 4693 2695 4755 nuncupatur
2717 4693 2940 4756 propter
2963 4684 3268 4741 eﬁ'eetivam
3297 4685 3493 4741 divina:
3522 4685 3698 4739 virtu-

2099 4774 2171 4830 tis
2196 4775 2514 4845 potentiam.
2538 4776 2924 4848 lntelligendus
2945 4784 3031 4832 est
3059 4789 3192 4847 ergo
3214 4791 3394 4832 sermo
3426 4775 3542 4845 ipse
3566 4782 3698 4829 tunc

2097 4879 2196 4934 per
2221 4864 2589 4936 evangelicum
2621 4866 2982 4923 ministerium
3006 4866 3271 4936 judicium
3295 4866 3476 4922 facere
3500 4867 3555 4921 in
3584 4866 3698 4935 pri-

2099 4955 2387 5026 mogenitis
2416 4956 2793 5028 Egyptiorum
2815 4998 2830 5023 ,
2865 4959 2958 5029 qui
2999 4959 3344 5028 postmodum
3387 4956 3696 5012 sanctiﬁca-

2098 5043 2179 5101 bit
2197 5046 2299 5103 sibi
2322 5047 2712 5119 primogenitos
2729 5047 3120 5115 lsraelitarum,
3137 5056 3191 5103 et
3215 5064 3358 5104 nunc
3376 5063 3476 5117 per
3495 5062 3691 5117 aquam

2100 5137 2184 5193 sui
2214 5138 2556 5210 baptismatis
2584 5139 2757 5195 salvat
2787 5139 3184 5195 multitudinem
3213 5138 3576 5205 credentium,
3600 5136 3692 5192 ubi

2100 5236 2156 5285 et
2198 5229 2472 5285 interfecit
2522 5230 2971 5286 innumerabilem
3020 5230 3318 5286 exercitum
3365 5228 3690 5300 spiritalium

2100 5322 2357 5377 hostium.
2404 5321 2761 5377 lnsimilatum
2806 5322 2950 5377 enim
2991 5322 3280 5391 imperium
3329 5322 3545 5376 Domini
3578 5321 3690 5393 gla-

2101 5415 2249 5470 dium
2274 5423 2493 5471 acutum
2518 5424 2765 5486 portasse
2794 5416 2954 5483 dicit;
2985 5416 3110 5487 quia
3145 5432 3325 5472 sermo
3356 5417 3573 5472 Domini
3606 5418 3686 5473 vi-

2093 5520 2195 5560 vus
2221 5512 2278 5561 et
2300 5503 2491 5560 ellicax
2524 5513 2580 5560 et
2616 5504 3007 5575 penetrabilior
3034 5506 3179 5560 omni
3223 5505 3402 5577 gladio
3440 5506 3681 5577 ancipiti.

2093 5595 2151 5651 ln
2188 5597 2419 5652 veritate
2466 5603 2520 5650 et
2559 5597 2676 5651 sine
2717 5596 2824 5651 ulla
2870 5596 3084 5653 ﬁctione
3118 5597 3324 5667 iudicat
3360 5606 3412 5653 et
3450 5598 3683 5667 disponit

2093 5688 2306 5755 omnia;
2343 5697 2494 5744 stans
2529 5689 2582 5743 in
2613 5697 2754 5744 terra
2784 5704 2954 5759 usque
2983 5689 3049 5745 ad
3071 5688 3239 5745 cmlos
3265 5689 3485 5761 attingit
3513 5707 3527 5743 :
3557 5688 3679 5760 quia

2095 5779 2220 5836 licet
2249 5780 2558 5837 incarnatus
2589 5781 2732 5837 inter
2760 5781 3006 5838 homines
3041 5788 3456 5839 convcrsarctur
3487 5780 3540 5836 in
3570 5787 3675 5833 ωτ-
