4030 6470
338 333 440 388 757

1150 322 1501 382 COMMENT.
1539 321 1605 376 IN
1644 319 1902 377 LIBRUM
1943 316 2346 375 SAPIENTIAE.
2384 347 2453 355 —
2493 316 2620 371 LIB.
2659 315 2746 371 III.

3491 315 3594 369 738

334 464 430 512 ra,
471 441 751 513 majestate
794 448 970 496 tamen
1005 451 1102 494 sua
1142 436 1472 494 transcendit
1509 434 1760 490 universa
1801 448 1911 488 cm-
1935 439 1989 499 Α
2014 430 2250 495 duobus,
2281 446 2401 499 qua:
2426 438 2571 484 tanta
2602 430 2805 495 virtus,
2837 433 2978 501 quod
3008 431 3290 497 meritum,
3319 446 3428 502 quo
3466 447 3592 487 sex-

336 538 515 594 lestia.

410 628 557 683 Tunc
588 626 835 682 continuo
864 625 1003 679 visus
1033 622 1355 678 somniorum
1380 617 1641 674 malorum
1667 616 1908 672 turbave—

337 730 460 778 runt
486 717 628 785 illos,
653 726 702 772 et
725 718 935 771 timores
954 721 1355 786 supervenerunt
1379 708 1651 781 insperati.
1680 708 1748 762 Et
1774 706 1911 763 alius

337 813 468 868 alibi
503 810 770 881 projectus
808 806 1080 863 semivivus
1116 812 1329 875 propter
1370 817 1527 872 quam
1572 798 1911 864 moriebatur,

338 917 557 958 causam
584 897 970 954 demonstrabat
1004 895 1208 949 mortis.
1249 890 1486 946 Visiones
1515 891 1675 955 enim,
1700 904 1818 959 qute
1843 886 1912 941 il-

337 996 418 1050 los
459 993 830 1057 turbaverunt,
876 988 987 1044 lucc
1022 984 1438 1059 prtcmonebant,
1468 999 1530 1037 ne
1568 980 1720 1036 inscii
1754 995 1916 1050 quare

338 1083 483 1138 mala
509 1082 840 1153 patiebantur
875 1078 1121 1150 perirent.
1156 1075 1325 1130 Recte
1355 1072 1554 1129 dicitur
1589 1069 1733 1141 quod
1770 1069 1917 1124 visus

337 1174 676 1229 somniorum
712 1169 975 1225 malorum
1014 1176 1071 1223 et
1102 1167 1323 1221 timores
1361 1163 1619 1234 insperati
1662 1162 1915 1217 turbave-

339 1263 451 1318 rint
496 1262 680 1316 hostes
723 1258 904 1331 populi
944 1257 1069 1322 Dei,
1116 1264 1177 1310 ut
1218 1269 1319 1310 nec
1360 1253 1703 1326 vigilantibus
1741 1266 1918 1321 neque

337 1353 732 1410 dormientibus
756 1350 969 1421 requies
989 1349 1094 1403 ulla
1120 1349 1339 1404 daretur
1357 1345 1449 1417 qui
1469 1353 1689 1416 propter
1712 1342 1919 1398 scelera

335 1459 437 1498 sua
464 1442 631 1497 futuri
658 1448 812 1496 erant
842 1438 911 1493 ad
946 1445 1212 1494 tormenta
1239 1443 1518 1506 perpetua.
1555 1432 1707 1501 Quod
1736 1440 1918 1487 autem

337 1536 471 1606 ipsa:
497 1534 667 1605 plaga:
693 1532 1096 1603 prmmonehant
1130 1545 1253 1586 reos
1276 1535 1335 1582 ut
1359 1534 1714 1599 agnoscerent
1753 1539 1921 1595 quare

336 1625 480 1681 mala
503 1630 837 1695 paterentur,
866 1638 932 1678 ne
956 1621 1112 1678 inscii
1143 1619 1414 1691 perirent,
1429 1620 1533 1674 hoc
1560 1617 1818 1674 bonitatis
1839 1624 1922 1672 est

338 1714 472 1783 Dei,
519 1716 612 1787 qui
652 1715 773 1770 ideo
812 1722 1099 1784 peccantes
1139 1712 1368 1783 castigat
1408 1720 1467 1767 ut
1507 1728 1537 1766 a
1581 1710 1818 1780 peccatis
1863 1724 1922 1764 se

2010 532 2170 580 conta
2197 523 2362 577 millia
2390 532 2447 578 et
2466 539 2532 579 eo
2561 509 2792 592 amplius
2817 523 3114 578 liberentur
3144 523 3213 579 ab
3240 523 3465 581 interitu
3496 539 3594 579 va-

2011 612 2265 670 statoris?
2301 614 2412 685 Ego
2439 614 2697 681 arbitror,
2727 615 2871 685 quod
2904 615 2956 669 in
2992 615 3172 686 Moyse
3196 615 3282 672 lex
3319 615 3594 687 signiﬁce-

2013 714 2122 771 tur,
2151 720 2273 775 quaa
2292 705 2449 762 docet
2470 705 2718 762 homines
2739 707 3018 762 scientiam
3045 716 3101 762 et
3124 723 3364 766 amorem
3394 710 3512 767 Dei.
3538 709 3605 765 In

2011 794 2193 851 Aaron
2225 794 2559 867 supplicandi
2596 797 2764 852 Deum
2806 806 2864 852 et
2904 798 3224 855 obsecrandi
3256 816 3381 858 eum
3422 802 3606 858 forma

2012 886 2282 943 consistit.
2316 886 2374 942 Si
2408 901 2538 959 ergo
2575 888 2786 943 accidat
2821 888 3110 958 aliquando
3141 890 3414 963 indignari
3445 893 3601 951 nobis

2013 976 2099 1030 vel
2131 975 2385 1032 universo
2411 976 2609 1048 populo
2635 976 2826 1043 Deum,
2850 987 2907 1032 et
2929 979 3193 1035 sententia
3224 979 3449 1037 ultionis
3476 997 3604 1052 pro-

2015 1067 2173 1125 cedat
2207 1083 2239 1122 a
2279 1067 2414 1135 Deo,
2442 1069 2627 1125 redeat
2659 1077 2840 1126 autem
2878 1069 2965 1126 lex
2994 1071 3087 1127 Dei
3122 1073 3179 1128 in
3207 1087 3304 1129 cor
3331 1082 3603 1140 nostrum,
3645 1090 3659 1107 σ

2016 1173 2363 1215 commoneas
2397 1176 2497 1216 nos
2522 1169 2580 1216 et
2602 1161 2802 1217 docens
2830 1163 3072 1217 converti
3097 1164 3165 1220 ad
3198 1165 3601 1235 paenitentiam,

2017 1247 2330 1304 satisfacere
2358 1265 2456 1319 pro
2481 1250 2710 1317 delictis,
2736 1250 3038 1321 supplicare
3064 1267 3163 1321 pro
3194 1251 3391 1323 culpis,
3419 1266 3603 1308 cessa-

2017 1338 2099 1392 bit
2127 1337 2383 1393 continuo
2406 1338 2686 1395 iracundia
2703 1379 2721 1405 ,
2748 1339 3047 1411 indignatio
3073 1340 3449 1411 conquiescet,
3481 1352 3594 1408 pro-

2018 1430 2301 1502 pitiabitur
2330 1431 2593 1487 Dominus
2611 1472 2625 1499 ,
2654 1431 2810 1502 quasi
2853 1431 3038 1504 Moyse
3077 1441 3136 1488 et
3163 1431 3344 1488 Aaron
3376 1431 3594 1487 interce-

2020 1519 2272 1576 dentibus
2304 1535 2406 1591 pro
2432 1520 2616 1587 nobis,
2654 1530 2710 1576 et
2747 1522 3005 1578 universo
3033 1522 3229 1593 populo
3257 1521 3600 1593 supplicanti-

2019 1608 2141 1664 bus.
2188 1607 2246 1664 Si
2297 1625 2428 1666 vero
2481 1610 2772 1683 aliquando
2812 1613 3023 1667 oriatur
3060 1612 3361 1685 indignatio
3404 1610 3502 1667 Dei
3554 1618 3605 1664 et

2022 1700 2205 1755 ve’niat
2230 1716 2330 1770 pro
2365 1702 2602 1772 peccatis
2631 1718 2773 1757 saava
2806 1702 3107 1773 correptio,
3148 1716 3255 1758 non
3284 1701 3605 1758 indurcntut

332 1814 713 1873 coerceant,ct
734 1804 1106 1875 pmoitentiam
1130 1803 1196 1859 de
1218 1802 1373 1857 malis
1401 1801 1691 1873 praeteritis
1718 1808 1916 1873 agant;
1948 1792 2205 1890 Boautem
2232 1792 2394 1848 corda
2419 1800 2607 1848 nostra
2638 1808 2707 1848 ne
2734 1802 3115 1850 convertamur
3142 1794 3210 1851 ad
3236 1795 3403 1850 Deum
3422 1833 3437 1858 9
3473 1805 3606 1847 11ch

336 1900 384 1955 si
414 1908 596 1953 autem
622 1898 1088 1969 perseveraverint
1113 1896 1165 1951 in
1196 1896 1338 1950 malo
1367 1903 1421 1950 et
1449 1895 1708 1966 patientia
1738 1893 1833 1949 Dei
1856 1894 1923 1949 ad

332 1997 687 2058 augmentum
715 1988 1015 2043 facinorum
1054 2001 1275 2042 suorum
1303 1985 1617 2050 abutuntur,
1652 1984 1799 2055 justo
1829 1983 1924 2039 Dei

328 2080 538 2151 judicio
575 2076 816 2135 damnati
848 2076 966 2133 sine
993 2076 1344 2132 excusatione
1383 2074 1439 2129 in
1476 2071 1659 2129 futuro
1688 2070 1923 2143 punian-

338 2180 447 2227 tur.
923 2257 1152 2316 CAPUT
1188 2258 1331 2316 XVI.

336 2375 418 2432 De
448 2373 629 2446 Moyse
650 2382 699 2428 et
730 2372 907 2446 Aaron
943 2381 1124 2446 narrat
1151 2371 1291 2442 quod
1326 2387 1430 2426 non
1458 2370 1645 2446 virtute
1669 2368 1929 2446 corpgris,

407 2445 499 2502 sed
534 2437 638 2512 fide
674 2452 721 2499 et
758 2443 995 2497 oratione
1029 2437 1318 2496 eduxerunt
1361 2438 1611 2512 populum
1650 2439 1714 2493 de
1755 2437 1926 2508 Egy-

408 2526 520 2588 pto.

413 2628 600 2701 Tetigit
625 2638 798 2683 autem
819 2637 941 2681 tunc
968 2635 1015 2680 et
1032 2625 1210 2696 justas
1241 2624 1456 2679 tentatio
1481 2621 1687 2688 mortis,
1711 2628 1760 2676 et
1785 2634 1932 2675 com-

339 2724 499 2779 motio
538 2723 593 2776 in
625 2737 795 2776 eremo
833 2719 975 2790 facta
1008 2728 1084 2773 est
1119 2715 1503 2781 multitudinis,
1545 2714 1638 2769 sed
1678 2729 1784 2768 non
1833 2712 1927 2765 diu

336 2816 624 2887 permansit
657 2815 711 2868 in
734 2814 815 2867 ira
842 2823 953 2867 tua.
984 2809 1283 2881 Properans
1309 2808 1445 2864 enim
1476 2808 1632 2861 homo
1661 2806 1773 2861 sine
1796 2819 1925 2876 que-

340 2906 452 2961 rela
491 2904 762 2977 deprecari
799 2919 892 2974 pro
932 2900 1167 2973 populis,
1212 2899 1480 2970 proferens
1522 2896 1783 2951 servitutis
1816 2910 1926 2949 sua:

336 3007 569 3064 scutum,
602 2997 893 3051 orationem
922 3003 970 3049 et
997 3010 1089 3063 per
1117 2993 1385 3046 incensum
1412 2987 1826 3060 deprecationem
1847 2985 1927 3041 al-

336 3087 540 3158 legans,
556 3087 741 3141 restitit
763 3085 877 3149 ine,
897 3093 943 3137 et
965 3083 1124 3152 ﬁnem
1146 3080 1387 3152 imposuit
1412 3078 1725 3143 necessitati,
1748 3085 1922 3131 osten-

337 3141 468 3233 dens
491 3176 740 3249 quoniam
774 3184 897 3228 tuus
927 3141 1001 3227 est
1038 3141 1291 3240 famulus.
1339 3168 1473 3223 Vicit
1508 3177 1684 3222 autem
1712 3141 1920 3230 turbas,
1950 3141 1995 3206 Ο

338 3285 447 3323 non
481 3269 536 3322 in
569 3269 755 3322 virtute
792 3266 1024 3336 corporis
1044 3305 1059 3330 ,
1100 3280 1191 3318 nec
1219 3271 1505 3317 armatura:
1542 3259 1803 3331 potentia,
1834 3258 1926 3313 sed

340 3358 495 3412 verbo
522 3356 672 3411 illum
699 3357 787 3428 qui
812 3373 866 3410 se
892 3357 1106 3410 vexabat
1131 3354 1379 3424 subjecit,
1403 3352 1709 3422 juramenta
1732 3366 1924 3421 paren-

343 3459 488 3512 tum,
530 3458 577 3502 et
601 3456 965 3502 testamentum
1003 3459 1434 3498 commemorans.
1472 3440 1812 3496 Rccordatur
1839 3439 1928 3494 hic

344 3536 615 3603 historiae,
647 3553 764 3606 quae
803 3535 858 3589 in
902 3534 1257 3589 Numerorum
1305 3532 1447 3587 libro
1489 3539 1764 3595 narratur,
1794 3544 1929 3599 quo-

341 3628 505 3684 modo
530 3636 654 3699 post
688 3627 1118 3683 interfectionem
1144 3625 1341 3691 Chore,
1370 3625 1581 3680 Datban
1612 3632 1668 3678 et
1701 3622 1924 3689 Abiron,

341 3721 439 3776 filii
466 3722 630 3777 Israel
665 3721 1122 3776 murmuraverint
1158 3727 1345 3775 contra
1387 3718 1607 3790 Moysen
1636 3727 1692 3772 et
1724 3718 1926 3783 Aaron,

340 3811 584 3867 dicentes
614 3831 627 3867 :
662 3812 765 3867 Vos
791 3813 1121 3882 interfecistis
1148 3809 1397 3881 populum
1422 3810 1538 3865 Dei.
1567 3809 1799 3881 Cumque
1824 3811 1930 3864 ori-

343 3912 489 3958 retur
511 3903 697 3958 seditio
719 3912 767 3958 et
793 3901 1049 3956 tumultus
1076 3903 1403 3967 incresceret,
1430 3899 1646 3971 Moysen
1676 3910 1725 3955 et
1748 3900 1929 3956 Aaron

342 3995 588 4067 fugerunt
614 3997 671 4049 in
701 3993 1097 4049 tabernaculum
1138 3993 1368 4062 fwderis.
1397 3992 1465 4046 Et
1495 3992 1701 4046 locutus
1723 4002 1798 4047 est
1824 3992 1931 4047 Do-

342 4087 518 4141 minus
546 4087 616 4142 ad
649 4086 868 4157 Moysen
896 4095 945 4141 et
981 4085 1161 4140 Aaron
1186 4085 1364 4139 dicens
1393 4100 1411 4138 :
1441 4083 1705 4139 Discedite
1733 4083 1796 4138 de
1821 4099 1931 4138 me-

340 4179 432 4232 dio
470 4194 749 4250 synagoga:
781 4177 960 4247 hujus,
993 4185 1042 4231 et
1072 4175 1369 4231 interimam
1401 4173 1518 4228 illos
1546 4173 1611 4228 de
1646 4172 1825 4228 semel.
1857 4172 1942 4250 Et.

340 4270 642 4325 ceciderunt
668 4271 723 4325 in
747 4270 934 4340 faciem
958 4284 1132 4323 suam.
1159 4266 1392 4338 Cumque
1407 4265 1648 4335 jacerent
1678 4265 1734 4317 in
1761 4273 1931 4329 terra,

341 4365 480 4418 dixit
511 4362 716 4435 Moyses
742 4363 811 4416 ad
841 4364 1020 4416 Aaron
1052 4377 1070 4415 :
1099 4358 1244 4414 Tolle
1276 4356 1632 4421 tlturibulum,
1666 4364 1714 4410 et
1739 4356 1928 4409 hausto

346 4457 465 4526 igne
490 4456 553 4510 de
578 4455 736 4510 altari
761 4455 903 4509 mitte
929 4454 1197 4508 incensum
1218 4450 1458 4521 desuper,
1485 4464 1699 4519 pergens
1723 4447 1826 4500 cito
1854 4446 1925 4500 ad

343 4548 592 4618 populum
620 4557 674 4601 ut
710 4563 855 4618 roges
881 4563 975 4618 pro
1008 4545 1114 4611 eis,
1138 4543 1257 4615 jam
1282 4542 1420 4597 enim
1451 4556 1657 4612 egressa
1683 4549 1757 4594 est
1784 4539 1867 4593 ira
1889 4555 1923 4594 a

346 4638 591 4702 Domino,
618 4648 666 4693 et
690 4637 848 4708 plaga
879 4635 1130 4691 desteviit.
1164 4633 1316 4699 Quod
1342 4648 1461 4686 cum
1483 4630 1688 4701 fecisset
1718 4628 1926 4695 Aaron,

344 4739 393 4782 et
419 4728 729 4782 cucurrisset
755 4726 822 4780 ad
836 4724 1070 4780 mediam
1084 4721 1492 4787 multitudinem,
1508 4734 1667 4791 quam
1688 4716 1923 4773 vastabat

344 4820 663 4886 incendium,
692 4818 877 4875 obtulit
903 4819 1196 4882 thimiame,
1219 4826 1265 4869 et
1287 4824 1431 4869 stans
1455 4814 1589 4867 inter
1608 4819 1840 4866 mortuos
1862 4826 1925 4863 ac

344 4911 569 4965 viventes
599 4926 692 4981 pro
720 4907 910 4979 populo
935 4907 1239 4978 deprecatus
1278 4913 1385 4969 est,
1420 4911 1467 4957 et
1494 4902 1651 4971 plaga
1684 4900 1922 4954 cessavit.

348 5000 591 5055 Fuerunt
624 5010 795 5054 autem
821 5000 909 5071 qui
933 4998 1163 5069 percussi
1191 5004 1313 5051 sunt
1339 4993 1734 5066 quatuordecim
1758 4989 1928 5045 millia

347 5094 616 5148 hominum
642 5104 689 5149 et
714 5092 1039 5164 septingenti,
1060 5092 1251 5161 absque
1278 5090 1342 5144 iis
1368 5088 1457 5159 qui
1480 5087 1741 5158 perierant
1767 5084 1824 5137 in
1848 5098 1931 5137 se-

347 5184 544 5239 ditione
572 5182 740 5239 Chore
765 5181 842 5254 (Ν
848 5198 954 5236 am.
988 5180 1121 5253 xvi).
1149 5179 1302 5235 Unde
1325 5176 1663 5248 pensandum
1690 5181 1774 5229 est
1794 5185 1930 5242 quo-

347 5275 510 5330 modo
531 5275 586 5329 in
617 5273 869 5330 Sodomis
891 5272 1107 5344 quando
1132 5272 1199 5326 ad
1222 5268 1505 5325 minimum
1536 5267 1722 5321 decem
1746 5262 1929 5332 requi-

346 5367 625 5432 rebantur,
643 5381 741 5435 per
759 5379 896 5435 quos
918 5364 1009 5418 vix
1037 5363 1085 5418 si
1108 5361 1247 5417 forte
1270 5357 1470 5416 salvari
1491 5363 1731 5428 possent,
1751 5353 1807 5408 hi
1831 5351 1925 5422 qui

345 5458 665 5512 habitabant
691 5455 1030 5527 Pentapolim
1065 5452 1455 5515 Sodomorum,
1488 5462 1634 5502 nunc
1663 5452 1843 5499 autem
1871 5449 1927 5497 et

339 5547 453 5617 jam
484 5549 591 5603 duo
614 5547 661 5603 si
693 5555 876 5602 tamen
901 5545 1246 5601 inveniantur
1270 5541 1429 5606 tales,
1453 5537 1627 5609 qualis
1654 5534 1756 5588 fuit
1780 5531 1927 5602 Moy-

345 5656 433 5695 ses
464 5648 518 5694 et
545 5639 725 5695 Aaron
753 5638 997 5695 sullicere
1019 5641 1279 5706 possunt,
1311 5640 1372 5687 ut
1397 5645 1527 5703 gens
1556 5625 1924 5683 Israelitarum

346 5741 458 5790 tota
486 5733 744 5791 salvetur.
775 5730 916 5799 Quid
943 5745 1074 5802 ergo
1102 5728 1343 5785 dicemus
1368 5723 1598 5795 amplius
1618 5734 1737 5777 esse
1762 5719 1814 5774 in
1838 5715 1922 5773 his

2026 1881 2376 1937 humiliemur
2403 1883 2455 1937 in
2477 1892 2766 1954 conspectu
2792 1884 2931 1954 ejus,
2952 1894 3013 1939 ut
3040 1885 3092 1939 in
3119 1882 3460 1941 confessione
3483 1896 3603 1950 sup-

2025 1973 2375 2049 plicatiquum
2400 1982 2580 2032 motus
2597 1974 2716 2045 ejus
2731 1984 2788 2031 et
2809 1975 3139 2032 iracundiam
3164 1975 3492 2045 mitigemus,
3515 1972 3609 2027 Sed

2025 2084 2058 2126 e
2080 2069 2358 2125 contrario
2383 2069 2628 2127 dicamus
2659 2085 2675 2124 :
2701 2068 2815 2126 Non
2845 2078 2931 2125 est
2952 2070 3062 2125 Deo
3086 2084 3214 2124 cura
3236 2069 3303 2124 de
3327 2067 3439 2122 vita
3465 2079 3610 2121 mor-

2025 2160 2212 2215 talium
2235 2201 2252 2228 ,
2292 2174 2393 2218 nec
2426 2161 2699 2231 pertinent
2744 2162 2860 2217 lucc
2897 2162 2966 2216 ad
3013 2161 3210 2226 Deum;
3257 2158 3475 2230 reliquit
3510 2173 3611 2213 nos

2025 2251 2155 2307 olim
2174 2292 2191 2317 ,
2220 2267 2323 2308 nec
2358 2252 2425 2307 ad
2454 2251 2705 2307 notitiam
2734 2251 2849 2321 ejus
2884 2252 2985 2307 ista
3012 2249 3354 2322 perveniunt.
3387 2248 3445 2303 Si
3483 2246 3611 2301 talia

2026 2341 2329 2414 cogitemus
2351 2341 2405 2395 in
2433 2340 2688 2396 cordibus
2711 2341 2942 2404 nostris,
2975 2350 3031 2394 ct
3060 2340 3175 2393 haec
3200 2335 3268 2393 de
3298 2349 3394 2392 ore
3425 2341 3612 2390 nostro

2028 2436 2358 2508 procedant,
2393 2444 2604 2493 certum
2634 2443 2855 2490 estnon
2882 2448 3002 2489 esse
3033 2433 3088 2487 in
3114 2430 3268 2487 nobis
3304 2429 3523 2500 Moysen
3559 2434 3614 2481 et

2025 2527 2233 2593 Aaron,
2259 2526 2394 2597 legis
2414 2526 2622 2581 scilicet
2641 2523 2923 2579 scientiam
2948 2530 2998 2577 et
3029 2520 3237 2576 fruetus
3261 2515 3611 2588 ptenitentiac,

2024 2629 2127 2687 per
2156 2631 2292 2685 quos
2322 2614 2602 2670 interitum
2631 2612 2961 2668 imminentis
2996 2609 3148 2667 exitii
3187 2607 3458 2679 possimus
3484 2619 3612 2660 eva-

2029 2706 2178 2761 dere.

2603 2791 2832 2850 CAPUT
2869 2789 3025 2846 XVII.

2029 2889 2413 2945 Commemorat
2452 2883 2679 2957 qualiter
2718 2883 2818 2957 ﬁlii
2861 2880 3031 2957 Israel
3078 2881 3135 2935 in
3184 2880 3388 2957 deserto
3432 2889 3616 2931 concu-

2178 2958 2380 3029 pierant
2413 2950 2595 3011 carnes
2617 2964 2665 3009 et
2692 2950 2816 3007 data
2843 2963 2914 3006 est
2945 2950 3050 3006 illis
3081 2956 3454 3020 ortygometra.

2100 3065 2233 3122 Cum
2277 3065 2417 3120 enim
2437 3063 2553 3134 jam
2588 3062 2871 3117 acervatim
2908 3059 3212 3115 cecidissent
3258 3071 3415 3128 super
3455 3052 3614 3109 alter-

2027 3168 2203 3213 utrum
2227 3156 2444 3222 mortui,
2472 3154 2759 3220 interstitit,
2774 3161 2823 3208 et
2844 3150 3130 3222 amputavit
3156 3149 3422 3218 impetum,
3456 3153 3505 3200 et
3532 3144 3618 3197 dio

2028 3251 2146 3305 visit
2182 3248 2328 3302 illam
2352 3264 2469 3318 qua:
2494 3246 2564 3301 ad
2594 3246 2733 3302 vivos
2764 3244 2984 3300 ducebat
3014 3244 3173 3298 viam.
3209 3240 3278 3295 In
3315 3247 3449 3295 veste
3472 3237 3613 3293 cuitu

2026 3341 2254 3413 poderis,
2294 3357 2453 3412 quam
2478 3340 2721 3406 habebat,
2754 3348 2896 3394 totus
2919 3346 3032 3393 erat
3067 3336 3207 3391 orbis
3236 3343 3498 3389 terrarum
3515 3370 3535 3397 ,
3562 3340 3613 3386 et

2026 3446 2305 3507 parentum
2325 3434 2593 3506 magnalia
2604 3435 2659 3489 in
2680 3430 3189 3505 quatuorordinibus
3207 3426 3442 3500 lapidum
3464 3432 3613 3480 erant

2026 3527 2261 3599 sculpta,
2292 3534 2341 3580 et
2369 3524 2756 3597 magniﬁcentia
2794 3532 2890 3577 tua
2927 3522 2982 3575 in
3010 3519 3306 3574 diademate
3337 3514 3524 3586 capitis
3549 3511 3616 3566 il-

2027 3622 2129 3675 lius
2154 3618 2358 3690 sculpta
2384 3626 2517 3673 erat.
2546 3615 2606 3673 In
2628 3630 2694 3673 eo
2723 3622 2905 3671 autem
2933 3612 3078 3683 quod
3105 3608 3238 3665 dicit
3262 3607 3317 3662 in
3342 3612 3495 3661 veste
3522 3617 3616 3674 po-

2028 3711 2196 3774 deris,
2223 3723 2385 3779 quam
2411 3706 2651 3779 pontifex
2676 3706 2932 3769 habebat,
2955 3716 3077 3759 esse
3098 3708 3271 3756 totum
3292 3696 3479 3755 orbem
3510 3702 3619 3750 ter-

2027 3813 2234 3866 rarum,
2267 3805 2324 3853 et
2352 3803 2644 3867 parentum
2680 3793 2952 3866 magnalia
2984 3792 3039 3846 in
3071 3796 3307 3861 quatuor
3335 3784 3617 3867 ordinibus

2026 3864 2264 3962 lapidum
2291 3864 2524 3958 sculpta,
2551 3893 2607 3943 et
2631 3864 3088 3957 magnificentiam
3111 3881 3206 3937 Dei
3228 3880 3283 3935 in
3312 3864 3614 3935 diademate

2026 3997 2190 4052 quam
2219 3981 2335 4051 ipse
2355 3976 2600 4050 pontifex
2630 3976 2688 4032 in
2718 3975 2893 4045 capite
2917 3973 3171 4046 gerebat,
3205 3969 3334 4027 licet
3360 3969 3478 4024 Ilth
3505 3966 3618 4021 vir-

2027 4080 2207 4129 tutum
2232 4071 2477 4129 omnium
2504 4068 2813 4140 exprimant
2841 4066 3058 4130 seriem,
3085 4078 3222 4135 quas
3251 4059 3491 4133 pontifex
3517 4058 3615 4114 Dei

2028 4168 2083 4223 in
2111 4166 2358 4223 doctrina
2387 4172 2443 4220 et
2471 4161 2879 4219 conversatione
2917 4173 3015 4214 sua
3050 4157 3253 4213 habere
3292 4153 3487 4216 debet,
3528 4158 3615 4205 ta-

2027 4272 2152 4313 men
2181 4271 2402 4312 sensum
2430 4268 2594 4323 quem
2632 4250 2843 4306 Hebraei
2884 4250 2940 4303 in
2975 4256 3127 4303 veste
3164 4242 3483 4301 sacerdotali
3512 4242 3614 4297 ha-

2013 4348 2189 4411 bent,
2228 4346 2319 4400 hic
2364 4350 2627 4414 ponentes
2669 4340 2960 4411 mysticam
3004 4337 3121 4407 ejus
3164 4332 3616 4405 signiﬁcationem

2030 4437 2156 4493 alibi
2181 4433 2551 4491 disserendam
2580 4444 2946 4489 reservamus.
2975 4428 3219 4495 Quatuor
3250 4438 3380 4492 ergo
3407 4420 3616 4478 colores

2029 4529 2099 4584 ad
2142 4534 2377 4599 quatuor
2418 4523 2685 4580 elementa
2729 4520 2973 4575 referunt
3008 4532 3076 4573 ex
3118 4515 3315 4587 quibus
3361 4510 3616 4567 universa

2030 4596 2335 4673 subsistunt
2366 4631 2380 4668 :
2408 4612 2631 4684 byssum
2659 4617 2821 4665 terrae
2846 4607 3107 4677 deputant
3132 4616 3251 4673 qua:
3278 4614 3347 4656 ex
3369 4607 3514 4654 terra
3533 4596 3617 4668 gi-

2030 4711 2244 4784 gnitur;
2283 4721 2579 4779 purpuram
2615 4703 2752 4760 mari
2791 4717 2913 4774 qua:
2938 4717 3007 4757 ex
3041 4698 3159 4769 ejus
3188 4697 3411 4754 conchis
3447 4694 3614 4765 tingi-

2029 4783 2161 4866 tur;
2209 4798 2569 4870 hyacinthum
2610 4792 2753 4859 aeri,
2799 4800 3020 4863 propter
3063 4787 3260 4844 coloris
3306 4783 3616 4842 similitudi-

2031 4905 2187 4954 nem;
2226 4902 2449 4944 coccum
2477 4884 2587 4956 igni
2610 4892 2667 4938 et
2691 4881 2909 4945 aetheri,
2951 4880 3046 4952 qui
3074 4876 3338 4934 Hebraice
3366 4874 3486 4930 sani
3522 4888 3618 4943 ap-

2030 4982 2264 5055 pellatur
2289 4994 2304 5033 :
2337 4986 2393 5034 et
2413 4975 2620 5046 justum
2646 4989 2766 5031 esse
2794 4976 3238 5031 commemorant,
3275 4974 3340 5022 ut
3370 4961 3615 5035 pontifex

2029 5053 2296 5128 creatoris
2324 5084 2431 5125 non
2465 5066 2638 5123 solum
2664 5080 2764 5136 pro
2786 5061 2981 5126 Israel,
3013 5059 3107 5116 sed
3139 5066 3196 5114 et
3222 5072 3323 5128 pro
3360 5053 3616 5111 universo

2030 5163 2239 5220 mundo
2266 5168 2437 5233 roget.
2471 5156 2749 5228 Siquidem
2779 5170 2845 5211 ex
2880 5162 3024 5208 terra
3058 5159 3115 5207 et
3147 5164 3285 5220 aqua
3311 5155 3368 5204 et
3399 5159 3525 5202 acre
3557 5152 3616 5201 et

2030 5255 2153 5327 igne
2182 5254 2413 5309 mundus
2438 5251 2540 5306 iste
2568 5247 2829 5304 consistat
2854 5252 2908 5299 et
2928 5243 3043 5299 haec
3069 5240 3337 5298 elementa
3360 5236 3472 5294 sint
3497 5251 3614 5291 om-

2030 5345 2199 5399 nium.
2234 5342 2383 5398 Unde
2415 5340 2647 5412 primum
2673 5336 2873 5391 lineum
2899 5332 3281 5388 vestimentum
3301 5335 3388 5387 est
3409 5336 3617 5384 terram

2030 5433 2371 5505 signiﬁcans;
2410 5428 2705 5485 secundum
2755 5422 3167 5495 hyacinthinum
3208 5434 3430 5477 aereum
3467 5416 3613 5474 colo-

2032 5541 2150 5581 rem
2178 5525 2583 5585 demonstrans,
2611 5519 2737 5589 quia
2763 5518 2832 5575 de
2860 5516 3093 5572 terrenis
3121 5514 3381 5586 paulatim
3414 5509 3484 5565 ad
3520 5523 3613 5565 ex-

2029 5614 2175 5671 celsa
2201 5612 2561 5677 sustollimur,
2585 5617 2642 5666 et
2671 5609 2787 5679 ipsa
2810 5607 2978 5664 vestis
3004 5605 3351 5678 hyacinthina
3377 5617 3406 5656 a
3435 5598 3612 5668 capite

2030 5719 2201 5778 usque
2227 5703 2294 5760 ad
2318 5702 2454 5759 talos
2483 5700 2703 5758 veniens
2729 5699 2932 5756 indicat
2960 5713 3142 5754 acrem
3173 5697 3239 5753 dc
3268 5692 3418 5751 cretis
3441 5700 3611 5756 usque
