4030 6478
451 342 557 397 739

1092 336 1153 390 B.
1193 333 1449 390 RABANI
1486 335 1704 391 MAURI
1741 333 2059 391 ARCHIEP.
2101 331 2408 393 MOGUNT.
2448 334 2733 395 OPERUM
2766 334 2949 394 PARS
2983 336 3027 391 1.

3596 340 3724 401 760

445 457 514 512 ad
542 464 742 510 terram
766 459 964 510 lusum.
995 448 1133 507 Mala
1158 457 1338 503 autem
1364 448 1559 518 punica
1582 457 1634 504 et
1665 448 2018 504 tintinnabula
2047 450 2097 512 Α
2124 455 2239 514 rat,
2277 448 2610 518 providebat.
2650 450 2720 504 Et
2754 449 2874 505 illos
2904 447 3121 518 quidem
3158 458 3285 505 tunc
3317 452 3491 521 imago
3518 456 3721 524 pra-tl-

443 547 501 601 in
536 543 884 601 inferioribus
906 540 1081 610 posita
1108 580 1124 603 ,
1163 538 1373 609 fulgura
1418 538 1762 608 tonitruaque
1806 538 2025 593 demon-

444 644 644 700 strant,
675 634 789 689 sive
813 640 1016 687 terram
1042 639 1098 685 et
1127 646 1321 701 aquatn
1341 670 1356 694 ,
1382 639 1437 684 et
1463 629 1705 685 omnium
1730 629 2023 684 elemento-

442 742 563 782 rum
600 725 743 780 inter
767 737 827 779 se
854 721 1286 785 consonantiam,
1311 729 1365 774 et
1388 721 1467 774 sic
1495 719 1596 774 sibi
1630 719 1876 774 universa
1904 734 2024 789 per-

438 818 621 889 plexa,
648 823 709 871 ut
736 816 791 871 in
819 814 1047 886 singulis
1071 815 1251 870 omnia
1278 813 1633 884 reperiantur.
1667 812 1818 878 Quod
1844 820 2023 867 autem

439 907 737 977 supradicti
784 906 994 961 colores
1035 920 1168 959 auro
1214 905 1405 959 intexti
1442 913 1601 969 sunt,
1641 902 1696 957 id
1730 903 2021 973 signiﬁcari

437 999 647 1066 volunt,
670 997 814 1070 quod
842 996 1023 1053 vitalis
1043 996 1192 1052 color
1213 1004 1268 1051 et
1292 994 1459 1051 divini
1479 1009 1669 1051 sensus
1686 993 2022 1063 providentia

436 1090 691 1146 universa
726 1097 993 1161 penetret.
1041 1088 1215 1159 Super
1245 1086 1521 1142 humerale
1563 1096 1618 1142 et
1651 1087 1785 1142 duos
1817 1086 2021 1157 lapides

434 1181 522 1237 vel
561 1181 940 1249 smaragdinos
966 1179 1053 1235 vel
1080 1180 1381 1250 onychinos
1409 1179 1502 1249 qui
1537 1178 1768 1248 desuper
1800 1178 1939 1243 sint,
1967 1185 2021 1233 et

433 1280 731 1342 utrumque
764 1271 1049 1326 humerum
1078 1277 1297 1341 tegant,
1324 1271 1429 1324 duo
1458 1267 1833 1337 hemisphaeria
1855 1268 2022 1322 inter-

436 1371 721 1433 pretantur
744 1378 973 1433 quorum
995 1361 1136 1418 aliud
1156 1376 1318 1431 super
1339 1369 1563 1426 terram,
1588 1359 1733 1414 aliud
1753 1359 1851 1413 sub
1876 1366 2019 1413 terra

437 1452 531 1519 sit,
565 1453 682 1508 sive
714 1453 883 1509 solem
910 1461 966 1508 et
990 1452 1171 1508 lunam
1201 1467 1319 1523 quae
1343 1452 1576 1521 desuper
1603 1450 1845 1504 rutilent.
1873 1450 2019 1505 Zona

435 1543 529 1599 illa
557 1559 663 1614 qua
692 1545 990 1602 sacerdotis
1024 1552 1215 1616 pectus
1252 1551 1512 1610 arctatur,
1543 1552 1597 1598 et
1626 1543 1764 1598 linea
1804 1542 1979 1597 tunica
2000 1582 2015 1607 ,

437 1631 493 1685 id
520 1640 625 1699 est,
652 1642 820 1700 terra,
851 1635 1255 1705 constringitur,
1289 1634 1708 1703 interpretantur
1732 1648 2013 1688 oceanum.

435 1719 720 1779 Rationale
755 1723 808 1778 in
840 1724 1019 1780 medio
1044 1724 1278 1793 positum
1309 1732 1513 1778 terram
1541 1724 1863 1789 edisserunt,
1895 1739 2016 1794 quae

432 1811 502 1867 ad
532 1812 702 1868 instar
728 1815 909 1885 puncti
940 1814 1066 1870 licet
1084 1813 1265 1870 omnia
1290 1814 1343 1868 in
1370 1829 1429 1868 se
1452 1828 1511 1869 se
1535 1813 1752 1879 habeat,
1781 1822 1962 1869 tamen
1980 1829 2012 1868 a
2040 1794 2088 1854 Β

433 1905 648 1961 cunctis
669 1905 901 1961 vallatur
928 1906 1229 1962 elementis.
1263 1905 1555 1961 Duodecim
1591 1904 1794 1975 lapides
1816 1905 1901 1960 vel
1925 1920 2016 1961 zo—

432 1991 650 2048 diacum
678 1994 1105 2065 interpretantur
1130 1995 1410 2061 circulum,
1441 1994 1526 2050 vel
1558 1995 1839 2051 duodecim
1865 2012 2016 2052 men-

430 2096 521 2137 ses
541 2122 554 2146 ,
592 2091 649 2137 et
683 2084 905 2154 singulis
933 2084 1213 2140 versiculis
1250 2083 1459 2155 singula
1500 2084 1845 2155 assignantur
1878 2092 2014 2139 tem-

428 2187 587 2242 pora,
613 2181 668 2228 et
696 2174 782 2228 his
806 2182 990 2230 ternos
1018 2175 1279 2245 deputant
1304 2189 1540 2229 menses.
1568 2172 1798 2229 Pulchre
1831 2185 2011 2229 autem

340 2258 347 2267 ’
429 2262 535 2319 hoc
568 2265 742 2335 ipsum
775 2266 919 2336 quod
959 2266 1016 2320 in
1053 2266 1232 2321 medio
1261 2273 1345 2321 est
1380 2264 1679 2336 appellatur
1712 2264 2009 2332 rationale;

428 2354 642 2410 ratione
681 2356 826 2411 enim
863 2364 1061 2412 cuncta
1096 2364 1222 2412 sunt
1254 2355 1411 2427 plena
1430 2396 1445 2420 ,
1476 2362 1531 2410 et
1562 2362 1779 2410 terrena
1806 2354 2013 2409 haerent

428 2445 763 2503 cmlestibus.
791 2448 1107 2504 lmmoratio
1141 2458 1481 2504 terrenorum
1506 2454 1563 2501 et
1594 2454 1896 2516 temporum
1921 2461 2011 2501 ca-

429 2535 565 2591 loris
591 2544 647 2592 et
673 2536 910 2608 frigoris,
934 2546 990 2593 et
1023 2538 1217 2610 duplex
1250 2539 1392 2593 inter
1411 2546 1697 2607 utramque
1722 2537 2012 2607 temperies

428 2628 497 2684 de
520 2628 644 2685 caeli
672 2645 835 2686 cursu
861 2640 917 2686 et
939 2631 1150 2687 ratione
1173 2629 1468 2696 descendit,
1500 2630 1642 2684 unde
1664 2637 1722 2685 ct
1750 2627 2013 2683 rationale

426 2735 555 2776 cum
584 2722 751 2792 ephot
773 2723 968 2779 fortius
990 2723 1351 2795 instringitur.
1380 2722 1548 2778 Porro
1570 2724 1713 2793 quod
1738 2721 1934 2776 dicitur
1955 2721 2012 2776 in

427 2811 546 2881 ipso
572 2811 820 2867 rationali
845 2821 901 2868 et
924 2813 1227 2884 analogian,
1252 2813 1306 2867 id
1332 2821 1434 2878 est,
1463 2812 1826 2868 manilestatio
1851 2818 2012 2880 atque

429 2899 675 2955 doctrina
701 2900 788 2956 vel
812 2902 1012 2958 veritas
1028 2943 1044 2969 ,
1072 2902 1177 2958 hoc
1204 2903 1376 2973 ipsum
1408 2901 1676 2973 signiﬁcat
1699 2900 1841 2971 quod
1869 2916 2010 2955 nun-

426 3004 593 3060 quam
633 2991 686 3045 in
726 2991 822 3047 Dei
850 2993 1059 3049 ratione
1088 2993 1429 3049 mendacium
1456 2994 1546 3059 sit,
1574 2991 1670 3047 sed
1692 3000 1748 3048 et
1779 2993 1896 3064 ipsa
1918 3008 2011 3048 ve.»

423 3078 564 3133 ritas
590 3078 775 3135 multis
811 3080 983 3153 signis
1020 3089 1075 3137 et
1110 3083 1445 3153 argumentis
1473 3090 1808 3138 monstretur
1834 3083 2009 3139 homi-

423 3166 608 3234 nibus,
638 3177 694 3224 et
716 3186 887 3242 usque
915 3173 984 3227 ad
1007 3172 1266 3228 mortales
1288 3173 1489 3229 veniat.
1516 3172 1671 3229 Unde
1698 3172 1902 3229 factum
1926 3174 2080 3237 estC

423 3266 488 3312 ut
515 3260 783 3315 rationem
812 3262 941 3318 solis
968 3272 1023 3319 et
1048 3264 1216 3330 lunze,
1253 3272 1309 3319 et
1340 3265 1467 3320 anni
1487 3305 1502 3331 ,
1538 3273 1595 3320 et
1623 3266 1919 3330 mensium,
1952 3272 2008 3321 et

423 3359 749 3423 temporum,
780 3362 835 3409 et
857 3355 1113 3411 horarum
1143 3365 1199 3413 et
1224 3365 1601 3428 tempestatum
1628 3371 1842 3428 quoque
1868 3371 1990 3413 sere

422 3445 611 3501 uitatis
648 3455 810 3518 atque
844 3459 1125 3506 ventorum
1164 3460 1219 3506 et
1258 3468 1441 3508 rerum
1476 3454 1718 3507 omnium
1757 3464 2010 3506 noscere-

420 3549 578 3602 mus,
616 3539 939 3609 accipientes
973 3540 1192 3597 insitam
1231 3557 1262 3596 a
1287 3541 1399 3597 Deo
1429 3541 1778 3613 sapientiam,
1812 3548 1868 3596 et
1892 3540 2009 3610 ipso

422 3625 736 3682 habitatore
768 3636 931 3699 atque
967 3632 1186 3687 doctore
1231 3633 1490 3688 domicilii
1529 3633 1611 3688 sui
1646 3632 1802 3688 nobis
1834 3639 1891 3687 et
1925 3629 2008 3685 fa-

422 3715 591 3771 bricae
618 3719 900 3774 scientiam
931 3721 1364 3787 demonstrante,
1399 3735 1563 3791 super
1590 3721 1772 3777 omnia
1808 3720 2006 3776 cidaris

425 3813 482 3862 et
509 3807 642 3862 vitta
674 3809 1022 3881 hyacinthina
1058 3813 1254 3883 coelum
1275 3823 1560 3880 monstrat,
1589 3823 1644 3868 et
1664 3814 1783 3869 auri
1805 3813 2007 3868 lamina

425 3911 548 3966 qua:
589 3898 646 3953 in
694 3897 872 3956 fronte
910 3901 1184 3973 pontiﬁcis
1210 3976 1213 3977 ν
1243 3911 1344 3969 est,
1398 3904 1767 3981 scriptumque
1810 3919 2006 3958 nomen

422 3988 559 4056 Dei,
597 3992 850 4048 universa
888 4009 1009 4064 quae
1045 3994 1235 4050 subter
1270 4002 1395 4051 sunt
1430 3995 1523 4050 Dei
1550 3994 1778 4050 arbitrio
1814 3994 2007 4065 guber-

424 4095 567 4135 ml“.

499 4167 599 4224 llis
628 4180 803 4228 autem
830 4176 981 4230 cessit
1001 4176 1089 4249 qui
1113 4178 1513 4245 exterminabat,
1538 4189 1588 4234 et
1611 4180 1721 4234 haec
1745 4179 2003 4234 extimuit.

425 4257 563 4313 Erat
591 4262 728 4315 enim
754 4264 869 4319 sola
893 4269 1108 4321 tentatio
1129 4268 1225 4323 irw
1244 4270 1519 4340 stt/ﬁciens.
1544 4269 1850 4339 Spiritalem
1876 4285 2006 4341 ergo

424 4360 533 4401 non
586 4347 862 4420 ﬁguralem
914 4356 1149 4425 speciem
1198 4365 1439 4413 vastator
1483 4359 1684 4414 missus
1722 4360 2002 4426 extimuit,

424 4437 551 4506 quia
576 4440 691 4494 veri
720 4440 997 4500 Pontiﬁcis
1029 4447 1452 4517 magnitudinem
1491 4448 1730 4520 agnovit.
1762 4447 2006 4504 Ascende

2122 548 2313 609 gurata
2360 538 2618 605 salvavit;
2665 540 2732 594 ad
2778 555 2877 595 nos
2905 548 3087 594 autem
3128 540 3316 596 salutis
3346 543 3545 600 veritas
3584 545 3720 617 ipsa

2120 630 2400 702 pervenit,
2428 643 2604 700 neque
2633 630 2778 685 enim
2809 630 3121 685 indumenta
3152 630 3423 700 pontiﬁcis
3458 648 3718 704 purpura

2121 736 2185 775 ac
2223 720 2345 774 lana
2388 721 2655 791 byssoque
2692 726 2944 775 contexta
2993 719 3299 775 erubuisset
3345 722 3566 792 angelus
3616 723 3718 780 ille

2119 819 2268 866 vasta
2275 818 2359 865 tor

2192 941 2341 1015 (CAP.
2366 941 2504 1014 xu.)
2536 941 2716 1013 Impiis
2742 952 2915 997 autem
2946 960 3106 1015 usque
3141 946 3196 999 in
3228 946 3566 1002 novissimum
3592 965 3717 1003 sine

2118 1038 2476 1093 misericordia
2517 1046 2607 1091 tua
2643 1039 2955 1107 supervenit.
2991 1035 3308 1093 Prtesciebat
3349 1041 3487 1094 enim
3524 1051 3574 1095 et
3620 1040 3719 1111 {u-

2118 1138 2236 1183 tura
2257 1128 2469 1183 illorum
2490 1142 2509 1180 .·
2531 1128 2777 1199 quoniam
2802 1129 3030 1199 εειιηὶρεί
3052 1130 3402 1199 permisissent
3422 1140 3478 1184 ut
3501 1148 3556 1185 se
3579 1133 3720 1185 edu-

2118 1229 2311 1285 cerent,
2341 1228 2389 1275 et
2415 1236 2532 1274 cum
2558 1235 2749 1291 magna
2776 1218 3127 1275 sollicitudine
3154 1222 3530 1291 prwmisissent
3560 1222 3712 1289 illos,

2118 1311 2563 1382 consequebantur
2586 1310 2706 1365 illos
2741 1311 3040 1381 paenitentia
3067 1312 3194 1365 acti.
3235 1311 3422 1366 Adhuc
3446 1315 3588 1367 enim
3625 1315 3716 1366 in-

2118 1414 2196 1458 ter
2230 1419 2416 1458 manus
2445 1402 2688 1457 habentes
2722 1401 2949 1468 luctum,
2981 1411 3031 1456 et
3056 1402 3386 1473 deplorantes
3414 1406 3486 1459 ad
3516 1423 3716 1460 monu-

2115 1503 2290 1547 menta
2310 1502 2654 1557 mortuorum,
2689 1491 2852 1545 aliam
2879 1491 2980 1545 sibi
3003 1503 3398 1561 assumpserunt
3426 1494 3716 1564 cogitatio-

2117 1597 2232 1635 nem
2279 1580 2610 1646 inscientite;
2661 1588 2709 1634 et
2757 1596 2887 1650 quos
2941 1590 3183 1651 rogantes
3227 1580 3555 1650 projecerant
3608 1582 3710 1636 Iros

2117 1679 2366 1738 tanquam
2393 1668 2635 1739 fugitivos
2659 1669 3130 1739 persequebantur;
3164 1669 3384 1722 ducebat
3413 1669 3555 1722 enim
3578 1669 3709 1723 illos

2117 1763 2185 1818 ad
2216 1763 2352 1817 hunc
2385 1761 2542 1830 ﬁnem
2572 1759 2730 1829 digna
2771 1759 3083 1825 necessitas;
3110 1768 3157 1813 et
3193 1758 3379 1812 horum
3405 1776 3525 1830 qua
3556 1761 3709 1813 acci—

2119 1853 2302 1907 derant
2333 1849 2873 1905 commemorationem
2904 1847 3225 1912 amittebant,
3259 1856 3317 1900 ut
3339 1862 3459 1916 qua:
3484 1846 3709 1900 deermu

2117 1944 2387 2001 lamentis
2408 1987 2423 2013 ,
2456 1942 2671 2013 repleret
2701 1940 2936 2012 punitio;
2971 1954 3020 1994 et
3056 1938 3279 2011 populus
3315 1938 3527 2009 quidem
3578 1948 3709 1992 tuus

2115 2034 2426 2092 mirabiliter
2457 2033 2734 2098 transiret,
2759 2030 2840 2084 illi
2880 2038 3052 2084 autem
3094 2045 3281 2083 novam
3308 2036 3531 2082 mortem
3561 2028 3709 2081 inre-

2115 2127 2303 2181 nirent.
2338 2123 2463 2180 Ideo
2486 2123 2629 2177 enim
2659 2120 2893 2176 inimicis
2921 2118 3102 2191 populi
3133 2117 3229 2174 Dei
3258 2118 3499 2174 vindicta
3527 2134 3715 2187 usque

2114 2216 2183 2273 ad
2208 2213 2732 2273 consummationem
2763 2209 3094 2281 supervenit,
3122 2208 3250 2280 quia
3273 2209 3326 2263 in
3357 2222 3554 2264 eorum
3587 2222 3711 2263 mo-

2112 2307 2264 2364 ribus
2291 2314 2348 2361 et
2374 2305 2484 2360 vita
2510 2303 2658 2358 nulla
2689 2301 2995 2358 emendatio
3019 2300 3181 2371 digna
3219 2297 3339 2353 fuit.
3368 2298 3543 2354 Fictis
3569 2312 3708 2368 ergo

2112 2399 2444 2474 argumentis
2482 2397 2810 2455 simulabant
2840 2395 3245 2467 ptenitcntiam,
3280 2401 3335 2448 et
3361 2392 3486 2449 ideo
3521 2392 3594 2447 ab
3623 2393 3709 2460 in—

2111 2497 2356 2562 spectore
2381 2489 2628 2546 cordium
2646 2528 2661 2553 ,
2689 2485 2986 2559 perfectam
3026 2500 3135 2541 non
3165 2490 3493 2554 acceperunt
3517 2481 3703 2537 indul-

2111 2582 2370 2655 gentiam.
2401 2581 2555 2638 Unde
2580 2580 2779 2652 legitur
2804 2579 2858 2633 in
2888 2578 3073 2634 Exodo
3098 2576 3241 2647 quod
3266 2570 3502 2637 Pharao,
3527 2588 3708 2643 quau-

2110 2677 2180 2733 do
2208 2675 2363 2747 plaga
2395 2675 2575 2744 aliqua
2604 2688 2727 2728 cum
2754 2670 2951 2743 populo
2976 2685 3074 2725 suo
3102 2668 3358 2724 divinitus
3382 2681 3703 2737 percussus,

2111 2766 2294 2822 statim
2324 2763 2656 2836 promiserit,
2688 2761 2946 2832 populum
2975 2758 3073 2815 Dei
3101 2773 3160 2813 se
3185 2757 3457 2813 dimittere
3478 2756 3525 2810 si
3554 2770 3701 2825 prte-

2111 2871 2237 2912 sens
2285 2856 2579 2912 discrimen
2629 2853 2919 2918 evaderet,
2963 2850 3060 2906 sed
3105 2847 3379 2919 paululum
3423 2848 3704 2917 respirans

2110 2945 2308 3001 iterum
2328 2945 2395 3000 ad
2419 2944 2793 3001 crudelitatem
2813 2940 3103 3013 pristinam
3124 2953 3373 2995 reversus
3393 2945 3498 3003 est,
3526 2937 3705 2992 donec

2111 3036 2167 3091 in
2194 3045 2439 3091 extremo
2466 3033 2682 3104 quando
2711 3039 2999 3087 exeuntem
3037 3029 3293 3101 populum
3330 3028 3703 3099 persequeba-

2110 3135 2222 3192 tur,
2251 3124 2420 3181 maris
2448 3123 2617 3179 Rubri
2647 3121 2899 3178 fluctibus
2934 3120 3217 3175 demersus
3248 3118 3457 3173 interiit
3486 3116 3699 3189 (Exod.

2112 3215 2249 3288 xiv).
2280 3215 2427 3271 Talis
2462 3214 2605 3270 enim
2647 3212 2943 3269 inﬁdelium
2981 3220 3040 3267 et
3072 3211 3429 3282 superborum
3458 3208 3701 3263 hostium

2108 3308 2344 3365 nominis
2380 3307 2582 3363 Christi
2621 3303 2956 3377 pertinacia,
2998 3310 3060 3358 ut
3096 3317 3218 3358 cum
3256 3298 3706 3371 incorrigibilitcr

2107 3399 2446 3473 perstiteriut
2491 3399 2545 3453 in
2590 3397 2797 3453 malitia
2824 3436 2839 3463 ,
2889 3395 3112 3450 tandem
3159 3393 3396 3449 sentiant
3445 3391 3700 3462 imperia,

2109 3497 2373 3561 quantum
2408 3488 2703 3560 praevaleat
2742 3484 3128 3558 omnipotentis
3163 3483 3260 3540 Dei
3304 3482 3361 3538 in
3398 3480 3703 3553 judicando

2102 3583 2335 3654 justitia.

2180 3714 2364 3770 Omnis
2392 3730 2531 3768 emm
2565 3723 2806 3768 creatura
2842 3711 2912 3766 ad
2955 3726 3111 3766 suum
3137 3725 3300 3781 genus
3328 3709 3394 3764 ab
3422 3707 3577 3762 initio
3608 3723 3698 3761 re-

2105 3806 2458 3877 ﬁgurabatur,
2489 3803 2781 3858 deseruiens
2826 3803 2932 3857 tuis
2966 3800 3274 3872 praeceptis,
3320 3807 3375 3853 ut
3421 3797 3574 3869 pueri
3614 3796 3699 3850 tui

2107 3894 2495 3951 custodirentur
2520 3891 2693 3947 illwsi.
2728 3891 2871 3946 Nam
2907 3888 3065 3945 nubes
3108 3896 3282 3942 castra
3307 3902 3489 3942 eorum
3515 3886 3697 3940 obum‘

2106 3988 2309 4055 brabat,
2341 3998 2391 4044 et
2418 4005 2484 4043 ea:
2501 4004 2662 4060 aqua,
2694 4003 2810 4058 qua:
2845 3995 2964 4040 ante
2985 3994 3121 4050 erat,
3149 3994 3292 4039 terra
3329 3983 3485 4038 arida
3530 4001 3695 4054 appa-

2106 4083 2234 4148 ruit,
2261 4091 2309 4137 et
2336 4081 2390 4135 in
2413 4070 2549 4135 mari
2592 4078 2774 4133 Rubro
2804 4079 2890 4133 uia
2915 4079 3029 4132 sine
3048 4076 3441 4147 impedimento,
3466 4084 3515 4130 et
3553 4092 3699 4130 eaan-

2102 4191 2200 4247 pus
2228 4172 2526 4244 germinans
2567 4170 2633 4224 de
2673 4168 2937 4242 profundo
2963 4168 3124 4223 nimio
3149 4186 3162 4221 :
3189 4184 3282 4238 per
3326 4183 3481 4238 quem
3525 4167 3697 4220 omnis

2105 4262 2247 4318 natio
2270 4261 2528 4326 transivit,
2549 4276 2667 4331 quae
2689 4259 2956 4330 tegebatur
2982 4268 3074 4313 tua
3110 4274 3293 4313 manu.
3322 4256 3514 4314 Omnis
3538 4270 3695 4311 crea-

2103 4362 2224 4407 tura
2249 4350 2317 4405 ab
2342 4350 2499 4406 initio
2531 4350 2599 4405 ad
2623 4365 2779 4404 suum
2822 4363 2994 4419 genus
3022 4347 3350 4418 reﬁguratur
3385 4345 3514 4402 dum
3551 4360 3695 4417 prae.

2106 4440 2278 4511 ceptis
2298 4440 2480 4496 obedit
2500 4440 2582 4494 sui
2608 4438 2906 4495 conditoris
2929 4477 2947 4504 ,
2998 4446 3053 4493 et
3080 4437 3197 4508 ejus
3240 4436 3295 4492 in
3329 4437 3584 4493 omnibus
3606 4436 3697 4491 de-

424 4545 571 4587 mlnc
604 4532 671 4588 ad
701 4538 849 4592 verbi
890 4538 1051 4610 hujus
1082 4539 1309 4599 celsiora
1337 4544 1563 4616 vestigia
1581 4586 1595 4611 ,
1624 4554 1680 4601 ει
1707 4545 1832 4602 inde
1863 4562 2001 4618 quo-
2026 4533 2082 4594 D
2107 4531 2275 4586 servit
2305 4529 2594 4584 voluntati.
2623 4528 2704 4584 Ad
2744 4529 2851 4583 hoc
2877 4528 3024 4583 enim
3049 4536 3297 4584 creatura
3338 4536 3447 4593 est,
3471 4534 3530 4582 ut
3568 4526 3696 4581 sub-

424 4620 587 4676 modo
608 4638 769 4680 verus
792 4629 1029 4697 pontifex
1052 4631 1207 4687 Jesus
1236 4633 1483 4690 Christus
1507 4645 1784 4706 assumpto
1810 4637 2005 4693 bacillo

424 4712 609 4767 carnis
638 4715 886 4773 humanae
905 4729 960 4774 et
984 4725 1323 4795 superposito
1348 4726 1458 4798 igni
1479 4726 1663 4783 altaris
1688 4729 1863 4783 anima
1889 4730 2005 4784 sine

426 4802 592 4859 dubio
621 4805 711 4862 illa
747 4811 1029 4881 magniﬁca
1070 4830 1193 4870 cum
1219 4831 1325 4886 qua
1359 4829 1519 4874 natus
1542 4827 1626 4873 est
1654 4819 1707 4874 in
1734 4833 1921 4881 carne,
1952 4827 2007 4874 et

427 4893 641 4965 adjecto
676 4898 840 4954 etiam
881 4902 1100 4960 incenso
1133 4906 1225 4975 qui
1261 4919 1343 4962 est
1382 4908 2008 4981 spiritusimmaculatus

425 4986 639 5043 medius
660 4988 803 5045 inter
820 4992 971 5049 vivos
1002 5004 1057 5051 et
1081 5006 1323 5054 mortuos
1344 4998 1528 5065 stetit,
1561 5007 1616 5054 et
1644 5009 1871 5055 mortem
1898 4986 2005 5057 non

425 5075 558 5132 fecit
597 5079 736 5135 ultra
778 5085 1051 5154 grassari,
1091 5088 1184 5144 sed
1214 5089 1353 5144 sicut
1387 5088 1678 5160 Apostolus
1704 5090 1835 5145 dicit
1864 5109 1877 5145 :
1910 5090 2010 5144 De-

425 5171 619 5224 struzrit
648 5189 767 5227 eum
790 5176 882 5246 qui
904 5177 1124 5232 habebat
1150 5180 1333 5234 mortis
1361 5182 1656 5251 imperium,
1680 5179 1734 5234 id
1761 5189 1863 5247 est,
1894 5181 2008 5236 dia-

425 5256 638 5323 bolum,
672 5272 729 5315 ut
766 5267 855 5334 qui
883 5268 1044 5322 credit
1086 5268 1142 5322 in
1175 5287 1291 5324 eum
1324 5270 1442 5340 jam
1470 5287 1572 5324 non
1604 5272 1878 5331 moriatur,
1917 5271 2008 5324 sed

424 5346 566 5400 vivat
588 5365 644 5402 in
668 5361 918 5408 wternum
942 5356 1117 5428 (Rom.
1150 5359 1250 5429 ix).
1280 5358 1391 5415 Hoc
1417 5358 1665 5430 fuitergo
1691 5360 2005 5431 mysterium

427 5440 571 5507 quod
598 5450 785 5510 postea
817 5445 1055 5503 futurum
1079 5449 1191 5519 jam
1228 5458 1359 5507 tunc
1387 5450 1477 5506 ille
1506 5451 1596 5522 qui
1626 5451 1880 5523 populum
1912 5468 2007 5506 va-

427 5528 606 5586 stabat
644 5536 889 5603 expavit;
929 5543 1255 5611 agnoscebat
1284 5542 1428 5597 enim
1470 5542 1695 5612 ﬁguram
1737 5542 1913 5596 bacilli
1953 5551 2009 5597 et

425 5620 570 5691 ignis
592 5631 648 5678 et
682 5624 888 5682 incensi
919 5638 975 5684 et
1014 5632 1189 5701 qualis
1214 5632 1486 5687 oll‘erenda
1512 5641 1656 5687 esset
1686 5632 1798 5688 Deo
1830 5633 2005 5687 hostia

430 5713 499 5770 ab
524 5718 706 5787 coqui
746 5719 954 5777 medius
991 5732 1327 5779 mortuorum
1361 5724 1715 5794 vivorumque
1750 5722 2008 5781 constite—

2100 4620 2245 4691 jecta
2271 4627 2327 4674 et
2351 4619 2609 4675 obediens
2633 4619 2790 4675 ﬁeret
2816 4634 2913 4674 suo
2941 4619 3198 4674 creatori.
3246 4618 3490 4686 Qualiter
3513 4630 3694 4672 autem

2106 4710 2277 4764 nubes
2313 4716 2494 4764 castra
2524 4708 2892 4765 lsraelitarum
2930 4708 3227 4777 operuerit,
3265 4708 3340 4761 ita
3368 4707 3578 4762 luceret
3614 4706 3695 4761 eis

2106 4800 2162 4855 in
2189 4806 2348 4855 nocte
2376 4807 2431 4853 et
2456 4798 2807 4854 obumbraret
2833 4812 2929 4852 eos
2964 4806 3158 4852 contra
3193 4795 3322 4851 solis
3356 4795 3609 4850 ardorem
3635 4794 3692 4849 in

2107 4892 2197 4947 die
2215 4931 2231 4957 ,
2269 4891 2608 4961 qualiterque
2641 4889 2883 4944 Rubrum
2912 4903 3063 4943 mare
3094 4887 3325 4943 divisum
3342 4885 3487 4941 viam
3512 4886 3693 4957 papuli

2108 4982 2202 5037 Dei
2235 4992 2583 5052 praepararet,
2615 4982 2797 5036 hostes
2832 4980 3043 5035 illorum
3090 4978 3145 5033 in
3188 4987 3361 5033 semet
3409 4978 3692 5034 reductum

2107 5077 2462 5146 demergeret.
2492 5072 2661 5128 Exodi
2701 5071 2835 5126 satis
2862 5068 3102 5124 declarat
3130 5067 3379 5123 historia.
3411 5066 3525 5123 Nec
3550 5069 3693 5139 enim

2106 5175 2161 5222 et
2182 5166 2311 5221 illud
2353 5179 2507 5234 aeque
2538 5162 2745 5218 clarum
2775 5169 2879 5227 est,
2901 5160 3045 5229 quod
3072 5158 3242 5213 nubes
3285 5172 3407 5228 quae
3437 5160 3691 5214 ducatum

2107 5268 2305 5339 populo
2322 5267 2419 5321 Dei
2451 5264 2706 5335 prmbeat,
2722 5261 2925 5316 Christi
2945 5259 3213 5330 signiﬁcet
3238 5254 3689 5315 incarnationem,

2111 5378 2230 5433 qua:
2254 5361 2536 5416 credentes
2582 5358 2637 5411 in
2666 5357 2770 5410 hoc
2803 5354 3004 5409 mundo
3035 5352 3237 5407 lumine
3260 5348 3537 5421 Evangelii
3568 5345 3690 5400 illu-

2110 5461 2278 5519 strat,
2321 5461 2375 5507 et
2416 5450 2590 5522 gratia
2637 5464 2733 5502 sua
2763 5463 2794 5501 a
2822 5445 3260 5516 persecutoribus
3298 5443 3413 5498 suis
3460 5437 3691 5510 protegit

2110 5553 2273 5614 atque
2301 5544 2553 5599 custodit.
2583 5541 2729 5595 Mare
2775 5548 2952 5594 autem
2984 5537 3227 5592 Rubrum
3271 5533 3525 5604 baptismi
3552 5529 3690 5602 gerit

2110 5641 2503 5688 sacramentum
2553 5629 2643 5683 ubi
2693 5626 2971 5682 salvantur
2996 5624 3217 5689 ﬁdeles,
3260 5631 3317 5676 et
3358 5618 3687 5689 sull‘ocantur

2110 5722 2395 5780 contraria:
2430 5725 2762 5790 potestates;
2808 5718 2901 5775 sed
2924 5717 3064 5774 sicut
3093 5725 3219 5773 tunc
3240 5712 3335 5769 ﬁlii
3362 5709 3526 5769 Israel
3554 5709 3681 5764 libe-
