4030 6470
257 390 357 452 76l

1100 371 1449 433 COMMENT.
1486 369 1555 425 IN
1591 364 1855 424 LIBRUM
1890 364 2296 422 SAPIENTLE.
2332 397 2404 409 —-
2438 365 2566 422 LIB.
2604 365 2695 420 IlI.

3408 356 3513 413 762

260 508 365 564 rati
395 547 409 571 ,
460 498 685 558 Domino
729 494 914 551 laudes
959 490 1312 547 decantavere
1360 484 1611 556 tripudio-
1640 498 1834 554 magno
1860 483 1911 544 Α
1936 483 2177 540 caecitate
2212 481 2353 539 sicut
2380 481 2452 537 illi
2482 480 2717 538 tenebris
2744 480 3000 538 exctecati
3026 487 3202 545 erant,
3229 477 3318 549 qui
3348 479 3401 532 iu
3430 478 3514 532 ro-

297 598 574 653 audentes.

297 616 574 654 audentes.

259 616 295 674 Β
340 686 583 741 Videntes
609 676 872 734 mirabilia
900 682 947 730 et
975 681 1226 728 monstra.
1255 669 1524 739 Tanquam
1551 665 1686 720 enim
1719 664 1836 733 equi

260 776 583 847 depaverunt
632 784 801 824 escam
826 807 841 831 ,
901 774 949 819 et
976 773 1222 833 tauquam
1261 760 1382 829 agni
1423 756 1835 820 exsultaverunt,

261 844 660 938 magniﬁcantes
687 869 757 924 te,
786 857 1021 917 Domine,
1051 853 1140 924 qui
1165 850 1394 905 liberaui
1418 844 1555 902 illos.
1586 844 1837 901 Memores

262 937 404 1016 enim
429 962 577 1010 erant
600 952 773 1006 adhuc
811 964 989 1002 eorum
1020 961 1138 1016 qua:
1163 942 1394 999 incolatu
1436 940 1649 1021 illorum
1696 937 1838 1007 facta

264 1050 499 1119 fuerant,
522 1038 956 1115 quemadmodum
981 1052 1074 1107 pro
1101 1035 1309 1088 natione
1336 1029 1642 1086 animalium
1662 1027 1837 1082 eduxit

264 1115 409 1193 terra
442 1148 670 1197 muscas,
693 1138 743 1185 et
775 1145 870 1199 pro
909 1125 1137 1197 piscibus
1180 1123 1428 1178 eructavit
1485 1121 1675 1191 ﬂuvius
1705 1115 1841 1171 mul-

264 1226 544 1282 titudinem
569 1236 839 1276 ranarum.
868 1217 946 1272 Ita
974 1224 1030 1272 et
1065 1230 1163 1270 nos
1194 1219 1407 1283 oportet
1424 1210 1568 1266 omni
1600 1200 1839 1277 tempore

265 1314 502 1371 creatori
526 1318 715 1366 nostro
745 1325 846 1379 pro
881 1307 1157 1376 ereptione
1190 1310 1375 1359 nostra
1423 1301 1624 1371 gratias
1659 1313 1836 1370 agere,

265 1408 601 1464 exsultantes
629 1403 854 1459 dicendo
886 1415 1008 1456 cum
1048 1397 1313 1468 Pr0plIeta
1345 1412 1358 1449 :
1392 1392 1632 1457 Benedic,
1664 1392 1840 1445 anima

267 1514 410 1562 mea,
437 1495 684 1559 Domino,
706 1502 752 1547 et
782 1492 958 1546 omnia
986 1489 1233 1543 interiora
1260 1503 1375 1540 mea
1398 1502 1582 1540 nomen
1604 1495 1840 1540 sanctum

263 1588 403 1658 ejus.
437 1584 681 1649 Benedic,
711 1583 888 1637 anima
913 1597 1047 1643 mea,
1082 1577 1307 1632 Domino
1331 1616 1346 1642 ,
1390 1586 1437 1630 et
1473 1576 1578 1631 noli
1608 1574 1840 1629 oblivisci

264 1695 445 1733 omnes
476 1676 835 1731 retributiones
868 1675 981 1744 ejus
1004 1669 1176 1744 (Psal.
1214 1670 1332 1740 cu).
1358 1669 1510 1737 Quod
1536 1678 1593 1723 et
1608 1668 1839 1737 Aposto-

264 1767 352 1822 lus
400 1767 597 1821 docere
640 1779 740 1819 nos
792 1763 1006 1817 videtur
1041 1762 1261 1816 dicens:
1290 1758 1417 1814 Sine
1460 1757 1841 1813 intermissione

1940 576 2085 631 ribus
2126 575 2283 645 justi,
2314 576 2415 629 hoc
2460 582 2563 639 est,
2607 573 2742 639 Lot,
2784 574 3211 637 oberraverunt,
3261 570 3385 625 ostii
3430 570 3513 625 sui

1938 668 2227 722 transitum
2255 672 2558 735 qumrcntes
2608 673 2662 719 et
2700 679 2806 720 non
2854 663 3209 727 invenientes,
3237 661 3362 730 quia
3402 660 3518 730 qui-

1935 771 2147 827 cunque
2177 758 2429 812 tenebras
2475 756 2678 811 erroris
2712 754 3135 825 intus,patitur,
3177 750 3518 824 gravissimis

1935 846 2146 902 damnis
2170 844 2405 918 undique
2428 846 2845 917 constringitur,
2892 860 3014 900 cum
3053 844 3195 899 viam
3216 843 3340 897 vitae
3366 842 3518 912 igno-

1935 937 2155 992 raverit.
2190 937 2256 990 Et
2276 938 2476 992 ostium
2504 936 2632 991 illud
2669 935 2811 1006 quod
2839 935 2893 988 in
2933 933 3224 1003 Evangelio
3258 932 3370 986 ait:
3404 929 3518 1000 Ego

1936 1044 2051 1081 sum
2071 1028 2296 1091 ostium;
2323 1043 2415 1096 per
2444 1043 2524 1080 me
2543 1026 2589 1080 si
2617 1026 2733 1096 quis
2768 1022 3031 1078 introierit
3053 1022 3341 1078 salvabitur
3360 1031 3407 1076 et
3437 1023 3519 1074 in-

1936 1118 2214 1191 gredietur,
2243 1127 2288 1171 et
2321 1118 2632 1189 egredietur,
2660 1126 2708 1170 et
2746 1133 2940 1187 pascua
2980 1117 3221 1182 inveniet,
3242 1116 3350 1185 ipse
3374 1114 3522 1169 ober-

1939 1232 2062 1269 rans
2091 1213 2321 1268 invenire
2344 1230 2447 1267 non
2484 1211 2671 1283 poterit
2697 1210 2879 1283 (Joan.
2909 1210 2988 1281 χ).

2008 1303 2075 1357 In
2100 1320 2153 1356 se
2183 1303 2318 1357 enim
2349 1299 2598 1356 elementa
2619 1301 2744 1355 dum
2789 1309 3175 1364 convertuntur,
3200 1299 3331 1353 sicut
3354 1300 3408 1352 in
3437 1316 3524 1352 or-

1938 1412 2074 1467 gano
2104 1393 2373 1466 qualitatis
2404 1410 2563 1448 sonus
2609 1394 2940 1459 immutatur,
2961 1401 3009 1445 et
3051 1393 3227 1446 omnia
3260 1408 3413 1444 suum
3438 1408 3526 1444 sa-

1941 1503 2064 1541 num
2085 1485 2404 1539 custodiunt.
2435 1483 2586 1539 Sicut
2606 1497 2733 1555 ergo
2771 1484 2823 1537 in
2851 1484 3209 1538 instrumento
3229 1481 3414 1552 organi
3439 1481 3527 1535 di-

1938 1574 2083 1629 versi
2111 1574 2250 1628 inter
2277 1588 2336 1628 se
2366 1573 2674 1642 discrepant
2712 1572 2863 1637 soni,
2920 1571 3014 1627 sed
3064 1570 3133 1625 ad
3180 1570 3525 1625 concordiam

1939 1662 2183 1719 melodis:
2229 1670 2656 1733 temperamento
2701 1661 3045 1716 consentiunt
3082 1659 3313 1725 musici,
3362 1659 3439 1714 ita
3467 1667 3525 1713 et

1939 1742 2091 1808 varia
2129 1752 2391 1808 elementa
2421 1751 2548 1807 licet
2586 1752 2653 1807 ab
2682 1751 2933 1815 ,invicem
2963 1751 3173 1805 diversa
3218 1750 3525 1819 discrepent

266 1867 436 1921 orate,
465 1857 519 1911 in
542 1855 780 1910 omnibus
808 1854 1007 1925 gratias
1036 1853 1191 1924 agite,
1212 1854 1322 1907 haec
1338 1860 1413 1906 est
1442 1852 1579 1905 enim
1606 1850 1840 1906 voluntas
1868 1823 1916 1882 Β
1943 1843 2232 1913 qualitate,
2273 1842 2340 1896 ad
2380 1842 2641 1896 creatoris
2668 1842 2749 1896 sui
2784 1849 2963 1896 tamen
3014 1848 3229 1896 servato
3274 1841 3397 1911 jure
3424 1854 3526 1893 na-

264 1946 366 2001 Dei
391 1948 447 2000 in
467 1945 673 2002 Christo
696 1944 825 2000 Iesu
855 1945 911 1999 in
946 1943 1185 1999 omnibus
1215 1944 1355 1999 vobis
1387 1942 1441 2016 (I
1477 1942 1628 1997 Thes.
1659 1942 1734 2014 v).

804 2056 1031 2114 CAPUT
1084 2056 1267 2113 XVIII.

262 2146 476 2205 Laudat
504 2150 668 2205 Deum
691 2149 1053 2221 magniﬁcgsse
1080 2150 1325 2220 populum
1351 2166 1526 2214 suum,
1548 2165 1699 2220 quem
1717 2149 1847 2204 edu-

546 2221 625 2275 xit
650 2222 713 2275 de
743 2217 881 2275 terra
903 2217 1154 2290 lEgyp'ti,‘
1175 2229 1221 2274 et
1262 2217 1564 2274 honorasse.

340 2309 635 2365 Novissime
654 2320 828 2364 autem
850 2310 1087 2364 viderunt
1114 2326 1300 2364 novam
1333 2320 1625 2365 creaturam
1649 2311 1844 2376 avium,

264 2417 389 2454 cum
410 2401 622 2455 adducti
647 2400 1061 2470 concupiscentia
1115 2398 1507 2469 postulaverunt
1536 2417 1681 2455 escas
1724 2417 1849 2470 epu-

263 2491 499 2547 lationis.
550 2492 615 2547 In
647 2492 961 2547 allocutione
985 2492 1123 2546 enim
1160 2491 1427 2558 desiderii,
1461 2492 1690 2546 ascendit
1740 2491 1846 2546 illis

265 2582 333 2637 de
363 2599 508 2636 mare
539 2591 919 2653 ortygometra;
970 2592 1016 2636 et
1043 2584 1339 2637 vexationes
1385 2583 1738 2652 peccatoribus
1760 2601 1849 2638 su~

262 2682 628 2742 pervenerunt,
655 2690 759 2726 non
787 2673 899 2727 sine
923 2671 1048 2737 illis,
1069 2666 1187 2743 qum
1228 2671 1369 2741 facta
1398 2682 1548 2726 erant
1575 2690 1850 2743 argumen-

267 2762 337 2815 tis
371 2778 464 2832 per
482 2762 582 2816 vim
601 2763 899 2832 ﬂuminum.
927 2761 1086 2826 Nota,
1116 2764 1352 2833 prudens
1382 2761 1572 2828 lector,
1594 2762 1732 2819 quod
1762 2765 1852 2819 ad-

265 2851 524 2907 versariis
563 2851 659 2907 Dei
697 2859 841 2907 terra
882 2853 1211 2922 producebat
1263 2868 1477 2907 muscas
1501 2893 1516 2919 ,
1565 2861 1620 2908 et
1658 2851 1851 2910 ﬂuvius

266 2939 513 2995 ebullivit
558 2956 751 3007 ranas;
803 2941 1098 2998 cultoribus
1152 2950 1331 2998 autem
1379 2942 1474 2997 Dei
1525 2953 1668 2999 terra
1705 2944 1851 3000 dedit

266 3028 503 3085 fructum
529 3039 583 3085 et
612 3047 760 3087 mare
791 3033 1066 3103 praebebat
1105 3034 1286 3089 carnis
1323 3033 1668 3101 alimentum,
1726 3035 1851 3105 quia

269 3121 488 3193 dignum
515 3130 600 3178 est
623 3131 682 3178 ut
703 3123 946 3180 ﬁdelibus
972 3125 1085 3180 suis
1108 3141 1205 3197 per
1233 3141 1398 3197 opera
1428 3142 1521 3183 sua
1552 3128 1853 3184 nutrimen-

1943 1943 2080 1989 turae
2117 1931 2403 2015 ﬂectuntur
2451 1931 2763 1997 voluntate;
2814 1946 2921 1986 non
2963 1931 3107 1984 enim
3162 1929 3409 1985 conditor
3433 1943 3531 1982 no—

1941 2034 2055 2082 ster
2084 2034 2389 2081 creaturam
2425 2039 2577 2079 suam
2632 2023 2734 2079 sibi
2781 2023 3021 2079 condidit
3047 2022 3372 2077 contrariam
3435 2019 3531 2075 scd

1941 2126 2041 2182 per
2066 2110 2248 2166 omnia
2279 2109 2541 2165 voluntati
2571 2124 2681 2164 sua:
2716 2108 2847 2165 fecit
2878 2100 3313 2164 consentaneum.

2018 2198 2167 2255 Unde
2193 2199 2466 2265 a’stimari,
2495 2208 2543 2254 et
2562 2216 2627 2254 ea:
2646 2200 2758 2270 ipso
2786 2201 2897 2254 visu
2920 2208 3058 2252 certo
3080 2207 3265 2270 potest.
3293 2196 3531 2267 Agrestia

1945 2292 2079 2347 enim
2107 2295 2162 2347 in
2183 2294 2427 2364 aquatica
2477 2290 2939 2355 convertebantur;
2982 2299 3028 2344 et
3049 2304 3369 2361 quaecunque
3385 2296 3532 2341 erant

1949 2384 2210 2449 natantia,
2235 2386 2290 2438 in
2330 2393 2524 2438 terram
2558 2382 2871 2438 transibant.
2900 2381 3047 2453 Ignis
3081 2383 3137 2436 in
3168 2399 3305 2452 aqua
3332 2379 3535 2434 valebat

1946 2492 2106 2547 supra
2143 2493 2292 2530 suam
2335 2477 2573 2530 virtutem
2599 2516 2613 2541 ,
2660 2484 2706 2530 et
2735 2491 2871 2545 aqua
2921 2472 3294 2543 exstinguentis
3332 2481 3536 2523 natura:

1949 2565 2362 2621 obliviscebatur.
2424 2563 2685 2619 Flammte
2725 2581 2753 2619 e
2797 2565 3062 2618 contrario
3120 2560 3537 2631 corruptibilium

1950 2656 2257 2711 animalium
2285 2672 2387 2710 non
2414 2664 2725 2710 vexaverant
2754 2671 2936 2709 carnes
2967 2652 3427 2715 coambulantinm,
3447 2667 3539 2703 nec

1950 2747 2295 2802 dissolveoant
2351 2745 2499 2800 illam
2531 2786 2547 2811 ,
2605 2762 2722 2816 qua:
2774 2744 2933 2814 facile
2978 2742 3354 2798 dissolvebatur
3403 2740 3537 2792 sicut

1950 2839 2140 2911 glacies
2170 2838 2359 2892 bonam
2387 2853 2580 2891 escam.
2602 2835 2862 2890 Homines
2891 2835 3035 2889 enim
3057 2841 3112 2889 et
3140 2830 3385 2900 iumenta
3415 2845 3539 2898 pro-

1951 2929 2175 2984 fundum
2215 2928 2384 2984 maris
2414 2926 2584 2981 Rubri
2626 2926 2774 2981 sicco
2802 2925 3026 2994 vestigio
3066 2923 3439 2983 transierunt,
3485 2925 3541 2972 et

1953 3036 2097 3076 ranae
2130 3021 2197 3075 de
2224 3019 2401 3075 ﬂuviis
2428 3018 2800 3089 procedentes,
2826 3018 3015 3072 domos
3037 3013 3415 3086 Egyptiorum
3439 3012 3561 3085 im-_

1950 3112 2252 3183 pleverunt.
2274 3111 2419 3183 Ignis
2452 3125 2574 3165 cum
2603 3110 2864 3181 grandine
2890 3109 3084 3165 mistus
3121 3107 3189 3163 de
3223 3106 3359 3162 caelo
3382 3104 3538 3173 pluit,

266 3220 387 3265 tum
417 3186 1513 3286 divina‘procuretprovide-ntiajnimicis
1538 3228 1717 3275 autem
1739 3220 1851 3277 suis
1877 3186 1924 3251 ϐ
1953 3216 2010 3262 ει
2045 3220 2150 3261 nec
2190 3205 2328 3276 ignis
2364 3219 2582 3274 aquam,
2613 3217 2715 3259 nec
2756 3217 2894 3272 aqua
2941 3201 3119 3273 ignem
3171 3195 3541 3259 aversabatur,

269 3303 593 3374 condignum
630 3313 958 3361 tormentum
986 3322 1085 3379 per
1110 3316 1417 3387 creaturam
1450 3311 1552 3366 sibi
1582 3311 1849 3366 subditam

269 3393 665 3465 Omnipotentis
693 3408 957 3469 praeparet
984 3397 1217 3467 iustitia.

345 3484 496 3541 Iuste
531 3489 666 3542 enim
702 3490 1037 3559 patiebantur
1073 3491 1359 3546 secundum
1393 3509 1518 3548 suas
1570 3494 1848 3564 nequitias.

268 3574 485 3629 Etenim
515 3573 945 3635 detestabiliorem
979 3580 1442 3652 inhospitalitatem
1480 3585 1851 3651 instituerunt;

270 3667 369 3722 alii
401 3669 608 3740 quidem
643 3670 847 3742 ignotos
893 3689 996 3728 non
1024 3672 1335 3743 recipiebant
1371 3674 1616 3742 advenas,
1638 3673 1731 3729 alii
1755 3692 1853 3729 au-

268 3769 375 3813 tem
396 3761 552 3815 bonos
581 3763 805 3833 hospites
842 3763 899 3817 in
931 3764 1227 3819 servitutem
1276 3764 1595 3835 redigebant.
1641 3764 1712 3820 Et
1746 3782 1849 3822 non

269 3848 440 3902 solum
488 3851 599 3905 haec
624 3892 639 3917 ,
682 3852 772 3906 sed
819 3863 868 3907 et
905 3852 1041 3908 alius
1091 3854 1304 3925 quidam
1345 3866 1601 3926 respectus
1642 3855 1852 3912 illorum

271 3949 418 4004 erat;
446 3941 691 4009 quoniam
718 3941 864 3995 inviti
895 3942 1201 4013 recipiebant
1231 3953 1522 3999 extraneos.
1550 3944 1654 4010 Qui
1680 3956 1853 4000 autem

272 4047 389 4084 cum
414 4029 595 4085 laetitia
622 4041 919 4102 receperunt
946 4033 1040 4087 hos
1082 4035 1171 4105 qui
1194 4034 1386 4089 eisdem
1412 4037 1494 4090 usi
1517 4046 1665 4091 erant
1693 4037 1855 4107 justi-

272 4119 363 4172 tiis
384 4159 400 4184 ,
454 4118 751 4173 saevissimis
779 4120 1069 4191 afﬂixerunt
1129 4122 1419 4177 doloribus.
1453 4120 1703 4177 Percussi
1731 4131 1854 4178 sunt

272 4217 451 4262 autem
480 4211 711 4264 ctvcitate
732 4223 751 4261 :
779 4211 913 4264 sicut
940 4210 1020 4265 illi
1053 4212 1109 4266 in
1156 4212 1357 4284 [oribus
1389 4213 1543 4284 justi,
1572 4230 1691 4268 cum
1714 4215 1856 4269 subi-

274 4298 444 4352 taneis
472 4301 697 4370 cooperti
727 4309 893 4354 essent
924 4300 1164 4367 tenebris,
1189 4304 1543 4373 unusquisque
1576 4305 1854 4358 transitum

276 4390 396 4444 ostii
431 4390 713 4460 quierebat.
739 4389 797 4445 Si
830 4392 975 4446 enim
1009 4391 1083 4446 illi
1119 4392 1211 4461 qui
1261 4394 1511 4462 antiquos
1547 4408 1730 4448 servos
1757 4392 1856 4449 Dei

1951 3296 2046 3354 sed
2074 3295 2278 3367 pariter
2301 3295 2579 3360 cadentes,
2612 3302 2816 3348 terram
2850 3291 3227 3363 percutiebant
3253 3286 3538 3358 Egyptio-

1951 3404 2092 3444 rum.
2126 3386 2227 3443 Ubi
2253 3396 2431 3440 autem
2451 3391 2610 3440 erant
2638 3383 2732 3438 lilii
2761 3381 2927 3438 Israel
2953 3380 3223 3436 neminem
3255 3378 3533 3440 laeserunt,

1949 3488 2011 3537 ut
2035 3479 2341 3535 ostenderet
2364 3477 2508 3548 quod
2541 3476 2721 3532 omnia
2761 3476 3027 3530 elementa
3064 3471 3251 3528 mundi
3295 3486 3401 3525 non
3429 3484 3540 3524 sua:

1951 3578 2159 3627 tantum
2186 3568 2498 3623 adnituntur
2517 3566 2836 3634 conditioni,
2876 3565 2973 3621 sed
3008 3563 3269 3619 creatoris
3296 3561 3378 3617 sui
3404 3559 3537 3615 sub-

1943 3661 2089 3733 jecta
2116 3661 2436 3717 deserviunt
2462 3658 2745 3715 voluntati.

2022 3772 2093 3828 In
2115 3772 2352 3827 omnibus
2376 3771 2513 3826 enint
2537 3770 2640 3836 his,
2661 3768 2907 3836 Domine,
2921 3754 3272 3839 magniﬁcasti
3293 3763 3541 3836 populum

1952 3876 2120 3931 tuum,
2151 3873 2199 3919 et
2229 3863 2518 3927 honorasti,
2543 3871 2715 3916 etnon
2740 3858 3021 3931 despexisti
3050 3859 3106 3912 in
3143 3855 3285 3911 omni
3317 3864 3544 3924 tempore

1952 3965 2001 4010 et
2029 3957 2086 4009 in
2107 3954 2248 4009 omni
2284 3954 2397 4009 loco
2444 3952 2692 4008 assistens
2714 3952 2808 4006 eis.
2862 3947 2988 4004 Haec
3017 3945 3255 4003 clausula
3285 3943 3407 3999 libri
3436 3958 3543 3995 non

1954 4045 2126 4117 solum
2171 4045 2415 4114 priorum
2450 4042 2671 4097 Patrum
2698 4081 2713 4106 ,
2771 4040 2865 4096 sed
2893 4046 2948 4093 et
2992 4034 3359 4117 praesentium
3382 4040 3545 4100 atque

1955 4116 2259 4190 futurorum
2304 4131 2464 4187 simul
2515 4130 2646 4186 facit
2697 4130 3030 4185 mentionem
3075 4116 3361 4197 ﬁdelium,
3417 4121 3544 4191 quia

1956 4237 2230 4293 nunquam
2256 4221 2378 4292 pius
2417 4229 2472 4275 et
2512 4206 2822 4274 misericors
2870 4217 3117 4272 conditor
3162 4224 3348 4268 noster
3369 4212 3546 4267 omni-

1955 4321 2170 4384 potens,
2199 4310 2451 4365 videlicet
2475 4309 2618 4363 Deus
2658 4316 2938 4376 sperantes
2961 4305 3016 4358 in
3042 4319 3100 4359 se
3132 4302 3371 4357 deservit
3396 4341 3410 4365 ,
3454 4308 3548 4354 aut

1956 4407 2269 4461 deserturus
2297 4403 2421 4467 erit,
2443 4401 2537 4457 sed
2582 4399 2815 4468 benigno
2853 4396 3053 4452 auxilio
3093 4394 3271 4459 fovet,
3315 4392 3548 4462 protegit

274 4477 502 4592 profana
532 4480 854 4536 necessitate
877 4481 943 4535 ad
977 4496 1036 4537 se
1073 4482 1350 4538 venientes
1379 4483 1513 4537 dure
1541 4493 1597 4538 et
1621 4482 1858 4537 immise-
1882 4529 1936 4592 Β
1960 4506 2121 4568 atque
2142 4496 2300 4568 regit,
2331 4494 2442 4551 Nec
2470 4494 2574 4549 hoc
2603 4493 2831 4563 quisque
2861 4490 3016 4546 nobis
3047 4502 3320 4560 opponere
3365 4486 3545 4549 debet,

274 4573 565 4628 ricorditer
598 4581 1002 4640 tractaverunt,
1052 4575 1345 4646 condignas
1386 4590 1575 4645 poenas
1630 4575 1859 4645 recipie-

272 4663 427 4730 bant,
458 4664 531 4718 ita
564 4672 624 4718 ut
648 4672 829 4720 mente
856 4665 1126 4721 tenebrosi
1151 4674 1206 4721 et
1230 4665 1423 4721 affectu
1459 4667 1640 4738 rigidi,
1664 4667 1858 4722 obscu-

274 4755 493 4810 ritatem
522 4755 866 4810 tenebrarum
899 4764 954 4810 et
977 4756 1311 4812 diversorum
1359 4756 1654 4823 idolorum,
1694 4772 1852 4812 sensu

273 4847 520 4918 corporis
555 4849 914 4916 sustinerent,
961 4857 1162 4919 quanto
1212 4849 1386 4919 magis
1416 4848 1489 4903 illi
1518 4849 1610 4919 qui
1656 4847 1856 4903 Christi

275 4951 465 4992 servos
486 4943 540 4992 et
576 4937 958 5006 praedicatores
988 4938 1259 5009 Evangelii
1284 4940 1568 4995 inhoneste
1594 4946 1858 5008 respuunt

273 5036 439 5096 atque
491 5037 878 5095 contemnunt,
910 5030 1373 5086 inaestimabilibus
1400 5040 1454 5087 et
1480 5031 1857 5086 inenarrabili-

271 5117 377 5172 bus
407 5118 582 5187 poenis
617 5119 670 5172 in
721 5128 980 5174 :eternum
1025 5121 1301 5176 cruciandi
1345 5130 1488 5176 sunt.
1540 5121 1693 5177 Unde
1738 5121 1854 5191 ipsa

272 5210 492 5264 Veritas
524 5210 798 5280 discipulis
840 5212 954 5266 ait:
988 5211 1294 5284 Quicunque
1332 5231 1435 5268 non
1473 5214 1716 5283 receperit
1746 5230 1852 5278 vos,

272 5316 439 5370 neque
486 5301 712 5355 audierit
748 5306 1010 5357 sermones
1038 5314 1268 5369 vestros,
1316 5315 1562 5359 exeuntes
1603 5305 1747 5374 foras
1791 5305 1855 5358 de

273 5388 430 5443 domo
454 5388 530 5444 vel
563 5391 796 5458 civitate,
845 5393 1067 5446 excutite
1115 5391 1373 5463 pulverem
1409 5394 1473 5447 de
1515 5393 1730 5464 pedibus
1778 5408 1856 5446 ve-

274 5479 399 5532 stris
421 5492 440 5531 :
484 5480 650 5536 Amen
673 5482 789 5536 dico
818 5482 978 5547 vobis,
1005 5481 1328 5537 tolerabilius
1350 5485 1448 5537 erit
1490 5494 1644 5539 teme
1684 5484 1858 5540 Sodo-

276 5584 482 5623 morum
506 5578 556 5625 et
574 5569 1031 5626 Gomorrhtvorum
1070 5574 1126 5627 in
1165 5573 1251 5628 die
1279 5574 1471 5643 judicii
1496 5592 1652 5646 quam
1691 5574 1769 5629 illi
1790 5575 1859 5629 ci-

276 5659 429 5714 vitati
457 5659 669 5734 (Matth.
695 5661 772 5734 κ).
804 5663 872 5718 Et
898 5664 1034 5721 bene
1071 5664 1269 5721 dicitur
1292 5664 1432 5735 quod
1465 5666 1706 5735 percussi
1732 5675 1860 5721 sunt

1963 4590 2107 4662 quod
2130 4597 2440 4646 sanctorum
2469 4595 2768 4656 martyrum
2794 4596 3021 4653 corpora
3050 4581 3103 4636 in
3141 4584 3545 4651 persecutorum

1963 4695 2183 4736 suorum
2224 4691 2418 4733 manus
2462 4675 2767 4741 traduntur,
2798 4674 2925 4743 quia
2953 4688 3058 4728 non
3088 4671 3155 4725 ad
3185 4683 3371 4725 eorum
3419 4682 3547 4721 cou-

1963 4771 2381 4834 demuationem,
2404 4768 2499 4824 sed
2525 4768 2593 4822 ad
2638 4765 3011 4836 probationem
3042 4763 3145 4818 hoc
3174 4762 3291 4817 ﬁeri
3328 4758 3549 4830 permit-

1960 4860 2112 4924 titur,
2136 4868 2197 4913 ut
2228 4859 2365 4913 sicut
2394 4871 2585 4911 aurum
2616 4855 2672 4909 in
2697 4855 2910 4911 camino
2953 4853 3092 4924 ignis
3146 4866 3252 4905 non
3298 4848 3546 4903 exuritur

1961 4947 2056 5004 scd
2085 4949 2373 5018 probatur,
2425 4948 2499 5000 ita
2528 4945 2821 5000 electorum
2864 4944 3056 4998 animas
3093 4956 3190 5010 per
3234 4940 3407 5009 ignem
3449 4937 3544 4990 tri-

1960 5037 2249 5094 bulationis
2278 5037 2599 5091 examinata:
2644 5036 2914 5106 pluriores
2953 5030 3260 5101 conspectui
3284 5028 3544 5083 creatoris

1962 5128 2046 5184 sui
2081 5126 2395 5192 reddantur,
2424 5127 2549 5196 quia
2577 5126 2837 5195 scriptum
2884 5131 3003 5178 est:
3046 5120 3183 5175 Vasa
3221 5118 3369 5189 ﬁguli
3416 5135 3542 5188 pro-

1962 5216 2047 5270 bat
2081 5216 2294 5284 fornax,
2342 5224 2391 5269 et
2442 5216 2675 5268 homines
2717 5214 2893 5283 justas
2942 5211 3155 5264 lentatio
3190 5207 3540 5261 tribulationis

1964 5304 2188 5377 (Eccles.
2224 5303 2418 5375 χχι-ιι).
2465 5302 2650 5357 Multa:
2677 5304 2813 5356 enim
2843 5298 3203 5354 tribulationes
3236 5297 3537 5366 justorum,

1963 5405 2011 5450 et
2052 5400 2117 5448 de
2150 5396 2230 5448 his
2281 5395 2518 5449 omnibus
2565 5391 2799 5445 liberabit
2831 5406 2917 5443 eos
2955 5388 3230 5442 Dominus.
3282 5387 3542 5443 Dominus
3636 5424 3639 5427 ‹

1963 5488 2188 5541 custodit
2213 5488 2387 5542 omnia
2408 5502 2526 5540 ossa
2555 5501 2756 5549 eorum,
2786 5499 2947 5537 unum
2983 5497 3048 5535 ex
3075 5482 3149 5535 eis
3181 5498 3282 5535 non
3310 5490 3542 5534 contere-

1964 5586 2067 5629 tur.
2084 5576 2318 5630 Redimet
2340 5576 2543 5629 animas
2560 5590 2829 5629 servorum
2855 5587 3093 5636 suorum,
3114 5581 3161 5624 et
3186 5587 3290 5625 non
3313 5568 3540 5625 derelin-

1963 5673 2082 5735 quet
2112 5681 2285 5719 omnes
2307 5665 2395 5735 qui
2424 5672 2631 5733 sperant
2658 5663 2713 5718 in
2735 5679 2851 5718 eum
2876 5660 3048 5735 (Psal.
3073 5658 3251 5732 XXIII).
