4030 6486
1168 330 1233 386 Β.
1268 326 1524 384 RABANI
1559 324 1778 381 MAURI
1815 323 2133 380 ARCHIEP.
2175 323 2486 381 MOGUNT.
2526 324 2812 382 OPERUM
2846 325 3027 383 PARS
3059 326 3102 383 ι.

529 458 3811 503 W

1130 623 1701 739 ΒΕΔΤῙ
1779 620 2527 735 ΒΔΒΔΝῙ
2597 621 3210 737 ΜΔΠΒῙ

1255 837 1643 896 FULDENSIS
1677 835 1973 893 ABBATIS
2005 836 2098 892 ET
2132 833 2514 893 MOGUNTINI
2545 834 3063 895 ARCHIEPISCOPI

980 998 2047 1161 ὒθΜΜΕΝΤΑΒΙθΒΠΜ

2208 1000 2286 1152 Ν
2386 998 3357 1160 EGGLESIASTIGUM

1634 1265 1850 1329 LIBRI
1893 1263 2167 1326 DECEM
2214 1261 2456 1345 (ANNO
2485 1262 2652 1343 82.0.)

1851 1502 2431 1579 PREFATIO

1346 1669 1435 1725 AD
1470 1663 1832 1725 OTGARIUM
1865 1658 2466 1742 ARCHIEPISCOPUM
2506 1657 2992 1716 MOGUNTINUM.

1976 1804 2332 1820 Ψ

593 1899 822 1958 Domino
850 1897 907 1953 in
948 1894 1177 1952 Domino
1221 1893 1563 1949 dominorum
1596 1889 1968 1954 dilectissimo,
1994 1889 2109 1944 Or-
2136 1890 2188 1951 Α
2213 1886 2625 1944 Ecclesiasticus
2663 1894 3026 1956 nuncupatur,
3067 1886 3135 1941 ad
3177 1887 3592 1946 instructionem
3622 1890 3791 1947 Eccle

519 2005 685 2054 αλιιιο
728 1988 1155 2059 archiepiscopo,
1180 1986 1430 2041 Ramnes
1475 1989 1761 2055 peccator,
1798 1981 1855 2037 in
1896 1980 2113 2038 Christo

521 2081 775 2140 salutem.

594 2171 789 2228 Sciens
838 2166 1157 2225 benevolam
1185 2163 1542 2221 intentionem
1584 2168 1733 2216 tuam
1776 2168 1832 2216 et
1874 2158 2111 2216 studium

521 2260 578 2316 in
611 2259 812 2316 Christi
854 2257 1080 2315 servitio
1131 2253 1548 2319 nobilissimum,
1580 2251 1672 2321 qui
1720 2249 1827 2306 [ide
1864 2257 1923 2306 et
1963 2248 2112 2305 cultu

520 2349 819 2406 Ecclesiam
838 2347 935 2402 Dei
956 2362 1063 2402 non
1095 2344 1403 2416 ignobiliter
1428 2357 1618 2408 ornas,
1643 2339 1867 2413 apposui
1893 2340 2112 2412 quidem

519 2454 621 2508 ego
655 2439 968 2495 vidissimus
1002 2451 1285 2493 servorum
1318 2432 1523 2490 Christi
1566 2447 1756 2487 servus
1781 2430 1998 2501 aliquod
2024 2445 2114 2485 so-

521 2527 716 2583 latium
744 2536 872 2594 tuae,
899 2535 1087 2583 sancte
1107 2525 1289 2590 Pater,
1314 2523 1627 2596 impendere
1647 2521 1901 2588 solertiae,
1930 2522 1985 2576 in
2012 2536 2111 2577 ex-

519 2617 836 2688 planatione
903 2616 1140 2672 vileliect
1191 2615 1497 2671 divinarum
1554 2614 1992 2685 Scripturarum,
2052 2619 2113 2665 ut

518 2715 647 2763 voto
674 2715 766 2763 tuo
811 2704 1221 2769 satisfacerem,
1258 2712 1313 2759 et
1342 2703 1595 2759 Ecclesiae
1622 2701 1825 2758 Christi
1870 2700 2110 2756 debitum

519 2796 804 2855 servitium
833 2797 1170 2852 exhiberem.
1206 2793 1360 2851 Unde
1386 2794 1552 2850 etiam
1582 2789 2111 2863 explanatiunculam

517 2904 684 2959 quam
714 2888 889 2944 tribus
937 2885 1133 2941 libellis
1174 2885 1229 2940 in
1258 2883 1547 2956 Sapientia:
1576 2884 1796 2949 librum,
1821 2881 1913 2952 qui
1952 2879 2111 2951 vulgo

515 2979 819 3050 appellatur
845 2978 1173 3044 Salomonis,
1196 2975 1360 3041 edidi,
1390 2984 1494 3031 tua:
1528 2972 1864 3029 venerationi
1901 2970 2111 3042 pridem

515 3068 713 3124 direxi.
742 3067 812 3122 Et
846 3084 993 3123 nunc
1041 3065 1361 3138 opusculum
1392 3064 1538 3135 quod
1583 3063 1639 3119 in
1678 3060 2017 3132 expositione
2053 3060 2114 3114 li-

516 3156 601 3210 bri
627 3154 756 3212 Jesu
786 3156 880 3212 filii
906 3155 1121 3223 Sirach,
1150 3155 1243 3226 qui
1283 3153 1701 3210 Ecclesiasticus
1741 3160 2109 3222 nuncupatur,

2212 1982 2308 2037 site
2333 1980 2450 2048 Dei,
2479 1982 2583 2037 hoc
2633 1988 2717 2036 est
2756 1977 2936 2049 populi
2960 1978 3279 2051 Christiani,
3313 1991 3440 2038 sunt
3486 1984 3811 2039 utilissimi:

2211 2086 2442 2141 quorum
2489 2070 2727 2141 priorem
2773 2069 3216 2125 concionatorem
3257 2085 3549 2141 possumus
3587 2074 3812 2139 dicere,

2212 2160 2442 2215 alterum
2474 2175 2606 2216 vero
2647 2170 3094 2231 eongregatorem
3143 2176 3236 2216 seu
3266 2161 3645 2219 collectorem.
3702 2164 3812 2219 Sed

2212 2251 2356 2307 inter
2377 2251 2764 2307 Ecclesiastem
2787 2258 2843 2305 et
2883 2252 3025 2306 inter
3048 2250 3491 2309 Ecclesiasticum
3520 2255 3692 2310 istam
3712 2254 3815 2310 Pa-

2210 2352 2323 2401 tres
2346 2358 2577 2414 posuere
2602 2343 2945 2410 distantiam,
2971 2342 3114 2413 quod
3162 2342 3521 2400 Ecclesiastes
3546 2345 3619 2400 ad
3656 2345 3813 2401 Chri-

2211 2444 2355 2491 stum
2377 2433 2664 2489 Dominum
2690 2433 2924 2489 maxime
2949 2433 3107 2489 debet
3144 2432 3361 2502 referri,
3386 2434 3816 2492 Ecclesiasticus

2210 2541 2341 2582 vero
2383 2525 2688 2596 cuicunque
2734 2523 2884 2594 justo
2945 2524 3287 2595 praedicatori
3339 2535 3520 2595 potest
3562 2527 3817 2583 absolute

2210 2632 2531 2689 congruere,
2562 2616 2655 2687 qui
2694 2615 2994 2672 Ecclesiam
3020 2616 3232 2671 Domini
3269 2617 3636 2685 sanctissimis
3676 2618 3817 2674 solet

2210 2709 2427 2764 monitis
2461 2721 2793 2778 congregare
2822 2724 2836 2761 :
2868 2706 3011 2777 quod
3040 2706 3227 2776 utique
3251 2716 3576 2776 praesentem
3609 2707 3813 2763 librum

2210 2798 2404 2857 fecisse
2452 2798 2796 2854 manifestum
2846 2804 2949 2854 est.
3003 2796 3104 2865 Qui
3149 2808 3371 2869 propter
3422 2798 3814 2854 excellentiam

2208 2891 2467 2946 virtutum
2499 2903 2718 2944 suarum
2744 2896 3045 2959 panaretos,
3070 2887 3122 2941 id
3155 2895 3241 2944 est
3268 2887 3535 2943 virtutum
3565 2890 3814 2943 omnium

2210 2996 2420 3058 capax,
2465 2977 2787 3049 appellatur.
2843 2977 3010 3047 Cujus
3045 2987 3194 3033 tanta
3244 2980 3502 3047 claritas,
3552 2989 3817 3051 tantaque

2209 3070 2451 3125 latinitas
2479 3078 2582 3135 est,
2613 3078 2673 3124 ut
2725 3069 2827 3124 sibi
2857 3078 3035 3125 textus
3089 3071 3204 3141 ipse
3230 3072 3666 3129 commentarius
3710 3074 3814 3138 sit;

2211 3172 2374 3235 atque
2406 3163 2611 3217 utinam
2638 3177 2801 3232 quam
2832 3163 2942 3217 cito
2984 3171 3165 3219 mente
3201 3166 3414 3235 capitur
3438 3206 3453 3231 ,
3510 3174 3626 3221 tam
3668 3166 3815 3222 facili

516 3246 704 3304 decem
743 3247 895 3304 libris
922 3262 1097 3320 nuper
1142 3245 1373 3312 confeci,
1406 3243 1569 3301 simili
1596 3243 1882 3299 devotione
1919 3238 2108 3296 offero.
2139 3237 2187 3297 B
2216 3262 2433 3311 actuum
2463 3253 2722 3325 qualitate
2750 3254 3088 3310 redderetur.
3116 3255 3287 3326 Hujus
3319 3273 3451 3331 ergo
3488 3259 3619 3315 libri
3652 3260 3815 3315 lectio

519 3338 590 3396 Ut
636 3355 881 3396 summus
926 3340 1181 3396 sacerdos
1231 3337 1435 3395 Christi
1476 3347 1531 3392 et
1569 3335 1900 3390 architectus
1945 3331 2110 3388 divini

514 3432 758 3499 aedilicii,
789 3432 1009 3489 domum
1040 3432 1341 3503 sapientize,
1378 3444 1542 3501 quam
1569 3428 1684 3498 ipsa
1710 3427 1813 3482 sibi
1844 3424 2117 3509 fundavit,

514 3533 679 3594 atque
700 3525 755 3579 in
777 3533 984 3596 septem
1014 3524 1281 3581 columnis
1304 3522 1498 3588 erexit,
1529 3520 1748 3590 scriptis
1781 3516 2113 3574 ecclesiasti-

514 3616 596 3670 cis
639 3631 737 3685 pro
779 3616 938 3672 modo
969 3616 1122 3671 tibia
1150 3615 1261 3670 Deo
1293 3628 1553 3669 concesso
1592 3612 1909 3675 adornares,
1937 3615 1993 3663 et
2035 3606 2112 3660 lu-

515 3724 668 3761 crum
700 3709 881 3779 gregis
912 3709 1009 3763 Dei
1044 3707 1425 3779 ampliﬁcares.
1464 3704 1576 3761 Nec
1604 3704 1751 3759 aliud
1780 3704 2111 3757 instrumen-

515 3808 633 3854 tum
656 3802 723 3855 ad
750 3801 856 3856 hoc
884 3803 1062 3871 aptius
1085 3816 1207 3857 esse
1231 3801 1437 3872 putavi,
1469 3815 1631 3871 qnam
1680 3798 1825 3869 quod
1849 3798 1968 3867 ipsa
2003 3795 2107 3851 Sa-

515 3890 723 3960 pientia
753 3905 852 3945 suo
882 3891 1101 3946 nomine
1125 3897 1181 3945 et
1206 3900 1327 3945 arte
1374 3889 1611 3946 dicavit:
1650 3888 1795 3958 quod
1821 3887 1877 3941 in
1913 3900 2105 3956 super-

514 3981 638 4037 ficie
663 3996 877 4052 quoque
921 3990 976 4037 et
1022 3982 1076 4037 in
1107 3982 1340 4037 medulla
1376 3982 1633 4035 virtutem
1674 3985 1820 4033 tenet
1866 3976 2108 4032 scientia:

512 4078 570 4124 et
595 4071 831 4141 pietatis,
858 4072 999 4127 sicut
1024 4072 1077 4126 in
1111 4071 1378 4141 prommio
1401 4068 1758 4141 praecedentis
1793 4067 1936 4134 libri,
1965 4074 2021 4122 et
2049 4067 2105 4121 in

513 4161 694 4230 capite
735 4162 1018 4233 praesentis
1052 4163 1377 4219 declaratur.
1418 4161 1560 4217 Dicit
1590 4160 1734 4216 enim
1762 4162 1953 4217 beatus
1978 4159 2106 4216 Hie-

512 4267 772 4323 ronymus
794 4253 847 4307 in
868 4254 1109 4326 prologo,
1131 4270 1291 4325 quem
1308 4253 1755 4325 interpretatione
1770 4252 2104 4310 voluminum

514 4340 819 4399 Salomonis
868 4343 937 4398 ad
981 4344 1354 4400 Chromatium
1380 4351 1435 4399 et
1468 4334 1779 4399 Eliodorum
1820 4343 2103 4413 episcopos

511 4435 877 4505 conscripsit,
924 4435 1070 4491 hunc
1109 4435 1308 4491 librum
1331 4434 1459 4491 Jcsu
1490 4434 1585 4489 ﬁlii
1632 4434 1825 4489 Sirach
1874 4447 1933 4489 se
1958 4431 2103 4504 apud

511 4521 771 4578 Hebraeos
817 4524 1084 4593 reperisse
1108 4541 1215 4579 non
1246 4524 1716 4589 Ecclesiasticum,
1747 4531 1807 4578 ut
1832 4523 1973 4593 apud
1996 4522 2101 4576 La-

513 4614 660 4668 tinos
682 4654 697 4679 ,
743 4613 837 4668 sed
865 4614 1155 4672 Parabolas
1183 4624 1558 4687 pramotatum.
1590 4614 1689 4670 Cui
1738 4613 1912 4685 juncti
1945 4621 2104 4669 erant

514 4703 872 4761 Ecclesiastes
910 4716 965 4761 et
1000 4705 1283 4763 Canticum
1312 4707 1671 4772 canticorum,
1692 4715 1755 4759 ut
1790 4704 2100 4761 similitudi-

512 4810 636 4849 nem
665 4794 970 4853 Salomonis
996 4815 1101 4854 non
1133 4800 1306 4855 solum
1334 4799 1596 4856 librorum
1632 4813 1877 4864 numero,
1912 4797 2007 4854 sed
2045 4804 2101 4852 et

511 4886 867 4942 materiarum
903 4901 1101 4960 genere
1136 4899 1460 4962 comquarct.
1496 4890 1743 4945 Alterum
1770 4904 1901 4945 vero
1925 4929 1941 4955 ,
1994 4889 2100 4944 hoc

509 4987 593 5031 est
626 4976 916 5048 Sapientia:
945 4980 1164 5049 librum,
1187 4998 1455 5054 nusquam
1483 4982 1625 5053 apud
1658 4982 1803 5052 ipsos
1841 4981 2099 5038 llebrzcos

509 5071 792 5139 reperisse.
838 5072 943 5129 Sed
980 5075 1154 5147 magis
1201 5075 1351 5130 illum
1402 5074 1646 5131 Graecam
1697 5074 1940 5130 redolere
1987 5074 2099 5131 elo-

508 5162 807 5231 quentiam,
838 5181 1001 5234 quam
1026 5175 1082 5222 et
1114 5168 1356 5223 nonnulli
1378 5167 1619 5222 Philonis
1642 5181 1760 5222 esse
1800 5167 2092 5221 allirmant.

506 5247 777 5307 Praeterea
808 5256 1105 5311 notandum
1133 5258 1276 5328 quod
1327 5258 1414 5311 ille
1461 5256 1599 5313 liber
1626 5256 1934 5311 Salomonis
1958 5296 1973 5322 ,
2002 5255 2094 5324 qui

509 5336 707 5397 dicitur
751 5343 1108 5402 Ecclesiastes
1177 5356 1233 5401 et
1272 5346 1372 5403 istc
1408 5343 1536 5402 Jesn
1569 5344 1663 5400 lilii
1721 5346 1912 5401 Sirach
1938 5384 1954 5410 ν
2002 5343 2095 5413 (1“i

2216 3344 2471 3416 frequens
2495 3346 2634 3416 apud
2666 3354 2717 3401 te
2743 3346 2830 3409 sit,
2855 3356 3041 3403 sancte
3066 3347 3248 3414 Pater,
3271 3359 3327 3405 et
3368 3350 3814 3407 testimoniorum

2215 3435 2332 3506 ejus
2354 3437 2571 3492 assidua
2609 3437 2921 3503 meditatio,
2968 3448 3236 3508 quatenus
3264 3443 3543 3513 cogitatio,
3570 3459 3701 3514 qua:
3728 3453 3811 3499 te-

2213 3544 2339 3584 cum
2365 3544 2462 3599 pro
2494 3529 2698 3583 honore
2720 3527 2920 3600 gradus
2956 3538 3012 3585 ct
3037 3530 3298 3586 virtutum
3342 3533 3540 3587 merito
3571 3533 3813 3589 incessa-

2211 3617 2394 3673 biliter
2425 3626 2797 3685 conversatur,
2832 3619 3050 3674 assidue
3091 3621 3316 3676 verbum
3360 3621 3456 3676 Dei
3482 3622 3715 3689 audiat,
3755 3631 3813 3678 ct

2210 3708 2616 3781 disciplinarum
2649 3709 2938 3764 utilitatem
2972 3708 3258 3781 intelligat,
3286 3718 3448 3781 atque
3472 3726 3703 3766 scrvare
3730 3710 3814 3766 di—

2210 3810 2345 3857 scat.
2375 3799 2445 3856 Ut
2466 3800 2628 3855 homo
2657 3799 2751 3854 Dei
2774 3815 2989 3871 semper
3010 3801 3082 3856 sit
3128 3810 3353 3872 paratus
3382 3801 3449 3856 ad
3479 3818 3647 3858 omne
3675 3818 3814 3873 opus

2208 3891 2435 3956 bonum,
2459 3898 2515 3946 et
2546 3890 2738 3963 religio
2762 3889 3091 3954 Christiana,
3113 3898 3170 3945 et
3207 3891 3318 3945 vita
3359 3890 3603 3947 fidelium
3651 3891 3812 3962 plene

2208 3980 2493 4048 clarescat,
2521 3980 2967 4051 gloriﬁeeturque
2999 3980 3141 4036 Deus
3175 3996 3277 4050 per
3302 3980 3486 4037 omnia
3526 3980 3584 4035 in
3623 3982 3811 4036 omni-

2205 4074 2328 4130 bus.
2357 4073 2435 4127 De
2456 4080 2653 4128 cmtero
2672 4086 2890 4143 quoque
2909 4086 3103 4128 moneo
3122 4071 3381 4128 lectorem
3401 4111 3417 4139 ,
3452 4071 3497 4127 si
3525 4071 3649 4143 ejus
3677 4087 3811 4142 prn-

2205 4165 2403 4222 dcntite
2422 4164 2617 4220 alicubi
2638 4163 2693 4219 in
2720 4165 2825 4220 hoc
2843 4180 3008 4236 opere
3051 4172 3238 4221 nostro
3282 4179 3478 4220 sensus
3498 4164 3809 4233 displiceat,

2204 4257 2293 4312 vel
2317 4256 2492 4313 oratio
2522 4256 2823 4322 sordescat,
2845 4270 2954 4311 non
2987 4271 3088 4312 nos
3120 4255 3410 4312 temerario
3460 4254 3672 4323 judicio
3701 4255 3812 4311 cito

2203 4347 2587 4418 reprehendat,
2611 4346 2706 4402 sed
2743 4345 2917 4417 magis
2944 4345 3250 4401 inﬁrmitati
3270 4354 3326 4401 et
3353 4346 3678 4419 ignorantia:
3712 4361 3810 4401 ve-

2202 4436 2351 4492 niam
2372 4435 2603 4503 tribuat;
2646 4434 2890 4505 sciatque
2926 4433 3045 4490 loca
3072 4434 3148 4491 ibi
3184 4448 3307 4490 esse
3334 4433 3596 4506 difﬁcilia,
3626 4442 3685 4489 et
3723 4434 3808 4491 di-

2205 4526 2379 4581 versis
2410 4524 2789 4596 mnigmatihus
2811 4523 2968 4580 valde
2994 4525 3226 4581 obscura
3253 4539 3269 4580 :
3295 4525 3439 4581 unde
3463 4525 3622 4582 debet
3657 4526 3807 4597 igno-

2209 4631 2365 4673 scere
2384 4614 2559 4671 labori
2587 4623 2805 4682 nostro;
2852 4623 2945 4670 aut
2970 4615 3015 4670 si
3051 4614 3181 4686 quid
3227 4614 3424 4670 melius
3445 4615 3693 4686 potuerit
3726 4616 3808 4668 in-

2208 4706 2417 4771 venire,
2445 4719 2545 4761 nos
2573 4704 2629 4760 in
2654 4703 2773 4775 ejus
2799 4704 3125 4759 sententiam
3143 4711 3363 4775 paratos
3383 4704 3523 4759 sciat
3543 4703 3800 4758 transire.

2208 4796 2510 4852 Dummodo
2539 4795 2751 4853 noverit
2792 4796 3031 4861 veniam,
3054 4808 3217 4865 quam
3256 4794 3414 4849 nobis
3459 4794 3614 4848 illum
3645 4804 3801 4863 opta-

2206 4887 2613 4953 mus‘tribuere,
2636 4902 2695 4942 se
2718 4885 2787 4940 ab
2823 4885 2964 4952 aliis,
2995 4883 3087 4940 ubi
3119 4884 3341 4955 indiget,
3373 4883 3668 4954 aliquando
3707 4896 3799 4934 ac-

2204 4988 2507 5049 cepturum.
2554 4978 2828 5048 Scriptum
2871 4984 2957 5032 est
2984 4975 3167 5031 enim:
3203 4992 3223 5026 ι
3255 4972 3314 5028 ln
3337 4989 3445 5045 quo
3469 4972 3678 5042 judicio
3717 4971 3799 5041 jn-

2204 5069 2536 5135 dicavcritis,
2554 5067 2886 5140 judicabitur
2906 5066 2974 5122 de
2998 5065 3172 5121 vobis.
3197 5083 3216 5117 ι
3254 5063 3455 5119 Sancta
3486 5062 3632 5117 Deus
3673 5059 3794 5114 Tri-

2203 5158 2347 5214 nitas
2391 5157 2780 5214 beatitudinem
2821 5164 3060 5211 vestram
3113 5153 3313 5222 uhique
3342 5158 3399 5206 et
3443 5150 3501 5205 in
3544 5148 3793 5205 omnibus

2203 5244 2529 5306 conservare
2561 5248 2843 5320 dignetur,
2897 5252 3083 5302 sancte
3122 5242 3312 5311 Pater,
3349 5255 3650 5299 memorem
3696 5253 3790 5295 no-

2202 5342 2301 5398 stri
