4030 6470
227 382 336 440 763i

225 510 1293 549 __________________

1134 360 1488 423 COMMENT.
1527 357 1596 413 ΙΝ
1628 352 2240 443 βαειιεειΑετιουιι.
2274 384 2348 397 -
2381 353 2511 410 LIB.
2549 353 2594 410 l.

3390 351 3493 407 766

1483 651 1776 730 LIBER
1814 650 1994 726 'PBI
2012 650 2247 727 MUS.

1704 805 2003 822 _

712 966 715 967 ν
753 904 981 964 CAPUT
1028 899 1314 959 PRIMUM.

232 1008 316 1067 De
339 1018 537 1066 aeterna
561 1002 660 1057 Dei
685 998 989 1071 Sapientia,
1035 994 1173 1116 quarti
1196 1008 1397 1062 semper
1420 1006 1537 1045 cum
1565 987 1728 1044 Patre
1749 986 1816 1041 sit

842 1078 963 1116 ante
1001 1079 1139 1116 κατα
1164 1080 1216 1116 a.

842 1078 963 1122 ante
1001 1078 1216 1122 sweuta.

309 1190 462 1262 (Cn.
488 1187 555 1255 ι.)
582 1203 602 1237 ‹
633 1179 823 1239 Omnis
854 1177 1121 1248 sapientia
1155 1189 1186 1228 a
1212 1174 1439 1228 Domino
1466 1172 1576 1227 Deo
1595 1179 1678 1227 est
1701 1211 1716 1235 ,
1763 1178 1820 1226 et

291 1297 418 1340 cum
451 1279 543 1336 illo
585 1277 686 1333 fuit
707 1289 939 1346 semper,
966 1279 1124 1329 etest
1153 1278 1278 1324 ante
1316 1284 1512 1323 aevum.
1551 1286 1571 1320 ι
1604 1266 1818 1321 Princi-

231 1375 386 1447 pium
413 1385 545 1445 ergo
570 1370 727 1427 istius
745 1368 867 1424 libri
896 1367 965 1423 de
1004 1372 1204 1420 mterna
1245 1362 1341 1418 Dei
1381 1361 1640 1432 sapientia
1681 1358 1822 1431 (quae

233 1474 324 1522 est
365 1460 636 1534 Christus)
686 1466 906 1524 narrat,
948 1456 1093 1528 quod
1134 1468 1349 1524 semper
1385 1468 1508 1508 eum
1546 1450 1707 1507 Patre
1751 1451 1822 1506 sit

233 1564 367 1612 ante
398 1552 626 1618 saecula;
673 1558 730 1608 et
769 1546 1063 1605 concordat
1090 1544 1380 1615 Evangelio
1411 1541 1656 1604 Joannis,
1678 1540 1823 1612 quod

235 1646 316 1702 ita
345 1645 566 1702 inchoat
591 1662 605 1698 :
642 1661 661 1695 ‹
688 1641 747 1696 In
773 1638 1040 1712 principio
1067 1639 1188 1693 erat
1222 1635 1480 1701 Verbum,
1504 1641 1559 1688 et
1587 1632 1824 1688 Verbum

235 1750 367 1796 erat.
385 1738 526 1810 apud
547 1738 739 1801 Deum,
759 1742 815 1790 et
840 1734 986 1790 Deus
1006 1739 1126 1788 erat
1166 1729 1439 1787 Verbum:
1476 1730 1581 1784 hoc
1616 1732 1747 1782 erat
1767 1725 1823 1780 in

235 1829 506 1901 principio
543 1827 684 1898 apud
722 1826 913 1881 Deum.
944 1843 965 1877 ι
990 1821 1179 1880 Omnis
1217 1836 1348 1894 ergo
1374 1818 1640 1892 sapientia
1669 1832 1701 1871 a
1722 1816 1828 1871 Do-

154 1922 161 1925 “
235 1925 389 1981 mino
414 1923 527 1978 Deo
546 1931 650 1987 est,
671 1921 798 1992 quia
820 1919 1090 1983 Christus,
1114 1917 1206 1988 qui
1223 1924 1304 1971 εει
1321 1915 1440 1970 fons
1461 1914 1586 1969 vitae
1611 1921 1666 1969 et
1688 1930 1707 1963 ι
1733 1910 1826 1966 lux

234 2030 372 2070 vera
409 2028 531 2085 qua:
575 2013 842 2069 illuminat
881 2024 1099 2066 omnem
1140 2007 1414 2063 hominem
1436 2005 1744 2060 venientem
1772 2003 1827 2058 in

235 2103 386 2159 hunc
406 2103 688 2168 mundum,
717 2122 735 2154 ι
762 2117 793 2156 a
822 2098 934 2155 Deo
977 2100 1138 2154 Patre
1173 2106 1332 2154 natus
1367 2104 1471 2161 est,
1494 2103 1551 2151 et
1585 2113 1603 2148 ι
1641 2094 1829 2151 omnia

230 2212 338 2268 per
357 2197 535 2267 ipsum
560 2194 700 2251 facta
731 2201 877 2259 sunt,
905 2201 960 2248 et
982 2192 1102 2247 sine
1128 2191 1245 2261 ipso
1272 2189 1475 2245 factum
1494 2198 1581 2244 est
1606 2186 1761 2243 nihil.
1802 2205 1823 2239 ι

234 2284 497 2354 Quisquis
526 2292 709 2339 autem
735 2280 894 2351 hujus
922 2279 1200 2350 sapientia:
1217 2279 1420 2333 lumine
1453 2285 1626 2343 caret,
1653 2276 1708 2331 in
1748 2282 1830 2332 te-

234 2375 423 2432 nebris
447 2373 706 2440 ambulat,
737 2382 794 2428 et
818 2373 991 2429 nescit
1017 2385 1125 2442 quo
1151 2370 1335 2435 vadat,
1363 2368 1621 2439 quoniam
1669 2375 1824 2422 tene-

234 2465 354 2522 brae
376 2469 785 2520 excaecaverunt
804 2461 991 2517 oculos
1033 2460 1170 2531 ejus.
1204 2459 1272 2514 Et
1298 2458 1560 2529 quidquid
1584 2457 1713 2513 huic
1743 2472 1833 2513 sa-

236 2558 462 2630 pientia:
489 2556 828 2621 adversatur,
854 2554 1081 2610 stultitia
1112 2554 1287 2624 magis
1315 2552 1542 2609 dicenda
1562 2559 1647 2608 est
1669 2566 1833 2621 quam

238 2649 552 2721 prudentia.
579 2647 733 2704 Unde
758 2645 958 2702 Paulus
983 2646 1094 2700 ait:
1131 2664 1151 2697 ι
1200 2644 1475 2715 Sapientia
1501 2644 1645 2700 enim
1674 2643 1835 2714 hujus

239 2739 431 2795 mundi
457 2737 684 2794 stultitia
706 2744 792 2793 est
814 2737 954 2807 apud
983 2736 1151 2791 Deum
1174 2734 1224 2803 (Ι
1240 2734 1361 2791 Cor.
1385 2734 1491 2805 ιιι).
1526 2754 1546 2788 ι
1573 2734 1640 2789 Ει
1659 2734 1790 2790 item
1816 2751 1830 2788 :

247 2849 270 2883 ι
306 2829 603 2885 Prudentia
628 2828 773 2883 enim
801 2828 984 2884 carnis
1014 2842 1160 2882 mors
1180 2835 1284 2882 est.
1314 2825 1608 2881 Prudentia
1654 2834 1836 2880 autem

243 2922 494 2993 spiritus,
517 2920 627 2977 vita
650 2928 706 2975 et
730 2935 836 2991 pax
858 2918 1196 2991 (Rom.vm).
1227 2939 1247 2972 ι
1278 2918 1543 2986 Quoniam
1571 2918 1836 2989 sapientia

245 3011 432 3069 carnis
464 3010 688 3067 inimica
722 3016 805 3066 est
850 3009 994 3076 Deo;
1039 3008 1144 3079 legi
1167 3009 1311 3065 enim
1338 3008 1435 3063 Dei
1465 3023 1574 3064 non
1599 3015 1685 3064 est
1712 3008 1841 3064 sub-

239 3104 408 3176 jecta,
428 3119 530 3160 nec
556 3103 701 3159 enim
730 3110 927 3172 potest.

326 3216 347 3249 ι
382 3197 618 3252 Arenam
644 3195 836 3261 maris,
864 3205 921 3250 et
946 3193 1138 3264 pluvia:
1179 3200 1381 3266 guttas,
1410 3198 1466 3247 et
1498 3190 1614 3247 dies
1638 3188 1839 3254 saeculi,

254 3308 278 3342 ι
313 3289 437 3360 quis
482 3287 880 3355 dinumeravit?
912 3286 1268 3340 Altitudinem
1307 3283 1453 3349 coeli,
1494 3290 1549 3338 et
1598 3281 1842 3337 latitudi-

255 3400 276 3432 ι
312 3394 439 3434 nem
485 3386 663 3444 terrae,
686 3386 742 3435 et
778 3377 1101 3449 profundum
1146 3376 1327 3447 abyssi
1350 3416 1366 3441 ,
1400 3374 1522 3445 quis
1565 3373 1843 3430 dimensus

258 3488 282 3523 ι
314 3470 433 3527 est?
470 3468 799 3539 Sapientiam
825 3467 923 3523 Dei
969 3467 1362 3537 praecedentem
1401 3464 1583 3520 omnia
1614 3463 1736 3535 quis
1757 3464 1843 3519 iu-

258 3581 281 3613 Ι
315 3558 633 3632 vestigavit?
663 3577 682 3610 ι
715 3557 1186 3629 Comparationem
1216 3556 1348 3612 facit
1368 3555 1733 3626 corporalium
1760 3570 1845 3610 re-

252 3665 377 3706 rum
405 3649 474 3705 ad
503 3648 787 3719 spiritalia,
814 3656 877 3704 ut
914 3664 983 3705 ex
1020 3646 1345 3703 diﬂicillimis
1394 3656 1673 3719 pensetur,
1703 3646 1847 3718 quod

253 3740 478 3799 omnino
518 3740 850 3812 impossibile
893 3749 994 3798 est.
1026 3738 1085 3796 Si
1129 3740 1276 3795 enim
1324 3755 1545 3796 arenam
1575 3740 1745 3795 maris
1791 3749 1848 3796 et

254 3829 451 3901 pluviae
468 3838 651 3902 guttas
687 3838 744 3885 et
786 3831 902 3886 dies
934 3830 1116 3885 saeculi
1145 3846 1305 3887 nemo
1351 3830 1698 3886 dinumerare
1751 3845 1849 3901 po-

257 3926 388 3984 test,
422 3933 598 3988 neque
619 3918 958 3975 altitudinem
985 3919 1107 3974 emli
1134 3927 1191 3975 et
1211 3919 1553 3975 latitudinem
1575 3928 1733 3975 terra:
1759 3927 1846 3975 at-

258 4023 367 4079 que
407 4008 731 4079 profundum
782 4009 963 4081 abyssi
1002 4009 1220 4065 metiri:
1264 4026 1385 4080 qua:
1431 4018 1612 4065 tamen
1666 4011 1850 4066 omnia

259 4106 413 4154 certe
447 4114 694 4166 numero,
724 4114 976 4155 mensura
1029 4109 1085 4155 et
1129 4101 1366 4169 pondere
1399 4116 1429 4155 a
1472 4108 1722 4156 creatore
1751 4115 1849 4157 suo

258 4188 481 4244 condita
509 4197 672 4244 sunt:
706 4189 976 4260 quomodo
1034 4190 1354 4261 sapientiam
1404 4191 1540 4258 Dei,
1586 4207 1708 4263 quae
1735 4191 1852 4247 sine

260 4278 374 4334 ﬁne
415 4288 474 4335 et
499 4280 652 4336 initio
678 4290 910 4349 constat,
953 4289 1009 4338 et
1046 4282 1425 4338 inenarrabilis
1452 4291 1616 4353 atque
1644 4282 1847 4337 inresti-

261 4370 481 4428 mabilis
514 4387 726 4443 semper
747 4381 947 4439 manet,
975 4372 1117 4427 ullus
1143 4372 1471 4443 investigare
1496 4373 1707 4443 potest?
1737 4373 1855 4429 Vir-

263 4470 356 4518 tus
375 4463 519 4518 cnim
544 4463 640 4517 Dei
675 4471 732 4519 et
780 4463 1043 4533 sapientia
1070 4463 1213 4533 (qua:
1236 4472 1320 4519 est
1342 4463 1610 4535 Christus)
1639 4477 1854 4534 semper

263 4566 391 4609 cum
418 4550 580 4607 Patre
612 4559 748 4616 erat,
775 4560 831 4608 ει
855 4551 994 4608 sicut
1032 4551 1196 4609 Pater
1223 4554 1340 4610 sine
1368 4555 1543 4621 initio,
1576 4556 1654 4611 sic
1678 4563 1732 4610 et
1766 4554 1854 4610 Fi-

264 4637 374 4696 lius
399 4640 517 4696 sine
541 4640 694 4696 initio
719 4649 822 4697 est.

887 4754 1113 4811 CAPUT
1161 4756 1227 4812 ll.

269 4862 352 4919 De
374 4863 629 4938 sapientia
653 4864 770 4930 Dei,
795 4864 850 4917 id
869 4874 941 4919 est
967 4863 1107 4938 Filio
1130 4865 1332 4931 Patris,
1347 4868 1487 4938 quod
1509 4875 1629 4922 ante
1651 4884 1854 4938 omnem

1849 893 1901 954 Α
1927 893 2142 965 generis
2168 890 2341 948 salute
2366 890 2737 961 temporaliter
2770 887 3066 945 incarnari.
3095 884 3332 945 Verbum
3351 887 3497 946 enim

1918 983 2208 1041 creationis
2227 987 2295 1039 ad
2318 984 2611 1039 humanam
2656 996 2767 1037 non
2794 981 2863 1036 ad
2882 980 3121 1036 divinam
3142 981 3379 1052 pertinet
3401 997 3498 1036 na-

1917 1085 2115 1132 turam.
2151 1076 2261 1132 Sed
2287 1084 2507 1147 propter
2536 1075 2800 1130 unitatem
2824 1070 3390 1143 personaraliquando
3421 1072 3502 1127 di-

1919 1174 2064 1229 citur
2084 1168 2226 1224 ﬁlius
2254 1169 2497 1240 genitus,
2528 1166 2818 1237 aliquando
2847 1179 2979 1220 vero
3019 1170 3234 1220 creatus
3258 1180 3271 1215 :
3301 1162 3504 1233 princi-

1917 1265 2065 1335 pium
2093 1277 2224 1331 ergo
2254 1260 2465 1314 viarum
2500 1258 2594 1313 Dei
2623 1269 2743 1325 est,
2787 1265 2849 1313 ut
2881 1256 2997 1327 ipse
3033 1255 3113 1310 ait
3141 1273 3154 1309 :
3185 1273 3205 1306 ι
3235 1255 3348 1326 Ego
3382 1270 3501 1310 sum
3601 1308 3605 1312 .

1918 1354 2006 1409 via
2036 1351 2219 1424 (Joan.
2253 1351 2401 1422 xw);
2440 1371 2463 1403 ι
2496 1350 2589 1421 qui
2612 1365 2840 1420 surgens
2884 1364 2917 1403 a
2955 1347 3183 1404 mortuis
3231 1348 3336 1402 iter
3380 1345 3508 1417 fecit

1920 1443 2176 1501 Ecclesia)
2221 1442 2291 1498 ad
2336 1458 2563 1514 regnum
2611 1441 2705 1497 Dei
2747 1442 2818 1496 ad
2865 1440 3034 1495 vitam
3079 1448 3361 1497 teternam.
3394 1459 3413 1492 ι
3445 1439 3506 1494 ln

1922 1549 2107 1606 Opera,
2139 1534 2334 1603 inquit,
2363 1548 2459 1588 sua
2491 1549 2506 1586 :
2545 1552 2562 1583 ι
2590 1532 2681 1602 qui
2706 1531 2775 1587 ad
2803 1531 3116 1587 redimenda
3140 1546 3304 1601 opera
3330 1530 3508 1587 Patris

1922 1642 1992 1682 ex
2015 1625 2226 1697 virgine
2254 1633 2471 1680 creatus
2497 1629 2600 1678 est.
2628 1621 2942 1693 Suscipiens
2969 1635 3188 1678 carnem
3205 1662 3220 1688 ,
3258 1628 3320 1676 ut
3340 1634 3507 1691 opera

1924 1713 2104 1770 Patris
2137 1730 2168 1768 a
2207 1713 2530 1783 corruptelae
2578 1712 2802 1767 servitio
2847 1711 3127 1767 liberaret.
3176 1710 3315 1767 Caro
3362 1711 3508 1766 enim

1925 1803 2125 1860 Christi
2161 1810 2382 1874 propter
2414 1818 2616 1875 Opera,
2657 1801 2914 1859 divinitas
2959 1808 3085 1858 ante
3122 1815 3308 1872 opera.
3346 1799 3502 1856 Unde

1927 1898 2173 1969 sequitur
2203 1917 2219 1953 :

2544 1986 2775 2044 CAPUT
2812 1988 2897 2044 ill.

2437 2079 2689 2152 Sequitur
2726 2088 2782 2134 ut
2820 2095 3000 2150 supra.

2009 2213 2029 2246 ι
2067 2191 2214 2249 Fons
2247 2192 2528 2264 sapientite
2554 2192 2782 2248 verbum
2815 2191 2913 2247 Dei
2945 2191 3001 2245 in
3038 2189 3270 2246 excelsis
3293 2231 3308 2255 ,
3339 2201 3395 2245 et
3425 2189 3513 2245 in-

1939 2301 1959 2338 ‹
2003 2297 2222 2355 gressus
2285 2283 2428 2338 illius
2483 2283 2738 2338 mandata
2789 2290 3013 2337 aeterna.
3064 2300 3085 2334 ι
3133 2280 3298 2352 Origo
3340 2278 3520 2335 omnis

1934 2373 2216 2444 sapientiae
2246 2388 2278 2428 a
2308 2374 2476 2429 verbo
2496 2372 2593 2429 Dei
2620 2373 2857 2443 primum
2876 2372 3184 2443 processit:
3213 2370 3357 2440 quod
3374 2369 3520 2423 Deus

1934 2479 2003 2521 ex
2043 2466 2158 2521 Deo
2195 2480 2411 2537 semper
2437 2481 2560 2521 eum
2603 2464 2765 2519 Patre
2814 2471 3098 2535 permanet
3130 2463 3185 2517 in
3215 2462 3397 2527 cmlis;
3424 2460 3520 2517 sed

1933 2570 2035 2627 per
2061 2556 2518 2626 dispensationem
2557 2563 2823 2626 suscepta:
2854 2555 3210 2610 humanitatis
3243 2555 3521 2625 ingressus

1937 2652 2023 2702 est
2046 2644 2329 2709 mundum,
2355 2652 2412 2700 et
2435 2645 2585 2701 dedit
2612 2644 2866 2699 mandata
2897 2642 3089 2700 salutis
3115 2652 3351 2699 aeternae.
3368 2641 3525 2708 Quod

1937 2735 2243 2807 intelligens
2263 2734 2458 2790 Petrus
2487 2733 2762 2805 apostolus
2785 2734 2853 2789 ad
2886 2734 3062 2804 ipsum
3092 2734 3376 2788 Dominum
3405 2732 3520 2786 ait:

1944 2843 1964 2876 ι
1997 2823 2077 2879 Τιι
2101 2826 2267 2880 verba
2289 2824 2416 2880 vita:
2444 2833 2661 2880 acterna:
2685 2825 2872 2887 habes,
2903 2831 2959 2880 et
2979 2839 3081 2879 nos
3104 2823 3377 2879 credimus
3395 2822 3523 2891 quia

1941 2925 1997 2972 tu
2023 2930 2085 2971 es
2113 2915 2382 2980 Christus,
2411 2916 2584 2971 Filius
2617 2916 2712 2970 Dei
2736 2915 2846 2970 vivi
2871 2914 3051 2986 (Joan.
3082 2914 3182 2985 vi).
3220 2932 3238 2965 ι
3271 2912 3348 2967 De
3371 2913 3527 2983 cujus

1940 3007 2147 3078 origine
2171 3016 2335 3078 atque
2358 3007 2639 3063 nativitate
2659 3008 2837 3063 adhuc
2856 3005 3218 3077 subiungitur.

2545 3118 2770 3176 CAPUT
2806 3118 2897 3175 IV.

1942 3211 2023 3268 De
2048 3212 2307 3285 sapientia
2331 3211 2429 3285 Dei
2451 3214 2816 3285 prophetatum
2837 3209 2961 3280 quia
2984 3208 3050 3262 de
3084 3205 3298 3279 Virgine
3322 3223 3387 3261 ea:
3407 3204 3527 3277 Spi-

2301 3284 2406 3337 ritu
2432 3278 2614 3336 saneto
2644 3278 2821 3334 Filius
2850 3278 3173 3333 nasceretur.

2022 3415 2042 3447 ι
2083 3393 2258 3449 Radix
2301 3393 2582 3463 sapientiae
2626 3392 2713 3448 cui
2760 3391 3003 3448 revelata
3050 3398 3167 3451 est.
3202 3398 3259 3446 et
3302 3389 3532 3445 astutias

1953 3506 1973 3538 ι
2020 3486 2164 3540 illius
2191 3485 2315 3555 quis
2340 3484 2595 3555 agnovit?
2620 3482 2919 3554 Disciplina
2946 3482 3228 3554 sapientiae
3261 3482 3346 3537 cui
3373 3494 3531 3537 reve-

1871 3600 1918 3665 ρ
1953 3597 1974 3631 ι
2017 3577 2126 3633 lata
2153 3586 2270 3643 est,
2297 3587 2352 3632 et
2388 3575 2775 3632 manifestata?
2803 3576 2870 3630 Et
2913 3573 3414 3644 multiplicationem
3452 3573 3536 3627 in-

1953 3688 1974 3723 ι
2017 3684 2236 3742 gressus
2266 3668 2409 3724 illius
2438 3666 2562 3738 quis
2597 3665 2895 3722 intellexit?
2924 3664 3076 3721 Unus
3104 3673 3188 3719 est
3224 3662 3534 3717 Altissimus

1953 3781 1972 3815 ι
2014 3768 2230 3817 creator
2267 3759 2641 3828 omnipotens,
2681 3764 2737 3811 et
2771 3771 2867 3812 rex
2904 3762 3099 3825 potens
3122 3762 3177 3809 et
3213 3751 3535 3807 metuendus

1953 3872 1972 3906 ‹
2016 3851 2199 3918 nimis,
2232 3850 2428 3905 sedens
2460 3862 2626 3917 super
2662 3846 2917 3900 thronum
2962 3843 3136 3909 illius,
3170 3851 3224 3897 et
3251 3841 3536 3897 dominans

1954 3961 1975 3995 ι
2016 3943 2178 3998 Deus.
2214 3941 2334 4012 Ipse
2359 3939 2569 3996 creavit
2599 3937 2745 3992 illam
2783 3938 2837 3991 in
2867 3935 3075 4006 Spiritu
3107 3943 3324 3995 sancto,
3363 3942 3419 3987 et
3455 3933 3533 3987 vi-

1954 4053 1974 4087 c
2015 4034 2113 4099 dit,
2145 4041 2200 4087 et
2228 4030 2610 4096 dinumeravit,
2634 4039 2688 4085 et
2713 4042 2934 4084 mensus
2962 4026 3063 4082 εει.
3089 4026 3157 4080 Ει
3177 4026 3364 4081 effudit
3390 4025 3535 4079 illam

1955 4142 1975 4176 ι
2019 4137 2183 4192 super
2208 4121 2391 4176 omnia
2422 4134 2587 4191 Opera
2620 4134 2748 4184 sua,
2786 4126 2844 4174 ει
2872 4132 3038 4186 super
3068 4131 3287 4171 omnem
3314 4130 3535 4171 carnem

1956 4233 1977 4267 ι
2021 4212 2317 4270 secundum
2352 4212 2538 4266 datum
2568 4223 2748 4273 suum,
2778 4216 2834 4262 et
2864 4206 3093 4277 praebuit
3130 4205 3276 4259 illam
3312 4204 3538 4275 diligen-

1956 4326 1977 4360 ι
2023 4306 2168 4360 tibus
2217 4317 2295 4358 se.
2334 4321 2353 4354 ι
2390 4299 2528 4355 Cum
2572 4299 2879 4369 interrogat
2926 4297 3013 4351 cui
3063 4297 3342 4365 sapientia:
3384 4295 3539 4349 radix

1952 4394 2189 4451 revelata
2231 4392 2303 4446 sit
2326 4406 2390 4446 ac
2416 4387 2755 4444 manifestata
2775 4427 2790 4453 ,
2831 4394 2886 4442 et
2914 4384 3415 4455 multiplicationem
3455 4384 3538 4437 in-

1954 4498 2174 4557 gressus
2219 4481 2364 4537 illius
2408 4480 2532 4550 quis
2564 4477 2928 4543 intellexerit,
2975 4475 3214 4531 ostendit
3263 4474 3538 4529 neminem

1952 4593 2113 4651 posse
2141 4575 2566 4649 profunditatem
2597 4572 2810 4628 consilii
2834 4572 2929 4627 Dei
2958 4578 3244 4641 penetrare
3263 4611 3277 4636 ,
3308 4576 3399 4624 aut
3425 4584 3541 4623 ma-

1956 4669 2294 4742 gnitudinem
2320 4664 2583 4721 bonitatis
2606 4670 2662 4718 et
2696 4660 3085 4719 misericordia:
3113 4658 3250 4729 ejus,
3285 4658 3448 4731 (unde
3474 4659 3541 4713 ad

1956 4762 2327 4819 liberationem
2355 4767 2413 4815 et
2440 4756 2889 4813 illuminationcm
2920 4754 3141 4809 humani
3183 4752 3398 4824 generis
3429 4751 3544 4821 ipse

1955 4854 2120 4909 homo
2164 4851 2283 4907 ﬁeri
2322 4849 2577 4919 dignatus
2613 4846 2718 4919 est)
2767 4844 3243 4915 comprehendere.
3293 4842 3444 4896 Sicut
3489 4849 3546 4896 et

344 4936 409 4987 sit
429 4931 829 5012 ἐνεᾳιιιναιηκεέ
862 4937 1036 5012 omnia
1053 4953 1157 5012 per
1179 4931 1509 5012 ipsant'facta
1539 4938 1663 4992 sint.
1698 4937 1852 5003 Quod
1882 4948 1932 5008 Ι)
1957 4943 2126 4998 Isaias
2153 4941 2417 5012 propheta
2458 4946 2684 5009 stupens
2723 4936 3041 5007 mysterium
3083 4933 3380 4988 nativitatis
3428 4931 3545 5001 ejus

344 5013 393 5058 et
429 5002 649 5058 Verbum
669 5004 763 5059 Dei
785 5005 926 5060 Deus
952 5007 1018 5059 sit
1045 5002 1099 5060 in
1129 5002 1365 5061 excelsis.

356 5131 375 5163 ι
413 5112 569 5168 Prior
612 5116 853 5170 omnium
899 5121 1099 5172 crcata'
1128 5127 1212 5173 est
1250 5120 1514 5189 sapientia
1560 5130 1617 5176 et
1646 5121 1857 5176 intelle-

282 5227 303 5260 ‹
347 5215 467 5263 ειυε
490 5207 789 5278 prudentia:
811 5210 877 5263 ab
900 5225 1036 5265 :BVO.
1070 5230 1090 5263 ›
1116 5210 1269 5266 Hanc
1293 5212 1613 5267 sententiam
1642 5213 1781 5267 sicut
1804 5220 1861 5267 ct

280 5297 430 5352 illam
472 5299 527 5353 in
562 5298 872 5355 Proverbiis
925 5302 1015 5357 ubi
1066 5302 1328 5372 scriptum
1378 5312 1505 5358 est:
1544 5322 1562 5354 ‹
1598 5303 1860 5359 Dominus

283 5389 491 5444 creavit
518 5404 605 5443 me
636 5390 962 5461 principium
992 5393 1203 5448 viarum
1235 5409 1456 5449 suarum
1493 5393 1673 5465 (Prov.
1707 5397 1857 5466 Vill);

285 5478 355 5531 de
403 5478 773 5535 incarnatione
822 5482 1034 5536 Domini
1080 5484 1280 5539 dictam
1320 5484 1510 5540 Patres
1539 5487 1861 5558 intelligunt.

284 5565 427 5636 Quia
449 5568 590 5623 sicut
618 5571 914 5627 secundum
945 5572 1281 5630 divinitatem
1308 5575 1476 5631 Filius
1505 5593 1535 5631 a
1559 5578 1717 5633 Patre
1739 5586 1866 5633 ante

285 5660 470 5716 omnia
498 5662 695 5717 satcula
723 5669 883 5719 natus
908 5672 1024 5731 est,
1059 5666 1133 5721 ita
1167 5674 1294 5721 ante
1318 5667 1501 5722 omnia
1532 5676 1774 5738 tempora
1808 5669 1864 5723 in

289 5753 520 5812 consilio
548 5754 642 5811 Dei
682 5756 860 5813 Patris
902 5756 1315 5826 prmdestinatus
1363 5766 1448 5813 cst
1492 5776 1591 5828 pro
1642 5760 1862 5814 humani

1962 5035 2078 5088 ait:
2128 5051 2146 5083 ι
2191 5031 2614 5087 Generationem
2668 5036 2845 5083 autem
2904 5025 3022 5096 ejus
3059 5025 3182 5094 quis
3233 5023 3545 5079 enarrabit?

1963 5124 2137 5195 (Psal.
2160 5122 2301 5191 Lm.)
2322 5141 2341 5174 ι
2370 5121 2531 5178 Solus
2555 5120 2700 5176 enim
2723 5121 2868 5174 Deus
2887 5118 3053 5173 Pater
3070 5116 3413 5186 omnipotens
3433 5115 3548 5169 uni-

1964 5214 2129 5285 geniti
2154 5213 2276 5267 Filii
2305 5213 2389 5267 sui
2420 5212 2709 5267 adventum
2733 5249 2748 5274 ,
2793 5223 2893 5278 per
2933 5208 3110 5276 ipsum
3152 5206 3389 5262 Verbum
3441 5206 3546 5261 sibi

1966 5314 2292 5359 cetetcrnum
2319 5302 2478 5358 simul
2511 5316 2634 5356 cum
2673 5298 2879 5369 Spiritu
2918 5305 3108 5353 sancto
3146 5296 3420 5353 ordinavit
3458 5306 3545 5352 at-

1967 5410 2073 5463 que
2096 5393 2390 5463 disposuit,
2424 5392 2696 5461 quomodo
2733 5405 2833 5460 per
2859 5389 3087 5460 virginis
3114 5397 3329 5458 partum
3362 5388 3428 5443 ad
3462 5404 3549 5444 sa-

1966 5486 2134 5541 lutem
2163 5484 2347 5541 mundi
2377 5481 2741 5552 processerit,
2787 5488 2848 5533 ut
2887 5486 3165 5550 repararet
3208 5485 3546 5544 creaturam,

1968 5588 2131 5643 quam
2162 5570 2288 5627 fecit
2316 5571 2384 5626 ab
2407 5571 2584 5636 initio,
2608 5585 2673 5625 ac
2693 5570 2969 5624 hominem
2991 5570 3171 5640 (quem
3204 5568 3322 5638 ipse
3342 5568 3563 5622 creavit-

1969 5673 2200 5727 rectum,
2228 5663 2322 5717 sed
2342 5661 2433 5715 ille
2462 5676 2521 5715 se
2565 5675 2663 5731 per
2698 5660 3121 5716 inobedientiam
3150 5657 3279 5713 fecit
3323 5671 3543 5726 perver-

1968 5756 2112 5828 sum)
2139 5756 2336 5811 iterum
2362 5752 2430 5808 ad
2452 5753 2780 5822 agnitionem
2815 5763 2869 5809 et
2898 5752 3241 5809 dilectionem
3279 5749 3359 5806 sui
3393 5761 3547 5801 revo-
