4030 6480
544 356 648 410 τω

1168 351 1231 407 Β.
1268 348 1522 405 RABANI
1560 347 1779 403 MAURI
1817 343 2136 401 ARCIIIEP.
2179 341 2488 400 MOGUNT.
2529 345 2817 403 OPERUM
2851 346 3032 402 PARS
3067 347 3109 401 l.

3703 344 3826 400 768

548 470 718 526 caret,
740 462 873 517 dans
896 459 971 515 illi
999 462 1200 517 donum
1225 458 1460 530 Spiritus
1479 457 1685 522 sancti,
1710 464 1773 511 ut
1797 456 1967 526 ipsius
1995 468 2113 508 mu-
2137 453 2190 514 Α
2214 468 2304 507 mo
2348 455 2602 510 doctoris.
2634 456 2886 513 Charitas
2915 474 3045 513 vero
3077 458 3171 513 Dei
3196 499 3213 524 ,
3265 471 3386 528 qua:
3423 458 3821 515 certissimum

547 568 679 608 nere
707 552 1006 607 salvaretur
1025 559 1079 606 et
1103 560 1411 606 servaretur
1433 551 1486 605 in
1515 557 1800 605 :cternum.

621 662 639 693 ι
684 642 868 697 Timor
888 643 1097 696 Domini
1128 642 1296 713 gloria
1323 650 1380 697 et
1404 642 1610 705 laetitia,
1640 650 1694 694 et
1716 653 1917 694 corona
1938 652 2115 692 exsu.-

482 760 493 769 ·
545 751 570 787 ι
606 734 845 789 talionis.
886 754 903 785 ι
945 734 1185 803 Denique
1236 734 1400 787 timor
1442 732 1650 787 Domini
1692 731 1995 787 certissima
2032 737 2115 784 est

540 826 688 882 salus
716 824 969 890 hominis,
992 825 1086 893 qui
1108 832 1325 879 coercet
1345 824 1490 877 illum
1514 840 1543 877 a
1567 824 1825 893 peccatis,
1850 830 1904 875 et
1931 821 2117 892 dirigit

539 920 594 974 in
622 931 782 988 opere
809 917 1043 988 pietatis.
1075 915 1151 970 De
1179 930 1286 985 quo
1310 923 1363 969 et
1388 928 1484 985 per
1503 913 1844 968 Psalmistam
1875 912 2109 967 dicitur:

543 1029 562 1061 ι
597 1009 795 1064 Beatus
822 1009 907 1063 vir
947 1007 1037 1078 qui
1067 1007 1221 1061 timet
1258 1006 1545 1060 Dominum
1566 1046 1580 1065 .
1612 1004 1665 1058 in
1702 1003 1972 1059 mandatis
1999 1002 2116 1071 ejus

537 1098 684 1167 cupit
718 1098 902 1153 nimis.
941 1117 958 1148 ι
996 1097 1063 1150 Et
1096 1095 1254 1166 paulo
1289 1103 1447 1164 post:
1483 1115 1500 1146 ‹
1537 1094 1719 1150 Gloria
1748 1103 1804 1149 et
1830 1094 2031 1149 divitia:
2058 1094 2113 1150 in

536 1187 698 1243 domo
725 1187 861 1256 ejus,
897 1195 950 1243 et
977 1186 1189 1257 justitia
1214 1187 1331 1256 ejus
1360 1195 1543 1241 manet
1572 1187 1624 1240 in
1649 1186 1904 1241 saeculum
1931 1187 2115 1243 seaculi

537 1275 709 1347 (Psal.
756 1277 888 1348 cxt).
924 1297 942 1329 ι
977 1277 1243 1345 Quoniam
1287 1277 1455 1349 gloria
1494 1277 1753 1330 virtutum
1781 1284 1835 1331 et
1868 1276 2117 1344 gloriatio

537 1377 698 1422 rectae
718 1369 1070 1425 confessionis
1091 1370 1145 1424 in
1166 1370 1415 1438 prmscnti
1445 1370 1555 1422 vita
1586 1368 1732 1422 illum
1756 1369 2113 1424 comitantur:

537 1459 593 1513 in
630 1458 809 1514 futuro
847 1468 1026 1515 autem
1067 1460 1311 1529 sequitur
1338 1459 1522 1514 lmtitia
1558 1468 1832 1528 perpetuae
1868 1460 2025 1526 vitm,
2057 1470 2113 1517 et

534 1564 734 1604 corona
762 1549 1111 1606 beatitudinis
1136 1559 1372 1606 tetemae.
1406 1550 1557 1605 Unde
1586 1550 1651 1605 de
1684 1550 1873 1606 eodem
1920 1551 2115 1606 timore

534 1642 712 1695 adhuc
742 1642 1004 1712 sequitur.

1166 1716 1393 1791 CAPUT
1432 1733 1494 1790 v.

2215 544 2414 599 donum
2442 554 2525 600 est
2547 545 2783 616 Spiritus
2810 551 3017 614 sancti,
3045 549 3308 607 citissime
3347 549 3416 603 ad
3444 549 3821 621 intelligenda

2214 642 2377 704 atque
2401 637 2735 691 observanda
2761 638 2854 692 Dei
2882 640 3134 694 mandata
3160 654 3258 694 cor
3287 638 3429 709 quod
3462 639 3684 709 implet,
3728 638 3820 692 in.

2214 723 2469 779 flammat.
2514 727 2630 798 Ipsa
2667 728 2799 783 facit
2839 731 3038 785 bonum
3081 732 3352 801 incipere,
3384 732 3496 801 ipsa
3530 741 3588 788 et
3624 732 3816 803 perﬁ-

2214 829 2358 881 cere,
2392 817 2506 886 ipsa
2535 826 2589 872 et
2620 822 2986 875 remuneratio
3013 830 3200 875 nostra
3227 822 3332 876 erit
3367 823 3420 876 in
3451 822 3629 877 futura
3659 824 3814 878 vita.

2214 902 2291 958 De
2333 920 2440 975 quo
2474 906 2739 977 Propheta
2785 909 2852 963 ad
2895 910 3179 965 Dominum
3214 911 3379 965 dicit:
3414 930 3432 962 ι
3462 910 3821 981 Adimplchis

2214 1006 2313 1046 nos
2340 992 2523 1048 laetitia
2567 1010 2689 1050 cum
2715 997 2863 1051 vultu
2895 1004 3015 1063 tuo,
3045 994 3431 1054 delectationes
3471 1000 3526 1054 in
3567 1002 3815 1057 dextera

2215 1095 2305 1142 tua
2330 1104 2499 1160 usque
2528 1092 2580 1146 in
2608 1091 2767 1147 linem
2796 1091 2966 1164 (Psal.
2998 1094 3108 1165 xv).
3129 1114 3148 1146 ›

2292 1201 2310 1233 ‹
2357 1182 2591 1238 Timenti
2621 1185 2904 1239 Dominum
2938 1185 3077 1240 bene
3112 1187 3217 1241 erit
3246 1186 3300 1241 in
3334 1189 3631 1253 extremis,
3660 1197 3727 1243 et
3760 1190 3816 1243 in

2221 1293 2239 1326 ι
2285 1275 2372 1330 die
2396 1275 2758 1332 defunctionis
2787 1292 2898 1332 sua:
2926 1278 3297 1343 benedieetur,
3320 1288 3521 1334 etcum
3547 1280 3817 1334 fidelibus

2222 1386 2242 1419 ι
2288 1367 2342 1422 in
2365 1367 2523 1423 vulva
2551 1377 2873 1425 concreatus
2904 1377 3021 1435 est,
3072 1377 3130 1425 et
3171 1385 3296 1426 cum
3345 1370 3536 1426 electis
3584 1371 3817 1426 feminis

2222 1480 2241 1512 ε
2286 1461 2550 1532 graditur,
2583 1470 2637 1517 et
2676 1477 2798 1517 cum
2837 1462 3001 1533 justis
3030 1470 3086 1517 et
3123 1462 3374 1518 ﬁdelibus
3404 1465 3752 1535 agnoscitur.
3789 1485 3811 1516 ι

2216 1550 2533 1621 Quicunque
2561 1552 2704 1606 enim
2733 1559 2954 1622 propter
2988 1552 3241 1611 timorem
3267 1552 3363 1607 Dei
3389 1555 3445 1607 in
3477 1554 3819 1608 credulitate

2216 1651 2271 1696 et
2298 1643 2542 1699 doctrina
2575 1651 2738 1714 atque
2765 1643 3086 1714 operatione
3132 1651 3315 1699 servat
3361 1642 3610 1715 regulam
3642 1642 3814 1711 justi-

2217 1732 2326 1797 tiae,
2373 1732 2428 1787 in
2473 1732 2755 1800 extremis,
2794 1734 2913 1788 hoc
2957 1741 3061 1798 est,
3103 1742 3228 1807 post
3264 1732 3474 1788 obitum
3514 1732 3818 1802 praesentis

532 1822 608 1877 De
651 1824 836 1878 timore
879 1824 1009 1891 Dei,
1061 1826 1199 1896 quod
1245 1827 1354 1895 ipse
1402 1828 1468 1881 sit
1516 1826 1724 1880 initium
1762 1826 2036 1896 sapientia:
2063 1833 2111 1880 et
2144 1811 2192 1870 Β
2218 1821 2364 1888 vitte,
2393 1822 2826 1878 benedictionem
2858 1833 3075 1879 aeternae
3118 1823 3475 1880 beatitudinis
3517 1823 3816 1894 percipiet.

1038 1898 1320 1951 electorum
1356 1896 1595 1967 probatio

603 2020 623 2053 ε
667 2003 853 2056 Timor
881 2004 1092 2059 Domini
1121 2004 1407 2061 delectabit
1435 2021 1550 2072 cor,
1586 2014 1642 2060 et
1686 2006 1835 2061 dabit
1870 2006 2112 2061 laetitiam

532 2113 553 2146 ‹
595 2104 649 2149 ct
678 2095 932 2164 gaudium
956 2096 1011 2150 in
1034 2096 1423 2168 longitudinem
1444 2097 1673 2154 dierum.
1706 2118 1725 2149 ι
1752 2099 1881 2155 Duae
1904 2101 2112 2170 species

529 2184 741 2239 timoris
770 2185 826 2238 in
865 2184 1063 2241 divinis
1102 2186 1254 2242 libris
1285 2187 1556 2259 leguntur.
1587 2188 1703 2244 Una
1731 2190 1878 2245 enim
1916 2197 1998 2246 est
2041 2192 2108 2247 de

524 2289 631 2343 qua
660 2274 897 2332 Joannes
937 2278 1010 2331 ait
1036 2293 1052 2331 :
1086 2296 1105 2329 ι
1138 2278 1325 2333 Timor
1350 2293 1457 2333 non
1484 2286 1568 2334 est
1609 2279 1665 2334 in
1692 2281 1991 2347 charitate;
2018 2283 2114 2338 sed

525 2364 766 2433 perfecta
799 2367 1041 2424 charitas
1068 2367 1217 2424 foras
1242 2370 1408 2425 mittit
1433 2371 1713 2436 timorem,
1748 2374 2003 2444 quoniam
2040 2376 2111 2433 ti-

527 2475 648 2513 mor
669 2474 886 2529 poenam
916 2462 1082 2517 habet
1119 2462 1173 2534 (Ι
1199 2463 1361 2518 Joan.
1396 2464 1494 2537 tv).
1533 2485 1552 2517 ι
1583 2464 1739 2521 Hunc
1774 2466 1919 2521 enim
1948 2468 2113 2524 timo-

526 2564 642 2603 rem
673 2550 744 2604 illi
777 2551 980 2607 habent
1001 2554 1093 2621 qui
1121 2564 1341 2623 propter
1360 2563 1563 2609 metum
1590 2557 1849 2627 gehenna:
1878 2572 2107 2627 peccare

525 2638 868 2705 desinentes,
894 2642 1059 2697 vitam
1107 2658 1261 2698 suam
1291 2644 1579 2702 meliorare
1616 2648 1965 2703 contendunt.
1993 2648 2113 2705 Alia

526 2740 707 2786 autem
752 2724 962 2805 species
1000 2737 1212 2793 timoris
1250 2746 1363 2804 est,
1395 2739 1461 2794 de
1489 2754 1595 2810 qua
1635 2740 1690 2794 in
1726 2740 1934 2809 psalmo
1975 2742 2112 2797 scri-

528 2830 679 2890 ptum
701 2833 784 2879 est
810 2843 823 2877 :
859 2844 893 2876 ι
914 2826 1100 2881 Timor
1120 2827 1335 2883 Domini
1365 2836 1586 2884 sanctus
1625 2837 1904 2899 permanet
1930 2830 1986 2885 in
2013 2845 2113 2886 sai-

526 2914 710 2970 culum
743 2917 922 2972 saeculi
968 2918 1142 2990 (Psal.
1187 2920 1366 2993 zvnt).
1408 2940 1426 2974 ι
1462 2921 1580 2979 Duo
1606 2918 1839 2994 namque
1862 2931 2019 2990 sunt,
2054 2931 2114 2979 ut

523 3004 782 3072 diximus,
819 3010 1063 3066 timores.
1098 3011 1249 3068 Unus
1276 3028 1384 3083 quo
1419 3014 1612 3069 timent
1637 3014 1884 3071 homines
1906 3016 2073 3072 Deum
2094 3057 2110 3083 ,

531 3111 602 3151 ne
631 3097 917 3154 mittantur
945 3102 1000 3156 in
1029 3104 1353 3173 gehennam.
1395 3106 1515 3174 Ipse
1553 3114 1637 3161 est
1674 3108 1839 3163 timor
1882 3108 1971 3163 ille
2018 3107 2110 3178 qui

525 3188 821 3246 introducit
866 3193 1224 3263 charitatem;
1273 3198 1369 3254 sed
1407 3199 1487 3254 sic
1529 3200 1709 3266 venit,
1746 3209 1806 3254 ut
1848 3209 2026 3256 exeat.
2056 3200 2114 3256 Si

522 3280 668 3335 enim
718 3283 896 3339 adhuc
943 3295 1167 3358 propter
1212 3304 1403 3359 pmnas
1440 3291 1600 3345 times
1645 3293 1842 3357 Deum,
1876 3292 2114 3347 nondum

520 3386 675 3427 amas
705 3389 865 3444 quem
893 3376 979 3432 sic
1000 3379 1158 3435 times
1183 3398 1195 3434 :
1226 3397 1333 3436 non
1362 3382 1501 3437 bona
1532 3383 1826 3449 desideras,
1849 3384 1944 3439 sed
1973 3383 2115 3439 mala

523 3477 686 3520 caves
741 3463 849 3522 Sed
869 3478 938 3522 ex
965 3483 1030 3524 eo
1055 3470 1201 3539 quod
1223 3471 1365 3526 mala
1387 3487 1548 3527 caves
1581 3474 1811 3544 corrigis
1844 3483 1916 3539 te,
1946 3482 2003 3529 et
2028 3474 2113 3527 in-

524 3553 661 3624 cipis
687 3557 828 3612 bona
857 3557 1184 3615 desiderare.
1209 3559 1344 3616 Cum
1371 3562 1511 3617 bona
1537 3564 1842 3619 desiderare
1862 3565 2112 3634 cmperis,

523 3644 633 3697 erit
663 3645 716 3698 in
747 3653 800 3700 te
830 3647 994 3702 timor
1034 3659 1276 3706 sanctus.
1327 3651 1420 3707 llle
1463 3652 1671 3708 scilicet
1719 3669 1787 3709 ne
1828 3654 1943 3724 ipsa
1972 3655 2113 3709 bona

523 3734 764 3801 amittas,
793 3752 899 3791 non
924 3738 1012 3794 ille
1037 3756 1146 3809 quo
1177 3742 1336 3798 times
1357 3758 1424 3797 ne
1447 3744 1681 3799 mittaris
1703 3744 1756 3798 in
1786 3747 2110 3816 gehennam,

525 3823 623 3880 sed
650 3840 718 3880 ne
745 3833 799 3880 te
823 3827 1040 3884 deserat
1072 3835 1366 3900 prmsentia
1393 3834 1606 3889 Domini
1632 3851 1794 3905 quem
1826 3837 2115 3906 amplecte-

526 3918 605 3972 ris
632 3959 647 3985 ,
679 3933 788 3988 quo
814 3920 870 3975 in
896 3929 1162 3978 :eternum
1207 3923 1315 3979 frui
1342 3926 1641 3982 desideras.
1670 3929 1746 3982 De
1775 3928 1877 3982 hoc
1906 3929 2115 3985 scilicet

525 4008 722 4063 timore
765 4010 969 4066 dictum
1000 4020 1122 4067 est:
1159 4033 1176 4065 ι
1216 4014 1401 4069 Timor
1440 4017 1655 4071 Domini
1690 4017 1977 4073 delectabit
2018 4035 2115 4075 cor

527 4099 701 4168 (Eccl.
730 4101 809 4170 1),
849 4122 868 4154 ι
903 4108 1031 4173 quia
1062 4120 1251 4160 amore
1285 4106 1638 4162 inenarrabili
1671 4107 1837 4164 afﬁcit
1879 4120 2113 4167 mentem

514 4209 854 4264 possessam.
898 4199 967 4253 Et
1010 4200 1099 4256 hic
1126 4203 1455 4258 suavitatem
1499 4204 1690 4261 tribuit
1724 4206 2025 4274 internam,
2056 4209 2112 4264 in

525 4284 710 4341 futuro
732 4297 911 4344 autem
935 4292 1103 4348 vitam
1133 4303 1417 4351 aeternam.
1444 4297 1599 4364 Quod
1621 4301 1857 4357 ostendit
1881 4317 2114 4372 sequens

525 4379 816 4444 sententia,
846 4381 1031 4439 dicens
1058 4398 1074 4438 :

602 4487 621 4517 ι
667 4466 896 4525 Dilectio
917 4470 1037 4538 Dei,
1052 4474 1385 4532 honoraoms
1400 4479 1682 4549 sapientia.
1700 4480 1907 4548 Quibus
1927 4490 2109 4537 autem
2134 4508 2189 4569 Β

533 4572 551 4603 ι
598 4560 909 4627 apparuerit
947 4562 1002 4615 in
1040 4565 1158 4618 visu
1185 4566 1414 4636 diligunt
1440 4584 1558 4623 eam
1603 4570 1659 4624 in
1690 4571 1897 4627 visione
1924 4590 1935 4625 :
1964 4581 2024 4627 et
2052 4572 2107 4627 in

533 4666 554 4698 ι
601 4648 875 4716 agnitione
912 4654 1241 4723 magnalium
1283 4673 1526 4713 suorum.
1574 4659 1790 4715 initium
1830 4662 2108 4731 sapientiae

534 4757 554 4787 ι
604 4737 764 4792 timor
790 4741 1025 4796 Domini.
1060 4763 1079 4796 ι
1111 4743 1344 4801 Omnino
1382 4747 1547 4818 igitur
1570 4749 1809 4806 charitas
1846 4750 1943 4806 Dei
1973 4766 2103 4807 vera

526 4836 613 4883 est
644 4831 909 4899 sapientia
936 4849 948 4885 :
982 4833 1098 4888 haec
1130 4850 1227 4903 per
1247 4836 1506 4907 Spiritum
1530 4847 1795 4904 sanctum,
1824 4841 1918 4909 qui
1947 4842 2107 4897 datus

524 4930 612 4976 cst
640 4922 825 4989 nobis,
856 4923 1172 4981 diffunditur
1214 4927 1267 4981 in
1296 4929 1549 4984 cordibus
1586 4931 1819 4996 nostris;
1850 4939 1905 4986 et
1935 4932 2108 5002 replet

526 5025 629 5065 nos
682 5009 963 5067 dulcedine
1005 5013 1309 5069 dilectionis
1352 5014 1447 5070 Dei
1485 5025 1541 5071 et
1581 5017 1854 5087 agnitione
1876 5034 2111 5091 magna-

525 5107 659 5164 lium
697 5124 942 5165 suorum.
970 5110 1046 5165 De
1084 5127 1192 5181 quo
1218 5110 1456 5168 Joannes
1493 5112 1547 5166 in
1579 5113 1815 5182 Epistola
1852 5130 1947 5170 sua
1977 5115 2111 5170 scri-

525 5201 692 5265 bens,
737 5201 850 5255 ait:
880 5218 900 5251 σ
931 5201 1037 5256 Vos
1072 5202 1377 5259 unctionem
1422 5202 1634 5258 habetis
1676 5219 1707 5257 a
1753 5214 1974 5271 sancto,
2014 5205 2107 5276 qui

528 5291 700 5345 nostis
724 5291 930 5355 omnia,
954 5300 1133 5346 etnon
1156 5307 1379 5347 necesse
1395 5293 1604 5348 habetis
1619 5302 1679 5348 ut
1699 5294 1894 5363 aliquis
1916 5296 2109 5351 doceat

528 5393 647 5444 vos,
679 5380 773 5433 sed
799 5378 985 5434 unctio
1010 5377 1127 5447 ejus
1156 5380 1315 5435 docet
1350 5396 1446 5436 vos
1477 5382 1544 5436 de
1582 5384 1835 5437 omnibus
1866 5383 1917 5454 (Ι
1939 5382 2105 5438 Joan.

512 5466 612 5539 dt).
649 5487 667 5519 ι
702 5466 892 5523 Unctio
913 5468 1058 5523 enim
1079 5469 1339 5538 spiritalis
1370 5471 1484 5540 ipse
1501 5479 1587 5527 est
1609 5471 1846 5541 Spiritus
1867 5481 2107 5540 sanctus,

527 5559 681 5627 cujus
729 5568 1130 5615 sacramentum
1171 5570 1260 5618 est
1298 5563 1352 5616 in
1398 5562 1652 5619 unctione
1684 5563 1916 5630 visibili,
1953 5562 2109 5633 cujus

527 5652 700 5721 gratia
734 5652 1053 5722 participem
1081 5654 1164 5708 sui
1191 5654 1412 5711 instruit
1438 5656 1505 5710 de
1531 5656 1812 5724 omnibus,
1836 5658 1966 5728 quia
2003 5659 2107 5714 nisi

524 5739 672 5800 idem
714 5741 945 5813 Spiritus
977 5744 1125 5802 cordi
1153 5744 1295 5803 adsit
1323 5745 1613 5815 audientis,
1649 5746 1854 5807 otiosus
1881 5759 1961 5808 cst
1991 5764 2106 5807 scr-

2220 1909 2323 1967 Hie
2350 1927 2473 1966 cum
2517 1910 2764 1968 fidelibus
2790 1913 2846 1967 in
2875 1912 3032 1967 vulva
3061 1913 3259 1970 matris
3283 1913 3543 1969 Ecclesia:
3581 1921 3817 1967 renatus

2219 2015 2381 2077 atque
2402 2007 2643 2062 nutritus
2665 2014 2787 2061 est:
2820 2014 2877 2060 et
2904 2020 3029 2061 cum
3056 2006 3253 2062 electis
3273 2004 3493 2061 feminis
3526 2005 3810 2075 graditur,

2219 2099 2347 2169 quia
2377 2099 2581 2154 sanctis
2605 2099 2887 2153 animabus
2914 2098 3239 2164 sociabitur;
3265 2107 3463 2154 etcum
3486 2096 3657 2166 justis
3680 2097 3821 2151 fide-

2219 2186 2360 2243 libus
2389 2195 2740 2259 agnoscetur,
2766 2188 2985 2257 quando
3007 2188 3062 2241 in
3101 2187 3190 2243 die
3217 2187 3517 2242 novissima
3541 2201 3675 2241 cum
3712 2201 3818 2240 cae-

2220 2274 2603 2339 teris'sanctis
2649 2297 2680 2337 a
2730 2280 2936 2337 dextris
2980 2280 3184 2351 judicis
3226 2279 3523 2337 collocatus
3575 2280 3651 2334 ab
3697 2280 3817 2350 ipso

2220 2372 2450 2428 Domino
2491 2373 2674 2427 audiet
2700 2390 2714 2426 :
2746 2388 2767 2422 σ
2796 2372 2963 2442 Euge,
2992 2387 3148 2428 serve
3182 2373 3324 2427 bone
3350 2382 3406 2427 et
3436 2371 3648 2431 ﬁdelis,
3682 2370 3815 2439 quia

2219 2477 2383 2533 super
2401 2477 2570 2533 pauca
2601 2461 2748 2517 fuisti
2772 2460 2966 2527 fidelis,
2992 2477 3156 2533 super
3177 2461 3346 2516 multa
3374 2469 3428 2515 te
3448 2460 3813 2526 constituam,

2220 2552 2360 2607 intra
2391 2553 2445 2607 in
2478 2552 2732 2623 gaudium
2765 2551 2979 2607 Domini
3012 2553 3086 2606 tui
3112 2551 3329 2622 (Matth.
3355 2549 3510 2619 xxv).
3543 2569 3561 2601 ι

2295 2663 2314 2695 ι
2359 2643 2546 2698 Timor
2574 2643 2785 2699 Domini
2815 2643 3059 2699 scientia:
3084 2643 3428 2713 religiositas.
3451 2641 3815 2713 Religiositas

2224 2756 2245 2791 ‹
2290 2738 2555 2794 custodiet
2597 2747 2652 2793 et
2690 2738 3009 2810 justiflcabit
3041 2747 3155 2805 cbr,
3191 2738 3591 2809 jucunditatem
3642 2748 3814 2807 atque

2225 2843 2244 2878 ι
2289 2826 2545 2897 gaudium
2574 2826 2743 2882 dabit.
2785 2847 2803 2879 ι
2840 2827 2944 2895 Qui
2980 2828 3099 2883 sine
3128 2828 3323 2883 timore
3348 2827 3443 2882 Dei
3466 2827 3817 2882 observatio-

2216 2934 2343 2977 nem
2382 2920 2759 2976 mandatorum
2789 2919 2962 2986 illius,
2993 2919 3401 2989 religiositatem
3425 2912 3682 2974 scicntia:
3707 2918 3813 2973 sibi

2216 3009 2520 3082 pollicetur,
2570 3009 2711 3066 fallit
2763 3011 3135 3080 semetipsum.
3189 3010 3344 3066 Unde
3384 3004 3517 3065 dicit
3567 3009 3815 3065 Iacobus

2220 3100 2493 3170 apostolus
2522 3116 2537 3155 :
2570 3121 2589 3154 ι
2629 3100 2687 3156 Si
2716 3101 2839 3171 quis
2868 3110 3025 3172 putat
3068 3116 3128 3157 se
3164 3100 3475 3172 religiosum
3511 3114 3672 3165 esse,
3702 3115 3817 3154 non

2144 3166 2189 3230 Ο
2222 3166 2503 3247 refrenans
2528 3193 2670 3264 (Jac.
2702 3166 2751 3263 1)
2770 3166 3011 3265 linguam
3042 3207 3226 3258 suam,
3268 3166 3371 3249 sed
3416 3193 3696 3248 seducens
3720 3207 3818 3246 eor

2215 3298 2394 3347 suum,
2429 3282 2586 3352 hujus
2614 3298 2752 3339 vana
2797 3293 2883 3340 est
2932 3285 3143 3356 religio.
3187 3285 3291 3354 Qui
3335 3286 3521 3341 statim
3573 3286 3817 3341 ostendit

2216 3374 2564 3446 subjungens,
2597 3375 2772 3446 qualis
2796 3390 2917 3431 esse
2938 3376 3097 3432 debet
3121 3392 3248 3432 vera
3270 3376 3462 3447 religio
3487 3395 3501 3430 :
3532 3397 3551 3428 ε
3574 3376 3814 3447 Religio,

2217 3464 2416 3533 inquit,
2448 3464 2651 3520 munda
2680 3474 2737 3520 et
2764 3466 3110 3521 immaculata
3140 3467 3282 3537 apud
3314 3467 3481 3522 Deum
3503 3476 3562 3521 et
3586 3466 3811 3522 Patrem

2216 3553 2334 3608 haec
2353 3560 2441 3608 est
2468 3572 2481 3607 :
2512 3553 2747 3609 Visitare
2787 3554 3021 3625 pupillos
3045 3564 3103 3610 et
3126 3554 3318 3610 viduas
3361 3555 3417 3609 in
3457 3552 3815 3610 tribulatione

2215 3658 2403 3698 eorum
2420 3684 2434 3710 ,
2460 3652 2517 3699 et
2545 3642 2953 3701 immaCulatum
2980 3661 3038 3701 se
3064 3646 3338 3702 custodire
3372 3645 3441 3700 ab
3465 3646 3573 3701 hoc
3604 3645 3815 3701 saeculo

2216 3734 2426 3807 (lbid.).
2458 3754 2477 3787 ι
2517 3736 2763 3808 Namque
2791 3739 2844 3794 in
2878 3740 3109 3809 eoquod
3143 3739 3374 3811 pupillos
3412 3748 3470 3795 et
3512 3742 3716 3795 viduas
3757 3742 3812 3795 in

2215 3826 2562 3883 tribulatione
2592 3844 2782 3883 eorum
2814 3829 3039 3884 visitare
3066 3829 3268 3900 jussit,
3304 3838 3504 3885 cuncta
3530 3845 3659 3900 qua:
3682 3845 3812 3900 erga

2214 3916 2520 3984 proximum
2566 3917 2993 3975 misericorditer
3017 3934 3178 3992 agere
3222 3921 3482 3977 debemus
3528 3920 3809 3981 insinuat.

2215 4007 2359 4075 quod
2397 4015 2660 4078 quantum
2698 4009 2915 4075 valeat,
2950 4009 3066 4081 ipso
3100 4009 3294 4079 judieii
3328 4019 3573 4081 tempore
3596 4013 3808 4081 pande-

2217 4107 2325 4164 tur,
2362 4100 2453 4153 ubi
2496 4099 2743 4155 dicturus
2767 4109 2856 4157 est
2870 4099 3069 4169 judex:
3106 4119 3125 4152 ι
3159 4100 3406 4169 Quandiu
3456 4099 3670 4156 fecistis
3719 4103 3811 4157 nni

2214 4180 2280 4245 ἐκ
2328 4190 2415 4247 his
2442 4191 2704 4248 fratribus
2730 4193 2866 4249 meis
2889 4234 2904 4258 ,
2948 4194 3079 4249 mihi
3110 4192 3319 4250 fecistis
3346 4194 3565 4267 (Matth.
3599 4199 3752 4265 xxv).
3785 4215 3804 4245 ι

2213 4278 2387 4337 Porro
2412 4281 2464 4336 in
2492 4297 2558 4338 eo
2584 4283 2729 4353 quod
2769 4283 3147 4340 immaculatos
3191 4300 3293 4341 nos
3338 4284 3405 4339 ab
3448 4285 3554 4339 hoc
3605 4285 3809 4339 smequ

2213 4373 2487 4428 custodire
2538 4376 2822 4445 praecepit,
2865 4376 3120 4433 universa
3164 4378 3220 4433 in
3259 4378 3457 4449 quibus
3505 4394 3609 4434 nos
3657 4380 3808 4450 ipsos

2214 4472 2394 4519 castos
2426 4481 2647 4522 servare
2679 4468 2861 4534 decet,
2890 4470 3147 4525 ostendit.

2291 4574 2311 4608 ι
2353 4555 2634 4614 Plenitudo
2659 4560 2937 4628 sapientiae
2961 4569 3046 4615 est
3090 4561 3284 4616 timere
3307 4562 3508 4627 Deum,
3545 4572 3603 4617 et
3630 4562 3804 4634 pleni-

2219 4668 2238 4700 ι
2282 4648 2410 4702 tudo
2436 4663 2467 4701 a
2496 4646 2762 4705 fructibus
2792 4649 2954 4706 illius.
2996 4670 3014 4703 ›
3049 4650 3261 4719 Quanto
3285 4652 3406 4722 quis
3428 4652 3602 4707 Deum
3631 4653 3803 4723 magis

2213 4738 2397 4801 timet,
2432 4746 2582 4794 tanto
2610 4740 2909 4809 sapientior
2943 4750 3198 4813 apparet;
3238 4750 3294 4799 et
3335 4753 3542 4813 quanto
3584 4745 3800 4813 sapieno

2214 4826 2339 4893 tior,
2373 4836 2526 4883 tanto
2547 4829 2757 4898 plenior
2792 4830 3059 4887 fructibus
3097 4832 3364 4888 bonorum
3401 4849 3656 4903 operum.
3686 4833 3799 4890 Non

2212 4918 2358 4972 enim
2384 4920 2546 4975 timor
2566 4921 2661 4976 Dei
2687 4923 2849 4977 timor
2866 4930 2952 4978 est
2974 4924 3203 4989 otiosus,
3231 4925 3326 4980 sed
3346 4924 3507 4980 donis
3535 4924 3798 4979 virtutum

2214 5009 2385 5079 replet
2411 5010 2581 5065 vitam
2610 5011 2863 5078 hominis,
2892 5023 2947 5068 et
2972 5014 3239 5069 thesauris
3267 5014 3511 5070 scientia:
3542 5015 3803 5086 spiritalis

2213 5116 2309 5157 cor
2332 5100 2449 5169 ejus
2474 5103 2727 5158 illustrat.

2291 5215 2309 5247 ι
2353 5196 2563 5253 Corona
2585 5199 2880 5268 sapientiae,
2898 5199 3060 5253 timor
3081 5198 3313 5263 Domini,
3338 5199 3556 5270 replens
3585 5216 3793 5270 pacem,

2221 5305 2240 5337 ι
2282 5297 2337 5342 et
2366 5287 2557 5343 salutis
2580 5286 2852 5355 fructum;
2878 5297 2936 5344 et
2956 5290 3109 5354 vidit,
3137 5298 3194 5345 et
3213 5289 3581 5344 dinumeravit
3599 5305 3737 5344 cam.
3772 5311 3787 5341 ι

2215 5378 2367 5447 Quod
2399 5380 2561 5434 timor
2590 5379 2685 5435 Dei
2725 5379 2803 5435 illi
2829 5380 2922 5449 qui
2948 5381 3224 5449 sapienter
3252 5379 3501 5450 graditur
3540 5394 3792 5436 coronam

2213 5468 2461 5526 conferat
2484 5471 2609 5526 vita:
2637 5478 2853 5525 aeterna:
2875 5470 3239 5525 certissimum
3277 5478 3393 5533 est,
3432 5470 3556 5538 quia
3588 5470 3701 5538 ipse
3738 5468 3789 5521 in

2210 5562 2365 5632 cujus
2387 5570 2682 5632 conspectu
2714 5563 2896 5618 omnia
2923 5568 3050 5616 sunt
3081 5576 3248 5630 opera
3284 5570 3469 5616 nostra
3503 5570 3657 5616 certo
3690 5577 3788 5615 nu-

2209 5667 2361 5709 mero
2384 5692 2399 5717 ,
2429 5651 2719 5721 unicuique
2752 5659 2936 5707 servat
2980 5651 3304 5720 condignam
3354 5651 3785 5707 retributionem.

2192 5746 2319 5823 .Nec
2357 5745 2413 5801 in
2444 5742 2717 5803 oblivione
2765 5758 3004 5812 unquam
3049 5742 3191 5801 bona
3243 5742 3440 5799 merita
3488 5756 3675 5797 coram
3723 5754 3787 5794 eo
