4030 6470
224 348 335 405 769

1110 334 1463 394 COMMENT.
1503 333 1570 389 IN
1604 329 2210 389 ECCLESIASTICUM.
2246 361 2318 372 —
2350 327 2479 387 LIB.
2520 331 2561 388 I.

3383 334 3498 394 770

222 467 415 527 erunt,
442 456 538 514 sed
558 468 748 526 pacem
781 459 838 509 et
869 449 1062 507 salutis
1097 448 1333 505 fructum
1356 462 1458 519 pro
1489 445 1572 501 eis
1599 460 1809 500 reeom-
1833 447 1889 508 Α
1986 463 2006 495 ‹
2051 443 2235 514 Usque
2264 444 2318 499 in
2346 451 2557 514 tempus
2585 444 2875 502 sustinebit
2911 446 3156 516 patiens;
3199 454 3260 504 et
3300 459 3490 519 postea

219 557 442 623 pensat.
467 547 625 605 Unde
644 545 763 616 ipsa
781 543 995 599 Veritas
1020 539 1301 610 discipulis
1315 538 1430 595 suis
1454 537 1562 592 ait:
1583 555 1601 588 ι
1629 534 1809 592 Vestri

222 645 415 716 capilli
460 642 659 713 capitis
703 653 894 695 omnes
940 634 1211 692 numerati
1259 640 1434 691 sunt:
1475 630 1709 704 gaudete
1755 639 1812 686 et

221 738 519 802 exsultate,
544 733 803 806 quoniam
828 746 1037 788 merces
1065 738 1244 786 vestra
1270 727 1435 785 multa
1464 719 1549 783 esi
1582 726 1638 781 in
1659 723 1810 783 calis

252 827 454 883 Μαιιιι.
484 826 566 893 x).
602 844 621 876 ι

222 829 454 901 (Matth.
484 829 566 893 Χ).
602 844 621 876 ι

303 938 326 971 ι
346 918 609 987 Utraque
634 923 815 971 autem
842 921 971 969 sunt
990 912 1130 967 dona
1161 910 1278 966 Dei.
1318 928 1335 961 ι
1365 907 1640 979 Sapientia
1665 906 1813 962 vide-

222 1009 361 1065 Iicet
408 1016 466 1064 et
511 1008 673 1062 timor
715 1005 811 1060 Dei
850 1018 867 1059 :
906 1022 925 1055 ‹
959 1002 1096 1070 Quia
1134 1016 1296 1056 omne
1334 1001 1518 1056 datum
1559 1007 1615 1054 et
1651 1013 1812 1054 omne

222 1099 434 1154 donum
475 1095 775 1169 perfectum
802 1096 1086 1152 desursum
1112 1100 1212 1159 est,
1236 1091 1569 1148 descendens
1594 1106 1627 1146 a
1651 1090 1813 1147 Patre

222 1189 494 1246 luminum
518 1188 660 1261 (Jac.
692 1186 755 1260 ι).
792 1206 811 1238 ι

311 1301 330 1333 ι
375 1281 673 1337 Scientiam
719 1286 776 1335 et
822 1277 1155 1334 intellectum
1202 1277 1503 1348 prudentia
1547 1275 1812 1346 sapientia

230 1393 251 1425 ι
301 1372 715 1442 eompartietur,
745 1378 801 1427 et
829 1369 1058 1442 gloriam
1109 1368 1406 1423 tenentium
1436 1381 1494 1423 se
1531 1366 1749 1423 exaltat.
1787 1385 1806 1419 ι

224 1441 481 1517 Ostendit
508 1460 650 1530 quod
681 1448 786 1529 per'
806 1441 1129 1529 sapientiam
1168 1456 1406 1511 divinam
1448 1457 1618 1511 habet
1650 1457 1813 1511 homo

223 1553 512 1609 scientiam
555 1550 828 1606 devitandi
867 1549 1067 1604 malum
1106 1556 1164 1604 et
1208 1547 1538 1603 intellectum
1582 1546 1811 1603 faciendi

224 1644 455 1699 bonum.
491 1641 789 1712 Utrumque
817 1641 961 1696 enim
994 1640 1108 1710 ipsa
1139 1640 1194 1694 in
1222 1638 1466 1694 auditore
1501 1651 1598 1693 suo
1622 1652 1815 1708 opera-

228 1743 345 1800 tur,
367 1744 422 1791 et
447 1735 516 1791 ad
543 1732 810 1791 aternam‘
830 1733 1058 1804 gloriam
1089 1747 1147 1788 se
1176 1732 1281 1787 rite
1304 1739 1575 1786 tcuentem
1612 1729 1666 1785 in
1706 1728 1813 1785 ﬁne

1918 553 1938 588 ι
1979 535 2211 591 redditio
2231 534 2609 604 iucunditatis.
2654 556 2672 588 ι
2706 536 2800 592 Ille
2829 552 2958 593 vere
3000 539 3217 608 patiens
3249 549 3365 607 est,
3398 544 3493 613 qui

1912 629 2145 685 sustinet
2171 629 2550 698 aquanimiter
2575 629 2835 695 adversa;
2857 637 2913 684 et
2940 646 3049 686 non
3072 632 3212 686 mala
3246 648 3347 702 pro
3376 649 3495 689 ma-

1912 717 1979 773 lis
1999 759 2013 785 ,
2059 720 2154 776 sed
2185 719 2324 775 bona
2351 734 2451 789 pro
2479 720 2636 775 malis
2671 720 2887 776 laedenti
2917 736 2976 777 se
3011 724 3220 778 tribuit.
3244 723 3398 780 Sicut
3425 726 3495 781 de

1913 810 2088 880 capite
2136 816 2325 865 nostro
2376 809 2571 865 Petrus
2627 813 2902 880 apostolus
2949 820 3211 880 testatur,
3263 814 3490 871 dicens:

1917 918 1939 951 ι
1973 898 2221 955 Christus
2266 913 2458 968 passus
2502 906 2588 954 est
2630 914 2729 969 pro
2770 902 2926 957 nobis
2946 941 2962 967 ,
2995 902 3312 972 relinquens
3338 907 3496 963 vobis

1912 989 2215 1060 exemplum
2239 997 2301 1043 ut
2326 990 2630 1059 sequamini
2652 991 2881 1062 vestigia
2908 992 3026 1062 ejus
3052 1011 3064 1046 :
3093 995 3184 1063 qui
3209 1004 3493 1064 peccatum

1912 1095 2022 1135 non
2062 1079 2227 1144 fecit,
2258 1095 2363 1135 nec
2406 1080 2657 1135 iuventus
2686 1088 2769 1136 est
2795 1080 2951 1137 dolus
2991 1082 3048 1137 in
3089 1098 3186 1138 ore
3215 1085 3363 1155 ejus;
3399 1086 3494 1149 qui

1912 1186 2036 1226 cum
2066 1170 2503 1237 malediceretur,
2527 1187 2634 1228 non
2656 1171 3107 1239 remaledicebat;
3133 1190 3258 1230 cum
3284 1186 3499 1246 patere-

1914 1269 2020 1327 tur,
2050 1276 2157 1316 nou
2179 1263 2643 1329 comminabatur;
2671 1264 2922 1320 tradebat
2947 1271 3126 1320 autem
3148 1263 3414 1333 judicauti
3435 1282 3498 1323 se

1913 1350 2139 1421 injuste,
2170 1360 2278 1407 etc.
2311 1352 2364 1425 (Ι
2391 1352 2537 1408 Petr.
2562 1352 2648 1425 ιι).
2682 1373 2701 1406 ι

1990 1464 2008 1495 ι
2055 1445 2237 1500 Bonus
2266 1461 2458 1501 sensus
2480 1460 2652 1516 usque
2683 1446 2738 1501 in
2770 1455 2978 1518 tempus
3003 1448 3300 1505 abscondet
3327 1449 3497 1505 verba

1921 1554 1941 1586 ι
1985 1534 2163 1601 illius,
2200 1547 2257 1592 et
2292 1538 2431 1593 labia
2473 1538 2768 1595 multorum
2807 1542 3146 1597 enarrabunt
3175 1557 3396 1599 sensum
3431 1542 3499 1597 il-

1919 1647 1938 1679 (
1983 1628 2107 1685 lius.
2144 1649 2163 1681 ι
2198 1629 2337 1686 Hinc
2383 1630 2437 1686 in
2468 1631 2778 1688 Proverbiis
2820 1635 3081 1705 scriptum
3121 1645 3243 1691 est:
3275 1654 3294 1687 ‹
3328 1635 3498 1693 Labia

1916 1721 2240 1790 sapientium
2289 1724 2601 1778 custodiunt
2650 1740 2746 1780 eos
2787 1722 2971 1796 (Prov.
3000 1726 3134 1799 xw).
3166 1746 3184 1778 ι
3226 1727 3292 1781 Ει
3322 1727 3494 1782 item;

225 1826 472 1882 exaltat:
500 1842 621 1898 qua
664 1825 792 1880 alibi
834 1825 908 1880 ita
940 1824 1181 1894 loquitur
1216 1821 1440 1878 dicens:
1478 1840 1496 1871 ι
1532 1820 1635 1888 Qui
1664 1820 1815 1874 audit
1844 1822 1889 1880 B
1923 1829 1941 1861 ι
1971 1812 2203 1870 ‘Astutus
2228 1815 2447 1887 (inquit)
2486 1817 2669 1871 omnia
2700 1818 2810 1888 agit
2831 1833 2955 1873 cum
2993 1819 3241 1874 consilio.
3272 1818 3373 1887 Qui
3401 1835 3498 1874 au-

228 1933 353 1985 me,
406 1933 516 1973 non
567 1914 958 1981 confundetur;
1011 1923 1067 1970 et
1115 1913 1210 1983 qui
1265 1918 1561 1982 operantur
1597 1909 1652 1964 in
1688 1925 1807 1976 me,

224 2023 337 2063 non
378 2008 713 2078 peccabunt;
744 2006 837 2077 qui
865 2005 1141 2061 elucidaut
1184 2018 1305 2069 me,
1339 2002 1507 2056 vitam
1555 2007 1813 2056 aeternam

222 2100 503 2158 habebunt
535 2099 705 2172 (Eccl.
735 2099 912 2171 χειν).
933 2116 951 2150 ι

301 2212 321 2246 ι
363 2193 537 2248 Radix
583 2191 865 2263 sapientia
906 2198 993 2245 est
1040 2189 1232 2244 timere
1273 2186 1565 2242 Dominum
1612 2203 1626 2240 :
1672 2185 1813 2240 rami

227 2304 246 2336 ι
293 2285 439 2339 enim
468 2284 615 2339 illius
648 2281 894 2354 longavi.
936 2302 956 2334 ι
998 2279 1137 2347 Quia
1182 2278 1441 2334 nimirum
1483 2295 1495 2330 :
1532 2296 1551 2329 ι
1596 2275 1814 2329 Initium

221 2375 506 2445 sapientia
534 2375 697 2429 timor
725 2372 942 2429 Domini
968 2412 983 2438 ,
1017 2369 1325 2426 intellectus
1361 2369 1536 2423 bonus
1563 2367 1816 2423 omnibus

223 2468 552 2523 facientibus
596 2481 744 2522 eum.
784 2486 804 2517 ι
840 2464 999 2520 Rami
1044 2477 1175 2534 ergo
1212 2461 1491 2533 sapientia
1530 2460 1815 2517 sententiae

222 2571 353 2619 sunt
383 2560 791 2632 Scripturarum
815 2574 1117 2624 sacrarum,
1142 2573 1280 2628 quas
1306 2573 1404 2628 per
1427 2565 1596 2612 totum
1623 2557 1812 2612 orbem

221 2662 498 2710 terrarum
526 2653 595 2709 ad
618 2653 909 2709 utilitatem
937 2652 1219 2708 hominum
1256 2649 1568 2719 evangelica
1603 2662 1812 2717 expan-

221 2743 306 2798 dit
332 2743 600 2798 doctrina.
631 2742 785 2799 Unde
827 2743 880 2797 in
910 2740 1204 2813 Evangelio
1247 2739 1508 2795 Dominus
1551 2739 1618 2794 de
1643 2752 1813 2810 grano

219 2833 430 2903 sinapis
457 2833 771 2904 parabolam
798 2832 1108 2903 proferens,
1136 2831 1386 2889 volucres
1409 2829 1532 2886 cali
1557 2829 1695 2885 dixit
1717 2830 1812 2884 ha-

220 2925 426 2980 bitasse
451 2926 505 2979 iu
534 2925 704 2982 ramis
728 2923 866 2993 ejus.
898 2925 1182 2993 Quomodo
1215 2932 1397 2979 autem
1424 2930 1551 2979 sunt
1581 2921 1812 2994 longavi

221 3017 363 3072 rami
391 3017 673 3089 sapientia
693 3059 709 3084 ,
733 3017 997 3073 Dominus
1024 3017 1080 3071 in
1118 3015 1411 3087 Evangelio
1438 3015 1809 3081 demonstrat,

222 3108 412 3164 dicens
437 3127 450 3163 :
482 3129 499 3160 ι
529 3110 642 3164 Iota
670 3126 839 3164 unum
866 3117 960 3163 aut
988 3123 1131 3163 unus
1156 3122 1291 3177 apex
1314 3120 1421 3161 non
1457 3105 1757 3177 prateribit
1777 3119 1808 3159 a

1916 1911 2023 1957 tem
2056 1902 2236 1960 fatuus
2264 1914 2368 1972 est,
2412 1908 2587 1977 aperit
2623 1908 2909 1963 stultitiam
2938 1908 3121 1981 (Prov.
3162 1910 3307 1982 xui).
3347 1930 3364 1962 ι
3393 1912 3498 1983 lgi-

1915 2003 2002 2049 tur
2038 1996 2299 2067 sapientis
2337 1998 2575 2054 hominis
2620 2006 2704 2053 est
2738 2000 2901 2055 verba
2949 2008 3178 2067 tentare,
3211 2010 3267 2056 ct
3311 2003 3496 2057 omnia

1914 2086 2156 2142 modeste
2198 2102 2382 2159 agere.
2410 2088 2577 2159 Cujus
2617 2099 2799 2147 tamen
2842 2094 3200 2162 temperantia
3239 2095 3474 2164 plurimo

1914 2192 2036 2230 rum
2063 2192 2222 2232 voces
2246 2187 2302 2233 et
2329 2187 2483 2235 actus
2510 2179 2795 2237 laudantes
2826 2183 3145 2252 pradicant.
3182 2183 3291 2242 Nec
3319 2193 3499 2256 potest

1913 2266 2191 2335 abscondi,
2219 2270 2592 2341 quodjustitia
2619 2270 2792 2328 dictat
2816 2273 3175 2330 manifestari.

2525 2378 2752 2437 CAPUT
2791 2380 2877 2437 VI.

1914 2464 2179 2542 Hortatur
2217 2467 2965 2542 Sapientiauconcupiscenles
3008 2490 3063 2528 se
3100 2491 3309 2529 servare
3348 2492 3499 2529 utan-

2126 2538 2252 2593 data
2279 2554 2297 2590 :
2325 2541 2401 2594 sic
2424 2541 2478 2594 in
2504 2538 2793 2612 Evangelia
2825 2542 3082 2598 Dominus
3111 2543 3283 2598 docet.

1989 2645 2008 2677 ι
2047 2626 2174 2694 Fili,
2214 2629 2604 2700 concupiscens
2650 2631 2974 2700 sapientiam
3033 2648 3297 2688 conserva
3341 2631 3505 2703 justi-

1919 2735 1938 2769 ι
1984 2716 2149 2785 tiam,
2187 2727 2241 2773 et
2285 2720 2427 2776 Deus
2457 2720 2722 2791 praebebit
2750 2722 2900 2777 illam
2943 2723 3060 2779 tibi.
3097 2746 3116 2777 ο
3145 2723 3390 2791 Qualiter
3432 2724 3502 2779 ad

1913 2808 2194 2879 sapientia:
2222 2812 2622 2882 perceptionem
2647 2815 2934 2884 pervenire
2952 2816 3242 2886 possimus,
3272 2817 3387 2887 ipsa
3419 2833 3503 2872 sa-

1911 2894 2117 2969 pientia
2160 2902 2429 2958 tramitem
2469 2904 2627 2960 nobis
2671 2905 3045 2962 demonstrat:
3074 2909 3202 2979 quia
3229 2910 3346 2966 sine
3370 2925 3503 2965 con-

1912 2992 2226 3047 servatione
2249 2991 2480 3061 justitia
2522 3009 2683 3050 nemo
2723 2997 3003 3067 perveniet
3045 2998 3114 3053 ad
3160 2990 3374 3054 culmen
3410 3016 3501 3055 sa-

1911 3081 2149 3160 pientia.
2184 3068 2338 3139 Unde
2367 3093 2423 3139 ct
2448 3082 2683 3142 Iacobus
2715 3087 2991 3158 apostolus
3037 3089 3231 3156 docet,
3268 3091 3454 3146 dicens
3483 3109 3497 3145 :

219 3198 364 3269 lege,
385 3200 556 3256 donec
580 3200 762 3256 omnia
787 3199 937 3254 fiant.
963 3198 1173 3255 Calum
1190 3168 1257 3254 et
1295 3206 1442 3253 terra
1457 3168 1775 3253 transibunt
1791 3237 1805 3263 ,

1919 3192 1937 3226 ι
1976 3174 2033 3231 Si
2063 3177 2183 3249 quis
2211 3186 2393 3233 autem
2424 3168 2659 3234 vestrum
2693 3180 2898 3252 indiget
2936 3180 3234 3251 sapientia,
3271 3183 3505 3254 postulet

221 3293 393 3347 verba
420 3301 600 3348 autem
628 3307 748 3348 mea
783 3307 891 3347 non
921 3292 1229 3347 transibunt
1252 3288 1467 3362 (Matth.
1492 3288 1567 3360 v).
1601 3308 1622 3342 ι

306 3400 326 3433 ι
368 3383 428 3436 In
475 3382 745 3438 thesauris
800 3381 1082 3452 sapientia
1122 3380 1425 3435 intellectus
1473 3387 1529 3434 et
1570 3377 1812 3434 scientia

227 3492 249 3526 ι
300 3472 645 3544 religiositas.
681 3491 700 3525 ι
732 3472 959 3541 Quando
980 3472 1035 3528 in
1062 3472 1196 3544 legis
1216 3469 1430 3526 Domini
1458 3468 1814 3525 meditatione

223 3575 525 3636 utrumque
574 3566 899 3631 declaratur,
941 3574 997 3622 et
1040 3564 1312 3637 quomodo
1352 3562 1637 3620 devitanda
1684 3569 1813 3617 sunt

222 3665 450 3726 peccata
477 3665 529 3712 et
556 3671 799 3723 errores;
826 3656 1180 3728 et-quomodo
1206 3655 1463 3711 discenda
1490 3662 1574 3709 est
1595 3654 1814 3724 spirita-

221 3746 292 3800 lis
319 3746 609 3816 sapientia,
635 3756 691 3804 et
718 3747 1022 3804 exercenda
1055 3747 1305 3817 operatio
1327 3747 1467 3802 bona
1485 3784 1502 3814 ,
1532 3746 1585 3800 in
1617 3746 1814 3817 quibus

224 3835 439 3891 duobus
465 3836 789 3909 religiositas
811 3853 941 3895 vera
968 3839 1237 3894 consistit.

303 3948 321 3980 ι
366 3927 683 3986 Exsecratio
705 3939 886 3985 autem
910 3931 1290 4001 peccatoribus
1316 3930 1635 4001 sapientia.»
1671 3930 1810 3998 Quia

227 4022 610 4079 abominabilis
648 4031 734 4080 est
757 4023 848 4079 illa
871 4024 1114 4080 doctrina
1142 4024 1281 4093 apud
1318 4039 1605 4094 perversos
1625 4064 1640 4091 ,
1689 4039 1811 4095 qua

226 4115 481 4184 prohibet
510 4123 730 4185 peccata
749 4156 764 4182 ,
794 4124 852 4171 et
877 4115 1116 4171 carnalia
1158 4114 1312 4184 sequi
1341 4114 1607 4170 desideria
1625 4156 1640 4181 ,
1673 4116 1816 4171 sicut

225 4216 284 4263 et
322 4208 377 4262 in
406 4207 722 4265 Proverbiis
764 4208 1028 4278 scriptum
1074 4213 1196 4262 est:
1229 4226 1247 4258 ι
1281 4205 1398 4261 Non
1450 4214 1601 4260 amat
1643 4205 1816 4281 pesti-

225 4297 347 4352 lens
378 4311 503 4352 eum
530 4298 622 4369 qui
651 4313 712 4355 se
739 4297 982 4369 corripit,
1016 4312 1118 4352 nec
1155 4296 1227 4351 ad
1253 4296 1527 4365 sapientes
1549 4295 1811 4365 graditur.

1913 3281 1945 3321 a
1976 3265 2118 3334 Dee,
2144 3268 2237 3339 qui
2264 3269 2356 3323 dat
2387 3269 2639 3324 omnibus
2668 3268 2948 3325 allluenter
2968 3311 2983 3337 ,
3011 3281 3066 3326 et
3096 3286 3201 3325 non
3236 3271 3504 3342 imprope-

1912 3365 2029 3423 rat;
2054 3366 2109 3413 et
2140 3358 2361 3414 dabitur
2396 3359 2447 3415 ei
2485 3358 2625 3431 (Jac.
2654 3359 2717 3432 ι).
2763 3379 2783 3413 ι
2815 3359 2989 3416 Item:
3023 3380 3041 3411 ι
3077 3360 3210 3428 Quis
3247 3362 3462 3432 sapiens
3484 3403 3501 3428 ,

1913 3449 2119 3520 inquit,
2149 3458 2205 3505 et
2231 3449 2606 3521 disciplinatus
2649 3451 2793 3507 inter
2834 3453 2970 3507 vos?
3014 3451 3263 3507 ostendat
3306 3452 3505 3507 bonam

1912 3544 2383 3600 conversationem
2432 3545 2487 3599 in
2537 3546 2951 3602 mansuetudine
3000 3547 3281 3617 sapientia
3327 3547 3505 3617 (Ibid.

1913 3637 2020 3710 ιιι).
2046 3659 2065 3690 ι
2094 3640 2170 3696 De
2198 3656 2307 3711 quo
2335 3650 2732 3712 consequenter
2754 3642 3034 3698 subditur:

1991 3748 2010 3781 ι
2054 3729 2330 3802 Sapientia
2357 3733 2501 3789 enim
2526 3743 2581 3789 et
2616 3734 2899 3805 disciplina
2924 3776 2940 3800 ,
2986 3735 3148 3791 timor
3174 3735 3418 3802 Domini;
3451 3744 3508 3789 et

1919 3839 1938 3873 ι
1983 3822 2125 3892 quod
2153 3824 2554 3895 beneplaeitum
2582 3836 2665 3882 est
2698 3827 2811 3892 illi,
2846 3827 2983 3882 fides
3011 3838 3065 3882 et
3104 3827 3501 3891 mansuetudo;

1920 3930 1940 3963 ι
1983 3920 2040 3969 et
2066 3914 2382 3986 adimplebit
2411 3916 2697 3974 thesauros
2723 3916 2885 3973 illius.
2929 3937 2947 3969 ι
2979 3915 3099 3972 Jam
3127 3931 3269 3988 sape
3301 3917 3506 3971 dictant

1915 4013 2020 4071 est,
2052 4008 2195 4077 quod
2220 4009 2384 4064 timor
2423 4009 2635 4071 Domini
2683 4009 2962 4080 sapientia
3005 4018 3058 4064 et
3098 4000 3392 4078 disciplina
3421 4015 3507 4062 est

1915 4102 2159 4157 custodia
2185 4120 2197 4155 :
2230 4102 2318 4157 cui
2346 4104 2484 4159 bene
2509 4104 2839 4159 conveniunt
2864 4102 2996 4159 fides
3022 4113 3188 4166 recta,
3211 4112 3267 4158 et
3292 4118 3505 4156 morum

1915 4193 2304 4261 temperantia;
2340 4212 2359 4244 ι
2386 4194 2512 4263 quia
2536 4194 2868 4263 impossibile
2893 4203 2976 4249 est
3004 4194 3121 4248 sine
3153 4193 3255 4248 fide
3292 4192 3507 4262 placere

1915 4281 2028 4337 Deo
2069 4281 2227 4354 (Πρὸ.
2266 4282 2376 4353 x1);
2412 4303 2430 4337 ι
2461 4292 2517 4338 et
2552 4284 2729 4337 omnis
2766 4282 3031 4337 bonorum
3066 4282 3176 4337 vita
3216 4290 3334 4335 tran
3361 4281 3503 4349 luiJa

226 4387 489 4443 Doctrina
523 4388 665 4444 mala
692 4388 1054 4444 deserentium
1085 4387 1227 4442 viam
1256 4385 1382 4441 γίιω
1411 4386 1541 4455 ηιυί
1568 4385 1815 4455 increpa.
1914 4381 2018 4429 est.
2048 4373 2202 4429 Unde
2235 4374 2409 4429 virtus
2436 4383 2489 4428 et
2516 4375 2780 4444 sapientia
2806 4374 2900 4428 Dei
2924 4373 3202 4437 Christus,
3241 4372 3293 4426 in
3324 4373 3505 4426 Evan-

226 4482 411 4536 tiones
434 4481 567 4547 odit,
601 4480 863 4536 morietur
886 4476 1066 4551 (Prov.
1095 4477 1210 4550 xv).
1251 4497 1269 4528 ι

1919 4463 2055 4535 gelio
2076 4463 2366 4535 discipulos
2392 4479 2519 4519 suos
2552 4464 2754 4529 docuit,
2786 4464 3009 4519 dicens:
3051 4481 3071 4516 ι
3105 4462 3307 4519 Discite
3351 4480 3379 4518 a
3419 4478 3506 4518 me

301 4590 321 4622 ς
364 4539 787 4626 τίωοι.ἰ)()ηιίιιί
814 4542 1035 4641 exinni;
1067 4539 1384 4640 ρερξαιυηις
1407 4583 1533 4623 nam
1574 4567 1666 4638 qui
1695 4567 1812 4624 sine
1843 4539 1891 4597 ι)
1916 4556 2045 4625 quia
2070 4556 2218 4611 mitis
2251 4571 2372 4611 sum
2409 4563 2465 4610 et
2512 4555 2735 4610 humilis
2772 4556 2968 4621 corde;
2998 4563 3054 4609 et
3087 4554 3371 4609 invenietis
3416 4570 3503 4609 re-

231 4683 250 4715 ι
297 4662 492 4718 timore
520 4670 626 4727 est,
654 4678 761 4717 non
792 4669 970 4731 potest
986 4661 1295 4730 justificari.
1333 4680 1351 4712 ι
1382 4659 1644 4731 Superius
1676 4659 1812 4715 seri-

1919 4645 2095 4715 quiem
2124 4646 2409 4702 animabus
2437 4646 2633 4702 vestris
2676 4644 2892 4718 (Matth.
2923 4645 3023 4717 x1).
3056 4665 3074 4697 ι
3104 4646 3171 4700 Et
3211 4655 3334 4716 apte
3370 4646 3505 4701 dici-

225 4765 381 4826 ptum
409 4762 495 4809 est
522 4755 665 4825 quod
692 4755 906 4810 initium
936 4754 1217 4825 sapientia
1246 4754 1319 4808 sit
1352 4752 1517 4808 timor
1547 4752 1764 4808 Domini
1795 4770 1808 4805 :
1915 4747 2034 4805 ιον,
2081 4740 2225 4809 (11³οά
2273 4739 2494 4811 impieat
2543 4740 2827 4795 thesauros
2864 4739 3030 4805 illius»
3076 4739 3204 4809 fl“ia
3249 4738 3340 4809 ‘IUI
3378 4754 3508 4820 "9m

226 4844 355 4914 quia
398 4844 610 4898 initium
656 4845 1031 4901 conversionis
1076 4846 1142 4900 ad
1183 4844 1354 4899 Deum
1395 4851 1450 4899 et
1495 4844 1600 4898 iter
1633 4851 1717 4898 est
1746 4842 1812 4897 ad

1919 4831 2071 4887 timet
2094 4832 2263 4887 Deum
2281 4874 2296 4898 ,
2327 4848 2435 4888 non
2461 4841 2641 4902 potest
2669 4847 2791 4888 esse
2823 4832 2939 4887 sine
2968 4831 3074 4886 fide
3102 4838 3156 4886 et
3193 4830 3350 4886 bonis
3379 4843 3509 4899 epe-

219 4936 513 5007 justitiam.
541 4936 695 4993 Nunc
724 4945 902 4993 autem
933 4938 1067 4994 dicit
1109 4939 1358 4992 timorem
1401 4937 1497 4992 Dei
1541 4936 1814 5005 expellere
1914 4925 2064 4980 Tibus
2089 4944 2102 4979 ε
2132 4940 2253 4995 ‘1"?c
2299 4925 2579 4980 ῑίῐηθηιθηι
2628 4924 2799 4980 Deum
2845 4924 3019 4979 Sacris
3060 4923 3357 4978 νίνιυῑίδυε
3406 4921 3508 4973 in"

224 5034 542 5096 peccatum,
573 5029 697 5098 quia
726 5029 818 5099 qui
847 5044 945 5099 per
968 5028 1346 5099 pmnilentiam
1384 5027 1609 5081 mundat
1636 5027 1816 5081 homi-
1918 5018 2101 5088 plent,
2144 5026 2200 5073 et
2234 5017 2438 5072 faciunt
2464 5033 2587 5073 eum
2633 5033 2756 5075 esse
2782 5015 3166 5086 acceptabilem
3193 5014 3322 5068 Deo.
3355 5011 3507 5067 Unde

228 5132 354 5171 nem
387 5132 417 5170 a
445 5119 693 5185 peccatis
738 5119 1066 5189 perpetratis
1088 5160 1103 5185 ,
1140 5125 1236 5173 aut
1277 5127 1494 5173 coercet
1523 5118 1671 5171 illum
1703 5118 1819 5172 sive
1920 5108 1975 5161 in
2004 5107 2331 5163 Ecclesiaste
2359 5109 2622 5178 scriptum
2647 5115 2772 5162 est:
2808 5124 2827 5156 ‹
2865 5103 3078 5159 Homini
3106 5103 3249 5157 bono
3288 5102 3342 5155 in
3379 5115 3507 5155 con-

228 5206 489 5276 prohibet
527 5221 558 5261 a
587 5207 826 5262 nondum
874 5208 1204 5264 commissis.
1236 5206 1337 5275 Qui
1381 5215 1563 5262 autem
1613 5207 1822 5276 spernit
1920 5208 2109 5269 spectu
2142 5215 2239 5255 suo
2260 5200 2408 5255 dedit
2433 5200 2575 5255 Deus
2598 5197 2920 5269 sapientiam
2948 5201 3003 5249 et
3027 5193 3308 5249 scientiam
3333 5199 3389 5245 et
3410 5189 3507 5244 la—

230 5294 426 5363 Deum,
452 5298 600 5354 nullo
628 5299 789 5354 modo
817 5298 886 5354 ad
906 5298 1136 5370 iustitiae
1163 5298 1398 5369 palmam
1422 5298 1706 5368 pervenire
1727 5312 1822 5367 pn-
1923 5291 2121 5345 titiam.
2149 5290 2431 5348 Peccatori
2474 5299 2655 5345 autem
2684 5288 2831 5345 dedit
2856 5284 3202 5341 afllictionem
3235 5291 3289 5338 et
3319 5293 3508 5337 curam

231 5387 383 5444 terit.
1926 5381 2253 5453 superfluam
2283 5380 2484 5455 (Eccle.
2508 5382 2590 5452 ιι).
2623 5401 2643 5434 ι

307 5496 332 5530 «ι
371 5478 659 5535 Iracundia
686 5466 833 5538 enim
856 5482 1225 5539 animositatis
1250 5480 1396 5536 illius
1437 5480 1721 5537 subversio
1755 5480 1821 5534 il-
2002 5491 2022 5525 ι
2064 5474 2181 5530 Non
2212 5474 2287 5530 sis
2316 5473 2648 5530 incredibilis
2677 5470 2859 5527 timori
2884 5469 3119 5535 Domini.
3144 5476 3199 5524 et
3229 5482 3295 5524 ne
3324 5479 3513 5524 acces-

236 5586 263 5625 σ
305 5568 414 5626 lius
432 5580 535 5626 est.
566 5593 584 5624 ι
613 5574 864 5631 Profecto
895 5578 1022 5647 quia
1053 5577 1100 5632 is
1125 5576 1216 5646 qui
1241 5590 1340 5647 per
1361 5576 1612 5630 timorem
1643 5574 1736 5628 Dei
1764 5588 1823 5629 se
1932 5583 1952 5618 ι
1996 5566 2135 5621 seris
2169 5566 2238 5621 ad
2266 5566 2416 5621 illum
2441 5566 2638 5636 duplici
2665 5564 2848 5621 corde.
2884 5582 2902 5616 ι
2929 5562 3163 5618 Credere
3185 5561 3327 5616 enim
3346 5574 3511 5629 opor-

236 5672 274 5716 ιι
296 5660 449 5717 vitiis
478 5664 733 5721 cohibere
758 5681 867 5723 non
894 5668 1029 5733 vult,
1063 5667 1117 5723 iu
1146 5666 1357 5739 peccati
1385 5665 1700 5738 voraginem
1731 5680 1824 5722 ca-
1927 5660 2003 5708 ῑοι
2029 5655 2378 5710 accedentem
2403 5656 2470 5711 ad
2498 5656 2664 5710 Deum
2682 5694 2698 5721 ι
2743 5662 2802 5709 ιη
2840 5652 3038 5708 Paulus
3066 5659 3296 5707 testatur
3324 5668 3343 5700 ε
3384 5647 3509 5739 (ιιιῖτξ

241 5750 400 5811 dite;
429 5756 800 5828 praecipuam-
826 5759 881 5817 ίη
908 5734 1167 5818 mortem:
1527 5734 1544 5738 ⁷
1928 5754 2046 5812 cSt,
2082 5755 2138 5803 et
2173 5746 2569 5817 inquirentibus
2611 5761 2671 5804 se
2714 5753 3089 5803 remuneratur
3127 5742 3221 5796 tit:
3263 5759 3280 5793 ι
3324 5745 3379 5792 et
3416 5734 3510 5804 qui
