4030 6534
291 386 401 441 775

1215 374 1568 433 COMMENT.
1607 373 1675 429 IN
1712 372 2322 432 ECCLESIASTICUM.
2355 407 2425 420 --
2461 377 2590 434 LIB.
2628 378 2670 435 Ι.

3452 388 3562 449 ’174

294 521 315 553 ι
357 495 617 555 liationis.
654 513 675 546 ι
707 492 781 549 Ut
806 497 984 547 autem
1023 491 1077 546 in
1108 498 1352 560 tempore
1381 486 1746 559 castigationis
1790 493 1871 541 at-
1896 492 1945 553 Α
1971 485 2310 557 largitionem
2338 487 2701 548 miserationis
2722 492 2869 564 ejus;
2898 495 2991 564 qui
3009 502 3190 551 autem
3210 511 3310 568 per
3334 501 3560 571 pusilla-

285 608 398 665 que
441 586 856 646 examinationis
896 591 1095 639 nostrae
1132 582 1465 667 longanimitas
1502 596 1565 636 ac
1602 578 1774 635 fortes
1802 578 1875 634 si-

284 698 412 739 mus
457 680 744 738 Psalmista
786 678 1037 732 hortatur
1083 691 1215 741 nos,
1262 675 1449 730 dicens
1498 690 1513 728 :
1564 691 1583 725 ‹
1633 672 1875 730 Viriliter

284 776 453 846 agite,
487 781 545 829 et
573 769 906 829 confortctur
939 785 1035 825 cor
1063 777 1323 833 vestrum,
1359 780 1546 823 omnes
1573 767 1666 836 qui
1690 780 1876 837 spera-

284 864 361 918 tis
390 864 445 918 in
485 862 712 917 Domino
741 859 911 932 (Psal.
948 860 1124 931 xxvr).
1164 878 1184 913 ι
1218 859 1296 914 De
1326 874 1431 928 quo
1463 864 1520 913 et
1546 856 1601 911 in
1629 856 1874 928 Evange-

283 956 364 1011 lio
411 954 673 1022 scriptum
719 958 838 1006 est:
873 969 891 1003 ι
929 948 1032 1017 Qui
1072 949 1295 1004 verbum
1333 947 1428 1004 Dei
1470 948 1668 1003 retinet
1710 947 1870 1003 corde

281 1046 530 1118 perfecto
553 1052 610 1099 et
635 1043 858 1113 optimo,
882 1040 1116 1097 fructum
1139 1040 1325 1096 aﬂeret
1351 1040 1405 1095 in
1431 1039 1688 1110 patientia
1718 1037 1868 1110 (Luc.

283 1138 434 1205 vin).
485 1153 504 1186 ›
562 1132 654 1188 Sic
694 1140 749 1187 et
789 1132 907 1202 ipsa
939 1130 1151 1186 Veritas
1193 1129 1450 1200 apostolis
1493 1128 1609 1183 ait:
1647 1146 1666 1180 ‹
1694 1128 1752 1183 In
1778 1142 1872 1198 pa-

284 1225 477 1279 tientia
493 1230 671 1279 vestra
690 1222 1037 1294 possidebitis
1047 1221 1255 1277 animas
1269 1229 1479 1277 vestras
1493 1220 1657 1293 (Ibid.
1685 1219 1820 1291 χχι).
1843 1238 1864 1285 ρ

282 1315 495 1370 Idcirco
523 1313 793 1384 possessio
819 1312 1013 1367 animae
1038 1313 1093 1367 in
1114 1311 1311 1367 virtute
1332 1310 1606 1382 patientia:
1628 1310 1866 1381 ponitur,

282 1406 414 1476 quia
443 1406 595 1461 radix
617 1405 857 1460 omnium
879 1412 1169 1475 custosque
1190 1404 1448 1459 virtutum
1475 1402 1735 1474 patientia
1761 1410 1865 1457 est.

282 1498 685 1568 Sciendumque
726 1497 871 1568 quod
917 1497 1089 1553 tribus
1130 1496 1304 1553 modis
1334 1495 1591 1565 patientia
1625 1492 1868 1550 exerceri

274 1589 443 1643 solet.
491 1587 611 1644 Alia
653 1602 884 1658 namque
910 1594 1051 1643 ‘sunt
1094 1602 1213 1658 qua:
1257 1603 1290 1641 a
1340 1585 1471 1653 Deo,
1513 1586 1618 1640 alia
1648 1599 1767 1655 qua:
1798 1583 1867 1639 ab

281 1678 509 1747 antiquo
538 1678 873 1743 adversario,
901 1676 1007 1731 alia
1036 1689 1155 1746 quae
1183 1691 1214 1732 a
1242 1676 1489 1747 proximo
1518 1675 1862 1731 sustinemus.

276 1767 601 1846 Apmximo
641 1783 876 1839 namque
920 1769 1343 1839 persecutiones,
1376 1768 1571 1823 damna
1598 1774 1651 1822 et
1677 1774 1867 1822 contu-

1974 576 2275 632 nimitatem
2299 588 2356 633 et
2380 579 2766 649 impatientiam
2790 583 2972 642 abillo
2990 585 3359 656 declinaverit,
3384 592 3559 653 ruina

1971 669 2250 738 proximus
2283 670 2405 726 erit.
2456 671 2609 728 Unde
2644 690 2741 744 per
2785 674 3075 733 Jeremiam
3104 680 3341 738 dicitur:
3377 702 3396 735 ι
3428 685 3556 743 Om-

1972 772 2070 813 nes
2106 759 2195 829 qui
2246 767 2299 815 te
2333 760 2732 833 derelinquunt,
2773 765 3201 837 confundentur;
3239 776 3558 835 recedentes

1972 863 2003 903 a
2042 857 2116 916 te,
2162 850 2217 904 in
2262 859 2406 906 terra
2456 855 2781 910 scribentur.
2839 856 3105 924 Quoniam
3154 863 3559 937 dereliquerunt

1969 957 2161 999 venam
2203 959 2466 1013 aquarum
2496 947 2790 1004 viventium
2825 950 3128 1010 Dominum.
3158 955 3294 1027 (Jer.
3332 961 3487 1032 xvn).
3530 983 3551 1016 ι

2045 1052 2063 1085 ι
2093 1032 2195 1100 Qui
2221 1034 2422 1091 timetis
2444 1037 2752 1105 Dominum,
2774 1041 2978 1095 credite
2998 1042 3095 1109 illi,
3118 1053 3173 1100 et
3197 1061 3302 1103 non
3323 1063 3559 1108 evacua-

1976 1140 1996 1174 ι
2028 1123 2174 1179 bitur
2199 1141 2409 1182 merces
2431 1136 2629 1183 vestra.
2652 1128 2753 1197 Qui
2777 1130 2979 1189 timetis
3002 1134 3311 1205 Dominum,
3338 1151 3556 1210 sperate

1976 1231 1995 1265 ι
2030 1214 2083 1268 in
2111 1213 2289 1282 illum;
2314 1224 2369 1271 et
2398 1217 2452 1271 in
2476 1218 2836 1276 oblectatione
2858 1222 3041 1279 veniet
3065 1225 3216 1281 vobis
3247 1228 3560 1285 misericor-

1975 1322 1995 1355 ι
2032 1304 2140 1359 dia.
2171 1304 2273 1372 Qui
2317 1307 2516 1363 timetis
2545 1308 2831 1365 Dominum
2873 1312 3077 1385 diligite
3121 1315 3308 1381 illum,
3343 1328 3399 1374 et
3432 1319 3556 1376 illu-

1975 1413 1995 1448 ι
2027 1397 2378 1452 minabuntur
2413 1400 2577 1456 corda
2612 1409 2817 1458 vestra.
2853 1422 2872 1455 ›
2904 1404 3048 1460 Bene
3078 1407 3274 1477 quippe
3306 1409 3556 1467 hortatur

1968 1489 2116 1546 illum
2143 1491 2236 1560 qui
2263 1491 2415 1547 timet
2456 1492 2742 1550 Dominum
2771 1503 2832 1551 ut
2859 1499 3044 1554 credat
3073 1498 3171 1566 illi,
3195 1510 3459 1570 quatenus
3485 1502 3557 1557 ad

1967 1588 2171 1636 certam
2212 1584 2493 1652 proveniat
2537 1587 2863 1653 mercedem,
2915 1591 3041 1660 quia
3076 1589 3232 1658 juxta
3274 1595 3554 1665 propheta:

1967 1678 2330 1728 sententiam:
2366 1693 2385 1725 ι
2433 1674 2621 1731 Justus
2646 1692 2713 1732 ex
2747 1677 2853 1734 ﬂde
2891 1680 3026 1735 vivit
3052 1681 3280 1753 (Habac.
3308 1685 3390 1754 ιι).
3429 1705 3450 1738 ι
3482 1686 3552 1741 Et

1967 1762 2022 1819 in
2048 1764 2340 1835 Evangelio
2368 1765 2629 1823 Dominus
2664 1786 2678 1823 :
2722 1787 2741 1821 ι
2787 1768 3025 1837 Confide,
3070 1772 3269 1843 inquit,
3320 1763 3415 1840 fili,
3466 1792 3553 1833 re-

278 1857 503 1925 melias;
552 1858 622 1913 ab
668 1860 890 1928 antiquo
926 1859 1235 1915 adversario
1274 1865 1637 1924 tentamenta;
1676 1872 1708 1912 a
1752 1858 1865 1913 Deo
1893 1848 1940 1910 B
1968 1854 2253 1910 mittuntur
2308 1856 2404 1913 tibi
2449 1867 2672 1928 peccata
2718 1867 2806 1915 tua
2855 1861 3071 1932 (Matth.
3122 1863 3218 1937 rx).
3274 1866 3341 1921 Et
3380 1867 3549 1925 alibi:

276 1956 461 2003 autem
492 1946 701 2019 ﬂagella
728 1948 1037 2004 toleramus.
1078 1946 1186 2003 Sed
1222 1948 1277 2003 in
1305 1947 1555 2003 omnibus
1579 1947 1751 2003 tribus
1776 1947 1862 2003 his

274 2042 455 2097 modis
472 2041 715 2112 vigilanti
734 2042 891 2098 oculo
911 2042 1255 2112 semetipsam
1278 2042 1438 2097 debet
1459 2056 1610 2096 mens
1635 2042 1863 2097 circum-

274 2131 509 2200 spicere,
536 2146 606 2187 ne
639 2141 826 2187 contra
863 2132 1004 2187 mala
1038 2131 1272 2202 proximi
1305 2132 1653 2203 pertrahatur
1680 2132 1748 2186 ad
1777 2145 1862 2185 re-

271 2220 626 2277 tributionem
664 2223 824 2289 mali;
860 2237 930 2278 ne
975 2230 1165 2293 contra
1204 2230 1536 2278 tentamenta
1566 2220 1861 2278 adversarii

272 2312 567 2368 seducatur
603 2314 673 2369 ad
709 2314 1120 2371 delectationem
1164 2314 1250 2371 vel
1292 2330 1620 2371 consensum
1648 2315 1858 2382 delicti;

272 2417 345 2458 ne
372 2412 561 2458 contra
590 2403 799 2477 ﬂagella
827 2406 1037 2476 opificis
1064 2407 1131 2461 ad
1155 2420 1435 2462 excessum
1462 2414 1688 2476 proruat
1714 2420 1860 2460 mur-

265 2494 613 2550 .murationis.
684 2494 928 2551 Perfecte
988 2496 1133 2551 enim
1200 2495 1546 2552 adversarius
1590 2494 1855 2561 vincitur,

271 2586 489 2654 quando
520 2602 673 2643 mens
697 2596 881 2644 nostra
907 2598 963 2644 et
987 2590 1129 2645 inter
1155 2595 1488 2644 tentamenta
1516 2588 1632 2658 ejus
1659 2603 1692 2642 a
1714 2587 1858 2643 dele-

270 2677 510 2732 ctatione
543 2685 707 2747 atque
741 2693 1028 2747 consensu,
1059 2689 1115 2736 et
1159 2679 1303 2737 inter
1337 2680 1690 2736 contumelias
1732 2694 1859 2751 pro-

270 2769 406 2824 ximi
435 2770 739 2826 custoditur
761 2772 836 2826 ab
864 2772 1012 2837 odio,
1047 2780 1103 2828 et
1131 2772 1273 2827 inter
1311 2771 1523 2842 ﬂagella
1565 2771 1661 2827 Dei
1703 2787 1855 2828 com-

261 2859 512 2930 pescitur
536 2876 566 2915 a
595 2863 1023 2918 murmuratione
1049 2881 1061 2917 :
1089 2878 1189 2918 nec
1215 2863 1331 2918 haec
1358 2869 1601 2933 agentes,
1630 2861 1855 2917 retribui

267 2953 425 3008 nobis
475 2954 763 3023 prmsentia
802 2956 942 3009 bona
978 2955 1340 3025 requiramus.
1384 2952 1519 3008 Nam
1544 2968 1644 3024 pro
1671 2953 1857 3009 labore

262 3042 543 3111 patientia:
565 3043 707 3098 bona
731 3042 996 3113 speranda
1020 3050 1145 3099 sunt
1170 3042 1446 3114 sequentis
1472 3042 1615 3107 vitae,
1642 3050 1703 3096 ut
1726 3051 1854 3097 tunc

264 3132 550 3201 praemium
574 3133 747 3188 nostri
772 3133 972 3190 laboris
998 3134 1241 3206 incipiat,
1262 3132 1479 3204 quando
1499 3132 1675 3189 omnis
1695 3130 1850 3188 labor

252 3221 378 3291 jam
405 3220 646 3279 funditus
670 3231 868 3280 cessat.

344 3340 364 3372 ι
396 3319 568 3376 Crede
616 3322 747 3389 Deo,
795 3331 852 3379 et
898 3322 1241 3394 recuperabit
1276 3330 1352 3389 te,
1394 3330 1449 3379 et
1495 3322 1668 3394 dirige
1707 3321 1851 3378 viam

262 3429 293 3464 ι
329 3420 476 3468 tuam
501 3422 556 3470 et
576 3429 737 3485 spera
776 3414 830 3471 in
861 3415 1032 3471 illum.
1067 3435 1085 3469 ι
1119 3416 1307 3472 Fidem
1339 3417 1394 3471 in
1434 3416 1684 3472 omnibus
1707 3417 1851 3473 hunc

262 3516 490 3559 servare
517 3513 746 3575 oportet,
770 3522 931 3577 quem
960 3508 1113 3564 dolor
1142 3517 1200 3565 et
1225 3508 1441 3565 aﬂlictio
1469 3516 1660 3575 tentat,
1692 3519 1747 3564 et
1776 3508 1851 3563 di-

262 3596 445 3668 rigere
470 3611 688 3667 gressus
713 3613 935 3670 operum
970 3614 1190 3655 suorum
1218 3609 1341 3655 ante
1371 3611 1714 3671 conspectum
1746 3600 1851 3656 Do-

260 3686 416 3752 mini,
445 3695 499 3742 et
525 3702 675 3758 spem
709 3703 862 3744 suam
890 3689 943 3743 in
971 3690 1083 3744 Deo
1115 3704 1337 3761 ponere,
1363 3690 1491 3760 quia
1515 3690 1606 3759 qui
1629 3688 1851 3744 conlidit

260 3778 319 3832 in
354 3777 524 3843 illum,
571 3794 679 3835 non
726 3779 1106 3837 confundetur.
1154 3781 1232 3836 De
1279 3797 1387 3852 quo
1428 3781 1698 3852 Pr0pheta
1732 3782 1845 3836 ait:

262 3884 288 3918 4
322 3867 520 3924 Revela
547 3871 616 3927 ad
644 3871 931 3927 Dominum
975 3872 1117 3927 viam
1148 3880 1317 3939 tuam,
1344 3881 1400 3927 et
1426 3888 1582 3944 spera
1616 3874 1671 3928 in
1699 3887 1844 3942 eum,

261 3958 447 4027 etipse
472 3957 629 4015 faciet
654 3960 825 4032 (Psal.
850 3960 1063 4033 xxxvr).
1095 3982 1114 4015 ι
1142 3962 1280 4018 Hinc
1299 3973 1353 4019 et
1380 3961 1643 4020 Jeremias
1668 3981 1681 4018 :
1707 3984 1725 4016 ε
1746 3964 1849 4020 Be-

260 4048 527 4114 nedictus,
563 4050 760 4121 inquit,
782 4052 867 4106 vir
900 4052 993 4123 qui
1047 4052 1271 4108 conlidit
1300 4053 1354 4107 in
1380 4053 1609 4109 Domino
1653 4063 1707 4110 et
1743 4056 1848 4111 erit

258 4137 523 4195 Dominus
574 4140 769 4196 ﬁducia
824 4142 963 4211 ejus,
986 4140 1049 4198 ct
1094 4143 1201 4198 erit
1246 4144 1401 4212 quasi
1454 4143 1657 4214 lignum
1702 4145 1845 4216 quod

258 4229 690 4301 transplantatur
709 4246 871 4302 super
891 4248 1096 4309 aquas;
1119 4233 1260 4303 quod
1282 4234 1350 4289 ad
1372 4234 1653 4291 humorem
1680 4236 1847 4292 mittit

257 4326 469 4382 radices
507 4341 656 4394 suas,
703 4335 760 4384 et
784 4344 892 4385 non
923 4330 1133 4386 timebit
1173 4346 1297 4387 cum
1325 4330 1535 4386 venerit
1564 4339 1759 4395 aestus;
1789 4336 1845 4385 et

252 4416 364 4471 erit
396 4414 581 4473 folium
615 4417 730 4487 ejus
756 4420 962 4476 viride:
996 4427 1052 4475 et
1081 4421 1137 4475 in
1167 4430 1410 4492 tempore
1438 4420 1705 4477 siccitatis
1734 4434 1843 4475 non

252 4507 363 4562 erit
404 4507 722 4576 sollicitum;
777 4526 881 4568 nec
922 4512 1210 4583 aliquando
1249 4513 1458 4569 desinet
1501 4512 1684 4569 facere
1729 4513 1842 4570 fru-

251 4606 403 4654 ctum
432 4600 564 4671 (Jer.
591 4602 745 4675 xvu).
782 4623 801 4656 ι

330 4707 350 4740 ε
385 4688 556 4746 Serva
592 4692 840 4748 timorem
867 4693 1033 4762 illius,
1065 4705 1120 4752 et
1148 4697 1201 4751 in
1228 4696 1318 4754 illo
1339 4706 1635 4754 veterascc.
1673 4717 1692 4750 ι
1723 4696 1838 4754 Hoc

188 4798 203 4808 ο
252 4787 360 4844 est,
388 4795 665 4848 permane,
709 4784 836 4852 quia
883 4784 1096 4841 timenti
1143 4787 1427 4843 Dominum
1462 4789 1599 4844 bene
1629 4789 1736 4843 erit
1783 4788 1837 4842 in

251 4869 567 4927 novissimo.
608 4871 952 4944 Exspectatio
981 4876 1164 4942 Israel,
1197 4879 1447 4935 Salvator
1474 4881 1591 4952 ejus
1616 4881 1672 4935 in
1701 4889 1831 4936 tem-

246 4975 381 5031 pore
410 4962 788 5023 tribulationis.
827 4965 979 5023 Unde
1000 4968 1179 5025 adhuc
1206 4969 1473 5025 subditur.

845 5121 1071 5181 CAPUT
1106 5121 1233 5183 ΠΗ.

209 5296 218 5306 ι
246 5228 526 5307 Sapientia
547 5232 789 5287 hortatur
807 5234 1040 5307 timentes
1061 5235 1339 5291 Dominum
1358 5253 1567 5307 sperare
1584 5238 1640 5290 in
1663 5235 1833 5303 illum,

392 5301 449 5355 id
475 5311 573 5369 est,
603 5313 662 5356 ut
686 5320 775 5374 spe
802 5305 929 5358 certi
952 5305 1075 5369 sint,
1105 5323 1167 5361 ne
1190 5307 1286 5375 ﬁat
1314 5301 1471 5361 timor
1497 5307 1690 5362 ittauis.

322 5434 342 5466 ε
378 5414 679 5472 Metuentes
719 5417 889 5474 Deum
917 5419 1180 5476 sustinete
1218 5420 1647 5477 misericordiam
1677 5418 1829 5489 ejus:

253 5523 272 5555 ‹
310 5513 366 5561 et
394 5521 502 5562 non
530 5506 828 5565 deﬂectatis
864 5508 935 5564 ab
957 5509 1068 5579 illo,
1102 5527 1171 5566 ne
1192 5513 1419 5568 cadatis.
1459 5533 1479 5565 ι
1515 5511 1832 5583 Bencplaci-

247 5606 362 5652 tum
389 5610 473 5658 est
504 5600 647 5655 enim
673 5601 902 5657 Domino
927 5616 1093 5673 super
1120 5603 1376 5661 timentes
1402 5620 1548 5671 eum,
1576 5614 1632 5661 et
1655 5605 1710 5659 in
1738 5619 1833 5659 eos

245 5686 338 5756 qui
368 5696 586 5757 sperant
618 5689 670 5744 in
698 5690 1073 5749 misericordia
1100 5693 1235 5765 ejus.
1269 5695 1371 5761 Qui
1390 5696 1534 5750 enim
1563 5695 1835 5750 veraciter

245 5780 440 5837 metuit
484 5779 793 5855 Dominum,
839 5786 1108 5858 patienter
1146 5787 1408 5854 sustinet,
1453 5795 1506 5843 ct
1553 5795 1831 5856 exspectat

1970 1964 1989 1997 ‹
2024 1945 2184 2001 Fides
2220 1954 2310 2002 tua
2341 1956 2397 2003 te
2437 1950 2644 2006 salvum
2691 1950 2820 2007 fecit
2848 1952 3000 2025 (Luc.
3034 1956 3175 2027 vni).
3208 1977 3226 2009 ι
3262 1957 3352 2015 Sic
3389 1970 3444 2015 et
3472 1960 3551 2017 illi

1962 2041 2054 2111 qui
2084 2052 2266 2112 sperat
2295 2044 2350 2100 in
2390 2046 2639 2114 Domino,
2669 2047 2974 2104 desiderata
3017 2052 3298 2120 proveniet
3336 2054 3548 2110 miscri-

1962 2133 2175 2200 cordia;
2217 2142 2273 2190 et
2297 2136 2390 2207 qui
2430 2137 2603 2210 diligit
2637 2137 2806 2205 illum,
2835 2154 2930 2210 per
2960 2139 3193 2211 Spiritus
3224 2145 3399 2200 sancti
3426 2161 3550 2217 gra-

1961 2229 2093 2285 tiam
2135 2230 2316 2287 lumen
2367 2234 2646 2305 sapicntiae
2682 2237 2936 2307 capacius
2973 2238 3251 2310 percipiet.
3285 2238 3443 2306 Nota,
3472 2240 3551 2296 Ie-

1960 2329 2097 2388 ctor,
2125 2323 2270 2393 quod
2289 2324 2604 2381 timentibus
2646 2327 2935 2383 Dominum
2960 2329 3158 2385 trinam
3186 2328 3316 2386 facit
3344 2332 3548 2387 discre-

1961 2412 2161 2469 tionem
2210 2431 2226 2469 :
2287 2431 2414 2471 nam
2476 2418 2712 2488 primum
2765 2419 2886 2476 illos
2925 2420 3081 2492 jubet
3127 2423 3351 2478 credere
3395 2423 3547 2490 Deo;

1958 2505 2195 2562 secundo
2219 2520 2440 2577 sperare
2463 2507 2520 2563 in
2550 2508 2729 2576 illum;
2752 2511 2915 2566 tertio
2943 2511 3166 2583 diligere
3191 2513 3339 2568 illum
3373 2532 3386 2568 :
3416 2514 3544 2584 quia

1958 2594 2085 2662 fide,
2109 2611 2204 2667 spe
2230 2604 2284 2653 et
2324 2598 2590 2655 charitate
2611 2600 2789 2656 omnis
2811 2601 2988 2656 anima
3011 2601 3183 2657 ﬁdelis
3206 2603 3333 2657 colit
3353 2602 3542 2658 Deum.

1957 2683 2025 2740 Et
2063 2673 2161 2755 per
2207 2686 2306 2742 has
2352 2688 2559 2757 species
2602 2690 2884 2759 perveniet
2928 2690 2997 2746 ad
3039 2692 3546 2761 contemplationem

1956 2784 2156 2831 sanctae
2183 2777 2484 2846 Trinitatis,
2522 2794 2643 2851 qum
2675 2789 2761 2835 est
2789 2778 2868 2834 illi
2894 2794 3105 2836 merces
3130 2795 3258 2835 vera
3286 2780 3341 2835 in
3373 2778 3546 2835 beati-

1956 2866 2145 2923 tudine
2174 2868 2521 2939 sempiterna.

2031 2977 2050 3012 t
2084 2960 2374 3031 Respicite,
2402 2961 2515 3030 filii,
2540 2962 2790 3020 nationes
2808 2962 3107 3028 hominum,
3130 2972 3187 3019 et
3210 2963 3400 3019 scitote
3416 2964 3540 3034 quia

1960 3070 1980 3104 ι
2014 3051 2194 3107 nullus
2215 3054 2457 3124 speravit
2482 3053 2537 3109 in
2560 3054 2788 3111 Domino
2808 3063 2863 3110 et
2882 3055 3139 3111 confusus
3158 3065 3269 3121 est;
3296 3071 3544 3126 perman-

1963 3160 1981 3193 ι
2012 3141 2083 3197 sit
2114 3141 2171 3197 in
2198 3140 2468 3199 mandatis
2506 3144 2643 3215 ejus,
2674 3153 2729 3200 et
2756 3144 3045 3200 derelictus
3071 3151 3174 3201 est.
3216 3144 3283 3199 Et
3311 3146 3432 3215 quis
3460 3145 3544 3199 in-

1879 3203 1923 3266 C
1959 3250 1979 3283 ‹
2013 3232 2226 3289 vocavit
2254 3233 2424 3297 illum,
2454 3243 2511 3289 et
2533 3203 2802 3305 vdespexit
2841 3249 2989 3289 eum.
3021 3235 3278 3305 quoniam
3325 3203 3447 3305 pius
3488 3244 3544 3290 et

1959 3339 1979 3373 ι
2014 3322 2324 3379 misericors
2345 3332 2429 3379 est
2453 3324 2619 3390 Deus,
2648 3332 2703 3379 et
2728 3324 2970 3379 remittet
2997 3325 3052 3379 in
3097 3333 3339 3393 tempore
3370 3324 3542 3380 tribu-

1958 3431 1976 3464 ι
2008 3411 2225 3469 lationis
2245 3421 2466 3483 peccata
2494 3414 2746 3471 omnibus
2772 3414 3182 3485 exquirentibus
3214 3430 3272 3470 se
3313 3415 3366 3469 in
3391 3416 3537 3471 veri-

1957 3521 1976 3553 α
2016 3511 2148 3557 tate.
2186 3523 2204 3556 ι
2235 3503 2378 3575 Ergo
2409 3514 2466 3561 et
2490 3504 2580 3560 hic
2610 3505 2750 3561 sicut
2773 3504 2827 3560 in
2852 3503 3130 3576 superiore
3154 3513 3423 3560 commate
3443 3504 3541 3559 tri-

1948 3590 2141 3661 plicem
2190 3591 2319 3649 facit
2345 3580 2770 3663 distinctionem,
2810 3594 2998 3651 dicens
3027 3612 3041 3649 :
3070 3593 3283 3650 Nullum
3320 3608 3539 3666 sperare

1948 3681 2003 3736 in
2032 3682 2279 3750 Domino,
2311 3692 2365 3739 et
2390 3685 2673 3741 confusum
2701 3701 2852 3753 esse;
2882 3700 3200 3758 permanere
3228 3686 3282 3741 in
3308 3687 3536 3741 manda-

1950 3775 2017 3830 tis
2047 3775 2185 3846 ejus,
2213 3783 2268 3831 et
2293 3776 2607 3833 derelictum
2636 3793 2758 3835 esse
2782 3795 2797 3846 ;
2829 3780 3112 3835 invocasse
3145 3778 3295 3834 illum
3317 3820 3332 3845 ,
3361 3788 3416 3834 et
3439 3779 3535 3834 de-

1948 3874 2191 3937 spectum
2229 3867 2413 3924 fuisse.
2450 3889 2469 3921 ς
2502 3868 2640 3937 Quia
2670 3869 2834 3926 corde
2872 3870 3116 3926 creditur
3139 3870 3206 3925 ad
3241 3869 3532 3940 justitiam,

1945 3971 2040 4012 ore
2069 3966 2249 4013 autem
2279 3958 2549 4016 confessio
2592 3960 2654 4015 fit
2695 3961 2750 4015 in
2798 3960 3068 4028 salutem;
3121 3970 3177 4016 et
3220 3960 3396 4015 omnis
3442 3960 3536 4031 qui

1945 4047 2076 4103 facit
2101 4048 2431 4106 voluntatem
2468 4049 2646 4107 Patris
2677 4049 2934 4117 cmlestis,
2965 4051 3080 4122 ipse
3105 4051 3328 4106 intrabit
3355 4051 3409 4105 in
3442 4066 3532 4106 re-

1944 4155 2108 4211 gnum
2148 4139 2408 4206 coelorum
2441 4141 2620 4214 (Rom.
2664 4142 2744 4213 ι).
2786 4162 2805 4196 ι
2840 4143 2908 4198 Ει
2934 4143 3071 4198 bene
3098 4143 3228 4198 dicit
3269 4143 3472 4198 remitti
3502 4159 3534 4198 a

1944 4232 2173 4287 Domino
2214 4233 2269 4287 in
2305 4243 2546 4303 tempore
2593 4234 2957 4291 tribulationis
3005 4243 3226 4304 peccata
3281 4235 3535 4293 omnibus

1943 4320 2354 4390 exquirentibus
2395 4337 2454 4378 se
2490 4323 2545 4377 in
2573 4326 2824 4389 veritate,
2849 4324 2976 4393 quia
3007 4341 3026 4373 ι
3063 4323 3388 4379 sacriﬁcium
3423 4327 3534 4382 Deo

1942 4417 2027 4467 est
2068 4411 2290 4481 spiritus
2332 4412 2725 4469 contribulatus
2760 4427 2775 4467 :
2814 4428 2911 4468 cor
2946 4413 3238 4469 contritum
3271 4423 3327 4470 et
3351 4414 3534 4470 humi-

1942 4501 2133 4558 liatum
2156 4517 2263 4558 non
2288 4504 2495 4574 spernit
2520 4503 2693 4576 (Psal.
2720 4502 2806 4576 1.);
2844 4522 2863 4557 ι
2893 4513 2950 4559 et
2979 4524 2997 4556 α
3033 4503 3209 4574 Prope
3235 4512 3320 4561 est
3349 4504 3534 4577 Domi-

1943 4612 2047 4652 nus
2073 4597 2324 4652 omnibus
2354 4596 2731 4652 invocantibus
2755 4611 2813 4651 se
2840 4597 2897 4651 in
2922 4597 3172 4661 veritate,
3200 4596 3531 4651 voluntatem

1942 4687 2243 4742 timentium
2284 4701 2343 4743 se
2385 4686 2563 4751 faciet,
2608 4695 2665 4743 et
2711 4687 2985 4744 orationes
3027 4702 3214 4743 eorum
3254 4686 3529 4742 exaudiet.

1941 4786 1998 4834 et
2024 4778 2203 4836 salvos
2234 4778 2396 4836 faciet
2415 4793 2528 4836 eos.
2560 4798 2576 4831 ι

2018 4891 2036 4922 ι
2072 4872 2164 4927 Va:
2193 4872 2389 4942 duplici
2435 4872 2621 4938 corde,
2659 4882 2716 4927 et
2757 4872 2916 4928 labiis
2944 4871 3239 4935 sceleratis,
3279 4879 3333 4926 et
3360 4868 3530 4924 mani-

1950 4981 1966 5014 ι
1997 4962 2097 5018 bus
2142 4962 2638 5028 malefacientibus,
2688 4972 2739 5018 et
2784 4963 3055 5034 peccatori
3105 4971 3304 5016 terram
3348 4960 3527 5029 ingre-

1954 5055 2166 5111 rdienti
2197 5056 2406 5111 duabus
2437 5055 2557 5111 viis.
2598 5075 2616 5107 ι
2659 5054 2920 5125 Superius
2967 5052 3243 5109 admonuit
3290 5064 3360 5105 ne
3405 5049 3527 5120 quis

1941 5145 2137 5215 duplici
2177 5145 2340 5201 corde
2381 5145 2665 5201 accederet
2699 5147 2766 5201 ad
2796 5145 3099 5201 Dominum.
3144 5140 3299 5197 Nunc
3345 5148 3525 5195 autem

1940 5235 2072 5291 dicit
2112 5250 2193 5291 va:
2238 5250 2360 5292 esse
2391 5235 2588 5306 duplici
2636 5236 2820 5302 corde,
2856 5244 2913 5290 et
2943 5233 3101 5289 labiis
3143 5231 3440 5297 sceleratis,
3472 5238 3530 5286 et

1952 5331 2189 5391 nanibus
2223 5330 2689 5387 malefacientibus
2714 5348 2728 5385 :
2757 5329 2882 5398 quia
2917 5326 3008 5398 qui
3032 5340 3197 5396 prava
3226 5322 3450 5396 COgitat,
3472 5330 3528 5379 et

1938 5437 2193 5494 perversa
2212 5421 2471 5492 loquitur,
2495 5430 2658 5492 atque
2679 5420 2877 5489 iniquis
2903 5416 3103 5473 insistit
3118 5415 3394 5487 operibus,
3421 5412 3527 5468 nisi

1937 5513 2255 5583 poenitentia
2285 5513 2659 5578 intervenerit,
2697 5526 2778 5567 va:
2805 5510 2891 5582 illi
2928 5500 3245 5580 perpetuum
3278 5516 3529 5563 remane-

1938 5608 2038 5663 bit.
2070 5607 2224 5674 Quod
2249 5614 2435 5673 autcm.
2463 5605 2709 5661 subditur
2734 5623 2748 5659 :
3132 5666 3135 5671 ί

2015 5716 2034 5748 ‹
2061 5697 2155 5752 Va:
2189 5697 2458 5768 peccatori
2498 5704 2704 5751 terram
2751 5693 3070 5764 ingredienti
3106 5691 3315 5747 duabus
3341 5689 3465 5744 viis.
3496 5703 3521 5740 ι

1937 5787 2155 5844 Duabus
2181 5804 2309 5853 ergo
2331 5787 2432 5842 viis
2459 5794 2712 5854 peccator
2733 5793 2931 5842 terram
2962 5782 3280 5855 ingreditur,
3310 5777 3527 5848 quando
