4030 6474
533 352 634 370 ’μιν

543 371 637 406 ιιῐ)

1182 342 1243 396 Β.
1283 337 1536 394 RABANI
1572 333 1788 390 MAURI
1824 328 2143 386 ARCHIEP.
2184 327 2492 386 MOGLnl‘.
2531 327 2812 385 OPERL'M
2848 325 3028 383 PARS
3061 325 3101 380 1.

3672 324 3778 377 Ἱῗϋ

527 466 664 521 male
689 463 815 517 facit
848 469 902 513 et
931 467 1112 527 sperat
1139 454 1240 510 sibi
1269 454 1410 508 bona
1438 449 1724 521 provenire
1757 461 1932 517 posse,
1952 443 2101 512 juxta
2129 444 2179 502 A
2204 443 2505 498 versionem
2533 452 2806 508 nostram;
2853 443 2906 496 in
2933 441 3022 494 illa
3053 445 3230 492 autem
3262 433 3449 490 reddet
3487 434 3781 505 unicuique

523 557 652 611 illud
695 551 836 622 quod
881 551 1142 618 scriptum
1187 556 1270 600 est
1301 563 1313 598 :
1348 563 1366 595 ‹
1399 543 1683 598 Faciamus
1723 539 1885 604 mala,
1918 546 1976 590 ut
2008 549 2098 590 ve-

521 648 671 701 niant
699 645 839 699 bona
865 641 1042 711 (Rom.
1071 638 1172 709 ιιι).
1205 658 1222 688 ι
1249 638 1485 704 Quorum
1515 632 1785 688 damnatio
1817 629 1959 698 justa
1990 636 2095 692 cst,

519 742 602 795 vel
629 739 844 809 quando
870 736 1049 791 carnis
1075 741 1316 788 sectatur
1350 744 1510 799 opera
1556 728 1608 781 in
1650 721 2098 792 concupiscentiis

517 833 652 901 ejus,
684 839 739 885 et
779 829 1000 899 spiritus
1042 823 1468 880 sanctiﬁcatione
1495 836 1553 875 se
1592 819 1886 873 arbitratur
1911 814 2097 885 perﬁci

518 937 676 991 posse
723 922 776 974 in
817 921 1006 973 timore
1053 917 1181 980 Dei;
1233 914 1317 969 vel
1367 913 1581 983 quando
1620 919 1674 964 et
1715 909 1806 964 Dei
1835 917 1918 964 est
1957 906 2097 976 quod

517 1025 680 1080 opere
710 1008 947 1072 exhibet,
977 1015 1032 1061 et
1055 1004 1236 1059 mundi
1265 1003 1407 1072 quod
1431 1016 1526 1071 per
1551 997 1930 1068 cogitationem
1954 1010 2098 1064 qua:-

521 1105 608 1157 rit.
642 1103 841 1158 Omnes
878 1109 1057 1155 autem
1105 1099 1192 1152 isti
1234 1097 1387 1166 juxta
1433 1093 1617 1148 Jacobi
1657 1091 1980 1146 sententiam
2011 1089 2096 1141 in-

517 1203 828 1249 constantes
855 1199 981 1246 sunt
1018 1190 1070 1243 in
1102 1186 1354 1244 omnibus
1379 1185 1482 1239 viis
1509 1183 1622 1237 suis
1647 1197 1661 1235 :
1694 1181 1820 1251 quia
1850 1179 2099 1234 facillime

523 1286 578 1340 in
609 1284 848 1340 adversis
891 1280 1071 1338 saeculi
1100 1280 1441 1334 deterrentur
1473 1282 1526 1329 et
1550 1271 1823 1344 prosperis
1848 1270 2100 1324 irretiun-

528 1386 634 1497 u":
653 1447 741 1501 Vae
770 1444 1045 1500 dissolutis
1069 1441 1250 1507 corde,
1281 1456 1372 1510 qut
1400 1453 1508 1494 non
1533 1435 1760 1492 credunt
1786 1435 1898 1490 Deo
1927 1452 1939 1488 :
1979 1434 2100 1488 ideo

523 1557 542 1589 ‹
579 1553 682 1592 ιιοιι
707 1544 1055 1607 protegentur
1084 1535 1152 1588 ab
1178 1548 1263 1588 eo.
1301 1553 1318 1584 ι
1351 1532 1542 1586 Adhuc
1587 1536 1900 1599 perseverat
1941 1527 1990 1580 in
2022 1541 2102 1579 ra-

521 1630 669 1682 tione
693 1627 944 1696 pristina,
975 1633 1031 1678 ut
1065 1625 1256 1679 doceat
1298 1638 1396 1677 nos
1421 1635 1635 1676 errores
1663 1635 1853 1674 cavere
1883 1626 1938 1671 et
1962 1616 2101 1670 veri-

520 1728 686 1772 tatem
727 1733 929 1772 amare.
969 1716 1192 1788 Oportet
1231 1714 1430 1784 quippe
1473 1720 1532 1766 ut
1579 1711 1944 1766 sinceritatem
1975 1707 2098 1761 ﬁdei

2202 535 2497 590 secundum
2523 550 2685 603 opera
2717 550 2834 590 sua.

2275 643 2292 674 ι
2326 623 2428 690 Qui
2477 625 2664 679 timent
2709 624 3023 686 Dominum,
3074 635 3180 675 non
3223 627 3384 673 erunt
3431 617 3782 672 incredibiles

2207 733 2224 764 ι
2262 716 2426 770 verbo
2455 716 2622 780 illius;
2670 723 2726 770 et
2773 715 2865 784 qui
2898 713 3126 783 diligunt
3164 711 3337 775 illum,
3380 710 3785 764 conservabunt

2206 822 2224 854 ι
2258 805 2399 858 viam
2433 804 2592 859 illius.
2627 804 2726 871 Qui
2758 805 2947 858 timent
2992 802 3296 863 Dominum,
3335 799 3615 868 inquirent
3663 815 3785 866 quae

2206 912 2225 943 ί
2255 894 2589 964 beneptacita
2629 902 2755 949 sunt
2800 893 2910 956 illi;
2949 902 3005 948 et
3043 892 3134 961 qui
3176 891 3405 958 diligunt
3444 904 3571 943 eum
3610 889 3786 957 reple-

2207 1006 2224 1038 ‹
2259 986 2458 1041 buntur
2499 988 2614 1058 lege
2659 988 2841 1057 ipsius.
2880 1006 2898 1037 ι
2936 983 3266 1040 Alternando
3314 981 3556 1050 loquitur
3604 980 3674 1033 de
3722 981 3789 1033 ti-

2202 1090 2351 1129 more
2393 1083 2448 1130 et
2493 1075 2779 1130 dilectione
2825 1074 2956 1137 Dei,
3005 1072 3257 1142 quoniam
3294 1090 3311 1120 ι
3356 1071 3520 1124 timor
3567 1069 3787 1124 Domini

2201 1177 2415 1224 sanctus
2457 1175 2735 1239 permanet
2766 1167 2820 1222 in
2861 1166 3115 1221 sacculum
3155 1162 3368 1228 szeculi;
3409 1183 3428 1215 ι
3458 1171 3516 1217 et
3549 1181 3567 1212 ε
3607 1161 3790 1216 omnis

2201 1259 2291 1328 qui
2340 1259 2511 1330 diligit
2550 1275 2619 1314 ex
2663 1258 2774 1312 Deo
2808 1264 2964 1311 natus
3005 1261 3106 1319 est,
3138 1262 3192 1309 et
3218 1252 3493 1324 cognoscit
3524 1251 3724 1305 Deum.
3767 1269 3783 1298 ι

2201 1352 2291 1407 Ille
2334 1368 2460 1423 ergo
2505 1351 2597 1422 qui
2643 1353 2794 1406 timet
2837 1350 3140 1411 Dominum,
3190 1356 3246 1404 et
3281 1348 3372 1419 qui
3400 1346 3581 1417 diligit
3611 1343 3786 1404 illum,

2200 1445 2374 1500 credit
2393 1444 2682 1514 Scripturis
2708 1443 2900 1510 sacris,
2927 1452 2982 1497 et
3008 1450 3187 1497 servat
3210 1439 3486 1510 operando
3514 1446 3788 1507 praecepta

2202 1535 2432 1600 Domini,
2483 1543 2538 1589 et
2573 1550 2786 1604 semper
2813 1533 3122 1588 meditando
3151 1532 3343 1602 quaerit
3374 1545 3495 1600 qua:
3535 1527 3792 1595 benepL't-

2201 1627 2305 1682 cita
2335 1633 2460 1680 sunt
2497 1625 2594 1690 illi,
2635 1625 2819 1694 sicque
2857 1624 3149 1695 replebitur
3199 1621 3463 1692 sapientia
3503 1628 3557 1676 et
3613 1618 3794 1673 chari-

2205 1726 2311 1772 tate
2337 1717 2451 1772 Dei.
2485 1737 2502 1768 ‹
2532 1716 2680 1772 Finis
2706 1716 2850 1770 enim
2879 1714 3129 1784 praecepti
3156 1720 3239 1768 est
3263 1712 3505 1767 charitas
3531 1709 3598 1764 de
3629 1708 3794 1763 corde

519 1819 716 1872 SCI'VCI,
767 1818 822 1863 et
865 1806 1224 1862 constantiam
1271 1803 1467 1858 mentis
1520 1803 1748 1865 habeat,
1795 1801 2101 1869 quicunque
2129 1813 2177 1873 B
2203 1825 2360 1879 puro,
2383 1816 2436 1862 et
2451 1807 2776 1862 conscienﬁa
2797 1806 3032 1871 bona,et
3054 1804 3156 1858 ﬁde
3177 1820 3282 1859 non
3309 1802 3430 1858 ﬁcta
3533 1800 3652 1853 Tim,
3679 1798 3740 1869 ι)⁹
3771 1817 3790 1847 ι

517 1915 547 1954 a
583 1901 692 1955 Deo
723 1899 934 1970 protegi
961 1896 1252 1960 desiderat,
1280 1895 1404 1965 quia
1432 1894 1520 1947 ille
1545 1893 1634 1962 qui
1665 1892 1766 1946 ﬁde
1805 1891 2012 1945 dubitat
2035 1905 2100 1944 ac

524 2008 620 2062 spe
651 1990 886 2054 vacillat,
914 2002 1247 2057 consequens
1279 1994 1362 2040 est
1395 1992 1454 2039 ut
1476 1984 1542 2038 ad
1573 1998 1824 2040 coronam
1852 1998 1954 2035 non
1983 1996 2102 2050 per-

516 2083 717 2147 veniat,
761 2098 879 2150 qua:
916 2080 1045 2136 solis
1071 2079 1314 2134 ﬁdelibus
1342 2093 1405 2132 ac
1436 2077 1720 2132 Dominum
1747 2074 2012 2128 veraciter
2036 2073 2101 2126 ti-

516 2175 806 2235 mentibus,
834 2175 936 2228 hoc
965 2180 1068 2237 est,
1106 2171 1199 2242 qui
1235 2171 1468 2225 fructum
1499 2169 1764 2222 bonorum
1793 2181 2016 2235 operum
2044 2165 2098 2218 in

513 2263 770 2333 patientia
822 2262 1124 2326 proferunt,
1172 2259 1582 2331 repromittitur.
1633 2257 1742 2312 Illis
1774 2265 1974 2321 autem,
2006 2254 2098 2324 qui

515 2369 613 2424 per
633 2354 958 2422 apostasiam
986 2353 1098 2408 sive
1125 2351 1370 2406 haeresim
1403 2365 1433 2402 a
1464 2349 1567 2403 ﬁde
1594 2349 1948 2412 discedentes,
1977 2361 2099 2417 pra-

515 2444 701 2512 visque
747 2444 1002 2521 operibus
1033 2443 1369 2505 insistentes,
1415 2437 1672 2494 derelicto
1715 2437 1958 2492 veritatis
1997 2445 2099 2490 tra-

515 2535 664 2597 mite,
706 2534 758 2587 in
788 2535 1040 2587 vitiorum
1070 2533 1382 2602 voraginem
1429 2529 1695 2594 incidunt,
1729 2529 1808 2582 ira
1841 2537 1894 2583 et
1925 2529 2097 2583 tribu-

512 2625 640 2679 latio
675 2633 836 2694 atque
871 2624 1116 2694 angustia
1144 2621 1528 2694 perpetualiter
1563 2623 1938 2678 remanebunt.
1983 2621 2098 2676 Sic-

514 2723 574 2767 ut
641 2713 838 2769 Paulus
901 2722 1159 2781 testatur,
1210 2714 1446 2768 dicens:
1491 2733 1509 2765 ‹
1562 2713 1656 2768 llis
1709 2713 1958 2782 quidem,
2004 2712 2097 2782 qtti

513 2807 804 2861 secundum
850 2807 1168 2876 patientiam
1212 2806 1336 2860 boni
1369 2805 1567 2875 operis,
1607 2805 1829 2876 gloriam
1856 2814 1910 2858 et
1937 2804 2100 2858 hono-

514 2912 628 2951 rem
664 2907 718 2949 et
750 2897 1206 2965 incorruptionem
1234 2905 1482 2964 quaerunt
1506 2896 1668 2950 vitam
1698 2905 1975 2949 mternam.
2005 2895 2099 2949 llis

513 2995 712 3050 autem,
755 2987 845 3055 qui
887 3003 955 3042 ex
999 2988 1344 3042 contentione
1387 2995 1442 3042 et
1483 2987 1575 3056 qui
1606 3003 1710 3041 non
1747 2987 2098 3057 acquiescunt

515 3077 754 3141 veritati,
788 3077 1012 3132 credunt
1041 3087 1220 3132 autem
1252 3078 1543 3146 iniquitati,
1575 3079 1653 3132 ira
1685 3085 1740 3132 et
1782 3078 2092 3147 indignatio,

2202 1907 2256 1954 et
2282 1898 2374 1967 qui
2405 1898 2577 1968 diligit
2606 1897 2933 1966 proximum,
2965 1896 3139 1965 legem
3167 1892 3426 1963 implevit.

2276 2008 2294 2040 ί
2329 1987 2429 2055 Qui
2477 1988 2668 2042 timent
2706 1987 2989 2042 Dominum
3037 1983 3412 2055 prazparabunt
3455 1983 3628 2036 corda
3673 1995 3795 2042 sua,

2206 2097 2224 2129 ι
2254 2087 2308 2132 et
2333 2078 2388 2132 in
2415 2085 2702 2146 conspectu
2733 2077 2876 2132 illius
2897 2075 3311 2132 sanctiﬁcabunt
3338 2074 3549 2128 animas
3583 2087 3717 2125 suas
3773 2089 3792 2121 ι

2199 2170 2244 2226 Ο
2270 2186 2432 2240 quam
2471 2169 2600 2224 felix
2634 2170 2814 2224 anima
2851 2184 2970 2238 qua:
2993 2168 3230 2238 quotidie
3262 2165 3484 2220 mundat
3504 2179 3604 2218 cor
3633 2175 3802 2215 suum

2199 2271 2253 2318 et
2281 2262 2636 2332 cogitationes
2660 2275 2807 2325 suas,
2838 2245 3102 2328 quatenus
3124 2257 3382 2325 suscipiat
3410 2256 3462 2308 in
3489 2269 3550 2307 se
3578 2251 3800 2306 habita-

2200 2364 2370 2411 torem
2419 2355 2606 2418 Deum,
2639 2353 2792 2422 cujus
2822 2351 3128 2421 quicunque
3174 2361 3456 2418 possessor
3490 2353 3598 2408 est,
3644 2339 3804 2395 nullo

2198 2445 2340 2500 bono
2379 2451 2519 2514 eget,
2568 2442 2694 2512 quia
2723 2441 2964 2496 omnium
3011 2441 3273 2494 bonorum
3326 2445 3601 2490 auctorem
3633 2433 3696 2485 in
3738 2444 3804 2486 se

2199 2537 2382 2600 habet,
2409 2545 2464 2591 et
2489 2535 2614 2604 quia
2643 2548 2864 2588 necesse
2892 2541 2975 2587 est
3015 2531 3070 2585 in
3111 2530 3455 2585 inundatione
3485 2526 3676 2580 cordis
3702 2540 3804 2579 cu-

2199 2627 2372 2682 stodia
2417 2626 2793 2680 mandatorum
2833 2623 2926 2677 Dei
2962 2637 3084 2677 cum
3110 2618 3370 2691 patientia
3417 2616 3539 2671 boni
3580 2615 3803 2684 operis,

2199 2733 2307 2787 quo
2344 2715 2656 2787 pervenitur
2687 2715 2755 2770 ad
2784 2713 3080 2784 perfectam
3111 2709 3434 2782 agnitionem
3460 2705 3802 2767 divinitatis,

2197 2810 2442 2879 sequitur
2469 2825 2482 2860 :

2271 2921 2290 2953 ε
2329 2900 2430 2967 Qui
2460 2901 2650 2955 timent
2673 2900 2958 2956 Dominum
2981 2898 3289 2954 custodiunt
3316 2893 3568 2950 mandata
3593 2891 3754 2944 illius
3785 2909 3801 2941 :

2203 3010 2221 3042 ε
2255 3001 2309 3047 et
2365 2992 2679 3062 patientiam
2736 2993 3012 3046 habebunt
3063 3004 3232 3058 usque
3284 2987 3351 3041 ad
3395 2984 3807 3055 inspectionem

2203 3101 2221 3134 ‹
2260 3083 2426 3147 illius,
2453 3083 2694 3138 dicentes
2721 3101 2732 3135 :
2762 3081 2818 3136 Si
2841 3080 3216 3152 pmnitentiam
3249 3093 3354 3132 non
3381 3075 3678 3146 egerimus,
3717 3073 3808 3126 in-

516 3164 790 3220 trihulatio
836 3174 892 3219 et
937 3167 1184 3236 angustia
1235 3167 1289 3220 in
1330 3182 1545 3222 omnem
1590 3168 1826 3221 animam
1868 3167 2098 3222 hominis
2127 3161 2170 3222 C
2207 3194 2224 3226 ε
2258 3175 2498 3230 cidemus
2522 3173 2575 3228 in
2601 3189 2795 3227 manus
2824 3173 2918 3227 Dei
2948 3182 3002 3226 et
3025 3187 3128 3225 non
3156 3170 3210 3224 in
3241 3183 3430 3223 manus
3460 3165 3756 3220 hominum
3786 3181 3803 3216 :

512 3254 787 3324 Operantis
816 3255 1014 3310 malum
1041 3255 1219 3328 (Rom.
1246 3256 1328 3328 ιι).
1363 3257 1514 3312 Unde
1537 3258 1708 3312 adhuc
1743 3257 2024 3326 sequitur:

1127 3405 1355 3463 CAPUT
1389 3407 1480 3462 IX.

513 3515 783 3590 Sapientia
822 3519 1169 3574 comminatur
1196 3519 1276 3574 his
1303 3519 1392 3590 qui
1426 3530 1539 3589 post
1564 3521 1928 3575 sustinentium
1951 3519 2099 3576 dere-

639 3588 878 3659 linquunt
905 3591 1012 3642 vias
1043 3601 1208 3643 rectas
1230 3600 1276 3644 et
1301 3588 1491 3644 radunt
1517 3607 1608 3659 per
1634 3593 1739 3645 vias
1759 3608 1968 3659 pravas.

599 3718 618 3750 ι
651 3698 740 3754 Vae
762 3699 848 3755 his
875 3701 966 3770 qui
998 3702 1348 3770 perdiderunt
1383 3703 1782 3768 sustinentiam,
1808 3713 1864 3758 et
1890 3705 1978 3773 qui
2008 3705 2100 3758 de-

521 3812 538 3844 l
577 3791 912 3862 reliquerunt
941 3793 1056 3848 vias
1085 3804 1281 3860 rectas,
1315 3805 1368 3850 et
1394 3796 1728 3851 diverterunt
1759 3797 1808 3850 in
1837 3796 1952 3850 vias
1977 3811 2100 3865 pra-

521 3905 539 3934 ι
578 3900 704 3950 vas;
729 3892 781 3940 et
802 3883 929 3954 quid
953 3884 1184 3950 facietis,
1203 3902 1324 3940 cum
1349 3887 1614 3956 inspicere
1636 3887 1862 3956 coeperit
1883 3887 2058 3940 Deus?
2075 3904 2093 3936 ›

513 3979 665 4033 Licet
692 3979 838 4032 onmi
875 3987 1116 4048 tempore
1162 3979 1430 4048 inspicere
1477 3979 1618 4032 Dens
1647 3979 1900 4032 credatur
1930 3979 2100 4034 bonos

514 4085 578 4123 ac
611 4069 796 4134 malos,
825 4078 879 4124 et
903 4069 1037 4123 nihil
1066 4085 1189 4124 eum
1216 4071 1385 4140 possit
1411 4069 1598 4133 latere,
1628 4078 1806 4125 tamen
1835 4088 1931 4125 usu
1962 4071 2102 4126 Seri-

514 4169 793 4228 pturarum
855 4161 1291 4230 frequentissimo
1351 4169 1475 4215 tunc
1535 4161 1734 4216 dicitur
1801 4161 2098 4231 inspicere,

515 4253 731 4322 quando
752 4253 836 4308 vel
865 4254 1094 4324 probare
1133 4254 1217 4307 vel
1259 4253 1563 4323 improbare
1593 4253 1793 4322 aliquid
1828 4255 2100 4324 dignosci-

517 4357 622 4400 tur.
661 4347 799 4414 Quid
838 4364 966 4418 ergo
1003 4345 1196 4402 facturi
1237 4355 1396 4402 erunt
1441 4347 1532 4416 qui
1581 4347 1696 4400 vias
1746 4347 2103 4402 deseruerunt

516 4451 712 4506 rectas,
743 4451 796 4495 et
825 4456 882 4495 se
915 4441 1321 4510 implicaverunt
1353 4439 1551 4508 iniquis
1577 4441 1855 4508 operibus,
1887 4437 2101 4507 quando

511 4533 621 4600 jatn
646 4533 830 4600 judicii
859 4533 1032 4586 aderit
1073 4542 1304 4600 tempus,
1329 4540 1384 4584 et
1414 4531 1589 4584 nullus
1619 4531 1779 4584 datur
1812 4530 1960 4583 locus
1986 4543 2101 4597 pm—

518 4620 786 4672 nitentite?
835 4619 1070 4688 quando,
1100 4619 1253 4687 juxta
1301 4618 1650 4688 Sophoniam,
1685 4639 1701 4668 ι
1735 4618 1861 4672 Dies
1890 4617 2102 4672 Domini

519 4725 743 4779 magnus
770 4710 967 4773 veniet,
1003 4711 1119 4764 dies
1151 4711 1263 4773 ine,
1299 4710 1414 4764 dies
1439 4709 1799 4764 tribulationis
1835 4719 1890 4762 et
1935 4724 2104 4777 angu-

518 4803 655 4865 stize,
687 4802 799 4855 dies
825 4801 1146 4856 calamitatis
1171 4810 1227 4855 et
1257 4802 1506 4866 miseria},
1534 4803 1651 4856 dies
1681 4803 2026 4856 tenebrarum
2051 4809 2104 4855 et

517 4890 780 4959 caliginis,
809 4891 922 4944 dies
945 4890 1151 4944 nebula:
1181 4899 1236 4944 et
1261 4891 1510 4956 turbinis,
1543 4892 1656 4945 dies
1692 4892 1833 4945 tuba:
1871 4901 1926 4946 et
1953 4891 2102 4944 clan-

518 4981 682 5052 goris.
720 4980 893 5049 Super
917 4980 1164 5034 civitates
1193 4981 1426 5034 munitas
1459 4991 1514 5036 et
1543 4997 1705 5051 super
1757 4981 1980 5051 angulos
2008 4997 2102 5036 ex-

517 5071 719 5134 celsos,
774 5080 830 5124 et
870 5071 1269 5124 tribulabuntur
1318 5072 1594 5135 homines,
1647 5082 1702 5126 ct
1751 5073 2102 5127 ambulabunt

517 5165 642 5218 eieci
678 5183 689 5217 :
724 5165 849 5233 quia
879 5163 1102 5219 Domino
1128 5173 1508 5234 peccaverunt,
1556 5175 1612 5219 et
1649 5164 1950 5220 elfundetur
1972 5181 2098 5220 san-

518 5259 635 5324 guis
679 5273 864 5310 eorutn
925 5257 1063 5311 sicut
1103 5259 1319 5322 humus,
1369 5266 1422 5311 et
1475 5273 1671 5326 eorptts
1717 5271 1902 5310 eorum
1963 5257 2102 5311 sicut

521 5357 780 5399 stercora.
812 5347 918 5402 Sed
954 5356 1008 5401 et
1043 5362 1324 5417 argentum
1353 5364 1539 5402 eorum
1567 5357 1620 5401 et
1643 5365 1833 5402 aurum
1866 5365 1971 5403 non
2001 5365 2099 5418 po-

523 5437 647 5489 terit
673 5435 902 5492 liberare
930 5437 1023 5492 eos
1046 5439 1098 5495 in
1128 5441 1214 5494 die
1245 5441 1336 5494 ine
1363 5441 1594 5495 Domini.
1627 5441 1680 5494 ln
1710 5440 1829 5508 igne
1855 5439 1954 5492 zeli
1985 5438 2100 5506 ejus

520 5528 867 5584 devorabitur
893 5531 1067 5583 omnis
1089 5539 1249 5596 terra,
1274 5532 1398 5600 quia
1429 5531 1946 5586 consummationem
1975 5546 2100 5584 cum

520 5616 864 5676 festinatione
885 5619 1044 5674 faciet
1065 5623 1271 5676 cunctis
1299 5622 1661 5676 habitantibus
1689 5631 1888 5675 terram
1913 5622 2096 5693 (Soph.

521 5709 608 5764 th:
653 5709 708 5764 ln
740 5710 837 5763 hac
873 5718 1046 5764 autem
1077 5711 1182 5766 vita
1202 5712 1342 5767 Deus
1361 5722 1636 5784 exspectat
1674 5722 1727 5768 ct
1757 5715 1949 5784 acripit
1974 5730 2099 5769 eon-

2203 3283 2220 3316 ι
2256 3265 2554 3320 secundum
2595 3264 2739 3319 enim
2785 3263 3206 3332 magnitudinem
3242 3259 3404 3320 illius,
3433 3257 3510 3310 sic
3536 3265 3593 3309 et
3620 3256 3774 3308 misc

2203 3375 2222 3406 ‹
2260 3355 2489 3411 ricordia
2534 3355 2703 3425 ipsius
2744 3369 2869 3408 cum
2916 3353 3032 3423 ipso
3078 3360 3179 3408 est.
3226 3370 3243 3400 ι
3292 3349 3403 3404 Mos
3440 3347 3663 3417 quidem
3717 3354 3811 3400 est

2160 3509 2168 3517 Ἰ
2198 3457 2508 3504 sanctorum
2540 3447 2859 3517 semetipsos
2880 3455 3192 3516 peccatores
3215 3456 3491 3504 accusare,
3515 3449 3807 3507 quatenus

2198 3541 2518 3610 condignam
2576 3538 2895 3592 humilitatis
2955 3553 3065 3592 sua:
3121 3535 3390 3603 accipiant
3442 3531 3801 3592 mercedem,

2197 3632 2322 3701 quia
2345 3631 2483 3684 sicut
2514 3629 2799 3684 humilitati
2829 3628 3132 3698 praemium,
3155 3627 3233 3680 sic
3261 3633 3313 3678 et
3337 3623 3601 3692 superbiae
3627 3635 3806 3690 pmna

2199 3721 2506 3791 deputatur.
2549 3721 2688 3775 Dicit
2713 3720 2857 3774 enim
2886 3718 3170 3772 manifeste
3201 3715 3436 3770 Joannes
3465 3713 3758 3781 apostolus
3789 3730 3804 3765 :

2203 3835 2220 3868 ι
2265 3817 2321 3870 Si
2367 3816 2662 3871 dixerimus
2709 3813 2961 3883 quoniam
3014 3820 3293 3883 peccatum
3343 3824 3445 3862 non
3499 3805 3807 3868 habemus,

2200 3904 2300 3973 ipsi
2331 3921 2429 3961 nos
2471 3904 2797 3968 sedneimus,
2839 3910 2894 3958 et
2938 3903 3139 3955 veritas
3180 3901 3233 3954 in
3273 3897 3428 3953 nobis
3456 3912 3558 3950 non
3588 3904 3696 3947 est.
3739 3893 3806 3947 Si

2200 4000 2554 4056 eonﬁteamur
2599 4004 2819 4067 peccata
2865 4003 3069 4060 nostra,
3102 3992 3275 4047 ﬁdelis
3314 3997 3396 4043 est
3421 3996 3474 4042 et
3494 3996 3704 4056 justus,
3740 3995 3808 4038 ut

2199 4091 2440 4146 remittat
2485 4088 2639 4143 nobis
2677 4093 2899 4156 peccata
2943 4094 3150 4147 nostra,
3192 4090 3248 4136 et
3282 4079 3535 4135 emundct
3573 4093 3675 4132 nos
3727 4078 3805 4134 ab

2199 4181 2343 4236 omni
2374 4180 2655 4249 iniquitate
2684 4177 2734 4247 (1
2771 4177 2930 4230 Ιοαη.
2964 4175 3027 4246 ι).
3065 4194 3082 4225 t
3112 4173 3265 4229 Unde
3294 4170 3608 4239 subjunxit:
3640 4190 3657 4219 ι
3694 4169 3808 4223 δερ

2200 4273 2432 4327 cundum
2455 4269 2597 4324 enim
2628 4266 3052 4338 magnitudinem
3089 4263 3250 4329 illius,
3290 4264 3368 4317 sic
3393 4271 3448 4316 et
3473 4261 3798 4314 misericor-

2201 4360 2286 4415 dia
2331 4359 2500 4429 ipsius
2550 4373 2672 4412 cum
2722 4359 2859 4427 ipso.
2897 4377 2913 4408 )
2945 4355 3101 4423 Quia,
3133 4363 3193 4408 ut
3229 4353 3490 4423 prepheta
3531 4358 3800 4412 testatur,

2209 4469 2226 4500 ι
2265 4451 2555 4504 secundum
2581 4448 2920 4502 altitudinem
2943 4444 3064 4501 cmli
3088 4461 3118 4499 a
3147 4453 3290 4498 terra
3321 4441 3654 4498 conlirmavit
3682 4440 3802 4492 1)οο

2207 4539 2382 4592 minus
2430 4538 2857 4593 misericordiam
2914 4550 3069 4591 suam
3137 4549 3300 4602 super
3359 4532 3608 4586 timentes
3663 4543 3808 4583 eum

2206 4628 2376 4700 (Psal.
2424 4628 2542 4700 cn).
2574 4650 2591 4680 ι
2619 4629 2686 4682 Et
2738 4629 2906 4682 item:
2939 4647 2956 4678 t
2993 4623 3361 4680 Misericordia
3394 4662 3408 4684 ,
3438 4621 3632 4689 inquit,
3687 4621 3808 4672 Do-

2205 4720 2333 4774 mini
2362 4735 2391 4772 a
2422 4721 2617 4774 saeculo
2643 4729 2696 4774 et
2723 4733 2893 4788 usque
2919 4718 2972 4771 in
3015 4716 3267 4772 sarculum
3314 4712 3492 4767 smeuli
3525 4725 3688 4778 super
3720 4711 3783 4762 ti-

2204 4819 2413 4866 mentes
2456 4827 2602 4876 eum,
2650 4822 2704 4865 et
2742 4810 2952 4878 justitia
2997 4808 3115 4877 ejus
3163 4823 3326 4876 super
3378 4805 3516 4858 ﬁlios
3556 4802 3802 4855 ﬁliorum

2204 4901 2630 4955 custodientibus
2665 4907 3044 4954 testamentum
3085 4898 3221 4967 ejus,
3267 4904 3320 4949 et
3364 4893 3623 4948 memoria
3661 4891 3802 4945 reti-

2204 4991 2454 5046 nentibus
2483 4992 2736 5045 mandata
2763 4989 2878 5057 ejus
2909 4998 2967 5042 ut
2992 4987 3191 5042 faciant
3218 5002 3280 5040 ea
3307 4982 3514 5054 (lbid.).

2275 5082 2424 5152 (Car.
2461 5081 2566 5151 ιιι.)
2604 5100 2621 5129 ‹
2652 5080 2773 5134 Filii
2801 5080 3096 5149 sapientia),
3133 5077 3370 5132 Ecclesia
3395 5073 3668 5142 justorum
3697 5092 3707 5124 :
3736 5081 3802 5126 et

2209 5193 2226 5224 ι
2266 5173 2411 5227 natio
2445 5173 2658 5226 illorum
2710 5171 3014 5226 obedientia
3063 5178 3119 5224 et
3161 5167 3396 5222 dilectio.
3441 5186 3458 5216 ι
3494 5165 3662 5218 Filios
3706 5181 3802 5217 sa-

2202 5265 2416 5333 pientia:
2443 5263 2636 5317 merito
2664 5262 2794 5316 dicit
2836 5278 2956 5317 esse
3005 5261 3301 5315 Ecclesiam
3333 5259 3622 5328 justorum,
3665 5259 3798 5325 quia

2203 5357 2295 5424 qui
2323 5370 2447 5410 vere
2475 5354 2688 5424 sapiens
2721 5361 2818 5415 est,
2868 5368 3028 5407 verus
3061 5361 3141 5407 est
3175 5350 3403 5418 justitia:
3437 5349 3629 5412 cultor,
3660 5364 3802 5416 quo-

2204 5447 2345 5500 niam
2365 5461 2490 5500 vera
2519 5445 2778 5514 sapientia
2805 5444 3070 5498 veraciter
3083 5443 3307 5509 justitite
3329 5441 3497 5495 dictat
3520 5453 3796 5494 normam.

2204 5535 2382 5598 Natio,
2435 5535 2625 5604 inquit,
2670 5533 2882 5586 illorum
2934 5531 3237 5586 obedientia
3283 5539 3338 5583 et
3385 5529 3618 5583 dilectio.
3647 5518 3801 5594 Quo—

2205 5627 2364 5680 modo
2405 5634 2582 5679 autem
2627 5626 2898 5678 nationem
2929 5633 3084 5676 vocat
3110 5622 3378 5690 justorum
3422 5621 3797 5674 obedientiam

2203 5725 2258 5770 et
2286 5715 2658 5770 dilectionem?
2686 5714 2818 5769 Cum
2851 5712 3156 5770 obedientia
3203 5720 3256 5765 et
3302 5711 3520 5767 dilectio
3565 5711 3800 5765 virtutes
