  <div class='ocr_page' id='page_1' title='image "/cluster/home/n/w/nwhite01/storage/ocr_20150623/109/hvd.32044015466857/392.png"; bbox 0 0 4030 6472; ppageno 0'>
   <div class='ocr_carea' id='block_1_1' title="bbox 295 445 398 500">
    <p class='ocr_par' dir='ltr' id='par_1_1' title="bbox 295 445 398 500">
     <span class='ocr_line' id='line_1_1' title="bbox 295 445 398 500; baseline -0.01 0"><span class='ocrx_word' id='word_1_1' title='bbox 295 445 398 500; x_wconf 88' lang='lat'><strong>777</strong></span> 
     </span>
    </p>
   </div>
   <div class='ocr_carea' id='block_1_2' title="bbox 1196 427 2661 494">
    <p class='ocr_par' dir='ltr' id='par_1_2' title="bbox 1196 427 2661 494">
     <span class='ocr_line' id='line_1_2' title="bbox 1196 427 2661 494; baseline -0.008 0"><span class='ocrx_word' id='word_1_2' title='bbox 1196 433 1549 494; x_wconf 78' lang='lat' dir='ltr'><strong>COMMENT.</strong></span> <span class='ocrx_word' id='word_1_3' title='bbox 1587 432 1657 492; x_wconf 86' lang='lat' dir='ltr'><strong>IN</strong></span> <span class='ocrx_word' id='word_1_4' title='bbox 1693 427 2307 492; x_wconf 84' lang='lat' dir='ltr'><strong>ECCLESIASTICUM.</strong></span> <span class='ocrx_word' id='word_1_5' title='bbox 2350 453 2418 469; x_wconf 74' lang='grc' dir='ltr'><strong>-τ-</strong></span> <span class='ocrx_word' id='word_1_6' title='bbox 2452 427 2582 484; x_wconf 87' lang='lat' dir='ltr'><strong>LIB.</strong></span> <span class='ocrx_word' id='word_1_7' title='bbox 2619 427 2661 483; x_wconf 94' lang='lat' dir='ltr'><strong>I.</strong></span> 
     </span>
    </p>
   </div>
   <div class='ocr_carea' id='block_1_3' title="bbox 3475 427 3582 484">
    <p class='ocr_par' dir='ltr' id='par_1_3' title="bbox 3475 427 3582 484">
     <span class='ocr_line' id='line_1_3' title="bbox 3475 427 3582 484; baseline 0.019 -3"><span class='ocrx_word' id='word_1_8' title='bbox 3475 427 3582 484; x_wconf 88' lang='lat'><strong>778</strong></span> 
     </span>
    </p>
   </div>
   <div class='ocr_carea' id='block_1_4' title="bbox 289 541 3576 624">
    <p class='ocr_par' dir='ltr' id='par_1_4' title="bbox 289 541 3576 624">
     <span class='ocr_line' id='line_1_4' title="bbox 289 541 3576 624; baseline -0.002 -15"><span class='ocrx_word' id='word_1_9' title='bbox 289 555 419 620; x_wconf 82' lang='lat' dir='ltr'><strong>sint,</strong></span> <span class='ocrx_word' id='word_1_10' title='bbox 464 567 586 624; x_wconf 87' lang='lat' dir='ltr'><strong>quae</strong></span> <span class='ocrx_word' id='word_1_11' title='bbox 629 550 898 607; x_wconf 80' lang='lat' dir='ltr'><strong>habentur</strong></span> <span class='ocrx_word' id='word_1_12' title='bbox 926 562 958 604; x_wconf 91' lang='lat' dir='ltr'><strong>a</strong></span> <span class='ocrx_word' id='word_1_13' title='bbox 985 547 1170 618; x_wconf 89' lang='lat' dir='ltr'><strong>justis.</strong></span> <span class='ocrx_word' id='word_1_14' title='bbox 1201 549 1319 606; x_wconf 83' lang='lat' dir='ltr'><strong>Nisi</strong></span> <span class='ocrx_word' id='word_1_15' title='bbox 1347 552 1472 621; x_wconf 83' lang='lat' dir='ltr'><strong>quia</strong></span> <span class='ocrx_word' id='word_1_16' title='bbox 1503 551 1708 622; x_wconf 89' lang='lat' dir='ltr'><strong>tropica</strong></span> <span class='ocrx_word' id='word_1_17' title='bbox 1733 550 1880 607; x_wconf 87' lang='lat' dir='ltr'><strong>locu-</strong></span> <span class='ocrx_word' id='word_1_18' title='bbox 1907 558 1959 618; x_wconf 78' lang='grc' dir='ltr'><strong>Α</strong></span> <span class='ocrx_word' id='word_1_19' title='bbox 2061 566 2078 598; x_wconf 75' lang='grc' dir='ltr'><strong>ι</strong></span> <span class='ocrx_word' id='word_1_20' title='bbox 2122 545 2223 613; x_wconf 87' lang='lat' dir='ltr'><strong>Qui</strong></span> <span class='ocrx_word' id='word_1_21' title='bbox 2256 545 2488 602; x_wconf 84' lang='lat' dir='ltr'><strong>honorat</strong></span> <span class='ocrx_word' id='word_1_22' title='bbox 2513 553 2728 616; x_wconf 85' lang='lat' dir='ltr'><strong>patrem</strong></span> <span class='ocrx_word' id='word_1_23' title='bbox 2772 558 2953 611; x_wconf 88' lang='lat' dir='ltr'><strong>suum,</strong></span> <span class='ocrx_word' id='word_1_24' title='bbox 2979 543 3090 598; x_wconf 91' lang='lat' dir='ltr'><strong>vita</strong></span> <span class='ocrx_word' id='word_1_25' title='bbox 3129 542 3275 599; x_wconf 89' lang='lat' dir='ltr'><strong>vivet</strong></span> <span class='ocrx_word' id='word_1_26' title='bbox 3310 541 3576 616; x_wconf 89' lang='lat' dir='ltr'><strong>longiore,</strong></span> 
     </span>
    </p>
   </div>
   <div class='ocr_carea' id='block_1_5' title="bbox 289 644 1880 717">
    <p class='ocr_par' dir='ltr' id='par_1_5' title="bbox 289 644 1880 717">
     <span class='ocr_line' id='line_1_5' title="bbox 289 644 1880 717; baseline -0.002 -16"><span class='ocrx_word' id='word_1_27' title='bbox 289 648 438 703; x_wconf 89' lang='lat' dir='ltr'><strong>tione</strong></span> <span class='ocrx_word' id='word_1_28' title='bbox 477 661 578 717; x_wconf 87' lang='lat' dir='ltr'><strong>per</strong></span> <span class='ocrx_word' id='word_1_29' title='bbox 620 646 766 716; x_wconf 91' lang='lat' dir='ltr'><strong>ipsas</strong></span> <span class='ocrx_word' id='word_1_30' title='bbox 805 644 1032 702; x_wconf 83' lang='lat' dir='ltr'><strong>virtutes</strong></span> <span class='ocrx_word' id='word_1_31' title='bbox 1069 644 1325 716; x_wconf 76' lang='lat' dir='ltr'><strong>exprimit</strong></span> <span class='ocrx_word' id='word_1_32' title='bbox 1360 645 1622 702; x_wconf 88' lang='lat' dir='ltr'><strong>virtutum</strong></span> <span class='ocrx_word' id='word_1_33' title='bbox 1662 657 1880 715; x_wconf 87' lang='lat' dir='ltr'><strong>posses-</strong></span> 
     </span>
    </p>
   </div>
   <div class='ocr_carea' id='block_1_6' title="bbox 287 752 459 795">
    <p class='ocr_par' dir='ltr' id='par_1_6' title="bbox 287 752 459 795">
     <span class='ocr_line' id='line_1_6' title="bbox 287 752 459 795; baseline 0.006 -1"><span class='ocrx_word' id='word_1_34' title='bbox 287 752 459 795; x_wconf 72' lang='lat' dir='ltr'><strong>SOI&#39;CS.</strong></span> 
     </span>
    </p>
   </div>
   <div class='ocr_carea' id='block_1_7' title="bbox 362 829 1884 903">
    <p class='ocr_par' dir='ltr' id='par_1_7' title="bbox 362 829 1884 903">
     <span class='ocr_line' id='line_1_7' title="bbox 362 829 1884 903; baseline -0.001 -18"><span class='ocrx_word' id='word_1_35' title='bbox 362 852 381 885; x_wconf 77' lang='grc' dir='ltr'><strong>ι</strong></span> <span class='ocrx_word' id='word_1_36' title='bbox 418 831 690 889; x_wconf 74' lang='lat' dir='ltr'><strong>Iudicium</strong></span> <span class='ocrx_word' id='word_1_37' title='bbox 737 831 908 903; x_wconf 91' lang='lat' dir='ltr'><strong>patris</strong></span> <span class='ocrx_word' id='word_1_38' title='bbox 934 831 1161 897; x_wconf 87' lang='lat' dir='ltr'><strong>&#39;audite,</strong></span> <span class='ocrx_word' id='word_1_39' title='bbox 1213 830 1328 900; x_wconf 93' lang='lat' dir='ltr'><strong>ﬁlii,</strong></span> <span class='ocrx_word' id='word_1_40' title='bbox 1380 840 1437 886; x_wconf 91' lang='lat' dir='ltr'><strong>et</strong></span> <span class='ocrx_word' id='word_1_41' title='bbox 1481 831 1560 887; x_wconf 93' lang='lat' dir='ltr'><strong>sic</strong></span> <span class='ocrx_word' id='word_1_42' title='bbox 1589 829 1773 894; x_wconf 84' lang='lat' dir='ltr'><strong>,facite</strong></span> <span class='ocrx_word' id='word_1_43' title='bbox 1824 837 1884 884; x_wconf 91' lang='lat' dir='ltr'><strong>ut</strong></span> 
     </span>
    </p>
   </div>
   <div class='ocr_carea' id='block_1_8' title="bbox 291 921 1882 981">
    <p class='ocr_par' dir='ltr' id='par_1_8' title="bbox 291 921 1882 981">
     <span class='ocr_line' id='line_1_8' title="bbox 291 921 1882 981; baseline -0.001 -5"><span class='ocrx_word' id='word_1_44' title='bbox 291 941 310 976; x_wconf 73' lang='grc' dir='ltr'><strong>ι</strong></span> <span class='ocrx_word' id='word_1_45' title='bbox 347 923 482 979; x_wconf 88' lang='lat' dir='ltr'><strong>salvi</strong></span> <span class='ocrx_word' id='word_1_46' title='bbox 529 925 668 981; x_wconf 90' lang='lat' dir='ltr'><strong>sitis.</strong></span> <span class='ocrx_word' id='word_1_47' title='bbox 708 943 728 978; x_wconf 79' lang='grc' dir='ltr'><strong>ι</strong></span> <span class='ocrx_word' id='word_1_48' title='bbox 756 923 922 980; x_wconf 90' lang='lat' dir='ltr'><strong>Pater</strong></span> <span class='ocrx_word' id='word_1_49' title='bbox 966 924 1344 980; x_wconf 89' lang='lat' dir='ltr'><strong>universorum</strong></span> <span class='ocrx_word' id='word_1_50' title='bbox 1384 922 1710 978; x_wconf 81' lang='lat' dir='ltr'><strong>naturaliter</strong></span> <span class='ocrx_word' id='word_1_51' title='bbox 1738 921 1882 976; x_wconf 89' lang='lat' dir='ltr'><strong>Deus</strong></span> 
     </span>
    </p>
   </div>
   <div class='ocr_carea' id='block_1_9' title="bbox 284 1013 1882 1089">
    <p class='ocr_par' dir='ltr' id='par_1_9' title="bbox 284 1013 1882 1089">
     <span class='ocr_line' id='line_1_9' title="bbox 284 1013 1882 1089; baseline -0.004 -15"><span class='ocrx_word' id='word_1_52' title='bbox 284 1024 390 1083; x_wconf 86' lang='lat' dir='ltr'><strong>est,</strong></span> <span class='ocrx_word' id='word_1_53' title='bbox 421 1033 491 1074; x_wconf 87' lang='lat' dir='ltr'><strong>ex</strong></span> <span class='ocrx_word' id='word_1_54' title='bbox 533 1033 642 1088; x_wconf 92' lang='lat' dir='ltr'><strong>quo</strong></span> <span class='ocrx_word' id='word_1_55' title='bbox 693 1017 872 1074; x_wconf 90' lang='lat' dir='ltr'><strong>omnis</strong></span> <span class='ocrx_word' id='word_1_56' title='bbox 910 1017 1210 1089; x_wconf 88' lang='lat' dir='ltr'><strong>paternitas</strong></span> <span class='ocrx_word' id='word_1_57' title='bbox 1237 1015 1294 1071; x_wconf 91' lang='lat' dir='ltr'><strong>in</strong></span> <span class='ocrx_word' id='word_1_58' title='bbox 1322 1014 1476 1072; x_wconf 65' lang='lat' dir='ltr'><strong>caelis</strong></span> <span class='ocrx_word' id='word_1_59' title='bbox 1523 1022 1580 1071; x_wconf 89' lang='lat' dir='ltr'><strong>et</strong></span> <span class='ocrx_word' id='word_1_60' title='bbox 1622 1015 1678 1068; x_wconf 90' lang='lat' dir='ltr'><strong>in</strong></span> <span class='ocrx_word' id='word_1_61' title='bbox 1719 1013 1882 1069; x_wconf 89' lang='lat' dir='ltr'><strong>terris</strong></span> 
     </span>
    </p>
   </div>
   <div class='ocr_carea' id='block_1_10' title="bbox 283 1105 1882 1181">
    <p class='ocr_par' dir='ltr' id='par_1_10' title="bbox 283 1105 1882 1181">
     <span class='ocr_line' id='line_1_10' title="bbox 283 1105 1882 1181; baseline -0.004 -15"><span class='ocrx_word' id='word_1_62' title='bbox 283 1110 630 1180; x_wconf 85' lang='lat' dir='ltr'><strong>nominatur;</strong></span> <span class='ocrx_word' id='word_1_63' title='bbox 674 1111 802 1181; x_wconf 85' lang='lat' dir='ltr'><strong>quia</strong></span> <span class='ocrx_word' id='word_1_64' title='bbox 850 1126 917 1166; x_wconf 90' lang='lat' dir='ltr'><strong>ex</strong></span> <span class='ocrx_word' id='word_1_65' title='bbox 960 1111 1096 1180; x_wconf 91' lang='lat' dir='ltr'><strong>ipso,</strong></span> <span class='ocrx_word' id='word_1_66' title='bbox 1144 1117 1200 1165; x_wconf 92' lang='lat' dir='ltr'><strong>et</strong></span> <span class='ocrx_word' id='word_1_67' title='bbox 1224 1123 1322 1180; x_wconf 88' lang='lat' dir='ltr'><strong>per</strong></span> <span class='ocrx_word' id='word_1_68' title='bbox 1366 1109 1562 1179; x_wconf 90' lang='lat' dir='ltr'><strong>ipsum,</strong></span> <span class='ocrx_word' id='word_1_69' title='bbox 1593 1114 1648 1162; x_wconf 90' lang='lat' dir='ltr'><strong>et</strong></span> <span class='ocrx_word' id='word_1_70' title='bbox 1683 1105 1739 1161; x_wconf 90' lang='lat' dir='ltr'><strong>in</strong></span> <span class='ocrx_word' id='word_1_71' title='bbox 1764 1105 1882 1176; x_wconf 91' lang='lat' dir='ltr'><strong>ipso</strong></span> 
     </span>
    </p>
   </div>
   <div class='ocr_carea' id='block_1_11' title="bbox 283 1197 1882 1272">
    <p class='ocr_par' dir='ltr' id='par_1_11' title="bbox 283 1197 1882 1272">
     <span class='ocr_line' id='line_1_11' title="bbox 283 1197 1882 1272; baseline -0.004 -15"><span class='ocrx_word' id='word_1_72' title='bbox 283 1209 415 1258; x_wconf 89' lang='lat' dir='ltr'><strong>sunt</strong></span> <span class='ocrx_word' id='word_1_73' title='bbox 449 1201 633 1257; x_wconf 89' lang='lat' dir='ltr'><strong>omnia</strong></span> <span class='ocrx_word' id='word_1_74' title='bbox 661 1220 672 1256; x_wconf 92' lang='lat'><strong>:</strong></span> <span class='ocrx_word' id='word_1_75' title='bbox 706 1201 798 1272; x_wconf 89' lang='lat' dir='ltr'><strong>qui</strong></span> <span class='ocrx_word' id='word_1_76' title='bbox 829 1200 1003 1272; x_wconf 82' lang='lat' dir='ltr'><strong>diligit</strong></span> <span class='ocrx_word' id='word_1_77' title='bbox 1028 1215 1094 1255; x_wconf 87' lang='lat' dir='ltr'><strong>ea</strong></span> <span class='ocrx_word' id='word_1_78' title='bbox 1124 1215 1243 1270; x_wconf 80' lang='lat' dir='ltr'><strong>quae</strong></span> <span class='ocrx_word' id='word_1_79' title='bbox 1269 1198 1419 1265; x_wconf 88' lang='lat' dir='ltr'><strong>fecit,</strong></span> <span class='ocrx_word' id='word_1_80' title='bbox 1466 1207 1527 1254; x_wconf 92' lang='lat' dir='ltr'><strong>ut</strong></span> <span class='ocrx_word' id='word_1_81' title='bbox 1549 1199 1607 1253; x_wconf 91' lang='lat' dir='ltr'><strong>in</strong></span> <span class='ocrx_word' id='word_1_82' title='bbox 1632 1197 1736 1253; x_wconf 93' lang='lat' dir='ltr'><strong>hoc</strong></span> <span class='ocrx_word' id='word_1_83' title='bbox 1759 1210 1882 1267; x_wconf 88' lang='lat' dir='ltr'><strong>per-</strong></span> 
     </span>
    </p>
   </div>
   <div class='ocr_carea' id='block_1_12' title="bbox 281 1289 1882 1366">
    <p class='ocr_par' dir='ltr' id='par_1_12' title="bbox 281 1289 1882 1366">
     <span class='ocr_line' id='line_1_12' title="bbox 281 1289 1882 1366; baseline -0.004 -16"><span class='ocrx_word' id='word_1_84' title='bbox 281 1302 542 1350; x_wconf 89' lang='lat' dir='ltr'><strong>maneant</strong></span> <span class='ocrx_word' id='word_1_85' title='bbox 565 1295 710 1366; x_wconf 90' lang='lat' dir='ltr'><strong>quod</strong></span> <span class='ocrx_word' id='word_1_86' title='bbox 738 1293 884 1350; x_wconf 88' lang='lat' dir='ltr'><strong>facta</strong></span> <span class='ocrx_word' id='word_1_87' title='bbox 920 1302 1064 1348; x_wconf 89' lang='lat' dir='ltr'><strong>sunt.</strong></span> <span class='ocrx_word' id='word_1_88' title='bbox 1098 1292 1203 1360; x_wconf 92' lang='lat' dir='ltr'><strong>Qui</strong></span> <span class='ocrx_word' id='word_1_89' title='bbox 1222 1292 1364 1348; x_wconf 90' lang='lat' dir='ltr'><strong>enim</strong></span> <span class='ocrx_word' id='word_1_90' title='bbox 1393 1290 1554 1360; x_wconf 90' lang='lat' dir='ltr'><strong>hujus</strong></span> <span class='ocrx_word' id='word_1_91' title='bbox 1578 1289 1757 1346; x_wconf 85' lang='lat' dir='ltr'><strong>Patris</strong></span> <span class='ocrx_word' id='word_1_92' title='bbox 1785 1304 1882 1345; x_wconf 87' lang='lat' dir='ltr'><strong>au-</strong></span> 
     </span>
    </p>
   </div>
   <div class='ocr_carea' id='block_1_13' title="bbox 280 1382 1881 1457">
    <p class='ocr_par' dir='ltr' id='par_1_13' title="bbox 280 1382 1881 1457">
     <span class='ocr_line' id='line_1_13' title="bbox 280 1382 1881 1457; baseline -0.003 -14"><span class='ocrx_word' id='word_1_93' title='bbox 280 1387 442 1444; x_wconf 91' lang='lat' dir='ltr'><strong>dierit</strong></span> <span class='ocrx_word' id='word_1_94' title='bbox 462 1385 727 1457; x_wconf 86' lang='lat' dir='ltr'><strong>judicium</strong></span> <span class='ocrx_word' id='word_1_95' title='bbox 759 1394 814 1443; x_wconf 92' lang='lat' dir='ltr'><strong>et</strong></span> <span class='ocrx_word' id='word_1_96' title='bbox 849 1385 1044 1442; x_wconf 83' lang='lat' dir='ltr'><strong>fecerit</strong></span> <span class='ocrx_word' id='word_1_97' title='bbox 1077 1386 1194 1457; x_wconf 84' lang='lat' dir='ltr'><strong>ejus</strong></span> <span class='ocrx_word' id='word_1_98' title='bbox 1231 1393 1520 1456; x_wconf 69' lang='lat' dir='ltr'><strong>praecepta,</strong></span> <span class='ocrx_word' id='word_1_99' title='bbox 1559 1382 1749 1456; x_wconf 87' lang='lat' dir='ltr'><strong>procul</strong></span> <span class='ocrx_word' id='word_1_100' title='bbox 1783 1383 1881 1439; x_wconf 88' lang='lat' dir='ltr'><strong>du-</strong></span> 
     </span>
    </p>
   </div>
   <div class='ocr_carea' id='block_1_14' title="bbox 279 1477 1880 1554">
    <p class='ocr_par' dir='ltr' id='par_1_14' title="bbox 279 1477 1880 1554">
     <span class='ocr_line' id='line_1_14' title="bbox 279 1477 1880 1554; baseline -0.006 -14"><span class='ocrx_word' id='word_1_101' title='bbox 279 1485 372 1541; x_wconf 91' lang='lat' dir='ltr'><strong>bio</strong></span> <span class='ocrx_word' id='word_1_102' title='bbox 397 1484 579 1540; x_wconf 86' lang='lat' dir='ltr'><strong>salvus</strong></span> <span class='ocrx_word' id='word_1_103' title='bbox 603 1483 728 1540; x_wconf 87' lang='lat' dir='ltr'><strong>erit.</strong></span> <span class='ocrx_word' id='word_1_104' title='bbox 763 1482 928 1554; x_wconf 87' lang='lat' dir='ltr'><strong>Cujus</strong></span> <span class='ocrx_word' id='word_1_105' title='bbox 952 1480 1268 1537; x_wconf 89' lang='lat' dir='ltr'><strong>mandatum</strong></span> <span class='ocrx_word' id='word_1_106' title='bbox 1295 1488 1397 1546; x_wconf 90' lang='lat' dir='ltr'><strong>est,</strong></span> <span class='ocrx_word' id='word_1_107' title='bbox 1447 1488 1508 1535; x_wconf 93' lang='lat' dir='ltr'><strong>ut</strong></span> <span class='ocrx_word' id='word_1_108' title='bbox 1541 1479 1706 1535; x_wconf 90' lang='lat' dir='ltr'><strong>etiam</strong></span> <span class='ocrx_word' id='word_1_109' title='bbox 1739 1477 1880 1548; x_wconf 87' lang='lat' dir='ltr'><strong>patri</strong></span> 
     </span>
    </p>
   </div>
   <div class='ocr_carea' id='block_1_15' title="bbox 280 1569 1880 1646">
    <p class='ocr_par' dir='ltr' id='par_1_15' title="bbox 280 1569 1880 1646">
     <span class='ocr_line' id='line_1_15' title="bbox 280 1569 1880 1646; baseline -0.004 -15"><span class='ocrx_word' id='word_1_110' title='bbox 280 1576 565 1646; x_wconf 81' lang='lat' dir='ltr'><strong>temporali</strong></span> <span class='ocrx_word' id='word_1_111' title='bbox 592 1584 649 1632; x_wconf 92' lang='lat' dir='ltr'><strong>et</strong></span> <span class='ocrx_word' id='word_1_112' title='bbox 676 1575 838 1632; x_wconf 88' lang='lat' dir='ltr'><strong>matri</strong></span> <span class='ocrx_word' id='word_1_113' title='bbox 857 1574 1084 1632; x_wconf 88' lang='lat' dir='ltr'><strong>honoris</strong></span> <span class='ocrx_word' id='word_1_114' title='bbox 1109 1573 1414 1630; x_wconf 86' lang='lat' dir='ltr'><strong>reverentia</strong></span> <span class='ocrx_word' id='word_1_115' title='bbox 1438 1571 1782 1628; x_wconf 88' lang='lat' dir='ltr'><strong>exhibeatur.</strong></span> <span class='ocrx_word' id='word_1_116' title='bbox 1809 1569 1880 1627; x_wconf 91' lang='lat' dir='ltr'><strong>Ut</strong></span> 
     </span>
    </p>
   </div>
   <div class='ocr_carea' id='block_1_16' title="bbox 277 1664 1880 1740">
    <p class='ocr_par' dir='ltr' id='par_1_16' title="bbox 277 1664 1880 1740">
     <span class='ocr_line' id='line_1_16' title="bbox 277 1664 1880 1740; baseline -0.002 -16"><span class='ocrx_word' id='word_1_117' title='bbox 277 1677 362 1725; x_wconf 90' lang='lat' dir='ltr'><strong>est</strong></span> <span class='ocrx_word' id='word_1_118' title='bbox 387 1669 516 1724; x_wconf 89' lang='lat' dir='ltr'><strong>illud</strong></span> <span class='ocrx_word' id='word_1_119' title='bbox 544 1685 557 1723; x_wconf 93' lang='lat'><strong>:</strong></span> <span class='ocrx_word' id='word_1_120' title='bbox 596 1688 615 1722; x_wconf 73' lang='grc' dir='ltr'><strong>ι</strong></span> <span class='ocrx_word' id='word_1_121' title='bbox 645 1668 861 1725; x_wconf 85' lang='lat' dir='ltr'><strong>Honora</strong></span> <span class='ocrx_word' id='word_1_122' title='bbox 889 1675 1102 1740; x_wconf 86' lang='lat' dir='ltr'><strong>patrem</strong></span> <span class='ocrx_word' id='word_1_123' title='bbox 1132 1674 1288 1722; x_wconf 92' lang='lat' dir='ltr'><strong>tuum</strong></span> <span class='ocrx_word' id='word_1_124' title='bbox 1327 1674 1384 1722; x_wconf 89' lang='lat' dir='ltr'><strong>et</strong></span> <span class='ocrx_word' id='word_1_125' title='bbox 1411 1675 1666 1732; x_wconf 87' lang='lat' dir='ltr'><strong>matrem,</strong></span> <span class='ocrx_word' id='word_1_126' title='bbox 1707 1672 1768 1720; x_wconf 91' lang='lat' dir='ltr'><strong>ut</strong></span> <span class='ocrx_word' id='word_1_127' title='bbox 1804 1664 1880 1720; x_wconf 89' lang='lat' dir='ltr'><strong>sis</strong></span> 
     </span>
    </p>
   </div>
   <div class='ocr_carea' id='block_1_17' title="bbox 277 1759 1879 1834">
    <p class='ocr_par' dir='ltr' id='par_1_17' title="bbox 277 1759 1879 1834">
     <span class='ocr_line' id='line_1_17' title="bbox 277 1759 1879 1834; baseline -0.001 -19"><span class='ocrx_word' id='word_1_128' title='bbox 277 1759 555 1833; x_wconf 67' lang='lat' dir='ltr'><strong>longatvus</strong></span> <span class='ocrx_word' id='word_1_129' title='bbox 589 1777 751 1834; x_wconf 90' lang='lat' dir='ltr'><strong>super</strong></span> <span class='ocrx_word' id='word_1_130' title='bbox 793 1771 1015 1828; x_wconf 90' lang='lat' dir='ltr'><strong>terram,</strong></span> <span class='ocrx_word' id='word_1_131' title='bbox 1050 1776 1214 1833; x_wconf 86' lang='lat' dir='ltr'><strong>quam</strong></span> <span class='ocrx_word' id='word_1_132' title='bbox 1258 1761 1520 1816; x_wconf 92' lang='lat' dir='ltr'><strong>Dominus</strong></span> <span class='ocrx_word' id='word_1_133' title='bbox 1560 1761 1704 1816; x_wconf 91' lang='lat' dir='ltr'><strong>Deus</strong></span> <span class='ocrx_word' id='word_1_134' title='bbox 1753 1768 1879 1815; x_wconf 92' lang='lat' dir='ltr'><strong>tuus</strong></span> 
     </span>
    </p>
   </div>
   <div class='ocr_carea' id='block_1_18' title="bbox 276 1850 1659 1926">
    <p class='ocr_par' dir='ltr' id='par_1_18' title="bbox 276 1850 1659 1926">
     <span class='ocr_line' id='line_1_18' title="bbox 276 1850 1659 1926; baseline 0 -19"><span class='ocrx_word' id='word_1_135' title='bbox 276 1852 507 1909; x_wconf 89' lang='lat' dir='ltr'><strong>daturus</strong></span> <span class='ocrx_word' id='word_1_136' title='bbox 536 1866 622 1913; x_wconf 89' lang='lat' dir='ltr'><strong>est</strong></span> <span class='ocrx_word' id='word_1_137' title='bbox 645 1854 745 1910; x_wconf 89' lang='lat' dir='ltr'><strong>tibi</strong></span> <span class='ocrx_word' id='word_1_138' title='bbox 779 1853 977 1926; x_wconf 71' lang='lat' dir='ltr'><strong>(Exod.</strong></span> <span class='ocrx_word' id='word_1_139' title='bbox 1007 1853 1124 1926; x_wconf 83' lang='lat' dir='ltr'><strong>xx).</strong></span> <span class='ocrx_word' id='word_1_140' title='bbox 1161 1873 1178 1906; x_wconf 69' lang='grc' dir='ltr'><strong>ι</strong></span> <span class='ocrx_word' id='word_1_141' title='bbox 1211 1850 1364 1908; x_wconf 84' lang='lat' dir='ltr'><strong>Unde</strong></span> <span class='ocrx_word' id='word_1_142' title='bbox 1393 1853 1659 1925; x_wconf 88' lang='lat' dir='ltr'><strong>sequitur.</strong></span> 
     </span>
    </p>
   </div>
   <div class='ocr_carea' id='block_1_19' title="bbox 356 1963 1879 2038">
    <p class='ocr_par' dir='ltr' id='par_1_19' title="bbox 356 1963 1879 2038">
     <span class='ocr_line' id='line_1_19' title="bbox 356 1963 1879 2038; baseline 0.004 -22"><span class='ocrx_word' id='word_1_143' title='bbox 356 1963 555 2020; x_wconf 73' lang='lat' dir='ltr'><strong>r-Deus</strong></span> <span class='ocrx_word' id='word_1_144' title='bbox 593 1966 740 2020; x_wconf 91' lang='lat' dir='ltr'><strong>enim</strong></span> <span class='ocrx_word' id='word_1_145' title='bbox 769 1967 1057 2022; x_wconf 80' lang='lat' dir='ltr'><strong>honoravit</strong></span> <span class='ocrx_word' id='word_1_146' title='bbox 1101 1974 1312 2038; x_wconf 89' lang='lat' dir='ltr'><strong>patrem</strong></span> <span class='ocrx_word' id='word_1_147' title='bbox 1342 1967 1398 2022; x_wconf 88' lang='lat' dir='ltr'><strong>in</strong></span> <span class='ocrx_word' id='word_1_148' title='bbox 1435 1965 1591 2033; x_wconf 84' lang='lat' dir='ltr'><strong>ﬁliis;</strong></span> <span class='ocrx_word' id='word_1_149' title='bbox 1640 1974 1695 2022; x_wconf 91' lang='lat' dir='ltr'><strong>et</strong></span> <span class='ocrx_word' id='word_1_150' title='bbox 1732 1965 1879 2036; x_wconf 86' lang='lat' dir='ltr'><strong>judi-</strong></span> 
     </span>
    </p>
   </div>
   <div class='ocr_carea' id='block_1_20' title="bbox 283 2057 1954 2132">
    <p class='ocr_par' dir='ltr' id='par_1_20' title="bbox 283 2057 1954 2132">
     <span class='ocr_line' id='line_1_20' title="bbox 283 2057 1954 2132; baseline 0.004 -22"><span class='ocrx_word' id='word_1_151' title='bbox 283 2075 302 2109; x_wconf 82' lang='grc'><strong><em>‹</em></strong></span> <span class='ocrx_word' id='word_1_152' title='bbox 341 2057 485 2112; x_wconf 92' lang='lat' dir='ltr'><strong>cium</strong></span> <span class='ocrx_word' id='word_1_153' title='bbox 508 2058 697 2114; x_wconf 88' lang='lat' dir='ltr'><strong>matris</strong></span> <span class='ocrx_word' id='word_1_154' title='bbox 724 2059 975 2129; x_wconf 85' lang='lat' dir='ltr'><strong>exquiret</strong></span> <span class='ocrx_word' id='word_1_155' title='bbox 1001 2059 1056 2114; x_wconf 91' lang='lat' dir='ltr'><strong>in</strong></span> <span class='ocrx_word' id='word_1_156' title='bbox 1075 2059 1235 2116; x_wconf 87' lang='lat' dir='ltr'><strong>ﬁlios.</strong></span> <span class='ocrx_word' id='word_1_157' title='bbox 1267 2080 1286 2113; x_wconf 83' lang='grc'><strong>›</strong></span> <span class='ocrx_word' id='word_1_158' title='bbox 1317 2058 1416 2115; x_wconf 88' lang='lat' dir='ltr'><strong>Cui</strong></span> <span class='ocrx_word' id='word_1_159' title='bbox 1443 2057 1586 2132; x_wconf 77' lang='lat' dir='ltr'><strong>&#39;ergo</strong></span> <span class='ocrx_word' id='word_1_160' title='bbox 1612 2059 1756 2116; x_wconf 90' lang='lat' dir='ltr'><strong>Deus</strong></span> <span class='ocrx_word' id='word_1_161' title='bbox 1786 2060 1879 2116; x_wconf 90' lang='lat' dir='ltr'><strong>bo-</strong></span> <span class='ocrx_word' id='word_1_162' title='bbox 1946 2094 1954 2104; x_wconf 69' lang='grc' dir='ltr'><em>υ</em></span> 
     </span>
    </p>
   </div>
   <div class='ocr_carea' id='block_1_21' title="bbox 275 2149 1876 2224">
    <p class='ocr_par' dir='ltr' id='par_1_21' title="bbox 275 2149 1876 2224">
     <span class='ocr_line' id='line_1_21' title="bbox 275 2149 1876 2224; baseline 0.001 -20"><span class='ocrx_word' id='word_1_163' title='bbox 275 2163 466 2205; x_wconf 89' lang='lat' dir='ltr'><strong>norem</strong></span> <span class='ocrx_word' id='word_1_164' title='bbox 497 2149 553 2205; x_wconf 91' lang='lat' dir='ltr'><strong>in</strong></span> <span class='ocrx_word' id='word_1_165' title='bbox 595 2151 853 2224; x_wconf 83' lang='lat' dir='ltr'><strong>progenie</strong></span> <span class='ocrx_word' id='word_1_166' title='bbox 897 2166 996 2206; x_wconf 91' lang='lat' dir='ltr'><strong>sua</strong></span> <span class='ocrx_word' id='word_1_167' title='bbox 1025 2150 1329 2216; x_wconf 86' lang='lat' dir='ltr'><strong>constituit,</strong></span> <span class='ocrx_word' id='word_1_168' title='bbox 1372 2165 1480 2206; x_wconf 92' lang='lat' dir='ltr'><strong>non</strong></span> <span class='ocrx_word' id='word_1_169' title='bbox 1507 2158 1591 2206; x_wconf 88' lang='lat' dir='ltr'><strong>est</strong></span> <span class='ocrx_word' id='word_1_170' title='bbox 1616 2149 1724 2216; x_wconf 90' lang='lat' dir='ltr'><strong>fas,</strong></span> <span class='ocrx_word' id='word_1_171' title='bbox 1756 2158 1815 2205; x_wconf 92' lang='lat' dir='ltr'><strong>ut</strong></span> <span class='ocrx_word' id='word_1_172' title='bbox 1844 2166 1876 2205; x_wconf 91' lang='lat' dir='ltr'><strong>a</strong></span> 
     </span>
    </p>
   </div>
   <div class='ocr_carea' id='block_1_22' title="bbox 276 2239 1878 2313">
    <p class='ocr_par' dir='ltr' id='par_1_22' title="bbox 276 2239 1878 2313">
     <span class='ocr_line' id='line_1_22' title="bbox 276 2239 1878 2313; baseline 0.003 -20"><span class='ocrx_word' id='word_1_173' title='bbox 276 2239 404 2295; x_wconf 92' lang='lat' dir='ltr'><strong>ﬁliis</strong></span> <span class='ocrx_word' id='word_1_174' title='bbox 435 2241 548 2297; x_wconf 89' lang='lat' dir='ltr'><strong>suis</strong></span> <span class='ocrx_word' id='word_1_175' title='bbox 575 2242 952 2308; x_wconf 87' lang='lat' dir='ltr'><strong>inhonoretur,</strong></span> <span class='ocrx_word' id='word_1_176' title='bbox 979 2243 1114 2313; x_wconf 80' lang='lat' dir='ltr'><strong>quia’</strong></span> <span class='ocrx_word' id='word_1_177' title='bbox 1133 2241 1394 2300; x_wconf 90' lang='lat' dir='ltr'><strong>Dominus</strong></span> <span class='ocrx_word' id='word_1_178' title='bbox 1432 2259 1531 2299; x_wconf 92' lang='lat' dir='ltr'><strong>suo</strong></span> <span class='ocrx_word' id='word_1_179' title='bbox 1551 2241 1758 2312; x_wconf 90' lang='lat' dir='ltr'><strong>judicio</strong></span> <span class='ocrx_word' id='word_1_180' title='bbox 1783 2257 1878 2299; x_wconf 87' lang='lat' dir='ltr'><strong>ex-</strong></span> 
     </span>
    </p>
   </div>
   <div class='ocr_carea' id='block_1_23' title="bbox 274 2333 1875 2407">
    <p class='ocr_par' dir='ltr' id='par_1_23' title="bbox 274 2333 1875 2407">
     <span class='ocr_line' id='line_1_23' title="bbox 274 2333 1875 2407; baseline 0.004 -21"><span class='ocrx_word' id='word_1_181' title='bbox 274 2333 475 2402; x_wconf 89' lang='lat' dir='ltr'><strong>quiret,</strong></span> <span class='ocrx_word' id='word_1_182' title='bbox 523 2334 757 2405; x_wconf 86' lang='lat' dir='ltr'><strong>qualiter</strong></span> <span class='ocrx_word' id='word_1_183' title='bbox 812 2334 930 2404; x_wconf 88' lang='lat' dir='ltr'><strong>ejus</strong></span> <span class='ocrx_word' id='word_1_184' title='bbox 980 2344 1314 2407; x_wconf 87' lang='lat' dir='ltr'><strong>praeceptum</strong></span> <span class='ocrx_word' id='word_1_185' title='bbox 1360 2344 1607 2392; x_wconf 84' lang='lat' dir='ltr'><strong>servetur</strong></span> <span class='ocrx_word' id='word_1_186' title='bbox 1654 2350 1668 2390; x_wconf 90' lang='lat'><strong>:</strong></span> <span class='ocrx_word' id='word_1_187' title='bbox 1724 2334 1875 2404; x_wconf 86' lang='lat' dir='ltr'><strong>cujus</strong></span> 
     </span>
    </p>
   </div>
   <div class='ocr_carea' id='block_1_24' title="bbox 277 2428 1783 2499">
    <p class='ocr_par' dir='ltr' id='par_1_24' title="bbox 277 2428 1783 2499">
     <span class='ocr_line' id='line_1_24' title="bbox 277 2428 1783 2499; baseline 0.001 -19"><span class='ocrx_word' id='word_1_188' title='bbox 277 2431 556 2482; x_wconf 89' lang='lat' dir='ltr'><strong>secutores</strong></span> <span class='ocrx_word' id='word_1_189' title='bbox 584 2434 936 2494; x_wconf 89' lang='lat' dir='ltr'><strong>coronantur,</strong></span> <span class='ocrx_word' id='word_1_190' title='bbox 965 2436 1022 2483; x_wconf 91' lang='lat' dir='ltr'><strong>et</strong></span> <span class='ocrx_word' id='word_1_191' title='bbox 1043 2437 1445 2499; x_wconf 89' lang='lat' dir='ltr'><strong>contemptores</strong></span> <span class='ocrx_word' id='word_1_192' title='bbox 1474 2428 1783 2498; x_wconf 85' lang='lat' dir='ltr'><strong>punientur.</strong></span> 
     </span>
    </p>
   </div>
   <div class='ocr_carea' id='block_1_25' title="bbox 353 2517 1875 2592">
    <p class='ocr_par' dir='ltr' id='par_1_25' title="bbox 353 2517 1875 2592">
     <span class='ocr_line' id='line_1_25' title="bbox 353 2517 1875 2592; baseline 0.005 -21"><span class='ocrx_word' id='word_1_193' title='bbox 353 2538 372 2570; x_wconf 75' lang='grc' dir='ltr'><strong>ι</strong></span> <span class='ocrx_word' id='word_1_194' title='bbox 403 2517 506 2586; x_wconf 85' lang='lat' dir='ltr'><strong>Qui</strong></span> <span class='ocrx_word' id='word_1_195' title='bbox 536 2518 710 2592; x_wconf 79' lang='lat' dir='ltr'><strong>diligit</strong></span> <span class='ocrx_word' id='word_1_196' title='bbox 751 2519 942 2588; x_wconf 91' lang='lat' dir='ltr'><strong>Deum,</strong></span> <span class='ocrx_word' id='word_1_197' title='bbox 973 2521 1221 2577; x_wconf 82' lang='lat' dir='ltr'><strong>exorabit</strong></span> <span class='ocrx_word' id='word_1_198' title='bbox 1243 2537 1343 2592; x_wconf 90' lang='lat' dir='ltr'><strong>pro</strong></span> <span class='ocrx_word' id='word_1_199' title='bbox 1377 2523 1635 2591; x_wconf 89' lang='lat' dir='ltr'><strong>peccatis,</strong></span> <span class='ocrx_word' id='word_1_200' title='bbox 1661 2530 1718 2578; x_wconf 91' lang='lat' dir='ltr'><strong>et</strong></span> <span class='ocrx_word' id='word_1_201' title='bbox 1746 2537 1875 2578; x_wconf 89' lang='lat' dir='ltr'><strong>con-</strong></span> 
     </span>
    </p>
   </div>
   <div class='ocr_carea' id='block_1_26' title="bbox 280 2608 1869 2678">
    <p class='ocr_par' dir='ltr' id='par_1_26' title="bbox 280 2608 1869 2678">
     <span class='ocr_line' id='line_1_26' title="bbox 280 2608 1869 2678; baseline 0.005 -18"><span class='ocrx_word' id='word_1_202' title='bbox 280 2626 299 2660; x_wconf 72' lang='lat' dir='ltr'><strong>c</strong></span> <span class='ocrx_word' id='word_1_203' title='bbox 335 2608 527 2665; x_wconf 89' lang='lat' dir='ltr'><strong>tinebit</strong></span> <span class='ocrx_word' id='word_1_204' title='bbox 549 2625 609 2666; x_wconf 92' lang='lat' dir='ltr'><strong>se</strong></span> <span class='ocrx_word' id='word_1_205' title='bbox 633 2611 702 2666; x_wconf 90' lang='lat' dir='ltr'><strong>ab</strong></span> <span class='ocrx_word' id='word_1_206' title='bbox 727 2611 853 2678; x_wconf 92' lang='lat' dir='ltr'><strong>illis,</strong></span> <span class='ocrx_word' id='word_1_207' title='bbox 874 2613 933 2667; x_wconf 90' lang='lat' dir='ltr'><strong>in</strong></span> <span class='ocrx_word' id='word_1_208' title='bbox 959 2613 1207 2670; x_wconf 87' lang='lat' dir='ltr'><strong>oratione</strong></span> <span class='ocrx_word' id='word_1_209' title='bbox 1239 2614 1449 2669; x_wconf 91' lang='lat' dir='ltr'><strong>dierum</strong></span> <span class='ocrx_word' id='word_1_210' title='bbox 1479 2614 1815 2670; x_wconf 88' lang='lat' dir='ltr'><strong>exaudietur.</strong></span> <span class='ocrx_word' id='word_1_211' title='bbox 1850 2635 1869 2668; x_wconf 85' lang='grc'><strong>›</strong></span> 
     </span>
    </p>
   </div>
   <div class='ocr_carea' id='block_1_27' title="bbox 272 2696 1875 2777">
    <p class='ocr_par' dir='ltr' id='par_1_27' title="bbox 272 2696 1875 2777">
     <span class='ocr_line' id='line_1_27' title="bbox 272 2696 1875 2777; baseline 0.006 -27"><span class='ocrx_word' id='word_1_212' title='bbox 272 2696 371 2751; x_wconf 90' lang='lat' dir='ltr'><strong>Ille</strong></span> <span class='ocrx_word' id='word_1_213' title='bbox 399 2701 596 2770; x_wconf 86' lang='lat' dir='ltr'><strong>quippe</strong></span> <span class='ocrx_word' id='word_1_214' title='bbox 631 2722 650 2753; x_wconf 89' lang='grc'><em>‹</em></span> <span class='ocrx_word' id='word_1_215' title='bbox 684 2704 778 2773; x_wconf 88' lang='lat' dir='ltr'><strong>qui</strong></span> <span class='ocrx_word' id='word_1_216' title='bbox 805 2703 981 2775; x_wconf 78' lang='lat' dir='ltr'><strong>diligit</strong></span> <span class='ocrx_word' id='word_1_217' title='bbox 1009 2704 1203 2771; x_wconf 90' lang='lat' dir='ltr'><strong>Deum,</strong></span> <span class='ocrx_word' id='word_1_218' title='bbox 1251 2725 1269 2756; x_wconf 76' lang='grc' dir='ltr'><strong>ι</strong></span> <span class='ocrx_word' id='word_1_219' title='bbox 1304 2713 1366 2760; x_wconf 91' lang='lat' dir='ltr'><strong>ut</strong></span> <span class='ocrx_word' id='word_1_220' title='bbox 1397 2705 1513 2776; x_wconf 88' lang='lat' dir='ltr'><strong>ipse</strong></span> <span class='ocrx_word' id='word_1_221' title='bbox 1550 2705 1607 2760; x_wconf 92' lang='lat' dir='ltr'><strong>in</strong></span> <span class='ocrx_word' id='word_1_222' title='bbox 1633 2705 1875 2777; x_wconf 81' lang='lat' dir='ltr'><strong>Evange-</strong></span> 
     </span>
    </p>
   </div>
   <div class='ocr_carea' id='block_1_28' title="bbox 275 2783 1875 2868">
    <p class='ocr_par' dir='ltr' id='par_1_28' title="bbox 275 2783 1875 2868">
     <span class='ocr_line' id='line_1_28' title="bbox 275 2783 1875 2868; baseline 0.007 -28"><span class='ocrx_word' id='word_1_223' title='bbox 275 2783 348 2841; x_wconf 89' lang='lat' dir='ltr'><strong>lio</strong></span> <span class='ocrx_word' id='word_1_224' title='bbox 382 2795 629 2856; x_wconf 89' lang='lat' dir='ltr'><strong>testatur,</strong></span> <span class='ocrx_word' id='word_1_225' title='bbox 668 2809 686 2842; x_wconf 88' lang='grc'>‹</span> <span class='ocrx_word' id='word_1_226' title='bbox 725 2793 982 2848; x_wconf 90' lang='lat' dir='ltr'><strong>mandata</strong></span> <span class='ocrx_word' id='word_1_227' title='bbox 1030 2793 1147 2864; x_wconf 88' lang='lat' dir='ltr'><strong>ejus</strong></span> <span class='ocrx_word' id='word_1_228' title='bbox 1193 2802 1372 2850; x_wconf 85' lang='lat' dir='ltr'><strong>servat</strong></span> <span class='ocrx_word' id='word_1_229' title='bbox 1418 2795 1600 2868; x_wconf 81' lang='lat' dir='ltr'><strong>(Joan.</strong></span> <span class='ocrx_word' id='word_1_230' title='bbox 1644 2796 1780 2868; x_wconf 77' lang='lat' dir='ltr'><strong>xw),</strong></span> <span class='ocrx_word' id='word_1_231' title='bbox 1819 2808 1875 2852; x_wconf 89' lang='lat' dir='ltr'><strong>et</strong></span> 
     </span>
    </p>
   </div>
   <div class='ocr_carea' id='block_1_29' title="bbox 275 2883 1876 2963">
    <p class='ocr_par' dir='ltr' id='par_1_29' title="bbox 275 2883 1876 2963">
     <span class='ocr_line' id='line_1_29' title="bbox 275 2883 1876 2963; baseline 0.006 -25"><span class='ocrx_word' id='word_1_232' title='bbox 275 2883 516 2940; x_wconf 90' lang='lat' dir='ltr'><strong>continet</strong></span> <span class='ocrx_word' id='word_1_233' title='bbox 543 2901 602 2940; x_wconf 92' lang='lat' dir='ltr'><strong>se</strong></span> <span class='ocrx_word' id='word_1_234' title='bbox 631 2901 662 2939; x_wconf 88' lang='lat' dir='ltr'><strong>a</strong></span> <span class='ocrx_word' id='word_1_235' title='bbox 693 2888 951 2957; x_wconf 88' lang='lat' dir='ltr'><strong>peccatis,</strong></span> <span class='ocrx_word' id='word_1_236' title='bbox 987 2897 1248 2958; x_wconf 91' lang='lat' dir='ltr'><strong>quantum</strong></span> <span class='ocrx_word' id='word_1_237' title='bbox 1292 2890 1542 2946; x_wconf 85' lang='lat' dir='ltr'><strong>humanae</strong></span> <span class='ocrx_word' id='word_1_238' title='bbox 1567 2891 1876 2963; x_wconf 77' lang='lat' dir='ltr'><strong>fragilitatis</strong></span> 
     </span>
    </p>
   </div>
   <div class='ocr_carea' id='block_1_30' title="bbox 272 2976 1874 3052">
    <p class='ocr_par' dir='ltr' id='par_1_30' title="bbox 272 2976 1874 3052">
     <span class='ocr_line' id='line_1_30' title="bbox 272 2976 1874 3052; baseline 0.007 -22"><span class='ocrx_word' id='word_1_239' title='bbox 272 2976 605 3045; x_wconf 89' lang='lat' dir='ltr'><strong>possibilitas</strong></span> <span class='ocrx_word' id='word_1_240' title='bbox 652 2980 802 3048; x_wconf 86' lang='lat' dir='ltr'><strong>sinit,</strong></span> <span class='ocrx_word' id='word_1_241' title='bbox 831 2990 886 3036; x_wconf 91' lang='lat' dir='ltr'><strong>et</strong></span> <span class='ocrx_word' id='word_1_242' title='bbox 913 2989 1097 3038; x_wconf 88' lang='lat' dir='ltr'><strong>tamen</strong></span> <span class='ocrx_word' id='word_1_243' title='bbox 1130 2998 1229 3052; x_wconf 90' lang='lat' dir='ltr'><strong>pro</strong></span> <span class='ocrx_word' id='word_1_244' title='bbox 1265 2985 1578 3041; x_wconf 84' lang='lat' dir='ltr'><strong>excessibus</strong></span> <span class='ocrx_word' id='word_1_245' title='bbox 1621 2986 1753 3050; x_wconf 78' lang='lat' dir='ltr'><strong>suis.</strong></span> <span class='ocrx_word' id='word_1_246' title='bbox 1766 3002 1874 3044; x_wconf 92' lang='lat' dir='ltr'><strong>non</strong></span> 
     </span>
    </p>
   </div>
   <div class='ocr_carea' id='block_1_31' title="bbox 272 3064 1876 3148">
    <p class='ocr_par' dir='ltr' id='par_1_31' title="bbox 272 3064 1876 3148">
     <span class='ocr_line' id='line_1_31' title="bbox 272 3064 1876 3148; baseline 0.009 -29"><span class='ocrx_word' id='word_1_247' title='bbox 272 3064 474 3122; x_wconf 90' lang='lat' dir='ltr'><strong>desinit</strong></span> <span class='ocrx_word' id='word_1_248' title='bbox 515 3071 755 3139; x_wconf 89' lang='lat' dir='ltr'><strong>quotidie</strong></span> <span class='ocrx_word' id='word_1_249' title='bbox 797 3088 973 3139; x_wconf 90' lang='lat' dir='ltr'><strong>orare,</strong></span> <span class='ocrx_word' id='word_1_250' title='bbox 1007 3075 1135 3146; x_wconf 89' lang='lat' dir='ltr'><strong>quia</strong></span> <span class='ocrx_word' id='word_1_251' title='bbox 1167 3077 1273 3132; x_wconf 90' lang='lat' dir='ltr'><strong>scit</strong></span> <span class='ocrx_word' id='word_1_252' title='bbox 1307 3077 1717 3134; x_wconf 86' lang='lat' dir='ltr'><strong>misericordem</strong></span> <span class='ocrx_word' id='word_1_253' title='bbox 1731 3077 1876 3148; x_wconf 88' lang='lat' dir='ltr'><strong>judi-</strong></span> 
     </span>
    </p>
   </div>
   <div class='ocr_carea' id='block_1_32' title="bbox 273 3160 1874 3241">
    <p class='ocr_par' dir='ltr' id='par_1_32' title="bbox 273 3160 1874 3241">
     <span class='ocr_line' id='line_1_32' title="bbox 273 3160 1874 3241; baseline 0.009 -30"><span class='ocrx_word' id='word_1_254' title='bbox 273 3172 393 3213; x_wconf 90' lang='lat' dir='ltr'><strong>cem</strong></span> <span class='ocrx_word' id='word_1_255' title='bbox 420 3160 538 3232; x_wconf 91' lang='lat' dir='ltr'><strong>ejus</strong></span> <span class='ocrx_word' id='word_1_256' title='bbox 565 3177 758 3232; x_wconf 87' lang='lat' dir='ltr'><strong>preces</strong></span> <span class='ocrx_word' id='word_1_257' title='bbox 786 3164 866 3221; x_wconf 92' lang='lat' dir='ltr'><strong>sic</strong></span> <span class='ocrx_word' id='word_1_258' title='bbox 889 3167 1035 3222; x_wconf 90' lang='lat' dir='ltr'><strong>omni</strong></span> <span class='ocrx_word' id='word_1_259' title='bbox 1075 3176 1320 3239; x_wconf 91' lang='lat' dir='ltr'><strong>tempore</strong></span> <span class='ocrx_word' id='word_1_260' title='bbox 1347 3170 1626 3237; x_wconf 81' lang='lat' dir='ltr'><strong>exaudire,</strong></span> <span class='ocrx_word' id='word_1_261' title='bbox 1665 3178 1723 3226; x_wconf 90' lang='lat' dir='ltr'><strong>et</strong></span> <span class='ocrx_word' id='word_1_262' title='bbox 1748 3171 1874 3241; x_wconf 83' lang='lat' dir='ltr'><strong>quia</strong></span> 
     </span>
    </p>
   </div>
   <div class='ocr_carea' id='block_1_33' title="bbox 274 3247 1875 3332">
    <p class='ocr_par' dir='ltr' id='par_1_33' title="bbox 274 3247 1875 3332">
     <span class='ocr_line' id='line_1_33' title="bbox 274 3247 1875 3332; baseline 0.009 -28"><span class='ocrx_word' id='word_1_263' title='bbox 274 3247 559 3321; x_wconf 88' lang='lat' dir='ltr'><strong>Scriptura</strong></span> <span class='ocrx_word' id='word_1_264' title='bbox 584 3261 841 3323; x_wconf 89' lang='lat' dir='ltr'><strong>testante,</strong></span> <span class='ocrx_word' id='word_1_265' title='bbox 880 3257 1056 3313; x_wconf 83' lang='lat' dir='ltr'><strong>honor</strong></span> <span class='ocrx_word' id='word_1_266' title='bbox 1095 3269 1404 3330; x_wconf 89' lang='lat' dir='ltr'><strong>parentum,</strong></span> <span class='ocrx_word' id='word_1_267' title='bbox 1442 3261 1678 3332; x_wconf 90' lang='lat' dir='ltr'><strong>primum</strong></span> <span class='ocrx_word' id='word_1_268' title='bbox 1719 3278 1875 3318; x_wconf 89' lang='lat' dir='ltr'><strong>man-</strong></span> 
     </span>
    </p>
   </div>
   <div class='ocr_carea' id='block_1_34' title="bbox 271 3339 1875 3421">
    <p class='ocr_par' dir='ltr' id='par_1_34' title="bbox 271 3339 1875 3421">
     <span class='ocr_line' id='line_1_34' title="bbox 271 3339 1875 3421; baseline 0.009 -27"><span class='ocrx_word' id='word_1_269' title='bbox 271 3339 460 3395; x_wconf 87' lang='lat' dir='ltr'><strong>datum</strong></span> <span class='ocrx_word' id='word_1_270' title='bbox 494 3350 578 3399; x_wconf 90' lang='lat' dir='ltr'><strong>est</strong></span> <span class='ocrx_word' id='word_1_271' title='bbox 606 3344 663 3398; x_wconf 92' lang='lat' dir='ltr'><strong>in</strong></span> <span class='ocrx_word' id='word_1_272' title='bbox 693 3347 1114 3416; x_wconf 88' lang='lat' dir='ltr'><strong>repromissione</strong></span> <span class='ocrx_word' id='word_1_273' title='bbox 1140 3348 1337 3421; x_wconf 75' lang='lat' dir='ltr'><strong>(Exod.</strong></span> <span class='ocrx_word' id='word_1_274' title='bbox 1369 3349 1465 3420; x_wconf 83' lang='lat' dir='ltr'><strong>xx)</strong></span> <span class='ocrx_word' id='word_1_275' title='bbox 1493 3371 1506 3406; x_wconf 86' lang='lat'>:</span> <span class='ocrx_word' id='word_1_276' title='bbox 1536 3352 1662 3408; x_wconf 92' lang='lat' dir='ltr'><strong>inde</strong></span> <span class='ocrx_word' id='word_1_277' title='bbox 1695 3353 1875 3408; x_wconf 88' lang='lat' dir='ltr'><strong>adhuc</strong></span> 
     </span>
    </p>
   </div>
   <div class='ocr_carea' id='block_1_35' title="bbox 273 3431 547 3487">
    <p class='ocr_par' dir='ltr' id='par_1_35' title="bbox 273 3431 547 3487">
     <span class='ocr_line' id='line_1_35' title="bbox 273 3431 547 3487; baseline 0.011 -3"><span class='ocrx_word' id='word_1_278' title='bbox 273 3431 547 3487; x_wconf 86' lang='lat' dir='ltr'><strong>subditur.</strong></span> 
     </span>
    </p>
   </div>
   <div class='ocr_carea' id='block_1_36' title="bbox 277 3521 1874 3606">
    <p class='ocr_par' dir='ltr' id='par_1_36' title="bbox 277 3521 1874 3606">
     <span class='ocr_line' id='line_1_36' title="bbox 277 3521 1874 3606; baseline 0.012 -33"><span class='ocrx_word' id='word_1_279' title='bbox 277 3559 289 3566; x_wconf 92' lang='lat'><strong>.</strong></span> <span class='ocrx_word' id='word_1_280' title='bbox 353 3541 372 3574; x_wconf 86' lang='grc'><em>‹</em></span> <span class='ocrx_word' id='word_1_281' title='bbox 402 3521 470 3578; x_wconf 86' lang='grc' dir='ltr'>Ει</span> <span class='ocrx_word' id='word_1_282' title='bbox 494 3523 632 3580; x_wconf 90' lang='lat' dir='ltr'><strong>sicut</strong></span> <span class='ocrx_word' id='word_1_283' title='bbox 660 3528 752 3598; x_wconf 91' lang='lat' dir='ltr'><strong>qui</strong></span> <span class='ocrx_word' id='word_1_284' title='bbox 793 3528 1145 3598; x_wconf 86' lang='lat' dir='ltr'><strong>thesaurizat,</strong></span> <span class='ocrx_word' id='word_1_285' title='bbox 1171 3533 1270 3604; x_wconf 55' lang='lat' dir='ltr'><strong>{ita</strong></span> <span class='ocrx_word' id='word_1_286' title='bbox 1296 3533 1371 3604; x_wconf 81' lang='lat' dir='ltr'><strong>(et</strong></span> <span class='ocrx_word' id='word_1_287' title='bbox 1408 3535 1500 3606; x_wconf 91' lang='lat' dir='ltr'><strong>qui</strong></span> <span class='ocrx_word' id='word_1_288' title='bbox 1549 3536 1874 3592; x_wconf 83' lang='lat' dir='ltr'><strong>honorificat</strong></span> 
     </span>
    </p>
   </div>
   <div class='ocr_carea' id='block_1_37' title="bbox 277 3623 1871 3699">
    <p class='ocr_par' dir='ltr' id='par_1_37' title="bbox 277 3623 1871 3699">
     <span class='ocr_line' id='line_1_37' title="bbox 277 3623 1871 3699; baseline 0.013 -33"><span class='ocrx_word' id='word_1_289' title='bbox 277 3633 296 3665; x_wconf 74' lang='grc' dir='ltr'><strong>ι</strong></span> <span class='ocrx_word' id='word_1_290' title='bbox 335 3625 568 3672; x_wconf 91' lang='lat' dir='ltr'><strong>matrem</strong></span> <span class='ocrx_word' id='word_1_291' title='bbox 597 3636 769 3676; x_wconf 91' lang='lat' dir='ltr'><strong>suam.</strong></span> <span class='ocrx_word' id='word_1_292' title='bbox 809 3641 828 3673; x_wconf 78' lang='grc' dir='ltr'><strong>ι</strong></span> <span class='ocrx_word' id='word_1_293' title='bbox 863 3623 1010 3681; x_wconf 83' lang='lat' dir='ltr'><strong>Bene</strong></span> <span class='ocrx_word' id='word_1_294' title='bbox 1041 3627 1378 3683; x_wconf 89' lang='lat' dir='ltr'><strong>thesaurizat</strong></span> <span class='ocrx_word' id='word_1_295' title='bbox 1417 3628 1510 3699; x_wconf 89' lang='lat' dir='ltr'><strong>qui</strong></span> <span class='ocrx_word' id='word_1_296' title='bbox 1549 3628 1871 3686; x_wconf 86' lang='lat' dir='ltr'><strong>bonoriﬁcat</strong></span> 
     </span>
    </p>
   </div>
   <div class='ocr_carea' id='block_1_38' title="bbox 269 3713 1867 3786">
    <p class='ocr_par' dir='ltr' id='par_1_38' title="bbox 269 3713 1867 3786">
     <span class='ocr_line' id='line_1_38' title="bbox 269 3713 1867 3786; baseline 0.01 -25"><span class='ocrx_word' id='word_1_297' title='bbox 269 3717 506 3764; x_wconf 88' lang='lat' dir='ltr'><strong>matrem</strong></span> <span class='ocrx_word' id='word_1_298' title='bbox 533 3725 708 3779; x_wconf 89' lang='lat' dir='ltr'><strong>suam,</strong></span> <span class='ocrx_word' id='word_1_299' title='bbox 740 3713 868 3784; x_wconf 90' lang='lat' dir='ltr'><strong>quia</strong></span> <span class='ocrx_word' id='word_1_300' title='bbox 907 3731 1006 3786; x_wconf 94' lang='lat' dir='ltr'><strong>pro</strong></span> <span class='ocrx_word' id='word_1_301' title='bbox 1053 3719 1296 3774; x_wconf 89' lang='lat' dir='ltr'><strong>custodia</strong></span> <span class='ocrx_word' id='word_1_302' title='bbox 1337 3720 1715 3775; x_wconf 83' lang='lat' dir='ltr'><strong>mandatorum</strong></span> <span class='ocrx_word' id='word_1_303' title='bbox 1750 3722 1867 3785; x_wconf 90' lang='lat' dir='ltr'><strong>Dei,</strong></span> 
     </span>
    </p>
   </div>
   <div class='ocr_carea' id='block_1_39' title="bbox 269 3800 1871 3883">
    <p class='ocr_par' dir='ltr' id='par_1_39' title="bbox 269 3800 1871 3883">
     <span class='ocr_line' id='line_1_39' title="bbox 269 3800 1871 3883; baseline 0.008 -29"><span class='ocrx_word' id='word_1_304' title='bbox 269 3800 364 3871; x_wconf 86' lang='lat' dir='ltr'><strong>qui</strong></span> <span class='ocrx_word' id='word_1_305' title='bbox 407 3800 569 3870; x_wconf 86' lang='lat' dir='ltr'><strong>jussit</strong></span> <span class='ocrx_word' id='word_1_306' title='bbox 606 3804 876 3863; x_wconf 91' lang='lat' dir='ltr'><strong>honorare</strong></span> <span class='ocrx_word' id='word_1_307' title='bbox 916 3819 1192 3880; x_wconf 90' lang='lat' dir='ltr'><strong>parentes,</strong></span> <span class='ocrx_word' id='word_1_308' title='bbox 1233 3812 1458 3883; x_wconf 69' lang='lat' dir='ltr'><strong>prtemia</strong></span> <span class='ocrx_word' id='word_1_309' title='bbox 1495 3819 1712 3869; x_wconf 64' lang='lat' dir='ltr'><strong>aeternae</strong></span> <span class='ocrx_word' id='word_1_310' title='bbox 1746 3812 1871 3867; x_wconf 72' lang='lat' dir='ltr'><strong>vitae</strong></span> 
     </span>
    </p>
   </div>
   <div class='ocr_carea' id='block_1_40' title="bbox 268 3895 552 3966">
    <p class='ocr_par' dir='ltr' id='par_1_40' title="bbox 268 3895 552 3966">
     <span class='ocr_line' id='line_1_40' title="bbox 268 3895 552 3966; baseline 0.014 -18"><span class='ocrx_word' id='word_1_311' title='bbox 268 3895 552 3966; x_wconf 83' lang='lat' dir='ltr'><strong>percipiet.</strong></span> 
     </span>
    </p>
   </div>
   <div class='ocr_carea' id='block_1_41' title="bbox 900 4015 1236 4076">
    <p class='ocr_par' dir='ltr' id='par_1_41' title="bbox 900 4015 1236 4076">
     <span class='ocr_line' id='line_1_41' title="bbox 900 4015 1236 4076; baseline 0.012 -5"><span class='ocrx_word' id='word_1_312' title='bbox 900 4015 1129 4076; x_wconf 88' lang='lat' dir='ltr'><strong>CAPUT</strong></span> <span class='ocrx_word' id='word_1_313' title='bbox 1168 4020 1236 4075; x_wconf 82' lang='grc' dir='ltr'><strong>Χ.</strong></span> 
     </span>
    </p>
   </div>
   <div class='ocr_carea' id='block_1_42' title="bbox 269 4124 1868 4272">
    <p class='ocr_par' dir='ltr' id='par_1_42' title="bbox 269 4124 1868 4272">
     <span class='ocr_line' id='line_1_42' title="bbox 269 4124 1868 4272; baseline 0.006 -91"><span class='ocrx_word' id='word_1_314' title='bbox 269 4124 626 4185; x_wconf 68' lang='lat' dir='ltr'><strong>Honorando:</strong></span> <span class='ocrx_word' id='word_1_315' title='bbox 645 4137 954 4272; x_wconf 61' lang='lat' dir='ltr'><strong>parentesﬁal</strong></span> <span class='ocrx_word' id='word_1_316' title='bbox 963 4203 974 4214; x_wconf 37' lang='grc' dir='ltr'><strong><em>ο</em></strong></span> <span class='ocrx_word' id='word_1_317' title='bbox 984 4131 1134 4214; x_wconf 76' lang='lat' dir='ltr'><strong>ﬁliis,</strong></span> <span class='ocrx_word' id='word_1_318' title='bbox 1167 4142 1223 4258; x_wconf 49' lang='lat' dir='ltr'><strong>uti</strong></span> <span class='ocrx_word' id='word_1_319' title='bbox 1263 4134 1550 4191; x_wconf 80' lang='lat' dir='ltr'><strong>benedictio</strong></span> <span class='ocrx_word' id='word_1_320' title='bbox 1589 4144 1868 4207; x_wconf 77' lang='lat' dir='ltr'><strong>parentant</strong></span> 
     </span>
     <span class='ocr_line' id='line_1_43' title="bbox 958 4219 1236 4272; baseline 0.004 -15"><span class='ocrx_word' id='word_1_321' title='bbox 958 4220 1022 4257; x_wconf 80' lang='lat' dir='ltr'><strong>us</strong></span> <span class='ocrx_word' id='word_1_322' title='bbox 1048 4219 1192 4272; x_wconf 76' lang='lat' dir='ltr'><strong>prosi</strong></span> <span class='ocrx_word' id='word_1_323' title='bbox 1220 4243 1236 4258; x_wconf 93' lang='lat'><strong>.</strong></span> 
     </span>
    </p>
   </div>
   <div class='ocr_carea' id='block_1_43' title="bbox 958 4219 1236 4274">
    <p class='ocr_par' dir='ltr' id='par_1_43' title="bbox 958 4219 1236 4274">
     <span class='ocr_line' id='line_1_44' title="bbox 958 4219 1236 4274; baseline 0.004 -17"><span class='ocrx_word' id='word_1_324' title='bbox 958 4220 1022 4257; x_wconf 79' lang='lat' dir='ltr'><strong>us</strong></span> <span class='ocrx_word' id='word_1_325' title='bbox 1048 4219 1236 4274; x_wconf 77' lang='lat' dir='ltr'><strong>prosit.</strong></span> 
     </span>
    </p>
   </div>
   <div class='ocr_carea' id='block_1_44' title="bbox 347 4333 1866 4412">
    <p class='ocr_par' dir='ltr' id='par_1_44' title="bbox 347 4333 1866 4412">
     <span class='ocr_line' id='line_1_45' title="bbox 347 4333 1866 4412; baseline 0.009 -28"><span class='ocrx_word' id='word_1_326' title='bbox 347 4351 367 4384; x_wconf 73' lang='grc' dir='ltr'><strong>ι</strong></span> <span class='ocrx_word' id='word_1_327' title='bbox 402 4333 506 4400; x_wconf 88' lang='lat' dir='ltr'><strong>Qui</strong></span> <span class='ocrx_word' id='word_1_328' title='bbox 530 4336 763 4393; x_wconf 86' lang='lat' dir='ltr'><strong>honorat</strong></span> <span class='ocrx_word' id='word_1_329' title='bbox 807 4345 1017 4409; x_wconf 90' lang='lat' dir='ltr'><strong>patrem</strong></span> <span class='ocrx_word' id='word_1_330' title='bbox 1045 4339 1432 4408; x_wconf 88' lang='lat' dir='ltr'><strong>jucundabitur</strong></span> <span class='ocrx_word' id='word_1_331' title='bbox 1461 4344 1518 4399; x_wconf 92' lang='lat' dir='ltr'><strong>in</strong></span> <span class='ocrx_word' id='word_1_332' title='bbox 1557 4345 1702 4412; x_wconf 90' lang='lat' dir='ltr'><strong>ﬁliis,</strong></span> <span class='ocrx_word' id='word_1_333' title='bbox 1730 4353 1785 4400; x_wconf 91' lang='lat' dir='ltr'><strong>et</strong></span> <span class='ocrx_word' id='word_1_334' title='bbox 1811 4344 1866 4398; x_wconf 92' lang='lat' dir='ltr'><strong>in</strong></span> 
     </span>
    </p>
   </div>
   <div class='ocr_carea' id='block_1_45' title="bbox 275 4425 1867 4492">
    <p class='ocr_par' dir='ltr' id='par_1_45' title="bbox 275 4425 1867 4492">
     <span class='ocr_line' id='line_1_46' title="bbox 275 4425 1867 4492; baseline 0.009 -14"><span class='ocrx_word' id='word_1_335' title='bbox 275 4444 295 4476; x_wconf 74' lang='grc' dir='ltr'><strong>ι</strong></span> <span class='ocrx_word' id='word_1_336' title='bbox 329 4425 416 4480; x_wconf 91' lang='lat' dir='ltr'><strong>die</strong></span> <span class='ocrx_word' id='word_1_337' title='bbox 439 4425 702 4481; x_wconf 87' lang='lat' dir='ltr'><strong>orationis</strong></span> <span class='ocrx_word' id='word_1_338' title='bbox 721 4427 842 4481; x_wconf 65' lang='lat' dir='ltr'><strong>suae</strong></span> <span class='ocrx_word' id='word_1_339' title='bbox 867 4431 1205 4488; x_wconf 81' lang='lat' dir='ltr'><strong>exaudietur.</strong></span> <span class='ocrx_word' id='word_1_340' title='bbox 1247 4453 1265 4485; x_wconf 87' lang='grc'><strong>›</strong></span> <span class='ocrx_word' id='word_1_341' title='bbox 1293 4433 1460 4490; x_wconf 92' lang='lat' dir='ltr'><strong>Filios</strong></span> <span class='ocrx_word' id='word_1_342' title='bbox 1485 4435 1572 4491; x_wconf 90' lang='lat' dir='ltr'><strong>hic</strong></span> <span class='ocrx_word' id='word_1_343' title='bbox 1598 4435 1683 4492; x_wconf 85' lang='lat' dir='ltr'><strong>vel</strong></span> <span class='ocrx_word' id='word_1_344' title='bbox 1707 4435 1867 4492; x_wconf 89' lang='lat' dir='ltr'><strong>sobo-</strong></span> 
     </span>
    </p>
   </div>
   <div class='ocr_carea' id='block_1_46' title="bbox 267 4519 1866 4592">
    <p class='ocr_par' dir='ltr' id='par_1_46' title="bbox 267 4519 1866 4592">
     <span class='ocr_line' id='line_1_47' title="bbox 267 4519 1866 4592; baseline 0.001 -19"><span class='ocrx_word' id='word_1_345' title='bbox 267 4519 374 4574; x_wconf 89' lang='lat' dir='ltr'><strong>lem</strong></span> <span class='ocrx_word' id='word_1_346' title='bbox 405 4519 696 4592; x_wconf 87' lang='lat' dir='ltr'><strong>discipulos</strong></span> <span class='ocrx_word' id='word_1_347' title='bbox 739 4519 993 4591; x_wconf 87' lang='lat' dir='ltr'><strong>appellat,</strong></span> <span class='ocrx_word' id='word_1_348' title='bbox 1023 4520 1076 4575; x_wconf 91' lang='lat' dir='ltr'><strong>in</strong></span> <span class='ocrx_word' id='word_1_349' title='bbox 1107 4536 1338 4591; x_wconf 89' lang='lat' dir='ltr'><strong>quorum</strong></span> <span class='ocrx_word' id='word_1_350' title='bbox 1363 4522 1696 4580; x_wconf 84' lang='lat' dir='ltr'><strong>nutrimento</strong></span> <span class='ocrx_word' id='word_1_351' title='bbox 1725 4535 1866 4591; x_wconf 85' lang='lat' dir='ltr'><strong>saepe</strong></span> 
     </span>
    </p>
   </div>
   <div class='ocr_carea' id='block_1_47' title="bbox 266 4612 1863 4685">
    <p class='ocr_par' dir='ltr' id='par_1_47' title="bbox 266 4612 1863 4685">
     <span class='ocr_line' id='line_1_48' title="bbox 266 4612 1863 4685; baseline 0.001 -19"><span class='ocrx_word' id='word_1_352' title='bbox 266 4612 541 4682; x_wconf 76' lang='lat' dir='ltr'><strong>gaudebit,</strong></span> <span class='ocrx_word' id='word_1_353' title='bbox 591 4613 683 4683; x_wconf 91' lang='lat' dir='ltr'><strong>qui</strong></span> <span class='ocrx_word' id='word_1_354' title='bbox 728 4613 841 4669; x_wconf 89' lang='lat' dir='ltr'><strong>suis</strong></span> <span class='ocrx_word' id='word_1_355' title='bbox 885 4614 1159 4685; x_wconf 85' lang='lat' dir='ltr'><strong>magistris</strong></span> <span class='ocrx_word' id='word_1_356' title='bbox 1199 4613 1283 4670; x_wconf 85' lang='lat' dir='ltr'><strong>vel</strong></span> <span class='ocrx_word' id='word_1_357' title='bbox 1326 4614 1660 4684; x_wconf 89' lang='lat' dir='ltr'><strong>parentibus,</strong></span> <span class='ocrx_word' id='word_1_358' title='bbox 1705 4623 1863 4669; x_wconf 90' lang='lat' dir='ltr'><strong>antea</strong></span> 
     </span>
    </p>
   </div>
   <div class='ocr_carea' id='block_1_48' title="bbox 265 4707 1861 4778">
    <p class='ocr_par' dir='ltr' id='par_1_48' title="bbox 265 4707 1861 4778">
     <span class='ocr_line' id='line_1_49' title="bbox 265 4707 1861 4778; baseline 0.004 -20"><span class='ocrx_word' id='word_1_359' title='bbox 265 4719 456 4759; x_wconf 90' lang='lat' dir='ltr'><strong>aurem</strong></span> <span class='ocrx_word' id='word_1_360' title='bbox 504 4707 822 4763; x_wconf 68' lang='lat' dir='ltr'><strong>obedientize</strong></span> <span class='ocrx_word' id='word_1_361' title='bbox 872 4707 1171 4763; x_wconf 87' lang='lat' dir='ltr'><strong>inclinavit.</strong></span> <span class='ocrx_word' id='word_1_362' title='bbox 1226 4707 1336 4763; x_wconf 90' lang='lat' dir='ltr'><strong>Sed</strong></span> <span class='ocrx_word' id='word_1_363' title='bbox 1387 4708 1512 4778; x_wconf 87' lang='lat' dir='ltr'><strong>quia</strong></span> <span class='ocrx_word' id='word_1_364' title='bbox 1565 4709 1861 4764; x_wconf 87' lang='lat' dir='ltr'><strong>secundum</strong></span> 
     </span>
    </p>
   </div>
   <div class='ocr_carea' id='block_1_49' title="bbox 265 4796 1864 4870">
    <p class='ocr_par' dir='ltr' id='par_1_49' title="bbox 265 4796 1864 4870">
     <span class='ocr_line' id='line_1_50' title="bbox 265 4796 1864 4870; baseline 0.001 -17"><span class='ocrx_word' id='word_1_365' title='bbox 265 4796 552 4854; x_wconf 89' lang='lat' dir='ltr'><strong>historiam</strong></span> <span class='ocrx_word' id='word_1_366' title='bbox 580 4798 780 4868; x_wconf 90' lang='lat' dir='ltr'><strong>ubique</strong></span> <span class='ocrx_word' id='word_1_367' title='bbox 809 4799 914 4853; x_wconf 91' lang='lat' dir='ltr'><strong>hoc</strong></span> <span class='ocrx_word' id='word_1_368' title='bbox 938 4815 1046 4854; x_wconf 91' lang='lat' dir='ltr'><strong>non</strong></span> <span class='ocrx_word' id='word_1_369' title='bbox 1069 4800 1269 4865; x_wconf 90' lang='lat' dir='ltr'><strong>evenit,</strong></span> <span class='ocrx_word' id='word_1_370' title='bbox 1302 4808 1363 4854; x_wconf 92' lang='lat' dir='ltr'><strong>ut</strong></span> <span class='ocrx_word' id='word_1_371' title='bbox 1389 4801 1747 4856; x_wconf 82' lang='lat' dir='ltr'><strong>ho‘noratores</strong></span> <span class='ocrx_word' id='word_1_372' title='bbox 1775 4816 1864 4870; x_wconf 90' lang='lat' dir='ltr'><strong>pa-</strong></span> 
     </span>
    </p>
   </div>
   <div class='ocr_carea' id='block_1_50' title="bbox 266 4890 1862 4963">
    <p class='ocr_par' dir='ltr' id='par_1_50' title="bbox 266 4890 1862 4963">
     <span class='ocr_line' id='line_1_51' title="bbox 266 4890 1862 4963; baseline 0.001 -19"><span class='ocrx_word' id='word_1_373' title='bbox 266 4901 484 4945; x_wconf 87' lang='lat' dir='ltr'><strong>rentum</strong></span> <span class='ocrx_word' id='word_1_374' title='bbox 515 4905 739 4945; x_wconf 91' lang='lat' dir='ltr'><strong>suorum</strong></span> <span class='ocrx_word' id='word_1_375' title='bbox 759 4890 853 4944; x_wconf 75' lang='lat' dir='ltr'><strong>vel</strong></span> <span class='ocrx_word' id='word_1_376' title='bbox 880 4891 1284 4962; x_wconf 90' lang='lat' dir='ltr'><strong>magistrorum,</strong></span> <span class='ocrx_word' id='word_1_377' title='bbox 1317 4891 1454 4947; x_wconf 89' lang='lat' dir='ltr'><strong>ﬁlios</strong></span> <span class='ocrx_word' id='word_1_378' title='bbox 1479 4893 1592 4947; x_wconf 91' lang='lat' dir='ltr'><strong>sive</strong></span> <span class='ocrx_word' id='word_1_379' title='bbox 1625 4891 1862 4963; x_wconf 84' lang='lat' dir='ltr'><strong>discipu-</strong></span> 
     </span>
    </p>
   </div>
   <div class='ocr_carea' id='block_1_51' title="bbox 266 4979 1863 5055">
    <p class='ocr_par' dir='ltr' id='par_1_51' title="bbox 266 4979 1863 5055">
     <span class='ocr_line' id='line_1_52' title="bbox 266 4979 1863 5055; baseline 0.003 -19"><span class='ocrx_word' id='word_1_380' title='bbox 266 4981 350 5036; x_wconf 91' lang='lat' dir='ltr'><strong>los</strong></span> <span class='ocrx_word' id='word_1_381' title='bbox 374 4979 612 5036; x_wconf 87' lang='lat' dir='ltr'><strong>habeant</strong></span> <span class='ocrx_word' id='word_1_382' title='bbox 632 4980 736 5036; x_wconf 91' lang='lat' dir='ltr'><strong>sibi</strong></span> <span class='ocrx_word' id='word_1_383' title='bbox 767 4981 1011 5037; x_wconf 87' lang='lat' dir='ltr'><strong>devotos.</strong></span> <span class='ocrx_word' id='word_1_384' title='bbox 1039 4979 1172 5036; x_wconf 92' lang='lat' dir='ltr'><strong>Cum</strong></span> <span class='ocrx_word' id='word_1_385' title='bbox 1207 4997 1348 5052; x_wconf 66' lang='lat' dir='ltr'><strong>smpe</strong></span> <span class='ocrx_word' id='word_1_386' title='bbox 1391 4983 1619 5055; x_wconf 87' lang='lat' dir='ltr'><strong>legimus</strong></span> <span class='ocrx_word' id='word_1_387' title='bbox 1647 4992 1863 5040; x_wconf 88' lang='lat' dir='ltr'><strong>sancto-</strong></span> 
     </span>
    </p>
   </div>
   <div class='ocr_carea' id='block_1_52' title="bbox 268 5073 1861 5144">
    <p class='ocr_par' dir='ltr' id='par_1_52' title="bbox 268 5073 1861 5144">
     <span class='ocr_line' id='line_1_53' title="bbox 268 5073 1861 5144; baseline 0.003 -16"><span class='ocrx_word' id='word_1_388' title='bbox 268 5090 390 5129; x_wconf 87' lang='lat' dir='ltr'><strong>rum</strong></span> <span class='ocrx_word' id='word_1_389' title='bbox 435 5073 676 5128; x_wconf 86' lang='lat' dir='ltr'><strong>virorum</strong></span> <span class='ocrx_word' id='word_1_390' title='bbox 705 5074 1061 5144; x_wconf 84' lang='lat' dir='ltr'><strong>degenerasse</strong></span> <span class='ocrx_word' id='word_1_391' title='bbox 1103 5075 1360 5141; x_wconf 85' lang='lat' dir='ltr'><strong>sobolem,</strong></span> <span class='ocrx_word' id='word_1_392' title='bbox 1394 5083 1449 5131; x_wconf 87' lang='lat' dir='ltr'><strong>et</strong></span> <span class='ocrx_word' id='word_1_393' title='bbox 1486 5092 1517 5130; x_wconf 94' lang='lat' dir='ltr'><strong>a</strong></span> <span class='ocrx_word' id='word_1_394' title='bbox 1549 5076 1740 5132; x_wconf 90' lang='lat' dir='ltr'><strong>semita</strong></span> <span class='ocrx_word' id='word_1_395' title='bbox 1770 5077 1861 5132; x_wconf 89' lang='lat' dir='ltr'><strong>de-</strong></span> 
     </span>
    </p>
   </div>
   <div class='ocr_carea' id='block_1_53' title="bbox 266 5163 1864 5239">
    <p class='ocr_par' dir='ltr' id='par_1_53' title="bbox 266 5163 1864 5239">
     <span class='ocr_line' id='line_1_54' title="bbox 266 5163 1864 5239; baseline 0.001 -19"><span class='ocrx_word' id='word_1_396' title='bbox 266 5165 447 5222; x_wconf 89' lang='lat' dir='ltr'><strong>viasse</strong></span> <span class='ocrx_word' id='word_1_397' title='bbox 511 5165 796 5236; x_wconf 86' lang='lat' dir='ltr'><strong>majorum.</strong></span> <span class='ocrx_word' id='word_1_398' title='bbox 864 5163 1025 5220; x_wconf 88' lang='lat' dir='ltr'><strong>Juxta</strong></span> <span class='ocrx_word' id='word_1_399' title='bbox 1082 5167 1438 5239; x_wconf 90' lang='lat' dir='ltr'><strong>tropologiam</strong></span> <span class='ocrx_word' id='word_1_400' title='bbox 1500 5167 1673 5237; x_wconf 88' lang='lat' dir='ltr'><strong>magis</strong></span> <span class='ocrx_word' id='word_1_401' title='bbox 1729 5167 1864 5224; x_wconf 91' lang='lat' dir='ltr'><strong>mihi</strong></span> 
     </span>
    </p>
   </div>
   <div class='ocr_carea' id='block_1_54' title="bbox 265 5255 1864 5329">
    <p class='ocr_par' dir='ltr' id='par_1_54' title="bbox 265 5255 1864 5329">
     <span class='ocr_line' id='line_1_55' title="bbox 265 5255 1864 5329; baseline 0.004 -19"><span class='ocrx_word' id='word_1_402' title='bbox 265 5255 484 5311; x_wconf 90' lang='lat' dir='ltr'><strong>videtur</strong></span> <span class='ocrx_word' id='word_1_403' title='bbox 509 5255 800 5313; x_wconf 89' lang='lat' dir='ltr'><strong>convenire</strong></span> <span class='ocrx_word' id='word_1_404' title='bbox 839 5256 984 5326; x_wconf 90' lang='lat' dir='ltr'><strong>quod</strong></span> <span class='ocrx_word' id='word_1_405' title='bbox 1021 5255 1240 5324; x_wconf 89' lang='lat' dir='ltr'><strong>dicitur,</strong></span> <span class='ocrx_word' id='word_1_406' title='bbox 1270 5265 1329 5313; x_wconf 91' lang='lat' dir='ltr'><strong>ut</strong></span> <span class='ocrx_word' id='word_1_407' title='bbox 1364 5257 1504 5314; x_wconf 88' lang='lat' dir='ltr'><strong>ﬁlios</strong></span> <span class='ocrx_word' id='word_1_408' title='bbox 1532 5259 1864 5329; x_wconf 90' lang='lat' dir='ltr'><strong>accipiamus</strong></span> 
     </span>
    </p>
   </div>
   <div class='ocr_carea' id='block_1_55' title="bbox 268 5349 1864 5424">
    <p class='ocr_par' dir='ltr' id='par_1_55' title="bbox 268 5349 1864 5424">
     <span class='ocr_line' id='line_1_56' title="bbox 268 5349 1864 5424; baseline 0.002 -20"><span class='ocrx_word' id='word_1_409' title='bbox 268 5349 506 5404; x_wconf 87' lang='lat' dir='ltr'><strong>fructum</strong></span> <span class='ocrx_word' id='word_1_410' title='bbox 549 5349 811 5404; x_wconf 90' lang='lat' dir='ltr'><strong>bonorum</strong></span> <span class='ocrx_word' id='word_1_411' title='bbox 856 5364 1100 5420; x_wconf 88' lang='lat' dir='ltr'><strong>operum.</strong></span> <span class='ocrx_word' id='word_1_412' title='bbox 1131 5350 1236 5418; x_wconf 88' lang='lat' dir='ltr'><strong>Qui</strong></span> <span class='ocrx_word' id='word_1_413' title='bbox 1269 5365 1397 5424; x_wconf 89' lang='lat' dir='ltr'><strong>ergo</strong></span> <span class='ocrx_word' id='word_1_414' title='bbox 1426 5351 1686 5408; x_wconf 89' lang='lat' dir='ltr'><strong>obediens</strong></span> <span class='ocrx_word' id='word_1_415' title='bbox 1724 5366 1864 5423; x_wconf 65' lang='lat' dir='ltr'><strong>pra:-</strong></span> 
     </span>
    </p>
   </div>
   <div class='ocr_carea' id='block_1_56' title="bbox 269 5441 1861 5514">
    <p class='ocr_par' dir='ltr' id='par_1_56' title="bbox 269 5441 1861 5514">
     <span class='ocr_line' id='line_1_57' title="bbox 269 5441 1861 5514; baseline 0.001 -17"><span class='ocrx_word' id='word_1_416' title='bbox 269 5441 444 5512; x_wconf 90' lang='lat' dir='ltr'><strong>ceptis</strong></span> <span class='ocrx_word' id='word_1_417' title='bbox 493 5441 590 5496; x_wconf 91' lang='lat' dir='ltr'><strong>Dei</strong></span> <span class='ocrx_word' id='word_1_418' title='bbox 636 5441 871 5497; x_wconf 89' lang='lat' dir='ltr'><strong>honorat</strong></span> <span class='ocrx_word' id='word_1_419' title='bbox 916 5449 1170 5510; x_wconf 87' lang='lat' dir='ltr'><strong>parentes</strong></span> <span class='ocrx_word' id='word_1_420' title='bbox 1194 5442 1280 5497; x_wconf 89' lang='lat' dir='ltr'><strong>vel</strong></span> <span class='ocrx_word' id='word_1_421' title='bbox 1312 5453 1672 5514; x_wconf 83' lang='lat' dir='ltr'><strong>praeceptores</strong></span> <span class='ocrx_word' id='word_1_422' title='bbox 1711 5458 1861 5509; x_wconf 91' lang='lat' dir='ltr'><strong>suos,</strong></span> 
     </span>
    </p>
   </div>
   <div class='ocr_carea' id='block_1_57' title="bbox 269 5529 1864 5604">
    <p class='ocr_par' dir='ltr' id='par_1_57' title="bbox 269 5529 1864 5604">
     <span class='ocr_line' id='line_1_58' title="bbox 269 5529 1864 5604; baseline 0.001 -16"><span class='ocrx_word' id='word_1_423' title='bbox 269 5534 325 5588; x_wconf 89' lang='lat' dir='ltr'><strong>in</strong></span> <span class='ocrx_word' id='word_1_424' title='bbox 351 5533 798 5604; x_wconf 89' lang='lat' dir='ltr'><strong>multiplicatione</strong></span> <span class='ocrx_word' id='word_1_425' title='bbox 823 5529 1090 5588; x_wconf 89' lang='lat' dir='ltr'><strong>bonorum</strong></span> <span class='ocrx_word' id='word_1_426' title='bbox 1134 5540 1352 5588; x_wconf 89' lang='lat' dir='ltr'><strong>actuum</strong></span> <span class='ocrx_word' id='word_1_427' title='bbox 1378 5534 1648 5589; x_wconf 85' lang='lat' dir='ltr'><strong>laetabitur</strong></span> <span class='ocrx_word' id='word_1_428' title='bbox 1675 5535 1732 5590; x_wconf 91' lang='lat' dir='ltr'><strong>in</strong></span> <span class='ocrx_word' id='word_1_429' title='bbox 1756 5535 1864 5590; x_wconf 91' lang='lat' dir='ltr'><strong>ﬁne</strong></span> 
     </span>
    </p>
   </div>
   <div class='ocr_carea' id='block_1_58' title="bbox 266 5625 1869 5696">
    <p class='ocr_par' dir='ltr' id='par_1_58' title="bbox 266 5625 1869 5696">
     <span class='ocr_line' id='line_1_59' title="bbox 266 5625 1869 5696; baseline 0.001 -14"><span class='ocrx_word' id='word_1_430' title='bbox 266 5626 500 5694; x_wconf 91' lang='lat' dir='ltr'><strong>dierum,</strong></span> <span class='ocrx_word' id='word_1_431' title='bbox 544 5636 601 5684; x_wconf 92' lang='lat' dir='ltr'><strong>et</strong></span> <span class='ocrx_word' id='word_1_432' title='bbox 639 5627 780 5684; x_wconf 93' lang='lat' dir='ltr'><strong>sicut</strong></span> <span class='ocrx_word' id='word_1_433' title='bbox 812 5625 954 5681; x_wconf 88' lang='lat' dir='ltr'><strong>illius</strong></span> <span class='ocrx_word' id='word_1_434' title='bbox 994 5625 1088 5696; x_wconf 91' lang='lat' dir='ltr'><strong>qui</strong></span> <span class='ocrx_word' id='word_1_435' title='bbox 1134 5626 1330 5682; x_wconf 87' lang='lat' dir='ltr'><strong>avertit</strong></span> <span class='ocrx_word' id='word_1_436' title='bbox 1365 5642 1548 5694; x_wconf 87' lang='lat' dir='ltr'><strong>aures,</strong></span> <span class='ocrx_word' id='word_1_437' title='bbox 1583 5642 1653 5683; x_wconf 91' lang='lat' dir='ltr'><strong>ne</strong></span> <span class='ocrx_word' id='word_1_438' title='bbox 1683 5627 1869 5683; x_wconf 91' lang='lat' dir='ltr'><strong>audiat</strong></span> 
     </span>
    </p>
   </div>
   <div class='ocr_carea' id='block_1_59' title="bbox 268 5716 1865 5792">
    <p class='ocr_par' dir='ltr' id='par_1_59' title="bbox 268 5716 1865 5792">
     <span class='ocr_line' id='line_1_60' title="bbox 268 5716 1865 5792; baseline 0 -19"><span class='ocrx_word' id='word_1_439' title='bbox 268 5716 464 5792; x_wconf 87' lang='lat' dir='ltr'><strong>legem,</strong></span> <span class='ocrx_word' id='word_1_440' title='bbox 509 5720 686 5776; x_wconf 88' lang='lat' dir='ltr'><strong>oratio</strong></span> <span class='ocrx_word' id='word_1_441' title='bbox 715 5719 821 5776; x_wconf 88' lang='lat' dir='ltr'><strong>erit</strong></span> <span class='ocrx_word' id='word_1_442' title='bbox 842 5716 1213 5786; x_wconf 82' lang='lat' dir='ltr'><strong>exsecrabilis,</strong></span> <span class='ocrx_word' id='word_1_443' title='bbox 1255 5718 1328 5772; x_wconf 90' lang='lat' dir='ltr'><strong>ita</strong></span> <span class='ocrx_word' id='word_1_444' title='bbox 1363 5716 1526 5787; x_wconf 91' lang='lat' dir='ltr'><strong>hujus</strong></span> <span class='ocrx_word' id='word_1_445' title='bbox 1554 5719 1648 5789; x_wconf 90' lang='lat' dir='ltr'><strong>qui</strong></span> <span class='ocrx_word' id='word_1_446' title='bbox 1680 5719 1865 5775; x_wconf 89' lang='lat' dir='ltr'><strong>obedit</strong></span> 
     </span>
    </p>
   </div>
   <div class='ocr_carea' id='block_1_60' title="bbox 269 5813 1865 5891">
    <p class='ocr_par' dir='ltr' id='par_1_60' title="bbox 269 5813 1865 5891">
     <span class='ocr_line' id='line_1_61' title="bbox 269 5813 1865 5891; baseline -0.001 -21"><span class='ocrx_word' id='word_1_447' title='bbox 269 5815 556 5891; x_wconf 59' lang='lat' dir='ltr'><strong>praceptis</strong></span> <span class='ocrx_word' id='word_1_448' title='bbox 599 5815 712 5880; x_wconf 91' lang='lat' dir='ltr'><strong>Dei,</strong></span> <span class='ocrx_word' id='word_1_449' title='bbox 767 5815 1030 5885; x_wconf 87' lang='lat' dir='ltr'><strong>dirigetur</strong></span> <span class='ocrx_word' id='word_1_450' title='bbox 1079 5813 1252 5871; x_wconf 87' lang='lat' dir='ltr'><strong>oratio</strong></span> <span class='ocrx_word' id='word_1_451' title='bbox 1296 5813 1435 5868; x_wconf 86' lang='lat' dir='ltr'><strong>sicut</strong></span> <span class='ocrx_word' id='word_1_452' title='bbox 1474 5813 1755 5870; x_wconf 89' lang='lat' dir='ltr'><strong>incensum</strong></span> <span class='ocrx_word' id='word_1_453' title='bbox 1808 5813 1865 5869; x_wconf 92' lang='lat' dir='ltr'><strong>in</strong></span> 
     </span>
    </p>
   </div>
   <div class='ocr_carea' id='block_1_61' title="bbox 271 5905 877 5980">
    <p class='ocr_par' dir='ltr' id='par_1_61' title="bbox 271 5905 877 5980">
     <span class='ocr_line' id='line_1_62' title="bbox 271 5905 877 5980; baseline -0.008 -16"><span class='ocrx_word' id='word_1_454' title='bbox 271 5914 565 5980; x_wconf 88' lang='lat' dir='ltr'><strong>conspectu</strong></span> <span class='ocrx_word' id='word_1_455' title='bbox 592 5905 877 5962; x_wconf 84' lang='lat' dir='ltr'><strong>Altissimi.</strong></span> 
     </span>
    </p>
   </div>
   <div class='ocr_carea' id='block_1_62' title="bbox 593 5999 1078 6066">
    <p class='ocr_par' dir='ltr' id='par_1_62' title="bbox 593 5999 1078 6066">
     <span class='ocr_line' id='line_1_63' title="bbox 593 5999 1078 6066; baseline 0.008 -4"><span class='ocrx_word' id='word_1_456' title='bbox 593 6002 870 6064; x_wconf 75' lang='lat' dir='ltr'><strong>PATHOL.</strong></span> <span class='ocrx_word' id='word_1_457' title='bbox 917 5999 1078 6066; x_wconf 81' lang='lat' dir='ltr'><strong>CIX.</strong></span> 
     </span>
    </p>
   </div>
   <div class='ocr_carea' id='block_1_63' title="bbox 1989 635 3582 708">
    <p class='ocr_par' dir='ltr' id='par_1_63' title="bbox 1989 635 3582 708">
     <span class='ocr_line' id='line_1_64' title="bbox 1989 635 3582 708; baseline 0 -18"><span class='ocrx_word' id='word_1_458' title='bbox 1989 657 2008 690; x_wconf 82' lang='grc'><strong>‹</strong></span> <span class='ocrx_word' id='word_1_459' title='bbox 2043 646 2098 693; x_wconf 91' lang='lat' dir='ltr'><strong>ct</strong></span> <span class='ocrx_word' id='word_1_460' title='bbox 2117 636 2208 707; x_wconf 93' lang='lat' dir='ltr'><strong>qui</strong></span> <span class='ocrx_word' id='word_1_461' title='bbox 2236 636 2421 692; x_wconf 87' lang='lat' dir='ltr'><strong>obedit</strong></span> <span class='ocrx_word' id='word_1_462' title='bbox 2445 635 2610 707; x_wconf 89' lang='lat' dir='ltr'><strong>patri,</strong></span> <span class='ocrx_word' id='word_1_463' title='bbox 2645 635 2988 708; x_wconf 87' lang='lat' dir='ltr'><strong>refrigerabit</strong></span> <span class='ocrx_word' id='word_1_464' title='bbox 3011 641 3262 692; x_wconf 87' lang='lat' dir='ltr'><strong>matrem.</strong></span> <span class='ocrx_word' id='word_1_465' title='bbox 3294 654 3314 688; x_wconf 83' lang='grc'><strong>›</strong></span> <span class='ocrx_word' id='word_1_466' title='bbox 3348 635 3469 690; x_wconf 81' lang='lat' dir='ltr'><strong>Vita</strong></span> <span class='ocrx_word' id='word_1_467' title='bbox 3501 636 3582 690; x_wconf 86' lang='lat' dir='ltr'><strong>vi-</strong></span> 
     </span>
    </p>
   </div>
   <div class='ocr_carea' id='block_1_64' title="bbox 1980 725 3580 798">
    <p class='ocr_par' dir='ltr' id='par_1_64' title="bbox 1980 725 3580 798">
     <span class='ocr_line' id='line_1_65' title="bbox 1980 725 3580 798; baseline 0.001 -16"><span class='ocrx_word' id='word_1_468' title='bbox 1980 737 2074 784; x_wconf 90' lang='lat' dir='ltr'><strong>vet</strong></span> <span class='ocrx_word' id='word_1_469' title='bbox 2118 726 2351 784; x_wconf 82' lang='lat' dir='ltr'><strong>feliciter</strong></span> <span class='ocrx_word' id='word_1_470' title='bbox 2392 727 2656 798; x_wconf 90' lang='lat' dir='ltr'><strong>longiore,</strong></span> <span class='ocrx_word' id='word_1_471' title='bbox 2710 726 2804 798; x_wconf 92' lang='lat' dir='ltr'><strong>qui</strong></span> <span class='ocrx_word' id='word_1_472' title='bbox 2849 735 3226 783; x_wconf 88' lang='lat' dir='ltr'><strong>remuneratus</strong></span> <span class='ocrx_word' id='word_1_473' title='bbox 3275 741 3306 781; x_wconf 90' lang='lat' dir='ltr'><strong>a</strong></span> <span class='ocrx_word' id='word_1_474' title='bbox 3351 725 3580 783; x_wconf 90' lang='lat' dir='ltr'><strong>Domino</strong></span> 
     </span>
    </p>
   </div>
   <div class='ocr_carea' id='block_1_65' title="bbox 1983 818 3581 892">
    <p class='ocr_par' dir='ltr' id='par_1_65' title="bbox 1983 818 3581 892">
     <span class='ocr_line' id='line_1_66' title="bbox 1983 818 3581 892; baseline 0 -16"><span class='ocrx_word' id='word_1_475' title='bbox 1983 829 2184 876; x_wconf 68' lang='lat' dir='ltr'><strong>aeterna</strong></span> <span class='ocrx_word' id='word_1_476' title='bbox 2214 818 2425 876; x_wconf 89' lang='lat' dir='ltr'><strong>fruetur</strong></span> <span class='ocrx_word' id='word_1_477' title='bbox 2455 820 2662 890; x_wconf 91' lang='lat' dir='ltr'><strong>requie.</strong></span> <span class='ocrx_word' id='word_1_478' title='bbox 2705 818 2798 875; x_wconf 87' lang='lat' dir='ltr'><strong>Ille</strong></span> <span class='ocrx_word' id='word_1_479' title='bbox 2835 818 3180 892; x_wconf 87' lang='lat' dir='ltr'><strong>refrigerabit</strong></span> <span class='ocrx_word' id='word_1_480' title='bbox 3203 827 3458 886; x_wconf 87' lang='lat' dir='ltr'><strong>matrem,</strong></span> <span class='ocrx_word' id='word_1_481' title='bbox 3485 820 3581 892; x_wconf 92' lang='lat' dir='ltr'><strong>qui</strong></span> 
     </span>
    </p>
   </div>
   <div class='ocr_carea' id='block_1_66' title="bbox 1983 910 3582 986">
    <p class='ocr_par' dir='ltr' id='par_1_66' title="bbox 1983 910 3582 986">
     <span class='ocr_line' id='line_1_67' title="bbox 1983 910 3582 986; baseline 0.002 -20"><span class='ocrx_word' id='word_1_482' title='bbox 1983 912 2167 967; x_wconf 90' lang='lat' dir='ltr'><strong>obedit</strong></span> <span class='ocrx_word' id='word_1_483' title='bbox 2205 912 2348 983; x_wconf 91' lang='lat' dir='ltr'><strong>patri</strong></span> <span class='ocrx_word' id='word_1_484' title='bbox 2376 929 2389 966; x_wconf 90' lang='lat'><strong>:</strong></span> <span class='ocrx_word' id='word_1_485' title='bbox 2416 911 2544 982; x_wconf 89' lang='lat' dir='ltr'><strong>quia</strong></span> <span class='ocrx_word' id='word_1_486' title='bbox 2593 918 2820 967; x_wconf 86' lang='lat' dir='ltr'><strong>matrem</strong></span> <span class='ocrx_word' id='word_1_487' title='bbox 2857 910 3158 968; x_wconf 88' lang='lat' dir='ltr'><strong>Ecclesiam</strong></span> <span class='ocrx_word' id='word_1_488' title='bbox 3202 911 3460 981; x_wconf 57' lang='lat' dir='ltr'><strong>laetiﬁcat,</strong></span> <span class='ocrx_word' id='word_1_489' title='bbox 3487 914 3582 986; x_wconf 90' lang='lat' dir='ltr'><strong>qui</strong></span> 
     </span>
    </p>
   </div>
   <div class='ocr_carea' id='block_1_67' title="bbox 1982 1007 3124 1080">
    <p class='ocr_par' dir='ltr' id='par_1_67' title="bbox 1982 1007 3124 1080">
     <span class='ocr_line' id='line_1_68' title="bbox 1982 1007 3124 1080; baseline -0.002 -14"><span class='ocrx_word' id='word_1_490' title='bbox 1982 1008 2357 1078; x_wconf 83' lang='lat' dir='ltr'><strong>obediens_est</strong></span> <span class='ocrx_word' id='word_1_491' title='bbox 2374 1007 2658 1080; x_wconf 83' lang='lat' dir='ltr'><strong>praeceptis</strong></span> <span class='ocrx_word' id='word_1_492' title='bbox 2686 1008 2876 1065; x_wconf 85' lang='lat' dir='ltr'><strong>aeterni</strong></span> <span class='ocrx_word' id='word_1_493' title='bbox 2903 1008 3124 1079; x_wconf 61' lang='grc' dir='ltr'>Ρειτίε.;</span> 
     </span>
    </p>
   </div>
   <div class='ocr_carea' id='block_1_68' title="bbox 2059 1099 3582 1176">
    <p class='ocr_par' dir='ltr' id='par_1_68' title="bbox 2059 1099 3582 1176">
     <span class='ocr_line' id='line_1_69' title="bbox 2059 1099 3582 1176; baseline 0.004 -22"><span class='ocrx_word' id='word_1_494' title='bbox 2059 1120 2078 1154; x_wconf 84' lang='grc'>‹</span> <span class='ocrx_word' id='word_1_495' title='bbox 2115 1099 2218 1168; x_wconf 91' lang='lat' dir='ltr'><strong>Qui</strong></span> <span class='ocrx_word' id='word_1_496' title='bbox 2245 1101 2399 1156; x_wconf 90' lang='lat' dir='ltr'><strong>timet</strong></span> <span class='ocrx_word' id='word_1_497' title='bbox 2418 1101 2589 1156; x_wconf 92' lang='lat' dir='ltr'><strong>Deum</strong></span> <span class='ocrx_word' id='word_1_498' title='bbox 2609 1101 2841 1157; x_wconf 88' lang='lat' dir='ltr'><strong>honorat</strong></span> <span class='ocrx_word' id='word_1_499' title='bbox 2865 1103 3209 1172; x_wconf 58' lang='lat' dir='ltr'><strong>parentes,&#39;et</strong></span> <span class='ocrx_word' id='word_1_500' title='bbox 3230 1103 3388 1176; x_wconf 87' lang='lat' dir='ltr'><strong>quasi</strong></span> <span class='ocrx_word' id='word_1_501' title='bbox 3412 1103 3582 1160; x_wconf 86' lang='lat' dir='ltr'><strong>domi-</strong></span> 
     </span>
    </p>
   </div>
   <div class='ocr_carea' id='block_1_69' title="bbox 1988 1190 3582 1264">
    <p class='ocr_par' dir='ltr' id='par_1_69' title="bbox 1988 1190 3582 1264">
     <span class='ocr_line' id='line_1_70' title="bbox 1988 1190 3582 1264; baseline 0.005 -22"><span class='ocrx_word' id='word_1_502' title='bbox 1988 1207 2010 1242; x_wconf 82' lang='grc'><strong><em>‹</em></strong></span> <span class='ocrx_word' id='word_1_503' title='bbox 2042 1190 2129 1246; x_wconf 92' lang='lat' dir='ltr'><strong>nis</strong></span> <span class='ocrx_word' id='word_1_504' title='bbox 2159 1190 2360 1246; x_wconf 85' lang='lat' dir='ltr'><strong>serviet</strong></span> <span class='ocrx_word' id='word_1_505' title='bbox 2389 1190 2474 1246; x_wconf 93' lang='lat' dir='ltr'><strong>his</strong></span> <span class='ocrx_word' id='word_1_506' title='bbox 2518 1190 2612 1261; x_wconf 92' lang='lat' dir='ltr'><strong>qui</strong></span> <span class='ocrx_word' id='word_1_507' title='bbox 2651 1204 2712 1247; x_wconf 87' lang='lat' dir='ltr'><strong>se</strong></span> <span class='ocrx_word' id='word_1_508' title='bbox 2758 1199 3061 1263; x_wconf 89' lang='lat' dir='ltr'><strong>genuerunt</strong></span> <span class='ocrx_word' id='word_1_509' title='bbox 3097 1192 3154 1247; x_wconf 92' lang='lat' dir='ltr'><strong>in</strong></span> <span class='ocrx_word' id='word_1_510' title='bbox 3191 1208 3355 1264; x_wconf 88' lang='lat' dir='ltr'><strong>opere</strong></span> <span class='ocrx_word' id='word_1_511' title='bbox 3387 1202 3442 1250; x_wconf 93' lang='lat' dir='ltr'><strong>et</strong></span> <span class='ocrx_word' id='word_1_512' title='bbox 3466 1210 3582 1252; x_wconf 91' lang='lat' dir='ltr'><strong>ser-</strong></span> 
     </span>
    </p>
   </div>
   <div class='ocr_carea' id='block_1_70' title="bbox 1988 1282 3659 1364">
    <p class='ocr_par' dir='ltr' id='par_1_70' title="bbox 1988 1282 3659 1364">
     <span class='ocr_line' id='line_1_71' title="bbox 1988 1282 3659 1364; baseline 0.007 -32"><span class='ocrx_word' id='word_1_513' title='bbox 1988 1299 2008 1332; x_wconf 88' lang='grc'><strong><em>‹</em></strong></span> <span class='ocrx_word' id='word_1_514' title='bbox 2043 1298 2225 1349; x_wconf 89' lang='lat' dir='ltr'><strong>mone,</strong></span> <span class='ocrx_word' id='word_1_515' title='bbox 2261 1291 2318 1338; x_wconf 92' lang='lat' dir='ltr'><strong>et</strong></span> <span class='ocrx_word' id='word_1_516' title='bbox 2344 1282 2493 1339; x_wconf 91' lang='lat' dir='ltr'><strong>omni</strong></span> <span class='ocrx_word' id='word_1_517' title='bbox 2517 1283 2798 1354; x_wconf 84' lang='lat' dir='ltr'><strong>patientia.</strong></span> <span class='ocrx_word' id='word_1_518' title='bbox 2835 1303 2854 1336; x_wconf 75' lang='grc' dir='ltr'><strong>ι</strong></span> <span class='ocrx_word' id='word_1_519' title='bbox 2887 1283 3026 1340; x_wconf 86' lang='lat' dir='ltr'><strong>Nota</strong></span> <span class='ocrx_word' id='word_1_520' title='bbox 3049 1286 3191 1355; x_wconf 92' lang='lat' dir='ltr'><strong>quod</strong></span> <span class='ocrx_word' id='word_1_521' title='bbox 3217 1286 3350 1342; x_wconf 90' lang='lat' dir='ltr'><strong>dicit</strong></span> <span class='ocrx_word' id='word_1_522' title='bbox 3373 1287 3460 1344; x_wconf 91' lang='lat' dir='ltr'><strong>his</strong></span> <span class='ocrx_word' id='word_1_523' title='bbox 3489 1289 3583 1344; x_wconf 81' lang='lat' dir='ltr'><strong>de-</strong></span> <span class='ocrx_word' id='word_1_524' title='bbox 3627 1350 3659 1364; x_wconf 44' lang='grc' dir='ltr'>η</span> 
     </span>
    </p>
   </div>
   <div class='ocr_carea' id='block_1_71' title="bbox 1981 1372 3586 1450">
    <p class='ocr_par' dir='ltr' id='par_1_71' title="bbox 1981 1372 3586 1450">
     <span class='ocr_line' id='line_1_72' title="bbox 1981 1372 3586 1450; baseline 0.004 -21"><span class='ocrx_word' id='word_1_525' title='bbox 1981 1372 2100 1429; x_wconf 73' lang='lat' dir='ltr'><strong>beﬁ</strong></span> <span class='ocrx_word' id='word_1_526' title='bbox 2141 1373 2462 1430; x_wconf 88' lang='lat' dir='ltr'><strong>famulatum</strong></span> <span class='ocrx_word' id='word_1_527' title='bbox 2486 1375 2756 1432; x_wconf 89' lang='lat' dir='ltr'><strong>instanter</strong></span> <span class='ocrx_word' id='word_1_528' title='bbox 2787 1376 3048 1442; x_wconf 87' lang='lat' dir='ltr'><strong>exhiberi,</strong></span> <span class='ocrx_word' id='word_1_529' title='bbox 3079 1378 3168 1450; x_wconf 92' lang='lat' dir='ltr'><strong>qui</strong></span> <span class='ocrx_word' id='word_1_530' title='bbox 3197 1394 3256 1434; x_wconf 90' lang='lat' dir='ltr'><strong>se</strong></span> <span class='ocrx_word' id='word_1_531' title='bbox 3281 1388 3586 1450; x_wconf 86' lang='lat' dir='ltr'><strong>genuerunt</strong></span> 
     </span>
    </p>
   </div>
   <div class='ocr_carea' id='block_1_72' title="bbox 1980 1465 3584 1539">
    <p class='ocr_par' dir='ltr' id='par_1_72' title="bbox 1980 1465 3584 1539">
     <span class='ocr_line' id='line_1_73' title="bbox 1980 1465 3584 1539; baseline 0.002 -18"><span class='ocrx_word' id='word_1_532' title='bbox 1980 1479 2089 1521; x_wconf 90' lang='lat' dir='ltr'><strong>non</strong></span> <span class='ocrx_word' id='word_1_533' title='bbox 2129 1481 2198 1522; x_wconf 89' lang='lat' dir='ltr'><strong>ex</strong></span> <span class='ocrx_word' id='word_1_534' title='bbox 2239 1465 2399 1521; x_wconf 89' lang='lat' dir='ltr'><strong>vulva</strong></span> <span class='ocrx_word' id='word_1_535' title='bbox 2431 1466 2673 1534; x_wconf 80' lang='lat' dir='ltr'><strong>.ventris,</strong></span> <span class='ocrx_word' id='word_1_536' title='bbox 2719 1467 2816 1524; x_wconf 87' lang='lat' dir='ltr'><strong>sed</strong></span> <span class='ocrx_word' id='word_1_537' title='bbox 2861 1467 2917 1522; x_wconf 91' lang='lat' dir='ltr'><strong>in</strong></span> <span class='ocrx_word' id='word_1_538' title='bbox 2962 1482 3127 1539; x_wconf 88' lang='lat' dir='ltr'><strong>opere</strong></span> <span class='ocrx_word' id='word_1_539' title='bbox 3161 1476 3218 1524; x_wconf 90' lang='lat' dir='ltr'><strong>et</strong></span> <span class='ocrx_word' id='word_1_540' title='bbox 3251 1483 3502 1524; x_wconf 89' lang='lat' dir='ltr'><strong>sermone</strong></span> <span class='ocrx_word' id='word_1_541' title='bbox 3528 1477 3584 1526; x_wconf 89' lang='lat' dir='ltr'><strong>et</strong></span> 
     </span>
    </p>
   </div>
   <div class='ocr_carea' id='block_1_73' title="bbox 1980 1557 3585 1632">
    <p class='ocr_par' dir='ltr' id='par_1_73' title="bbox 1980 1557 3585 1632">
     <span class='ocr_line' id='line_1_74' title="bbox 1980 1557 3585 1632; baseline 0.006 -21"><span class='ocrx_word' id='word_1_542' title='bbox 1980 1557 2267 1628; x_wconf 88' lang='lat' dir='ltr'><strong>patientia,</strong></span> <span class='ocrx_word' id='word_1_543' title='bbox 2297 1565 2359 1613; x_wconf 92' lang='lat' dir='ltr'><strong>ut</strong></span> <span class='ocrx_word' id='word_1_544' title='bbox 2393 1559 2710 1616; x_wconf 90' lang='lat' dir='ltr'><strong>ostendatur</strong></span> <span class='ocrx_word' id='word_1_545' title='bbox 2739 1560 2998 1630; x_wconf 88' lang='lat' dir='ltr'><strong>spiritalis</strong></span> <span class='ocrx_word' id='word_1_546' title='bbox 3035 1570 3192 1632; x_wconf 91' lang='lat' dir='ltr'><strong>pater</strong></span> <span class='ocrx_word' id='word_1_547' title='bbox 3227 1563 3465 1619; x_wconf 82' lang='lat' dir='ltr'><strong>maxime</strong></span> <span class='ocrx_word' id='word_1_548' title='bbox 3506 1565 3585 1620; x_wconf 90' lang='lat' dir='ltr'><strong>di-</strong></span> 
     </span>
    </p>
   </div>
   <div class='ocr_carea' id='block_1_74' title="bbox 1982 1653 3585 1730">
    <p class='ocr_par' dir='ltr' id='par_1_74' title="bbox 1982 1653 3585 1730">
     <span class='ocr_line' id='line_1_75' title="bbox 1982 1653 3585 1730; baseline 0.007 -24"><span class='ocrx_word' id='word_1_549' title='bbox 1982 1666 2118 1723; x_wconf 87' lang='lat' dir='ltr'><strong>gnus</strong></span> <span class='ocrx_word' id='word_1_550' title='bbox 2145 1653 2351 1708; x_wconf 88' lang='lat' dir='ltr'><strong>honore</strong></span> <span class='ocrx_word' id='word_1_551' title='bbox 2378 1668 2500 1710; x_wconf 90' lang='lat' dir='ltr'><strong>esse</strong></span> <span class='ocrx_word' id='word_1_552' title='bbox 2525 1672 2537 1708; x_wconf 91' lang='lat'><strong>:</strong></span> <span class='ocrx_word' id='word_1_553' title='bbox 2559 1653 2712 1725; x_wconf 90' lang='lat' dir='ltr'><strong>cujus</strong></span> <span class='ocrx_word' id='word_1_554' title='bbox 2748 1656 2827 1712; x_wconf 90' lang='lat' dir='ltr'><strong>rei</strong></span> <span class='ocrx_word' id='word_1_555' title='bbox 2869 1672 3082 1713; x_wconf 90' lang='lat' dir='ltr'><strong>memor</strong></span> <span class='ocrx_word' id='word_1_556' title='bbox 3105 1658 3415 1730; x_wconf 84' lang='lat' dir='ltr'><strong>Apostolus,</strong></span> <span class='ocrx_word' id='word_1_557' title='bbox 3449 1661 3585 1717; x_wconf 90' lang='lat' dir='ltr'><strong>scri-</strong></span> 
     </span>
    </p>
   </div>
   <div class='ocr_carea' id='block_1_75' title="bbox 1979 1745 3579 1825">
    <p class='ocr_par' dir='ltr' id='par_1_75' title="bbox 1979 1745 3579 1825">
     <span class='ocr_line' id='line_1_76' title="bbox 1979 1745 3579 1825; baseline 0.004 -23"><span class='ocrx_word' id='word_1_558' title='bbox 1979 1746 2090 1818; x_wconf 90' lang='lat' dir='ltr'><strong>psit</strong></span> <span class='ocrx_word' id='word_1_559' title='bbox 2117 1745 2185 1801; x_wconf 89' lang='lat' dir='ltr'><strong>ad</strong></span> <span class='ocrx_word' id='word_1_560' title='bbox 2207 1747 2520 1818; x_wconf 91' lang='lat' dir='ltr'><strong>discipulos,</strong></span> <span class='ocrx_word' id='word_1_561' title='bbox 2545 1763 2682 1819; x_wconf 92' lang='lat' dir='ltr'><strong>quos</strong></span> <span class='ocrx_word' id='word_1_562' title='bbox 2711 1749 2828 1821; x_wconf 91' lang='lat' dir='ltr'><strong>ipse</strong></span> <span class='ocrx_word' id='word_1_563' title='bbox 2857 1765 2954 1821; x_wconf 88' lang='lat' dir='ltr'><strong>per</strong></span> <span class='ocrx_word' id='word_1_564' title='bbox 2978 1751 3332 1823; x_wconf 87' lang='lat' dir='ltr'><strong>Evangelium</strong></span> <span class='ocrx_word' id='word_1_565' title='bbox 3353 1754 3579 1825; x_wconf 91' lang='lat' dir='ltr'><strong>genuit,</strong></span> 
     </span>
    </p>
   </div>
   <div class='ocr_carea' id='block_1_76' title="bbox 1981 1835 3583 1917">
    <p class='ocr_par' dir='ltr' id='par_1_76' title="bbox 1981 1835 3583 1917">
     <span class='ocr_line' id='line_1_77' title="bbox 1981 1835 3583 1917; baseline 0.007 -27"><span class='ocrx_word' id='word_1_566' title='bbox 1981 1835 2172 1893; x_wconf 89' lang='lat' dir='ltr'><strong>dicens</strong></span> <span class='ocrx_word' id='word_1_567' title='bbox 2197 1852 2211 1891; x_wconf 90' lang='lat'><strong>:</strong></span> <span class='ocrx_word' id='word_1_568' title='bbox 2251 1856 2269 1890; x_wconf 89' lang='grc'><em>‹</em></span> <span class='ocrx_word' id='word_1_569' title='bbox 2299 1838 2576 1910; x_wconf 83' lang='lat' dir='ltr'><strong>Rogamus</strong></span> <span class='ocrx_word' id='word_1_570' title='bbox 2595 1855 2711 1906; x_wconf 88' lang='lat' dir='ltr'><strong>vos,</strong></span> <span class='ocrx_word' id='word_1_571' title='bbox 2734 1838 2956 1909; x_wconf 88' lang='lat' dir='ltr'><strong>fratres,</strong></span> <span class='ocrx_word' id='word_1_572' title='bbox 2979 1850 3040 1896; x_wconf 86' lang='lat' dir='ltr'><strong>ut</strong></span> <span class='ocrx_word' id='word_1_573' title='bbox 3076 1844 3338 1899; x_wconf 87' lang='lat' dir='ltr'><strong>noveritis</strong></span> <span class='ocrx_word' id='word_1_574' title='bbox 3361 1860 3456 1901; x_wconf 91' lang='lat' dir='ltr'><strong>eos</strong></span> <span class='ocrx_word' id='word_1_575' title='bbox 3489 1845 3583 1917; x_wconf 93' lang='lat' dir='ltr'><strong>qui</strong></span> 
     </span>
    </p>
   </div>
   <div class='ocr_carea' id='block_1_77' title="bbox 1905 1927 3585 2002">
    <p class='ocr_par' dir='ltr' id='par_1_77' title="bbox 1905 1927 3585 2002">
     <span class='ocr_line' id='line_1_78' title="bbox 1905 1927 3585 2002; baseline 0.005 -19"><span class='ocrx_word' id='word_1_576' title='bbox 1905 1936 1954 1997; x_wconf 82' lang='grc' dir='ltr'><strong>Β</strong></span> <span class='ocrx_word' id='word_1_577' title='bbox 1981 1927 2234 1985; x_wconf 88' lang='lat' dir='ltr'><strong>laborant</strong></span> <span class='ocrx_word' id='word_1_578' title='bbox 2258 1929 2405 1985; x_wconf 90' lang='lat' dir='ltr'><strong>inter</strong></span> <span class='ocrx_word' id='word_1_579' title='bbox 2435 1945 2555 1998; x_wconf 89' lang='lat' dir='ltr'><strong>vos,</strong></span> <span class='ocrx_word' id='word_1_580' title='bbox 2597 1938 2654 1986; x_wconf 92' lang='lat' dir='ltr'><strong>et</strong></span> <span class='ocrx_word' id='word_1_581' title='bbox 2680 1941 2923 2001; x_wconf 83' lang='lat' dir='ltr'><strong>praesunt</strong></span> <span class='ocrx_word' id='word_1_582' title='bbox 2963 1933 3119 1988; x_wconf 89' lang='lat' dir='ltr'><strong>vobis</strong></span> <span class='ocrx_word' id='word_1_583' title='bbox 3155 1934 3207 1987; x_wconf 92' lang='lat' dir='ltr'><strong>in</strong></span> <span class='ocrx_word' id='word_1_584' title='bbox 3249 1935 3495 2002; x_wconf 88' lang='lat' dir='ltr'><strong>Domino,</strong></span> <span class='ocrx_word' id='word_1_585' title='bbox 3527 1945 3585 1992; x_wconf 91' lang='lat' dir='ltr'><strong>et</strong></span> 
     </span>
    </p>
   </div>
   <div class='ocr_carea' id='block_1_78' title="bbox 1982 2024 3585 2084">
    <p class='ocr_par' dir='ltr' id='par_1_78' title="bbox 1982 2024 3585 2084">
     <span class='ocr_line' id='line_1_79' title="bbox 1982 2024 3585 2084; baseline 0.003 -6"><span class='ocrx_word' id='word_1_586' title='bbox 1982 2032 2206 2079; x_wconf 90' lang='lat' dir='ltr'><strong>monent</strong></span> <span class='ocrx_word' id='word_1_587' title='bbox 2234 2039 2331 2080; x_wconf 90' lang='lat' dir='ltr'><strong>vos</strong></span> <span class='ocrx_word' id='word_1_588' title='bbox 2357 2043 2369 2079; x_wconf 91' lang='lat'><strong>:</strong></span> <span class='ocrx_word' id='word_1_589' title='bbox 2396 2032 2458 2079; x_wconf 91' lang='lat' dir='ltr'><strong>ut</strong></span> <span class='ocrx_word' id='word_1_590' title='bbox 2484 2024 2732 2081; x_wconf 88' lang='lat' dir='ltr'><strong>habeatis</strong></span> <span class='ocrx_word' id='word_1_591' title='bbox 2760 2024 2882 2081; x_wconf 92' lang='lat' dir='ltr'><strong>illos</strong></span> <span class='ocrx_word' id='word_1_592' title='bbox 2922 2025 3287 2083; x_wconf 89' lang='lat' dir='ltr'><strong>abundantius</strong></span> <span class='ocrx_word' id='word_1_593' title='bbox 3319 2027 3375 2082; x_wconf 94' lang='lat' dir='ltr'><strong>in</strong></span> <span class='ocrx_word' id='word_1_594' title='bbox 3405 2029 3585 2084; x_wconf 89' lang='lat' dir='ltr'><strong>chari-</strong></span> 
     </span>
    </p>
   </div>
   <div class='ocr_carea' id='block_1_79' title="bbox 1981 2117 3582 2189">
    <p class='ocr_par' dir='ltr' id='par_1_79' title="bbox 1981 2117 3582 2189">
     <span class='ocr_line' id='line_1_80' title="bbox 1981 2117 3582 2189; baseline 0.003 -17"><span class='ocrx_word' id='word_1_595' title='bbox 1981 2124 2131 2184; x_wconf 88' lang='lat' dir='ltr'><strong>tate;</strong></span> <span class='ocrx_word' id='word_1_596' title='bbox 2180 2126 2406 2189; x_wconf 91' lang='lat' dir='ltr'><strong>propter</strong></span> <span class='ocrx_word' id='word_1_597' title='bbox 2433 2133 2570 2188; x_wconf 91' lang='lat' dir='ltr'><strong>opus</strong></span> <span class='ocrx_word' id='word_1_598' title='bbox 2616 2117 2833 2173; x_wconf 92' lang='lat' dir='ltr'><strong>illorum</strong></span> <span class='ocrx_word' id='word_1_599' title='bbox 2875 2133 3068 2189; x_wconf 89' lang='lat' dir='ltr'><strong>pacem</strong></span> <span class='ocrx_word' id='word_1_600' title='bbox 3112 2119 3308 2176; x_wconf 80' lang='lat' dir='ltr'><strong>habete</strong></span> <span class='ocrx_word' id='word_1_601' title='bbox 3348 2136 3472 2176; x_wconf 85' lang='lat' dir='ltr'><strong>cum</strong></span> <span class='ocrx_word' id='word_1_602' title='bbox 3502 2123 3582 2178; x_wconf 88' lang='lat' dir='ltr'><strong>eis</strong></span> 
     </span>
    </p>
   </div>
   <div class='ocr_carea' id='block_1_80' title="bbox 1981 2205 3582 2282">
    <p class='ocr_par' dir='ltr' id='par_1_80' title="bbox 1981 2205 3582 2282">
     <span class='ocr_line' id='line_1_81' title="bbox 1981 2205 3582 2282; baseline 0.003 -21"><span class='ocrx_word' id='word_1_603' title='bbox 1981 2206 2035 2279; x_wconf 93' lang='lat' dir='ltr'><strong>(I</strong></span> <span class='ocrx_word' id='word_1_604' title='bbox 2067 2205 2220 2263; x_wconf 73' lang='lat' dir='ltr'><strong>Thes.</strong></span> <span class='ocrx_word' id='word_1_605' title='bbox 2265 2209 2340 2282; x_wconf 94' lang='lat' dir='ltr'><strong>v).</strong></span> <span class='ocrx_word' id='word_1_606' title='bbox 2378 2229 2397 2261; x_wconf 85' lang='grc'>›</span> <span class='ocrx_word' id='word_1_607' title='bbox 2426 2208 2495 2264; x_wconf 90' lang='grc' dir='ltr'>Ει</span> <span class='ocrx_word' id='word_1_608' title='bbox 2541 2209 2610 2264; x_wconf 86' lang='lat' dir='ltr'><strong>ad</strong></span> <span class='ocrx_word' id='word_1_609' title='bbox 2650 2208 3038 2265; x_wconf 88' lang='lat' dir='ltr'><strong>Timotheum:</strong></span> <span class='ocrx_word' id='word_1_610' title='bbox 3065 2228 3084 2261; x_wconf 71' lang='grc' dir='ltr'><strong>ι</strong></span> <span class='ocrx_word' id='word_1_611' title='bbox 3119 2207 3221 2275; x_wconf 87' lang='lat' dir='ltr'><strong>Qui</strong></span> <span class='ocrx_word' id='word_1_612' title='bbox 3262 2210 3400 2267; x_wconf 89' lang='lat' dir='ltr'><strong>bene</strong></span> <span class='ocrx_word' id='word_1_613' title='bbox 3445 2227 3582 2282; x_wconf 71' lang='lat' dir='ltr'><strong>pra:-</strong></span> 
     </span>
    </p>
   </div>
   <div class='ocr_carea' id='block_1_81' title="bbox 1981 2300 3584 2376">
    <p class='ocr_par' dir='ltr' id='par_1_81' title="bbox 1981 2300 3584 2376">
     <span class='ocr_line' id='line_1_82' title="bbox 1981 2300 3584 2376; baseline 0.003 -21"><span class='ocrx_word' id='word_1_614' title='bbox 1981 2308 2130 2368; x_wconf 89' lang='lat' dir='ltr'><strong>sunt,</strong></span> <span class='ocrx_word' id='word_1_615' title='bbox 2156 2300 2350 2372; x_wconf 88' lang='lat' dir='ltr'><strong>inquit,</strong></span> <span class='ocrx_word' id='word_1_616' title='bbox 2377 2300 2700 2374; x_wconf 81' lang='lat' dir='ltr'><strong>presbyteri,</strong></span> <span class='ocrx_word' id='word_1_617' title='bbox 2725 2301 2923 2372; x_wconf 89' lang='lat' dir='ltr'><strong>duplici</strong></span> <span class='ocrx_word' id='word_1_618' title='bbox 2945 2301 3154 2359; x_wconf 90' lang='lat' dir='ltr'><strong>honore</strong></span> <span class='ocrx_word' id='word_1_619' title='bbox 3178 2304 3325 2376; x_wconf 89' lang='lat' dir='ltr'><strong>digni</strong></span> <span class='ocrx_word' id='word_1_620' title='bbox 3351 2304 3584 2362; x_wconf 86' lang='lat' dir='ltr'><strong>habean-</strong></span> 
     </span>
    </p>
   </div>
   <div class='ocr_carea' id='block_1_82' title="bbox 1983 2391 3583 2468">
    <p class='ocr_par' dir='ltr' id='par_1_82' title="bbox 1983 2391 3583 2468">
     <span class='ocr_line' id='line_1_83' title="bbox 1983 2391 3583 2468; baseline 0.006 -24"><span class='ocrx_word' id='word_1_621' title='bbox 1983 2397 2107 2446; x_wconf 87' lang='lat' dir='ltr'><strong>tur:</strong></span> <span class='ocrx_word' id='word_1_622' title='bbox 2137 2391 2373 2448; x_wconf 83' lang='lat' dir='ltr'><strong>maxime</strong></span> <span class='ocrx_word' id='word_1_623' title='bbox 2393 2393 2486 2463; x_wconf 88' lang='lat' dir='ltr'><strong>qui</strong></span> <span class='ocrx_word' id='word_1_624' title='bbox 2508 2393 2760 2450; x_wconf 87' lang='lat' dir='ltr'><strong>laborant</strong></span> <span class='ocrx_word' id='word_1_625' title='bbox 2780 2393 2835 2449; x_wconf 93' lang='lat' dir='ltr'><strong>in</strong></span> <span class='ocrx_word' id='word_1_626' title='bbox 2856 2394 3025 2450; x_wconf 90' lang='lat' dir='ltr'><strong>verbo</strong></span> <span class='ocrx_word' id='word_1_627' title='bbox 3044 2402 3101 2451; x_wconf 90' lang='lat' dir='ltr'><strong>et</strong></span> <span class='ocrx_word' id='word_1_628' title='bbox 3119 2395 3365 2451; x_wconf 87' lang='lat' dir='ltr'><strong>doctrina</strong></span> <span class='ocrx_word' id='word_1_629' title='bbox 3390 2415 3411 2450; x_wconf 70' lang='grc' dir='ltr'><em>ι</em></span> <span class='ocrx_word' id='word_1_630' title='bbox 3455 2398 3583 2468; x_wconf 85' lang='lat' dir='ltr'><strong>quia</strong></span> 
     </span>
    </p>
   </div>
   <div class='ocr_carea' id='block_1_83' title="bbox 1989 2487 3467 2564">
    <p class='ocr_par' dir='ltr' id='par_1_83' title="bbox 1989 2487 3467 2564">
     <span class='ocr_line' id='line_1_84' title="bbox 1989 2487 3467 2564; baseline 0.003 -24"><span class='ocrx_word' id='word_1_631' title='bbox 1989 2505 2009 2540; x_wconf 74' lang='grc' dir='ltr'><strong>ι</strong></span> <span class='ocrx_word' id='word_1_632' title='bbox 2044 2487 2242 2558; x_wconf 90' lang='lat' dir='ltr'><strong>dignus</strong></span> <span class='ocrx_word' id='word_1_633' title='bbox 2270 2498 2356 2546; x_wconf 97' lang='grc' dir='ltr'><strong>εει</strong></span> <span class='ocrx_word' id='word_1_634' title='bbox 2383 2489 2664 2561; x_wconf 87' lang='lat' dir='ltr'><strong>operarius</strong></span> <span class='ocrx_word' id='word_1_635' title='bbox 2687 2489 2940 2546; x_wconf 89' lang='lat' dir='ltr'><strong>mercede</strong></span> <span class='ocrx_word' id='word_1_636' title='bbox 2965 2506 3062 2546; x_wconf 89' lang='lat' dir='ltr'><strong>sua</strong></span> <span class='ocrx_word' id='word_1_637' title='bbox 3092 2490 3143 2561; x_wconf 90' lang='grc' dir='ltr'><strong>(Ι</strong></span> <span class='ocrx_word' id='word_1_638' title='bbox 3186 2490 3319 2546; x_wconf 89' lang='lat' dir='ltr'><strong>Tim.</strong></span> <span class='ocrx_word' id='word_1_639' title='bbox 3348 2490 3424 2564; x_wconf 93' lang='lat' dir='ltr'><strong>v).</strong></span> <span class='ocrx_word' id='word_1_640' title='bbox 3446 2512 3467 2545; x_wconf 77' lang='grc' dir='ltr'><strong><em>ι</em></strong></span> 
     </span>
    </p>
   </div>
   <div class='ocr_carea' id='block_1_84' title="bbox 2059 2581 3582 2654">
    <p class='ocr_par' dir='ltr' id='par_1_84' title="bbox 2059 2581 3582 2654">
     <span class='ocr_line' id='line_1_85' title="bbox 2059 2581 3582 2654; baseline 0.006 -22"><span class='ocrx_word' id='word_1_641' title='bbox 2059 2599 2078 2632; x_wconf 89' lang='grc'><strong>‹</strong></span> <span class='ocrx_word' id='word_1_642' title='bbox 2117 2581 2332 2638; x_wconf 87' lang='lat' dir='ltr'><strong>Honora</strong></span> <span class='ocrx_word' id='word_1_643' title='bbox 2366 2592 2576 2654; x_wconf 88' lang='lat' dir='ltr'><strong>patrem</strong></span> <span class='ocrx_word' id='word_1_644' title='bbox 2608 2591 2790 2651; x_wconf 85' lang='lat' dir='ltr'><strong>tuum,</strong></span> <span class='ocrx_word' id='word_1_645' title='bbox 2820 2592 2885 2639; x_wconf 91' lang='lat' dir='ltr'><strong>ut</strong></span> <span class='ocrx_word' id='word_1_646' title='bbox 2909 2584 3262 2654; x_wconf 87' lang='lat' dir='ltr'><strong>superveniat</strong></span> <span class='ocrx_word' id='word_1_647' title='bbox 3290 2585 3388 2641; x_wconf 88' lang='lat' dir='ltr'><strong>tibi</strong></span> <span class='ocrx_word' id='word_1_648' title='bbox 3417 2585 3582 2641; x_wconf 90' lang='lat' dir='ltr'><strong>bene-</strong></span> 
     </span>
    </p>
   </div>
   <div class='ocr_carea' id='block_1_85' title="bbox 1987 2673 3579 2742">
    <p class='ocr_par' dir='ltr' id='par_1_85' title="bbox 1987 2673 3579 2742">
     <span class='ocr_line' id='line_1_86' title="bbox 1987 2673 3579 2742; baseline 0.005 -16"><span class='ocrx_word' id='word_1_649' title='bbox 1987 2692 2008 2726; x_wconf 76' lang='grc' dir='ltr'><strong>ι</strong></span> <span class='ocrx_word' id='word_1_650' title='bbox 2038 2673 2204 2730; x_wconf 87' lang='lat' dir='ltr'><strong>dictio</strong></span> <span class='ocrx_word' id='word_1_651' title='bbox 2225 2691 2256 2731; x_wconf 91' lang='lat' dir='ltr'><strong>a</strong></span> <span class='ocrx_word' id='word_1_652' title='bbox 2285 2676 2418 2742; x_wconf 77' lang='lat' dir='ltr'><strong>Deo,</strong></span> <span class='ocrx_word' id='word_1_653' title='bbox 2450 2685 2506 2731; x_wconf 89' lang='lat' dir='ltr'><strong>et</strong></span> <span class='ocrx_word' id='word_1_654' title='bbox 2532 2676 2838 2733; x_wconf 89' lang='lat' dir='ltr'><strong>benedictio</strong></span> <span class='ocrx_word' id='word_1_655' title='bbox 2867 2677 3016 2734; x_wconf 89' lang='lat' dir='ltr'><strong>illius</strong></span> <span class='ocrx_word' id='word_1_656' title='bbox 3050 2678 3107 2732; x_wconf 92' lang='lat' dir='ltr'><strong>in</strong></span> <span class='ocrx_word' id='word_1_657' title='bbox 3136 2677 3435 2734; x_wconf 89' lang='lat' dir='ltr'><strong>novissimo</strong></span> <span class='ocrx_word' id='word_1_658' title='bbox 3461 2694 3579 2734; x_wconf 86' lang='lat' dir='ltr'><strong>ma—</strong></span> 
     </span>
    </p>
   </div>
   <div class='ocr_carea' id='block_1_86' title="bbox 1989 2766 3584 2840">
    <p class='ocr_par' dir='ltr' id='par_1_86' title="bbox 1989 2766 3584 2840">
     <span class='ocr_line' id='line_1_87' title="bbox 1989 2766 3584 2840; baseline 0.006 -24"><span class='ocrx_word' id='word_1_659' title='bbox 1989 2783 2010 2816; x_wconf 84' lang='grc'><em>‹</em></span> <span class='ocrx_word' id='word_1_660' title='bbox 2039 2773 2186 2822; x_wconf 87' lang='lat' dir='ltr'><strong>neat.</strong></span> <span class='ocrx_word' id='word_1_661' title='bbox 2221 2786 2239 2820; x_wconf 84' lang='grc'>›</span> <span class='ocrx_word' id='word_1_662' title='bbox 2267 2766 2455 2824; x_wconf 84' lang='lat' dir='ltr'><strong>Honor</strong></span> <span class='ocrx_word' id='word_1_663' title='bbox 2495 2767 2670 2840; x_wconf 90' lang='lat' dir='ltr'><strong>patris</strong></span> <span class='ocrx_word' id='word_1_664' title='bbox 2711 2769 2826 2824; x_wconf 91' lang='lat' dir='ltr'><strong>sive</strong></span> <span class='ocrx_word' id='word_1_665' title='bbox 2867 2769 3161 2840; x_wconf 87' lang='lat' dir='ltr'><strong>spiritalis,</strong></span> <span class='ocrx_word' id='word_1_666' title='bbox 3195 2771 3309 2825; x_wconf 89' lang='lat' dir='ltr'><strong>sive</strong></span> <span class='ocrx_word' id='word_1_667' title='bbox 3348 2771 3584 2825; x_wconf 85' lang='lat' dir='ltr'><strong>carnalis</strong></span> 
     </span>
    </p>
   </div>
   <div class='ocr_carea' id='block_1_87' title="bbox 1980 2857 3585 2933">
    <p class='ocr_par' dir='ltr' id='par_1_87' title="bbox 1980 2857 3585 2933">
     <span class='ocr_line' id='line_1_88' title="bbox 1980 2857 3585 2933; baseline 0.001 -19"><span class='ocrx_word' id='word_1_668' title='bbox 1980 2857 2416 2916; x_wconf 88' lang='lat' dir='ltr'><strong>benedictionem</strong></span> <span class='ocrx_word' id='word_1_669' title='bbox 2447 2877 2480 2915; x_wconf 91' lang='lat' dir='ltr'><strong>a</strong></span> <span class='ocrx_word' id='word_1_670' title='bbox 2510 2862 2743 2918; x_wconf 91' lang='lat' dir='ltr'><strong>Domino</strong></span> <span class='ocrx_word' id='word_1_671' title='bbox 2771 2873 3120 2931; x_wconf 86' lang='lat' dir='ltr'><strong>promeretur</strong></span> <span class='ocrx_word' id='word_1_672' title='bbox 3145 2879 3160 2927; x_wconf 89' lang='lat'><strong>;</strong></span> <span class='ocrx_word' id='word_1_673' title='bbox 3206 2872 3262 2916; x_wconf 89' lang='lat' dir='ltr'><strong>et</strong></span> <span class='ocrx_word' id='word_1_674' title='bbox 3295 2871 3417 2933; x_wconf 90' lang='lat' dir='ltr'><strong>apte</strong></span> <span class='ocrx_word' id='word_1_675' title='bbox 3449 2862 3585 2916; x_wconf 84' lang='lat' dir='ltr'><strong>dici-</strong></span> 
     </span>
    </p>
   </div>
   <div class='ocr_carea' id='block_1_88' title="bbox 1981 2953 3574 3022">
    <p class='ocr_par' dir='ltr' id='par_1_88' title="bbox 1981 2953 3574 3022">
     <span class='ocr_line' id='line_1_89' title="bbox 1981 2953 3574 3022; baseline 0 -16"><span class='ocrx_word' id='word_1_676' title='bbox 1981 2959 2090 3015; x_wconf 86' lang='lat' dir='ltr'><strong>tur,</strong></span> <span class='ocrx_word' id='word_1_677' title='bbox 2121 2953 2266 3022; x_wconf 92' lang='lat' dir='ltr'><strong>quod</strong></span> <span class='ocrx_word' id='word_1_678' title='bbox 2293 2971 2312 3003; x_wconf 77' lang='lat' dir='ltr'><strong>t</strong></span> <span class='ocrx_word' id='word_1_679' title='bbox 2344 2953 2399 3007; x_wconf 91' lang='lat' dir='ltr'><strong>in</strong></span> <span class='ocrx_word' id='word_1_680' title='bbox 2426 2953 2724 3009; x_wconf 90' lang='lat' dir='ltr'><strong>novissimo</strong></span> <span class='ocrx_word' id='word_1_681' title='bbox 2755 2954 3062 3010; x_wconf 88' lang='lat' dir='ltr'><strong>benedictio</strong></span> <span class='ocrx_word' id='word_1_682' title='bbox 3093 2953 3237 3009; x_wconf 92' lang='lat' dir='ltr'><strong>illius</strong></span> <span class='ocrx_word' id='word_1_683' title='bbox 3267 2962 3520 3018; x_wconf 86' lang='lat' dir='ltr'><strong>maneat,</strong></span> <span class='ocrx_word' id='word_1_684' title='bbox 3555 2974 3574 3006; x_wconf 76' lang='grc' dir='ltr'><strong>ι</strong></span> 
     </span>
    </p>
   </div>
   <div class='ocr_carea' id='block_1_89' title="bbox 1981 3045 3118 3118">
    <p class='ocr_par' dir='ltr' id='par_1_89' title="bbox 1981 3045 3118 3118">
     <span class='ocr_line' id='line_1_90' title="bbox 1981 3045 3118 3118; baseline 0.001 -19"><span class='ocrx_word' id='word_1_685' title='bbox 1981 3045 2109 3114; x_wconf 87' lang='lat' dir='ltr'><strong>quia</strong></span> <span class='ocrx_word' id='word_1_686' title='bbox 2137 3053 2341 3100; x_wconf 67' lang='lat' dir='ltr'><strong>aeterna</strong></span> <span class='ocrx_word' id='word_1_687' title='bbox 2370 3047 2620 3102; x_wconf 89' lang='lat' dir='ltr'><strong>mercede</strong></span> <span class='ocrx_word' id='word_1_688' title='bbox 2653 3056 3118 3118; x_wconf 86' lang='lat' dir='ltr'><strong>recompensatur.</strong></span> 
     </span>
    </p>
   </div>
   <div class='ocr_carea' id='block_1_90' title="bbox 2056 3136 3578 3208">
    <p class='ocr_par' dir='ltr' id='par_1_90' title="bbox 2056 3136 3578 3208">
     <span class='ocr_line' id='line_1_91' title="bbox 2056 3136 3578 3208; baseline 0.003 -21"><span class='ocrx_word' id='word_1_689' title='bbox 2056 3155 2074 3187; x_wconf 83' lang='grc'><strong><em>‹</em></strong></span> <span class='ocrx_word' id='word_1_690' title='bbox 2109 3136 2429 3193; x_wconf 79' lang='lat' dir='ltr'><strong>Benedictio</strong></span> <span class='ocrx_word' id='word_1_691' title='bbox 2457 3137 2629 3208; x_wconf 90' lang='lat' dir='ltr'><strong>patris</strong></span> <span class='ocrx_word' id='word_1_692' title='bbox 2657 3138 2842 3193; x_wconf 89' lang='lat' dir='ltr'><strong>ﬁrmat</strong></span> <span class='ocrx_word' id='word_1_693' title='bbox 2872 3139 3062 3194; x_wconf 83' lang='lat' dir='ltr'><strong>(lomos</strong></span> <span class='ocrx_word' id='word_1_694' title='bbox 3093 3138 3326 3193; x_wconf 88' lang='lat' dir='ltr'><strong>ﬁliorum</strong></span> <span class='ocrx_word' id='word_1_695' title='bbox 3358 3155 3372 3205; x_wconf 92' lang='lat'><strong>;</strong></span> <span class='ocrx_word' id='word_1_696' title='bbox 3408 3139 3578 3194; x_wconf 87' lang='lat' dir='ltr'><strong>male-</strong></span> 
     </span>
    </p>
   </div>
   <div class='ocr_carea' id='block_1_91' title="bbox 1987 3230 3582 3286">
    <p class='ocr_par' dir='ltr' id='par_1_91' title="bbox 1987 3230 3582 3286">
     <span class='ocr_line' id='line_1_92' title="bbox 1987 3230 3582 3286; baseline -0.002 -2"><span class='ocrx_word' id='word_1_697' title='bbox 1987 3248 2005 3280; x_wconf 84' lang='grc'><strong><em>‹</em></strong></span> <span class='ocrx_word' id='word_1_698' title='bbox 2038 3230 2209 3284; x_wconf 89' lang='lat' dir='ltr'><strong>dictio</strong></span> <span class='ocrx_word' id='word_1_699' title='bbox 2240 3239 2427 3285; x_wconf 89' lang='lat' dir='ltr'><strong>autem</strong></span> <span class='ocrx_word' id='word_1_700' title='bbox 2458 3230 2655 3285; x_wconf 88' lang='lat' dir='ltr'><strong>matris</strong></span> <span class='ocrx_word' id='word_1_701' title='bbox 2687 3230 2932 3286; x_wconf 87' lang='lat' dir='ltr'><strong>eradicat</strong></span> <span class='ocrx_word' id='word_1_702' title='bbox 2961 3231 3333 3286; x_wconf 84' lang='lat' dir='ltr'><strong>fundamenta.</strong></span> <span class='ocrx_word' id='word_1_703' title='bbox 3369 3249 3388 3284; x_wconf 74' lang='grc' dir='ltr'><strong>ι</strong></span> <span class='ocrx_word' id='word_1_704' title='bbox 3423 3230 3582 3284; x_wconf 85' lang='lat' dir='ltr'><strong>Inve—</strong></span> 
     </span>
    </p>
   </div>
   <div class='ocr_carea' id='block_1_92' title="bbox 1899 3308 3572 3391">
    <p class='ocr_par' dir='ltr' id='par_1_92' title="bbox 1899 3308 3572 3391">
     <span class='ocr_line' id='line_1_93' title="bbox 1899 3308 3572 3391; baseline 0 -19"><span class='ocrx_word' id='word_1_705' title='bbox 1899 3308 1946 3372; x_wconf 90' lang='lat' dir='ltr'><strong>C</strong></span> <span class='ocrx_word' id='word_1_706' title='bbox 1978 3319 2201 3374; x_wconf 87' lang='lat' dir='ltr'><strong>niuntur</strong></span> <span class='ocrx_word' id='word_1_707' title='bbox 2246 3320 2571 3391; x_wconf 71' lang='lat' dir='ltr'><strong>patriarchae</strong></span> <span class='ocrx_word' id='word_1_708' title='bbox 2620 3321 2943 3390; x_wconf 90' lang='lat' dir='ltr'><strong>quibusdam</strong></span> <span class='ocrx_word' id='word_1_709' title='bbox 2988 3321 3116 3373; x_wconf 87' lang='lat' dir='ltr'><strong>ﬁliis</strong></span> <span class='ocrx_word' id='word_1_710' title='bbox 3187 3317 3300 3373; x_wconf 92' lang='lat' dir='ltr'><strong>suis</strong></span> <span class='ocrx_word' id='word_1_711' title='bbox 3348 3319 3572 3373; x_wconf 88' lang='lat' dir='ltr'><strong>benedi-</strong></span> 
     </span>
    </p>
   </div>
   <div class='ocr_carea' id='block_1_93' title="bbox 1975 3408 3574 3484">
    <p class='ocr_par' dir='ltr' id='par_1_93' title="bbox 1975 3408 3574 3484">
     <span class='ocr_line' id='line_1_94' title="bbox 1975 3408 3574 3484; baseline -0.001 -18"><span class='ocrx_word' id='word_1_712' title='bbox 1975 3411 2153 3476; x_wconf 88' lang='lat' dir='ltr'><strong>xisse,</strong></span> <span class='ocrx_word' id='word_1_713' title='bbox 2180 3421 2242 3466; x_wconf 87' lang='lat' dir='ltr'><strong>ut</strong></span> <span class='ocrx_word' id='word_1_714' title='bbox 2264 3411 2398 3477; x_wconf 87' lang='lat' dir='ltr'><strong>Noe,</strong></span> <span class='ocrx_word' id='word_1_715' title='bbox 2426 3412 2554 3468; x_wconf 90' lang='lat' dir='ltr'><strong>Sem</strong></span> <span class='ocrx_word' id='word_1_716' title='bbox 2575 3453 2589 3477; x_wconf 97' lang='lat'><strong>,</strong></span> <span class='ocrx_word' id='word_1_717' title='bbox 2619 3420 2673 3467; x_wconf 89' lang='lat' dir='ltr'><strong>et</strong></span> <span class='ocrx_word' id='word_1_718' title='bbox 2696 3410 2891 3481; x_wconf 82' lang='lat' dir='ltr'><strong>Japhet</strong></span> <span class='ocrx_word' id='word_1_719' title='bbox 2917 3411 2937 3484; x_wconf 92' lang='lat'><strong>(</strong></span> <span class='ocrx_word' id='word_1_720' title='bbox 2959 3408 3088 3465; x_wconf 84' lang='lat' dir='ltr'><strong>Gen.</strong></span> <span class='ocrx_word' id='word_1_721' title='bbox 3119 3409 3208 3483; x_wconf 77' lang='lat' dir='ltr'><strong>ix)</strong></span> <span class='ocrx_word' id='word_1_722' title='bbox 3234 3427 3248 3476; x_wconf 92' lang='lat'><strong>;</strong></span> <span class='ocrx_word' id='word_1_723' title='bbox 3278 3411 3574 3481; x_wconf 82' lang='lat' dir='ltr'><strong>posterita-</strong></span> 
     </span>
    </p>
   </div>
   <div class='ocr_carea' id='block_1_94' title="bbox 1974 3501 3574 3574">
    <p class='ocr_par' dir='ltr' id='par_1_94' title="bbox 1974 3501 3574 3574">
     <span class='ocr_line' id='line_1_95' title="bbox 1974 3501 3574 3574; baseline -0.001 -16"><span class='ocrx_word' id='word_1_724' title='bbox 1974 3512 2084 3562; x_wconf 89' lang='lat' dir='ltr'><strong>tem</strong></span> <span class='ocrx_word' id='word_1_725' title='bbox 2116 3515 2298 3560; x_wconf 90' lang='lat' dir='ltr'><strong>autem</strong></span> <span class='ocrx_word' id='word_1_726' title='bbox 2329 3503 2499 3560; x_wconf 90' lang='lat' dir='ltr'><strong>Cham</strong></span> <span class='ocrx_word' id='word_1_727' title='bbox 2533 3503 2878 3559; x_wconf 87' lang='lat' dir='ltr'><strong>maledixisse</strong></span> <span class='ocrx_word' id='word_1_728' title='bbox 2909 3502 3092 3573; x_wconf 88' lang='lat' dir='ltr'><strong>(Ibid.</strong></span> <span class='ocrx_word' id='word_1_729' title='bbox 3125 3501 3295 3574; x_wconf 88' lang='lat' dir='ltr'><strong>xxv).</strong></span> <span class='ocrx_word' id='word_1_730' title='bbox 3342 3503 3574 3558; x_wconf 86' lang='lat' dir='ltr'><strong>Benedi-</strong></span> 
     </span>
    </p>
   </div>
   <div class='ocr_carea' id='block_1_95' title="bbox 1973 3591 3570 3658">
    <p class='ocr_par' dir='ltr' id='par_1_95' title="bbox 1973 3591 3570 3658">
     <span class='ocr_line' id='line_1_96' title="bbox 1973 3591 3570 3658; baseline -0.001 -7"><span class='ocrx_word' id='word_1_731' title='bbox 1973 3597 2056 3651; x_wconf 87' lang='lat' dir='ltr'><strong>xit</strong></span> <span class='ocrx_word' id='word_1_732' title='bbox 2087 3605 2268 3651; x_wconf 91' lang='lat' dir='ltr'><strong>autem</strong></span> <span class='ocrx_word' id='word_1_733' title='bbox 2297 3594 2575 3650; x_wconf 69' lang='lat' dir='ltr'><strong>Abraham</strong></span> <span class='ocrx_word' id='word_1_734' title='bbox 2614 3594 2769 3650; x_wconf 87' lang='lat' dir='ltr'><strong>Isaac</strong></span> <span class='ocrx_word' id='word_1_735' title='bbox 2811 3592 2922 3649; x_wconf 88' lang='lat' dir='ltr'><strong>ﬁlio</strong></span> <span class='ocrx_word' id='word_1_736' title='bbox 2953 3608 3084 3658; x_wconf 90' lang='lat' dir='ltr'><strong>suo,</strong></span> <span class='ocrx_word' id='word_1_737' title='bbox 3116 3602 3172 3648; x_wconf 91' lang='lat' dir='ltr'><strong>et</strong></span> <span class='ocrx_word' id='word_1_738' title='bbox 3211 3592 3362 3648; x_wconf 89' lang='lat' dir='ltr'><strong>Isaac</strong></span> <span class='ocrx_word' id='word_1_739' title='bbox 3402 3591 3570 3649; x_wconf 88' lang='lat' dir='ltr'><strong>Jacob</strong></span> 
     </span>
    </p>
   </div>
   <div class='ocr_carea' id='block_1_96' title="bbox 1976 3681 3570 3757">
    <p class='ocr_par' dir='ltr' id='par_1_96' title="bbox 1976 3681 3570 3757">
     <span class='ocr_line' id='line_1_97' title="bbox 1976 3681 3570 3757; baseline -0.002 -17"><span class='ocrx_word' id='word_1_740' title='bbox 1976 3685 2158 3757; x_wconf 88' lang='lat' dir='ltr'><strong>(Ibid.</strong></span> <span class='ocrx_word' id='word_1_741' title='bbox 2187 3685 2419 3756; x_wconf 85' lang='lat' dir='ltr'><strong>xxvu),</strong></span> <span class='ocrx_word' id='word_1_742' title='bbox 2475 3694 2531 3742; x_wconf 91' lang='lat' dir='ltr'><strong>et</strong></span> <span class='ocrx_word' id='word_1_743' title='bbox 2560 3684 2728 3741; x_wconf 85' lang='lat' dir='ltr'><strong>Jacob</strong></span> <span class='ocrx_word' id='word_1_744' title='bbox 2761 3685 3044 3737; x_wconf 85' lang='lat' dir='ltr'><strong>duodecim</strong></span> <span class='ocrx_word' id='word_1_745' title='bbox 3085 3681 3413 3751; x_wconf 89' lang='lat' dir='ltr'><strong>patriarchis</strong></span> <span class='ocrx_word' id='word_1_746' title='bbox 3457 3683 3570 3738; x_wconf 86' lang='lat' dir='ltr'><strong>sin-</strong></span> 
     </span>
    </p>
   </div>
   <div class='ocr_carea' id='block_1_97' title="bbox 1973 3770 3573 3845">
    <p class='ocr_par' dir='ltr' id='par_1_97' title="bbox 1973 3770 3573 3845">
     <span class='ocr_line' id='line_1_98' title="bbox 1973 3770 3573 3845; baseline 0.001 -17"><span class='ocrx_word' id='word_1_747' title='bbox 1973 3778 2132 3845; x_wconf 87' lang='lat' dir='ltr'><strong>gulas</strong></span> <span class='ocrx_word' id='word_1_748' title='bbox 2174 3770 2586 3828; x_wconf 88' lang='lat' dir='ltr'><strong>benedictiones</strong></span> <span class='ocrx_word' id='word_1_749' title='bbox 2629 3771 2776 3827; x_wconf 89' lang='lat' dir='ltr'><strong>dedit</strong></span> <span class='ocrx_word' id='word_1_750' title='bbox 2819 3771 3028 3843; x_wconf 86' lang='lat' dir='ltr'><strong>(Ibid.,</strong></span> <span class='ocrx_word' id='word_1_751' title='bbox 3055 3773 3244 3844; x_wconf 80' lang='lat' dir='ltr'><strong>xux).</strong></span> <span class='ocrx_word' id='word_1_752' title='bbox 3275 3773 3334 3828; x_wconf 89' lang='lat' dir='ltr'><strong>In</strong></span> <span class='ocrx_word' id='word_1_753' title='bbox 3374 3775 3573 3845; x_wconf 88' lang='lat' dir='ltr'><strong>quibus</strong></span> 
     </span>
    </p>
   </div>
   <div class='ocr_carea' id='block_1_98' title="bbox 1971 3863 3573 3938">
    <p class='ocr_par' dir='ltr' id='par_1_98' title="bbox 1971 3863 3573 3938">
     <span class='ocr_line' id='line_1_99' title="bbox 1971 3863 3573 3938; baseline 0.001 -16"><span class='ocrx_word' id='word_1_754' title='bbox 1971 3866 2226 3922; x_wconf 91' lang='lat' dir='ltr'><strong>omnibus</strong></span> <span class='ocrx_word' id='word_1_755' title='bbox 2287 3863 2755 3921; x_wconf 87' lang='lat' dir='ltr'><strong>benedictionibus</strong></span> <span class='ocrx_word' id='word_1_756' title='bbox 2816 3864 2905 3922; x_wconf 87' lang='lat' dir='ltr'><strong>ille</strong></span> <span class='ocrx_word' id='word_1_757' title='bbox 2965 3865 3435 3938; x_wconf 73' lang='lat' dir='ltr'><strong>przeﬁgurabatur,</strong></span> <span class='ocrx_word' id='word_1_758' title='bbox 3479 3869 3573 3938; x_wconf 91' lang='lat' dir='ltr'><strong>qui</strong></span> 
     </span>
    </p>
   </div>
   <div class='ocr_carea' id='block_1_99' title="bbox 1972 3957 3572 4028">
    <p class='ocr_par' dir='ltr' id='par_1_99' title="bbox 1972 3957 3572 4028">
     <span class='ocr_line' id='line_1_100' title="bbox 1972 3957 3572 4028; baseline -0.001 -14"><span class='ocrx_word' id='word_1_759' title='bbox 1972 3959 2040 4014; x_wconf 89' lang='lat' dir='ltr'><strong>de</strong></span> <span class='ocrx_word' id='word_1_760' title='bbox 2086 3957 2527 4028; x_wconf 82' lang='lat' dir='ltr'><strong>patriarcharum</strong></span> <span class='ocrx_word' id='word_1_761' title='bbox 2571 3957 2741 4026; x_wconf 83' lang='lat' dir='ltr'><strong>stirpe</strong></span> <span class='ocrx_word' id='word_1_762' title='bbox 2770 3957 3070 4012; x_wconf 89' lang='lat' dir='ltr'><strong>secundum</strong></span> <span class='ocrx_word' id='word_1_763' title='bbox 3097 3971 3318 4012; x_wconf 85' lang='lat' dir='ltr'><strong>carnem</strong></span> <span class='ocrx_word' id='word_1_764' title='bbox 3347 3957 3572 4012; x_wconf 84' lang='lat' dir='ltr'><strong>descen-</strong></span> 
     </span>
    </p>
   </div>
   <div class='ocr_carea' id='block_1_100' title="bbox 1975 4046 3565 4118">
    <p class='ocr_par' dir='ltr' id='par_1_100' title="bbox 1975 4046 3565 4118">
     <span class='ocr_line' id='line_1_101' title="bbox 1975 4046 3565 4118; baseline -0.001 -14"><span class='ocrx_word' id='word_1_765' title='bbox 1975 4049 2084 4114; x_wconf 87' lang='lat' dir='ltr'><strong>dit,</strong></span> <span class='ocrx_word' id='word_1_766' title='bbox 2117 4048 2369 4105; x_wconf 87' lang='lat' dir='ltr'><strong>Christus</strong></span> <span class='ocrx_word' id='word_1_767' title='bbox 2397 4049 2585 4118; x_wconf 88' lang='lat' dir='ltr'><strong>utique</strong></span> <span class='ocrx_word' id='word_1_768' title='bbox 2615 4046 2866 4102; x_wconf 85' lang='lat' dir='ltr'><strong>Salvator</strong></span> <span class='ocrx_word' id='word_1_769' title='bbox 2893 4055 3095 4111; x_wconf 88' lang='lat' dir='ltr'><strong>noster,</strong></span> <span class='ocrx_word' id='word_1_770' title='bbox 3141 4047 3233 4116; x_wconf 87' lang='lat' dir='ltr'><strong>qui</strong></span> <span class='ocrx_word' id='word_1_771' title='bbox 3271 4054 3356 4102; x_wconf 89' lang='lat' dir='ltr'><strong>est</strong></span> <span class='ocrx_word' id='word_1_772' title='bbox 3399 4061 3565 4117; x_wconf 90' lang='lat' dir='ltr'><strong>super</strong></span> 
     </span>
    </p>
   </div>
   <div class='ocr_carea' id='block_1_101' title="bbox 1969 4137 3568 4204">
    <p class='ocr_par' dir='ltr' id='par_1_101' title="bbox 1969 4137 3568 4204">
     <span class='ocr_line' id='line_1_102' title="bbox 1969 4137 3568 4204; baseline -0.003 -7"><span class='ocrx_word' id='word_1_773' title='bbox 1969 4141 2153 4198; x_wconf 87' lang='lat' dir='ltr'><strong>omnia</strong></span> <span class='ocrx_word' id='word_1_774' title='bbox 2195 4141 2338 4196; x_wconf 87' lang='lat' dir='ltr'><strong>Deus</strong></span> <span class='ocrx_word' id='word_1_775' title='bbox 2374 4140 2692 4196; x_wconf 87' lang='lat' dir='ltr'><strong>benedictus</strong></span> <span class='ocrx_word' id='word_1_776' title='bbox 2723 4141 2776 4194; x_wconf 91' lang='lat' dir='ltr'><strong>in</strong></span> <span class='ocrx_word' id='word_1_777' title='bbox 2809 4138 3026 4194; x_wconf 70' lang='lat' dir='ltr'><strong>saacula.</strong></span> <span class='ocrx_word' id='word_1_778' title='bbox 3065 4137 3347 4204; x_wconf 92' lang='lat' dir='ltr'><strong>Quomodo</strong></span> <span class='ocrx_word' id='word_1_779' title='bbox 3385 4150 3568 4194; x_wconf 90' lang='lat' dir='ltr'><strong>autem</strong></span> 
     </span>
    </p>
   </div>
   <div class='ocr_carea' id='block_1_102' title="bbox 1969 4220 3571 4301">
    <p class='ocr_par' dir='ltr' id='par_1_102' title="bbox 1969 4220 3571 4301">
     <span class='ocr_line' id='line_1_103' title="bbox 1969 4220 3571 4301; baseline -0.002 -13"><span class='ocrx_word' id='word_1_780' title='bbox 1969 4232 2281 4288; x_wconf 85' lang='lat' dir='ltr'><strong>maledictio</strong></span> <span class='ocrx_word' id='word_1_781' title='bbox 2327 4239 2612 4301; x_wconf 87' lang='lat' dir='ltr'><strong>parentum</strong></span> <span class='ocrx_word' id='word_1_782' title='bbox 2661 4240 2855 4284; x_wconf 88' lang='lat' dir='ltr'><strong>noceat</strong></span> <span class='ocrx_word' id='word_1_783' title='bbox 2900 4227 3107 4296; x_wconf 85' lang='lat' dir='ltr'><strong>soboli,</strong></span> <span class='ocrx_word' id='word_1_784' title='bbox 3159 4220 3470 4285; x_wconf 80' lang='lat' dir='ltr'><strong>ostenditur</strong></span> <span class='ocrx_word' id='word_1_785' title='bbox 3513 4230 3571 4285; x_wconf 88' lang='lat' dir='ltr'><strong>in</strong></span> 
     </span>
    </p>
   </div>
   <div class='ocr_carea' id='block_1_103' title="bbox 1969 4320 3571 4394">
    <p class='ocr_par' dir='ltr' id='par_1_103' title="bbox 1969 4320 3571 4394">
     <span class='ocr_line' id='line_1_104' title="bbox 1969 4320 3571 4394; baseline -0.006 -10"><span class='ocrx_word' id='word_1_786' title='bbox 1969 4327 2177 4384; x_wconf 87' lang='lat' dir='ltr'><strong>semine</strong></span> <span class='ocrx_word' id='word_1_787' title='bbox 2203 4325 2396 4380; x_wconf 87' lang='lat' dir='ltr'><strong>Cham.</strong></span> <span class='ocrx_word' id='word_1_788' title='bbox 2429 4323 2596 4394; x_wconf 87' lang='lat' dir='ltr'><strong>Cujus</strong></span> <span class='ocrx_word' id='word_1_789' title='bbox 2625 4321 2915 4393; x_wconf 87' lang='lat' dir='ltr'><strong>progenies</strong></span> <span class='ocrx_word' id='word_1_790' title='bbox 2941 4336 2972 4374; x_wconf 89' lang='lat' dir='ltr'><strong>a</strong></span> <span class='ocrx_word' id='word_1_791' title='bbox 3000 4320 3127 4376; x_wconf 80' lang='lat' dir='ltr'><strong>filiis</strong></span> <span class='ocrx_word' id='word_1_792' title='bbox 3159 4320 3318 4387; x_wconf 82' lang='lat' dir='ltr'><strong>Sem.,</strong></span> <span class='ocrx_word' id='word_1_793' title='bbox 3353 4322 3458 4376; x_wconf 92' lang='lat' dir='ltr'><strong>hoc</strong></span> <span class='ocrx_word' id='word_1_794' title='bbox 3485 4329 3571 4377; x_wconf 90' lang='lat' dir='ltr'><strong>est</strong></span> 
     </span>
    </p>
   </div>
   <div class='ocr_carea' id='block_1_104' title="bbox 1970 4412 3567 4482">
    <p class='ocr_par' dir='ltr' id='par_1_104' title="bbox 1970 4412 3567 4482">
     <span class='ocr_line' id='line_1_105' title="bbox 1970 4412 3567 4482; baseline -0.005 -8"><span class='ocrx_word' id='word_1_795' title='bbox 1970 4420 2096 4474; x_wconf 88' lang='lat' dir='ltr'><strong>ﬁliis</strong></span> <span class='ocrx_word' id='word_1_796' title='bbox 2126 4416 2346 4482; x_wconf 88' lang='lat' dir='ltr'><strong>lstrael,</strong></span> <span class='ocrx_word' id='word_1_797' title='bbox 2377 4432 2410 4471; x_wconf 91' lang='lat' dir='ltr'><strong>a</strong></span> <span class='ocrx_word' id='word_1_798' title='bbox 2437 4424 2581 4471; x_wconf 90' lang='lat' dir='ltr'><strong>terra</strong></span> <span class='ocrx_word' id='word_1_799' title='bbox 2614 4412 3057 4470; x_wconf 84' lang='lat' dir='ltr'><strong>reuromissionis</strong></span> <span class='ocrx_word' id='word_1_800' title='bbox 3079 4413 3379 4480; x_wconf 74' lang='lat' dir='ltr'><strong>exstirpata</strong></span> <span class='ocrx_word' id='word_1_801' title='bbox 3404 4420 3567 4480; x_wconf 89' lang='lat' dir='ltr'><strong>atque</strong></span> 
     </span>
    </p>
   </div>
   <div class='ocr_carea' id='block_1_105' title="bbox 1969 4512 2281 4560">
    <p class='ocr_par' dir='ltr' id='par_1_105' title="bbox 1969 4512 2281 4560">
     <span class='ocr_line' id='line_1_106' title="bbox 1969 4512 2281 4560; baseline -0.01 0"><span class='ocrx_word' id='word_1_802' title='bbox 1969 4512 2147 4560; x_wconf 69' lang='lat' dir='ltr'><strong>deleta</strong></span> <span class='ocrx_word' id='word_1_803' title='bbox 2178 4519 2281 4559; x_wconf 74' lang='lat' dir='ltr'><strong>cst.</strong></span> 
     </span>
    </p>
   </div>
   <div class='ocr_carea' id='block_1_106' title="bbox 2051 4591 3564 4666">
    <p class='ocr_par' dir='ltr' id='par_1_106' title="bbox 2051 4591 3564 4666">
     <span class='ocr_line' id='line_1_107' title="bbox 2051 4591 3564 4666; baseline 0.003 -20"><span class='ocrx_word' id='word_1_804' title='bbox 2051 4613 2068 4646; x_wconf 72' lang='grc' dir='ltr'>ς</span> <span class='ocrx_word' id='word_1_805' title='bbox 2099 4593 2176 4650; x_wconf 83' lang='lat' dir='ltr'><strong>Ne</strong></span> <span class='ocrx_word' id='word_1_806' title='bbox 2207 4593 2461 4666; x_wconf 88' lang='lat' dir='ltr'><strong>glorieris</strong></span> <span class='ocrx_word' id='word_1_807' title='bbox 2491 4592 2549 4648; x_wconf 92' lang='lat' dir='ltr'><strong>in</strong></span> <span class='ocrx_word' id='word_1_808' title='bbox 2580 4591 2907 4649; x_wconf 88' lang='lat' dir='ltr'><strong>contumelia</strong></span> <span class='ocrx_word' id='word_1_809' title='bbox 2934 4593 3106 4663; x_wconf 90' lang='lat' dir='ltr'><strong>patris</strong></span> <span class='ocrx_word' id='word_1_810' title='bbox 3135 4594 3209 4649; x_wconf 92' lang='lat' dir='ltr'><strong>tui</strong></span> <span class='ocrx_word' id='word_1_811' title='bbox 3231 4634 3246 4661; x_wconf 93' lang='lat'><strong>,</strong></span> <span class='ocrx_word' id='word_1_812' title='bbox 3279 4610 3389 4651; x_wconf 91' lang='lat' dir='ltr'><strong>non</strong></span> <span class='ocrx_word' id='word_1_813' title='bbox 3419 4596 3564 4651; x_wconf 90' lang='lat' dir='ltr'><strong>enim</strong></span> 
     </span>
    </p>
   </div>
   <div class='ocr_carea' id='block_1_107' title="bbox 1889 4669 3565 4759">
    <p class='ocr_par' dir='ltr' id='par_1_107' title="bbox 1889 4669 3565 4759">
     <span class='ocr_line' id='line_1_108' title="bbox 1889 4669 3565 4759; baseline 0.002 -19"><span class='ocrx_word' id='word_1_814' title='bbox 1889 4669 1944 4730; x_wconf 83' lang='grc' dir='ltr'>Ῑ)</span> <span class='ocrx_word' id='word_1_815' title='bbox 1978 4706 1996 4740; x_wconf 74' lang='grc' dir='ltr'><strong>ι</strong></span> <span class='ocrx_word' id='word_1_816' title='bbox 2025 4696 2108 4742; x_wconf 86' lang='grc' dir='ltr'><strong>εει</strong></span> <span class='ocrx_word' id='word_1_817' title='bbox 2141 4687 2240 4742; x_wconf 86' lang='lat' dir='ltr'><strong>tibi</strong></span> <span class='ocrx_word' id='word_1_818' title='bbox 2270 4685 2440 4759; x_wconf 88' lang='lat' dir='ltr'><strong>gloria</strong></span> <span class='ocrx_word' id='word_1_819' title='bbox 2472 4684 2591 4754; x_wconf 89' lang='lat' dir='ltr'><strong>ejus</strong></span> <span class='ocrx_word' id='word_1_820' title='bbox 2623 4685 2891 4742; x_wconf 84' lang='lat' dir='ltr'><strong>confusio.</strong></span> <span class='ocrx_word' id='word_1_821' title='bbox 2925 4685 3108 4742; x_wconf 86' lang='lat' dir='ltr'><strong>Gloria</strong></span> <span class='ocrx_word' id='word_1_822' title='bbox 3139 4687 3285 4742; x_wconf 90' lang='lat' dir='ltr'><strong>enim</strong></span> <span class='ocrx_word' id='word_1_823' title='bbox 3330 4689 3565 4745; x_wconf 89' lang='lat' dir='ltr'><strong>hominis</strong></span> 
     </span>
    </p>
   </div>
   <div class='ocr_carea' id='block_1_108' title="bbox 1977 4777 3598 4848">
    <p class='ocr_par' dir='ltr' id='par_1_108' title="bbox 1977 4777 3598 4848">
     <span class='ocr_line' id='line_1_109' title="bbox 1977 4777 3598 4848; baseline 0.002 -17"><span class='ocrx_word' id='word_1_824' title='bbox 1977 4798 1998 4831; x_wconf 73' lang='grc' dir='ltr'><strong>ι</strong></span> <span class='ocrx_word' id='word_1_825' title='bbox 2024 4794 2092 4834; x_wconf 85' lang='lat' dir='ltr'><strong>cx</strong></span> <span class='ocrx_word' id='word_1_826' title='bbox 2138 4779 2346 4833; x_wconf 89' lang='lat' dir='ltr'><strong>honore</strong></span> <span class='ocrx_word' id='word_1_827' title='bbox 2386 4777 2559 4848; x_wconf 90' lang='lat' dir='ltr'><strong>patris</strong></span> <span class='ocrx_word' id='word_1_828' title='bbox 2605 4777 2721 4844; x_wconf 88' lang='lat' dir='ltr'><strong>sui,</strong></span> <span class='ocrx_word' id='word_1_829' title='bbox 2764 4785 2817 4832; x_wconf 90' lang='lat' dir='ltr'><strong>et</strong></span> <span class='ocrx_word' id='word_1_830' title='bbox 2859 4777 3094 4834; x_wconf 88' lang='lat' dir='ltr'><strong>dedecus</strong></span> <span class='ocrx_word' id='word_1_831' title='bbox 3123 4777 3220 4833; x_wconf 89' lang='lat' dir='ltr'><strong>ﬁlii</strong></span> <span class='ocrx_word' id='word_1_832' title='bbox 3262 4788 3418 4848; x_wconf 86' lang='lat' dir='ltr'><strong>pater</strong></span> <span class='ocrx_word' id='word_1_833' title='bbox 3449 4780 3598 4848; x_wconf 25' lang='lat' dir='ltr'><strong>sinc‘</strong></span> 
     </span>
    </p>
   </div>
   <div class='ocr_carea' id='block_1_109' title="bbox 1976 4867 3562 4939">
    <p class='ocr_par' dir='ltr' id='par_1_109' title="bbox 1976 4867 3562 4939">
     <span class='ocr_line' id='line_1_110' title="bbox 1976 4867 3562 4939; baseline 0.001 -17"><span class='ocrx_word' id='word_1_834' title='bbox 1976 4891 1994 4922; x_wconf 77' lang='grc' dir='ltr'><strong>ι</strong></span> <span class='ocrx_word' id='word_1_835' title='bbox 2027 4872 2253 4926; x_wconf 90' lang='lat' dir='ltr'><strong>honore.</strong></span> <span class='ocrx_word' id='word_1_836' title='bbox 2287 4889 2304 4921; x_wconf 73' lang='grc' dir='ltr'><strong>ι</strong></span> <span class='ocrx_word' id='word_1_837' title='bbox 2334 4867 2490 4936; x_wconf 88' lang='lat' dir='ltr'><strong>Quod</strong></span> <span class='ocrx_word' id='word_1_838' title='bbox 2519 4878 2702 4924; x_wconf 89' lang='lat' dir='ltr'><strong>autem</strong></span> <span class='ocrx_word' id='word_1_839' title='bbox 2731 4870 3060 4925; x_wconf 86' lang='lat' dir='ltr'><strong>contumelia</strong></span> <span class='ocrx_word' id='word_1_840' title='bbox 3100 4871 3273 4939; x_wconf 91' lang='lat' dir='ltr'><strong>patris</strong></span> <span class='ocrx_word' id='word_1_841' title='bbox 3317 4871 3402 4925; x_wconf 89' lang='lat' dir='ltr'><strong>vel</strong></span> <span class='ocrx_word' id='word_1_842' title='bbox 3445 4886 3562 4923; x_wconf 89' lang='lat' dir='ltr'><strong>ma-</strong></span> 
     </span>
    </p>
   </div>
   <div class='ocr_carea' id='block_1_110' title="bbox 1971 4958 3562 5035">
    <p class='ocr_par' dir='ltr' id='par_1_110' title="bbox 1971 4958 3562 5035">
     <span class='ocr_line' id='line_1_111' title="bbox 1971 4958 3562 5035; baseline -0.002 -18"><span class='ocrx_word' id='word_1_843' title='bbox 1971 4963 2127 5035; x_wconf 90' lang='lat' dir='ltr'><strong>gistri</strong></span> <span class='ocrx_word' id='word_1_844' title='bbox 2148 4963 2261 5017; x_wconf 91' lang='lat' dir='ltr'><strong>Deo</strong></span> <span class='ocrx_word' id='word_1_845' title='bbox 2287 4961 2597 5032; x_wconf 81' lang='lat' dir='ltr'><strong>diSpIiceat,</strong></span> <span class='ocrx_word' id='word_1_846' title='bbox 2623 4961 2807 5017; x_wconf 89' lang='lat' dir='ltr'><strong>multis</strong></span> <span class='ocrx_word' id='word_1_847' title='bbox 2829 4963 3093 5032; x_wconf 90' lang='lat' dir='ltr'><strong>probatur</strong></span> <span class='ocrx_word' id='word_1_848' title='bbox 3114 4960 3400 5031; x_wconf 87' lang='lat' dir='ltr'><strong>exemplis.</strong></span> <span class='ocrx_word' id='word_1_849' title='bbox 3426 4958 3562 5014; x_wconf 84' lang='lat' dir='ltr'><strong>Nam</strong></span> 
     </span>
    </p>
   </div>
   <div class='ocr_carea' id='block_1_111' title="bbox 1969 5053 3564 5125">
    <p class='ocr_par' dir='ltr' id='par_1_111' title="bbox 1969 5053 3564 5125">
     <span class='ocr_line' id='line_1_112' title="bbox 1969 5053 3564 5125; baseline -0.001 -16"><span class='ocrx_word' id='word_1_850' title='bbox 1969 5057 2234 5110; x_wconf 84' lang='lat' dir='ltr'><strong>nudatum</strong></span> <span class='ocrx_word' id='word_1_851' title='bbox 2263 5061 2476 5125; x_wconf 87' lang='lat' dir='ltr'><strong>patrem</strong></span> <span class='ocrx_word' id='word_1_852' title='bbox 2505 5069 2664 5109; x_wconf 90' lang='lat' dir='ltr'><strong>suum</strong></span> <span class='ocrx_word' id='word_1_853' title='bbox 2692 5053 2866 5109; x_wconf 87' lang='lat' dir='ltr'><strong>Cham</strong></span> <span class='ocrx_word' id='word_1_854' title='bbox 2918 5053 3112 5122; x_wconf 89' lang='lat' dir='ltr'><strong>irrisit,</strong></span> <span class='ocrx_word' id='word_1_855' title='bbox 3146 5062 3200 5108; x_wconf 89' lang='lat' dir='ltr'><strong>et</strong></span> <span class='ocrx_word' id='word_1_856' title='bbox 3243 5053 3564 5108; x_wconf 87' lang='lat' dir='ltr'><strong>servitutem</strong></span> 
     </span>
    </p>
   </div>
   <div class='ocr_carea' id='block_1_112' title="bbox 1966 5143 3563 5218">
    <p class='ocr_par' dir='ltr' id='par_1_112' title="bbox 1966 5143 3563 5218">
     <span class='ocr_line' id='line_1_113' title="bbox 1966 5143 3563 5218; baseline -0.004 -15"><span class='ocrx_word' id='word_1_857' title='bbox 1966 5156 2285 5218; x_wconf 89' lang='lat' dir='ltr'><strong>perpetuam</strong></span> <span class='ocrx_word' id='word_1_858' title='bbox 2312 5161 2496 5203; x_wconf 90' lang='lat' dir='ltr'><strong>semen</strong></span> <span class='ocrx_word' id='word_1_859' title='bbox 2529 5145 2646 5216; x_wconf 90' lang='lat' dir='ltr'><strong>ejus</strong></span> <span class='ocrx_word' id='word_1_860' title='bbox 2672 5145 2794 5200; x_wconf 92' lang='lat' dir='ltr'><strong>inde</strong></span> <span class='ocrx_word' id='word_1_861' title='bbox 2820 5145 3096 5200; x_wconf 91' lang='lat' dir='ltr'><strong>sustinuit.</strong></span> <span class='ocrx_word' id='word_1_862' title='bbox 3126 5143 3362 5199; x_wconf 86' lang='lat' dir='ltr'><strong>Absalon</strong></span> <span class='ocrx_word' id='word_1_863' title='bbox 3391 5144 3563 5198; x_wconf 90' lang='lat' dir='ltr'><strong>David</strong></span> 
     </span>
    </p>
   </div>
   <div class='ocr_carea' id='block_1_113' title="bbox 1969 5233 3562 5310">
    <p class='ocr_par' dir='ltr' id='par_1_113' title="bbox 1969 5233 3562 5310">
     <span class='ocr_line' id='line_1_114' title="bbox 1969 5233 3562 5310; baseline -0.006 -15"><span class='ocrx_word' id='word_1_864' title='bbox 1969 5241 2036 5296; x_wconf 93' lang='lat' dir='ltr'><strong>de</strong></span> <span class='ocrx_word' id='word_1_865' title='bbox 2063 5239 2190 5294; x_wconf 90' lang='lat' dir='ltr'><strong>sede</strong></span> <span class='ocrx_word' id='word_1_866' title='bbox 2220 5238 2373 5310; x_wconf 87' lang='lat' dir='ltr'><strong>regni</strong></span> <span class='ocrx_word' id='word_1_867' title='bbox 2405 5238 2489 5293; x_wconf 91' lang='lat' dir='ltr'><strong>sui</strong></span> <span class='ocrx_word' id='word_1_868' title='bbox 2519 5237 2754 5307; x_wconf 87' lang='lat' dir='ltr'><strong>expulit,</strong></span> <span class='ocrx_word' id='word_1_869' title='bbox 2798 5235 3236 5304; x_wconf 88' lang='lat' dir='ltr'><strong>concubinasque</strong></span> <span class='ocrx_word' id='word_1_870' title='bbox 3281 5233 3398 5303; x_wconf 91' lang='lat' dir='ltr'><strong>ejus</strong></span> <span class='ocrx_word' id='word_1_871' title='bbox 3441 5241 3562 5287; x_wconf 83' lang='lat' dir='ltr'><strong>stu-</strong></span> 
     </span>
    </p>
   </div>
   <div class='ocr_carea' id='block_1_114' title="bbox 1967 5321 3556 5401">
    <p class='ocr_par' dir='ltr' id='par_1_114' title="bbox 1967 5321 3556 5401">
     <span class='ocr_line' id='line_1_115' title="bbox 1967 5321 3556 5401; baseline -0.005 -17"><span class='ocrx_word' id='word_1_872' title='bbox 1967 5329 2182 5401; x_wconf 88' lang='lat' dir='ltr'><strong>pravit;</strong></span> <span class='ocrx_word' id='word_1_873' title='bbox 2215 5328 2312 5385; x_wconf 89' lang='lat' dir='ltr'><strong>sed</strong></span> <span class='ocrx_word' id='word_1_874' title='bbox 2342 5335 2517 5383; x_wconf 89' lang='lat' dir='ltr'><strong>morte</strong></span> <span class='ocrx_word' id='word_1_875' title='bbox 2543 5326 2840 5397; x_wconf 88' lang='lat' dir='ltr'><strong>condignas</strong></span> <span class='ocrx_word' id='word_1_876' title='bbox 2868 5338 3060 5395; x_wconf 90' lang='lat' dir='ltr'><strong>poenas</strong></span> <span class='ocrx_word' id='word_1_877' title='bbox 3090 5323 3208 5379; x_wconf 88' lang='lat' dir='ltr'><strong>luit.</strong></span> <span class='ocrx_word' id='word_1_878' title='bbox 3243 5321 3336 5378; x_wconf 91' lang='lat' dir='ltr'><strong>Sic</strong></span> <span class='ocrx_word' id='word_1_879' title='bbox 3361 5331 3416 5378; x_wconf 91' lang='lat' dir='ltr'><strong>et</strong></span> <span class='ocrx_word' id='word_1_880' title='bbox 3445 5321 3556 5376; x_wconf 84' lang='lat' dir='ltr'><strong>Eli-</strong></span> 
     </span>
    </p>
   </div>
   <div class='ocr_carea' id='block_1_115' title="bbox 1970 5415 3566 5494">
    <p class='ocr_par' dir='ltr' id='par_1_115' title="bbox 1970 5415 3566 5494">
     <span class='ocr_line' id='line_1_116' title="bbox 1970 5415 3566 5494; baseline -0.006 -15"><span class='ocrx_word' id='word_1_881' title='bbox 1970 5422 2065 5479; x_wconf 70' lang='lat' dir='ltr'><strong>saai</strong></span> <span class='ocrx_word' id='word_1_882' title='bbox 2109 5421 2390 5494; x_wconf 74' lang='lat' dir='ltr'><strong>propheta:</strong></span> <span class='ocrx_word' id='word_1_883' title='bbox 2427 5420 2707 5476; x_wconf 91' lang='lat' dir='ltr'><strong>calvitium</strong></span> <span class='ocrx_word' id='word_1_884' title='bbox 2748 5417 2902 5488; x_wconf 89' lang='lat' dir='ltr'><strong>pueri</strong></span> <span class='ocrx_word' id='word_1_885' title='bbox 2933 5415 3124 5472; x_wconf 87' lang='lat' dir='ltr'><strong>Bethel</strong></span> <span class='ocrx_word' id='word_1_886' title='bbox 3150 5416 3476 5482; x_wconf 88' lang='lat' dir='ltr'><strong>irriserunt,</strong></span> <span class='ocrx_word' id='word_1_887' title='bbox 3509 5424 3566 5470; x_wconf 85' lang='lat' dir='ltr'><strong>et</strong></span> 
     </span>
    </p>
   </div>
   <div class='ocr_carea' id='block_1_116' title="bbox 1968 5509 3566 5588">
    <p class='ocr_par' dir='ltr' id='par_1_116' title="bbox 1968 5509 3566 5588">
     <span class='ocr_line' id='line_1_117' title="bbox 1968 5509 3566 5588; baseline -0.005 -17"><span class='ocrx_word' id='word_1_888' title='bbox 1968 5514 2311 5588; x_wconf 83' lang='lat' dir='ltr'><strong>egredientes</strong></span> <span class='ocrx_word' id='word_1_889' title='bbox 2340 5514 2447 5570; x_wconf 94' lang='lat' dir='ltr'><strong>duo</strong></span> <span class='ocrx_word' id='word_1_890' title='bbox 2475 5512 2587 5568; x_wconf 92' lang='lat' dir='ltr'><strong>ursi</strong></span> <span class='ocrx_word' id='word_1_891' title='bbox 2619 5512 2685 5567; x_wconf 94' lang='lat' dir='ltr'><strong>de</strong></span> <span class='ocrx_word' id='word_1_892' title='bbox 2713 5509 2856 5566; x_wconf 87' lang='lat' dir='ltr'><strong>saltu</strong></span> <span class='ocrx_word' id='word_1_893' title='bbox 2883 5509 3241 5583; x_wconf 88' lang='lat' dir='ltr'><strong>quadraginta</strong></span> <span class='ocrx_word' id='word_1_894' title='bbox 3270 5511 3405 5564; x_wconf 89' lang='lat' dir='ltr'><strong>duos</strong></span> <span class='ocrx_word' id='word_1_895' title='bbox 3435 5523 3566 5578; x_wconf 87' lang='lat' dir='ltr'><strong>pue-</strong></span> 
     </span>
    </p>
   </div>
   <div class='ocr_carea' id='block_1_117' title="bbox 1974 5597 3567 5670">
    <p class='ocr_par' dir='ltr' id='par_1_117' title="bbox 1974 5597 3567 5670">
     <span class='ocr_line' id='line_1_118' title="bbox 1974 5597 3567 5670; baseline -0.006 -10"><span class='ocrx_word' id='word_1_896' title='bbox 1974 5622 2070 5662; x_wconf 89' lang='lat' dir='ltr'><strong>ros</strong></span> <span class='ocrx_word' id='word_1_897' title='bbox 2118 5623 2187 5660; x_wconf 87' lang='lat' dir='ltr'><strong>ex</strong></span> <span class='ocrx_word' id='word_1_898' title='bbox 2237 5607 2316 5660; x_wconf 90' lang='lat' dir='ltr'><strong>eis</strong></span> <span class='ocrx_word' id='word_1_899' title='bbox 2366 5606 2788 5658; x_wconf 85' lang='lat' dir='ltr'><strong>laeeraverunt:</strong></span> <span class='ocrx_word' id='word_1_900' title='bbox 2839 5601 2993 5670; x_wconf 89' lang='lat' dir='ltr'><strong>cujus</strong></span> <span class='ocrx_word' id='word_1_901' title='bbox 3041 5600 3283 5670; x_wconf 85' lang='lat' dir='ltr'><strong>mysterii</strong></span> <span class='ocrx_word' id='word_1_902' title='bbox 3325 5597 3469 5652; x_wconf 88' lang='lat' dir='ltr'><strong>ratio</strong></span> <span class='ocrx_word' id='word_1_903' title='bbox 3509 5597 3567 5652; x_wconf 91' lang='lat' dir='ltr'><strong>in</strong></span> 
     </span>
    </p>
   </div>
   <div class='ocr_carea' id='block_1_118' title="bbox 1975 5692 3568 5772">
    <p class='ocr_par' dir='ltr' id='par_1_118' title="bbox 1975 5692 3568 5772">
     <span class='ocr_line' id='line_1_119' title="bbox 1975 5692 3568 5772; baseline -0.009 -13"><span class='ocrx_word' id='word_1_904' title='bbox 1975 5701 2180 5760; x_wconf 90' lang='lat' dir='ltr'><strong>Christi</strong></span> <span class='ocrx_word' id='word_1_905' title='bbox 2211 5701 2465 5772; x_wconf 92' lang='lat' dir='ltr'><strong>passione</strong></span> <span class='ocrx_word' id='word_1_906' title='bbox 2496 5695 2765 5768; x_wconf 90' lang='lat' dir='ltr'><strong>completa</strong></span> <span class='ocrx_word' id='word_1_907' title='bbox 2807 5703 2924 5762; x_wconf 92' lang='lat' dir='ltr'><strong>est,</strong></span> <span class='ocrx_word' id='word_1_908' title='bbox 2967 5709 3126 5766; x_wconf 87' lang='lat' dir='ltr'><strong>quem</strong></span> <span class='ocrx_word' id='word_1_909' title='bbox 3167 5692 3391 5766; x_wconf 90' lang='lat' dir='ltr'><strong>puerilis</strong></span> <span class='ocrx_word' id='word_1_910' title='bbox 3431 5692 3568 5746; x_wconf 91' lang='lat' dir='ltr'><strong>stul-</strong></span> 
     </span>
    </p>
   </div>
   <div class='ocr_carea' id='block_1_119' title="bbox 1967 5783 3560 5848">
    <p class='ocr_par' dir='ltr' id='par_1_119' title="bbox 1967 5783 3560 5848">
     <span class='ocr_line' id='line_1_120' title="bbox 1967 5783 3560 5848; baseline -0.007 0"><span class='ocrx_word' id='word_1_911' title='bbox 1967 5793 2089 5848; x_wconf 91' lang='lat' dir='ltr'><strong>titia</strong></span> <span class='ocrx_word' id='word_1_912' title='bbox 2121 5790 2429 5848; x_wconf 70' lang='lat' dir='ltr'><strong>Iudaeorum</strong></span> <span class='ocrx_word' id='word_1_913' title='bbox 2463 5791 2519 5844; x_wconf 91' lang='lat' dir='ltr'><strong>in</strong></span> <span class='ocrx_word' id='word_1_914' title='bbox 2549 5786 2814 5844; x_wconf 86' lang='lat' dir='ltr'><strong>Calvariae</strong></span> <span class='ocrx_word' id='word_1_915' title='bbox 2842 5786 2964 5844; x_wconf 91' lang='lat' dir='ltr'><strong>loco</strong></span> <span class='ocrx_word' id='word_1_916' title='bbox 3005 5786 3326 5843; x_wconf 86' lang='lat' dir='ltr'><strong>cruciﬁxum</strong></span> <span class='ocrx_word' id='word_1_917' title='bbox 3369 5783 3560 5839; x_wconf 87' lang='lat' dir='ltr'><strong>irrisit.</strong></span> 
     </span>
    </p>
   </div>
   <div class='ocr_carea' id='block_1_120' title="bbox 1971 5877 3561 5957">
    <p class='ocr_par' dir='ltr' id='par_1_120' title="bbox 1971 5877 3561 5957">
     <span class='ocr_line' id='line_1_121' title="bbox 1971 5877 3561 5957; baseline -0.008 -13"><span class='ocrx_word' id='word_1_918' title='bbox 1971 5887 2078 5944; x_wconf 89' lang='lat' dir='ltr'><strong>Sed</strong></span> <span class='ocrx_word' id='word_1_919' title='bbox 2111 5883 2530 5957; x_wconf 82' lang='lat' dir='ltr'><strong>quadragesimo</strong></span> <span class='ocrx_word' id='word_1_920' title='bbox 2559 5882 2798 5940; x_wconf 88' lang='lat' dir='ltr'><strong>secundo</strong></span> <span class='ocrx_word' id='word_1_921' title='bbox 2841 5897 2983 5939; x_wconf 90' lang='lat' dir='ltr'><strong>anno</strong></span> <span class='ocrx_word' id='word_1_922' title='bbox 3023 5890 3147 5954; x_wconf 91' lang='lat' dir='ltr'><strong>post</strong></span> <span class='ocrx_word' id='word_1_923' title='bbox 3190 5877 3561 5936; x_wconf 84' lang='lat' dir='ltr'><strong>ascensionem</strong></span> 
     </span>
    </p>
   </div>
  </div>
