4030 6484
470 453 575 514 779

1117 448 1177 504 Β.
1220 438 1479 504 RABANI
1514 434 1737 501 MAURI
1776 432 2097 500 ARClllEP.
2135 434 2452 498 MOGUNT.
2489 430 2782 494 OPIBIII
2817 431 2999 491 PARS
3028 429 3071 487 Ι.

3646 428 3757 487 τεο

468 564 590 639 ejus
633 562 703 621 ad
744 561 910 620 oculos
928 602 943 629 ,
989 559 1095 617 duo
1138 558 1288 627 ursi,
1332 559 1437 616 hoc
1473 565 1557 614 est
1597 556 1964 628 Vespasianus
2005 560 2062 611 et
2087 559 2143 623 Α
2164 561 2221 610 et
2244 566 2375 611 ecce
2400 550 2585 609 emnia
2613 550 2819 607 munda
2847 555 2977 606 sunt
2999 546 3156 606 vobis
3181 548 3357 620 (Duc.
3384 560 3443 605 ιι
3461 546 3520 639 ).Α
3541 566 3567 605 s
3595 546 3760 605 Unde

450 660 659 726 'Titus,
704 658 772 713 de
813 655 956 737 saltu
999 654 1242 728 gentium
1286 652 1526 725 egressi,
1571 650 1826 709 illusores
1870 649 2059 707 suavis-

471 751 608 809 sime
637 742 1004 805 laniaverant.

1081 883 1311 945 CAPUT
1347 882 1444 940 XI.

668 1001 890 1064 Senecta
926 998 1097 1073 pistris
1131 996 1475 1071 gubernando
1509 1012 1546 1051 α
1575 994 1703 1065 ﬁliis
1735 993 1868 1050 suis.

547 1128 568 1170 ο
593 1112 699 1176 Fili
720 1159 736 1184 ,
786 1115 1007 1186 suscipe
1033 1117 1313 1169 senectam
1338 1108 1512 1180 patris
1540 1106 1652 1175 tui,
1681 1112 1739 1163 et
1764 1121 1836 1161 ne
1862 1104 2066 1162 contri-

477 1224 498 1261 ιι
527 1212 641 1265 stes
664 1216 789 1263 eum
818 1205 877 1261 in
905 1204 1021 1259 vita
1052 1202 1197 1258 illius
1226 1216 1241 1268 ;
1273 1208 1330 1256 et
1358 1199 1405 1256 si
1437 1198 1699 1255 defecerit
1739 1210 1935 1263 sensu,
1966 1211 2063 1252 ves

479 1318 499 1353 ι
526 1300 677 1355 niam
706 1298 775 1356 da
796 1339 812 1365 ,
841 1303 897 1354 et
922 1310 993 1353 ne
1020 1308 1248 1367 spernas
1268 1306 1394 1348 eum
1421 1290 1479 1346 in
1501 1291 1706 1346 virtute
1730 1296 1844 1344 tua.
1875 1307 1897 1340 ι
1921 1287 2069 1343 Bene

475 1395 760 1463 convenit,
808 1401 870 1449 ut
918 1392 1016 1449 ﬁlii
1065 1398 1233 1462 atque
1269 1386 1518 1459 discipuli
1561 1385 1863 1441 honoribus
1905 1392 2068 1453 atque

476 1488 685 1545 solatiis
755 1484 972 1542 foveant
1009 1490 1269 1555 parentes
1311 1488 1367 1537 et
1407 1478 1704 1535 nutritores
1747 1484 1908 1543 suos,
1941 1475 2067 1545 quia

477 1578 764 1637 charitatis
790 1577 1018 1634 affectus
1044 1576 1220 1646 magis
1242 1573 1300 1629 in
1326 1574 1432 1629 hoc
1461 1579 1711 1644 augetur.
1744 1568 1900 1626 Unde
1927 1568 2070 1624 Pau-

474 1676 561 1730 lus
589 1671 849 1744 praecepit
873 1669 1055 1727 viduis
1084 1680 1273 1725 mutua
1303 1666 1538 1723 invicem
1568 1664 1798 1721 reddere
1826 1661 2073 1733 parenti-

474 1732 613 1831 bus,
641 1732 903 1835 quia-hoe
931 1767 1215 1833 acceptum
1242 1764 1328 1817 est
1357 1773 1543 1815 coram
1574 1732 1992 1812 Dominorllinc
2014 1760 2072 1811 et
2108 1732 2119 1759 ⁸

2165 646 2306 703 etin
2332 645 2520 707 future
2537 643 2746 714 judicio
2771 642 3017 699 dicturus
3044 648 3133 698 est
3158 639 3244 697 eis
3263 679 3280 707 ,
3320 638 3417 711 qui
3455 637 3527 695 ad
3566 639 3763 697 dexte—

2167 754 2289 795 ram
2315 737 2434 807 ejus
2459 737 2770 795 consistunt
2797 754 2811 790 :
2834 754 2854 788 t
2872 733 3090 802 Venite,
3112 732 3382 790 benedicti
3407 731 3589 788 Patris
3608 732 3724 790 mei
3739 772 3763 800 ,

2168 832 2442 903 percipite
2471 845 2732 905 regnum,
2761 828 2909 900 quod
2933 828 3093 885 vobis
3122 834 3377 900 paratum
3409 833 3498 883 est
3533 826 3606 883 ab
3650 826 3766 882 ori-

2162 926 2293 999 gine
2322 925 2533 982 mundi.
2571 923 2790 981 Esurivi
2816 922 2961 979 enim
2977 954 2995 990 ,
3022 928 3081 978 et
3105 919 3337 977 dedistis
3362 918 3499 976 mibi
3522 919 3766 976 ntatulu-

2167 1030 2334 1085 care;
2372 1018 2550 1085 sitivi,
2582 1024 2641 1074 et
2673 1016 2902 1073 dedistis
2933 1014 3069 1070 mihi
3099 1013 3323 1079 bibere,
3356 1019 3464 1069 etc.
3509 1010 3531 1083 (
3557 1009 3765 1067 Matth.

2167 1110 2338 1184 xxv).
2373 1131 2394 1164 ι
2429 1110 2587 1168 Sicut
2616 1118 2673 1168 et
2706 1110 2760 1165 in
2795 1108 3103 1166 Proverbiis
3138 1107 3400 1177 scriptum
3434 1114 3523 1163 est
3551 1123 3569 1162 ε
3603 1124 3624 1160 ι
3656 1106 3771 1173 Qui

2166 1218 2374 1275 pronus
2401 1210 2487 1261 est
2517 1204 2587 1259 ad
2615 1202 3044 1259 misericordiam
3071 1200 3447 1259 benedicatur.
3479 1219 3500 1255 ι

2246 1314 2268 1350 ο
2287 1298 2465 1367 Quam
2493 1296 2651 1354 malae
2677 1297 2837 1353 fama!
2863 1303 2949 1355 est
2974 1336 2991 1363 ,
3017 1296 3115 1366 qui
3140 1294 3396 1368 relinquit
3423 1302 3685 1365 patrem;
3714 1301 3780 1349 et

2176 1410 2197 1445 ι
2222 1399 2306 1449 est
2331 1390 2650 1449 maledich
2678 1406 2709 1445 a
2734 1391 2843 1446 Deo
2859 1389 2998 1460 ,.qui
3020 1398 3313 1460 exasperat
3338 1398 3599 1444 matrem.
3622 1406 3645 1441 ι
3671 1388 3777 1442 IIII-

2168 1484 2390 1556 pietatis
2421 1484 2649 1539 crimine
2686 1497 2813 1539 reus
2841 1490 3080 1548 tenetur,
3110 1481 3205 1552 qui
3232 1481 3576 1553 irreligiosus
3598 1490 3687 1537 est
3717 1479 3773 1533 in

2170 1585 2465 1649 parentes;
2496 1578 2554 1634 et
2579 1577 2818 1633 maxime
2846 1575 2956 1643 ille,
2982 1575 3079 1647 qui
3109 1575 3411 1646 spiritalem
3438 1582 3660 1646 patrem
3688 1573 3776 1629 vel

2172 1678 2403 1726 matrem
2417 1670 2605 1741 pravis
2617 1669 2960 1726 sermonibus
2973 1678 3138 1740 atque
3152 1668 3355 1740 iniquis
3371 1660 3637 1739 operibus
3650 1681 3780 1723 exa-

2173 1766 2381 1822 cerbat.
2410 1764 2538 1821 ideo
2561 1778 2788 1821 necesse
2823 1771 2910 1821 est
2939 1773 3003 1819 ut
3035 1763 3315 1835 sequentis
3348 1763 3646 1821 sententia:
3680 1763 3778 1818 do-

474 1855 594 1926 ipse
633 1853 896 1909 Dominus
940 1853 997 1909 in
1040 1851 1343 1923 Evangeiio
1382 1847 1733 1920 reprehendit
1764 1845 1987 1902 Scribas
2013 1851 2070 1901 et
2176 1858 2354 1915 ctrina
2384 1865 2657 1926 εθῃοωιι,
2686 1857 2762 1913 ita
2787 1857 2998 1915 dicens.

474 1947 784 2005 Pharistcos
802 1987 818 2014 ,
862 1945 1010 2016 quod
1043 1942 1427 1999 traditionibus
1454 1941 1568 1997 suis
1596 1939 1731 2011 legis
1758 1938 1855 1993 Dei
1889 1938 2068 1994 since-
2096 1929 2147 1992 Β

474 2040 696 2096 ritatem
717 2040 1152 2108 corrumperent,
1173 2032 1361 2090 dicens
1389 2033 1458 2088 ad
1485 2046 1580 2087 eos
1607 2042 1623 2084 t
1650 2049 1669 2082 ι
1700 2029 1879 2098 Quare
1899 2036 2071 2085 euvos

473 2128 914 2203 transgredimini
954 2127 1269 2183 mandatum
1311 2123 1406 2180 Dei
1447 2130 1669 2194 propter
1721 2120 2069 2177 traditionem

477 2224 755 2283 vestram?
782 2222 921 2279 Nam
949 2222 1092 2278 Deus
1118 2220 1294 2277 dixit:
1329 2216 1550 2274 Honora
1597 2224 1810 2288 patrem
1852 2224 1909 2272 et
1952 2230 2070 2271 ma-o

475 2328 615 2375 trem
635 2360 651 2386 ,
674 2325 730 2374 et
756 2316 851 2390 qui
877 2315 1222 2373 maledixerit
1243 2312 1388 2385 patri
1412 2311 1501 2369 vel
1527 2311 1727 2379 matri,
1753 2319 1929 2367 morte
1951 2326 2070 2367 mo-

473 2409 668 2464 riatur.
696 2407 808 2464 Vos
834 2414 1014 2463 autem
1041 2405 1224 2464 dicitis
1254 2422 1269 2459 :
1312 2403 1637 2474 Quicunque
1681 2402 1883 2459 dixerit
1922 2399 2068 2473 patri

478 2501 561 2556 vel
590 2501 755 2555 matri
777 2540 793 2564 ,
826 2512 1026 2555 munus
1056 2498 1419 2569 quodcunque
1447 2505 1532 2553 est
1556 2513 1628 2553 ex
1658 2514 1747 2553 me
1766 2539 1780 2565 ,
1812 2497 1910 2553 tibi
1939 2512 2066 2568 pro-

476 2593 660 2659 derit;
702 2601 759 2648 et
798 2607 907 2647 non
941 2589 1330 2647 honoriﬁcabit
1366 2597 1578 2661 patrem
1615 2605 1773 2646 suum
1811 2598 1905 2644 aut
1950 2604 2068 2645 ma-

472 2696 614 2741 trem
633 2725 649 2752 ,
673 2693 728 2741 et
750 2685 969 2739 irritum
996 2682 1205 2739 fecistis
1233 2683 1549 2737 mandatum
1577 2682 1676 2737 Dei
1702 2689 1929 2753 propter
1953 2690 2067 2737 tra-

471 2776 735 2832 ditionem
766 2784 1007 2832 vestram
1046 2772 1286 2848 (Matth.
1329 2774 1464 2846 xv).
1496 2794 1516 2827 ι
1547 2774 1733 2830 Honor
1766 2775 1966 2845 quippe
2010 2774 2066 2830 in

472 2866 772 2939 Scripturis
816 2880 925 2924 non
967 2876 1179 2925 tantum
1224 2869 1280 2924 in
1326 2866 1749 2923 salutationibus
1783 2876 1839 2923 et
1873 2867 2066 2925 oﬁiciis

473 2960 808 3028 deferendis,
829 2969 1093 3032 quantum
1119 2961 1173 3016 in
1193 2960 1540 3031 eleemosyna
1564 2974 1628 3016 ac
1644 2975 1929 3016 munerum
1954 2961 2067 3017 col-

472 3054 676 3109 latione
707 3054 961 3110 sentitur.
998 3072 1019 3108 t
1048 3053 1266 3109 Honora
1286 3092 1302 3119 ,
1329 3070 1350 3105 ι
1378 3052 1555 3123 inquit
1582 3052 1903 3123 Apostolus,
1932 3070 1954 3104 ι
1979 3054 2064 3108 vi-

476 3144 643 3209 duas,
675 3158 797 3214 quae
825 3157 957 3200 vere
985 3144 1162 3198 vidua:
1191 3150 1320 3199 sunt
1347 3141 1409 3216 (1
1436 3141 1574 3197 Tim.
1600 3142 1689 3216 v).
1720 3162 1741 3197 ι
1769 3142 1872 3200 llic
1900 3144 2065 3200 etiam

472 3237 648 3289 honor
679 3236 883 3291 donum
929 3234 1271 3306 intelligitur.
1320 3233 1418 3290 Sic
1463 3245 1521 3290 et
1567 3235 1964 3306 subsequenter
1998 3236 2064 3291 de

472 3323 849 3380 muniﬁcentia
895 3339 1019 3395 quae
1066 3325 1357 3381 exhibetur
1400 3326 1751 3397 parentibus,
1796 3328 1886 3383 hic
1932 3329 2065 3384 sub-

466 3417 735 3490 jungitur.

549 3528 569 3561 ι
602 3510 960 3582 Eleemosyna
986 3524 1132 3566 enim
1164 3513 1339 3583 patris
1366 3527 1477 3568 non
1513 3514 1621 3569 erit
1660 3512 1714 3569 in
1753 3514 2065 3581 oblivione;

480 3620 500 3654 ι
530 3616 657 3656 nam
690 3617 793 3669 pro
822 3612 1051 3673 peccato
1086 3606 1281 3659 matris
1310 3605 1642 3677 :restituetur
1681 3606 1779 3663 tibi
1818 3609 2065 3674 bonum;

481 3710 500 3744 ι
530 3699 587 3747 et
614 3692 665 3745 in
690 3689 905 3760 justitia
935 3693 1293 3745 tediiicabitm-
1321 3696 1439 3747 tibi.
1473 3716 1491 3750 ι
1524 3697 1909 3755 Misericordiae
1935 3715 2068 3770 ergo

477 3781 706 3837 aﬁ‘ectus
742 3795 868 3835 cum
903 3780 1125 3851 pietatis
1160 3781 1445 3851 operibus,
1486 3798 1764 3854 nunquam
1805 3786 2068 3842 oblivioni

474 3874 743 3928 tradetur.
778 3872 935 3929 Unde
966 3872 1228 3927 Dominus
1257 3873 1334 3928 ait
1361 3890 1374 3926 :
1412 3891 1432 3924 σ
1462 3873 1613 3929 Beati
1644 3876 2062 3944 misericordes,

480 3964 738 4033 quoniam
775 3962 880 4033 ipsi
920 3963 1347 4019 misericordiam
1387 3975 1793 4036 consequenter
1827 3965 2064 4032 (Matth.

477 4068 511 4106 v
534 4054 579 4126 ).
614 4072 634 4105 ι
670 4053 736 4107 Et
774 4053 831 4106 in
864 4052 1177 4109 Proverbiis
1206 4073 1219 4109 :
1264 4073 1283 4105 ι
1317 4054 1667 4122 Faeneratur,
1707 4057 1916 4127 inquit,
1957 4059 2065 4114 Do-

474 4150 656 4215 mino,
705 4149 799 4219 qui
849 4150 1140 4205 miseretur
1183 4151 1477 4221 pauperis,
1527 4160 1583 4207 et
1629 4152 2067 4209 vicissitudinem

474 4255 630 4299 suam
662 4238 855 4296 reddet
887 4241 938 4297 ei
973 4240 993 4306 (
1019 4238 1178 4296 Prov.
1220 4257 1315 4295 xix
1343 4240 1384 4312 ).
1420 4262 1439 4293 ι
1478 4242 1631 4310 Quod
1668 4252 1850 4300 autem
1886 4244 2021 4300 dicit
2050 4263 2063 4298 :

480 4354 502 4388 ι
532 4333 640 4392 Pro
669 4342 896 4407 peccato
922 4336 1116 4391 matris
1146 4336 1467 4391 restituetur
1493 4338 1591 4392 tibi
1620 4338 1843 4393 bonum.
1881 4358 1900 4391 ι
1929 4338 2066 4394 Pec-

473 4436 656 4485 catum
706 4424 800 4481 hic
842 4427 1050 4494 tropica
1103 4427 1378 4483 locutione
1433 4429 1607 4499 ipsam
1660 4430 2068 4502 eleemosynam

2772 2010 3003 2075 CAPUT
3039 2012 3155 2072 XII.

2173 2136 2337 2195 Docet
2395 2135 2674 2208 Sapientia
2694 2135 2787 2208 _t'n
2850 2131 3257 2208 mansuetudine
3305 2146 3475 2208 _ope_ra
3525 2146 3655 2204 qua
3705 2130 3780 2186 ed

2455 2200 2654 2264 cultum
2683 2205 2781 2263 Dei
2813 2207 3073 2278 pertinent
3102 2200 3477 2271 prwapieitda.

2247 2352 2270 2391 ι
2301 2333 2428 2400 Fili,
2457 2333 2513 2389 in
2537 2330 2952 2389 mansuetudine
2973 2344 3141 2400 opera
3164 2336 3255 2386 tua
3283 2329 3504 2399 perﬁce,
3526 2336 3591 2384 et
3614 2341 3786 2407 super

2178 2445 2196 2479 t
2224 2426 2469 2484 omnium
2494 2423 2724 2496 gloriam
2752 2422 3012 2494 diligeris.
3042 2421 3260 2490 Quanto
3286 2436 3520 2493 magnus
3544 2436 3644 2486 ea,
3678 2421 3783 2476 hu-

2176 2539 2196 2572 (
2222 2519 2373 2576 milia
2410 2528 2467 2574 te
2498 2518 2555 2573 in
2593 2516 2881 2580 omnibus,
2914 2523 2972 2571 et
3004 2529 3193 2572 eorum
3222 2513 3334 2571 Deo
3371 2512 3625 2571 invenies
3648 2526 3782 2583 gra—

2176 2630 2197 2664 l
2226 2612 2391 2678 tiam,
2431 2609 2690 2683 quoniam
2725 2622 2924 2680 magna
2957 2606 3203 2678 potentia
3240 2606 3338 2663 Dei
3370 2605 3546 2662 solius
3573 2644 3591 2670 ,
3621 2612 3681 2661 et
3710 2603 3785 2659 ab

2174 2723 2195 2756 ι
2223 2702 2522 2759 humilibus
2550 2703 2870 2758 honoratur.
2900 2719 2922 2754 ι
2949 2697 3308 2755 Mansuetudo
3334 2697 3481 2753 enim
3508 2705 3569 2752 et
3594 2693 3785 2750 humi-

2168 2794 2297 2852 lites
2328 2796 2626 2851 maximam
2665 2794 2901 2866 gratiam
2936 2798 2994 2848 et
3027 2790 3263 2861 gloriam
3296 2789 3524 2859 pariunt
3560 2787 3783 2843 haben-

2170 2889 2317 2945 tibus
2342 2903 2456 2947 eas.
2490 2887 2646 2944 Sicut
2683 2901 2716 2942 e
2752 2886 3032 2943 contrario
3069 2884 3324 2955 superbia
3362 2892 3421 2938 et
3458 2881 3617 2937 furor
3645 2896 3783 2945 eos,

2170 2998 2308 3053 quos
2354 2982 2678 3052 possident,
2730 2981 2801 3036 ad
2847 2979 3149 3035 maximam
3196 2978 3413 3033 ruinam
3464 2974 3787 3046 impellunt.

2169 3073 2309 3143 Quia
2350 3073 2570 3129 initium
2606 3072 2791 3129 omnis
2822 3072 3037 3142 peccati
3076 3069 3332 3141 superbia
3370 3076 3503 3124 est:
3546 3083 3676 3138 qua:
3716 3082 3789 3122 es

2169 3162 2363 3234 angelo
2408 3161 2539 3218 (coit
2583 3161 2897 3228 diabolum,
2944 3170 3002 3218 et
3048 3161 3205 3217 furor
3255 3159 3359 3215 sibt
3406 3157 3792 3227 obsequentes

2095 3302 2144 3367 Ο
2171 3253 2480 3324 praecipitat
2512 3252 2567 3309 in
2600 3259 2869 3316 mortem,
2904 3251 3035 3323 quia
3070 3249 3362 3309 charitutis
3399 3248 3640 3317 dissipat
3670 3256 3791 3301 tra-

2176 3348 2354 3367 μμεημμ
2426 3347 2441 3367 .
2970 3353 3150 3367 ---ω
3186 3341 3564 3367 aenum.-.“
3597 3349 3789 3367 ,ΝΜ

2172 3348 2381 3403 mitem.
2423 3347 2636 3404 Idcirco
2672 3346 2938 3402 Dominus
2962 3353 3158 3401 contra
3186 3341 3566 3413 hujuscemodi
3597 3349 3792 3413 pestes

2172 3440 2462 3497 consilium
2502 3440 2670 3506 dans,
2712 3442 3067 3511 semetipsum
3111 3439 3178 3493 ad
3218 3436 3546 3493 imitandum
3576 3450 3791 3506 propo-

2173 3534 2312 3601 suit,
2345 3534 2534 3590 dieens
2560 3552 2576 3587 :
2608 3552 2628 3586 t
2658 3533 2859 3589 Discite
2892 3550 2920 3588 a
2952 3548 3040 3589 me
3069 3532 3194 3602 quia
3239 3530 3389 3587 ruitis
3437 3545 3564 3585 sum
3592 3539 3653 3586 et
3682 3537 3791 3585 hu-

2170 3626 2321 3682 milis
2348 3626 2513 3681 corde
2533 3666 2548 3693 ,
2581 3635 2639 3685 et
2666 3625 2960 3681 inveniens
2990 3628 3235 3695 requiem
3266 3625 3555 3679 animabus
3583 3623 3793 3679 vestris

2173 3716 2412 3787 (Matth.
2444 3733 2501 3772 ιι
2522 3717 2564 3788 ).
2595 3736 2616 3771 s
2648 3716 2718 3771 Et
2754 3721 2884 3773 item
2913 3735 2927 3770 :
2966 3735 2985 3769 ι
3017 3716 3121 3784 Qui
3158 3729 3247 3781 se,
3288 3714 3496 3785 Inquit,
3539 3716 3790 3780 exaltat,

2171 3806 2549 3862 humiliabitur
2573 3824 2590 3874 ;
2623 3815 2680 3863 et
2706 3808 2798 3879 qui
2832 3822 2892 3864 se
2922 3807 3173 3864 humiliat
3191 3845 3208 3871 ,
3238 3805 3578 3863 exaltabitur
3609 3804 3787 3880 (Late.

2172 3916 2297 3969 xw,
2328 3918 2462 3959 xvm
2490 3901 2532 3974 ).
2568 3923 2588 3956 ι

2771 4015 3006 4073 CAPUT
3039 4015 3176 4072 XII].

2172 4128 2451 4201 Sapientia
2506 4130 2659 4187 docet
2716 4131 2830 4185 alia
2888 4145 3155 4268 γῗοηηάξςιε
3204 4129 3533 4196 quamde,
3579 4132 3642 4185 id
3695 4138 3781 4188 est

2801 4216 2957 4268 prcit
3075 4232 3111 4255 .,

2801 4216 3111 4269 promisca.

2251 4355 2271 4391 ι
2296 4336 2505 4394 Aitiora
2538 4346 2590 4394 te
2616 4350 2686 4393 ne
2712 4336 2996 4407 quaesieris
3015 4377 3031 4403 ,
3057 4346 3113 4391 et
3135 4337 3362 4393 fortiora
3391 4351 3445 4394 te
3470 4355 3543 4392 ne
3569 4352 3786 4421 scruta-

2180 4448 2200 4480 ε
2231 4437 2320 4485 tus
2360 4428 2551 4486 fueris.
2590 4428 2698 4484 Sed
2737 4444 2859 4499 qua:
2893 4429 3153 4494 pmeepit
3196 4427 3288 4481 tibi
3343 4427 3631 4496 Dominus,
3684 4433 3781 4490 illa

473 4527 785 4591 nuncupat,
842 4532 963 4587 quae
1018 4516 1163 4571 delet
1210 4526 1454 4586 peccata.
1508 4522 1663 4573 Sicut
1702 4529 1757 4573 et
1793 4523 1918 4573 alibi
1968 4525 2069 4574 ho-
2180 4532 2201 4567 ι
2232 4524 2413 4585 cogita
2466 4531 2701 4585 semper,
2749 4524 2805 4572 ct
2845 4516 2900 4571 in
2950 4516 3196 4586 pluribus
3239 4523 3498 4591 operibus
3545 4525 3666 4596 ejus
3705 4544 3783 4584 ne

471 4614 632 4667 stiam
654 4651 669 4677 ,
718 4623 839 4679 quae
873 4621 976 4677 pro
1008 4614 1234 4677 peccato
1268 4606 1513 4675 oﬁ'ertur,
1552 4617 1837 4677 peccatum
1882 4618 2061 4666 vocat.

2090 4658 2146 4721 D

2179 4627 2198 4661 ι
2226 4609 2401 4666 fueris
2444 4609 2713 4666 curiosus.
2768 4608 2888 4666 Non
2921 4620 3008 4667 est
3043 4613 3188 4668 enim
3248 4615 3344 4670 tibi
3399 4621 3781 4676 necessarium

440 4767 444 4772 _
474 4704 543 4755 tit
591 4709 675 4756 est
729 4698 857 4755 illud
886 4716 900 4753 :
942 4716 962 4749 ι
990 4696 1167 4753 Ponat
1213 4712 1437 4753 manum
1486 4713 1639 4754 suam
1689 4714 1854 4770 super
1901 4708 2067 4771 caput
2090 4696 2146 4721 ν
2180 4721 2200 4754 ε
2228 4716 2294 4757 ea
2325 4717 2449 4772 qua:
2480 4702 2801 4758 abscondita
2832 4711 2960 4759 sunt
2987 4704 3174 4761 videre
3202 4707 3377 4763 oculis
3407 4709 3535 4765 tuis.
3564 4732 3584 4762 ι
3612 4712 3779 4769 Ordi-

468 4791 679 4863 pcccati
718 4790 837 4858 sui,
875 4798 931 4845 et
964 4789 1047 4846 sic
1081 4805 1201 4845 eam
1232 4788 1462 4848 Domino
1496 4790 1710 4848 oﬁ‘erat.
1744 4812 1763 4847 ι
1800 4793 1901 4862 Qui
1932 4811 2064 4868 ergo

470 4887 523 4940 in
553 4884 877 4955 parentibus
915 4893 971 4939 et
1009 4885 1221 4940 caeteris
1262 4885 1629 4957 indigentibus
1668 4889 2065 4947 misericordiae

467 4983 688 5032 exercet
713 4990 910 5047 opera,
942 4975 1059 5031 sine
1088 4976 1249 5031 dubio
1272 4976 1498 5048 justitia:
1525 4994 1639 5034 suae
1666 4981 1893 5052 recipiet
1926 4997 2065 5053 prae-

469 5071 669 5138 mium,
702 5079 759 5125 et
791 5086 821 5123 a
858 5067 1098 5142 peccatis
1137 5069 1416 5126 absolutus
1444 5071 1754 5128 mercedem
1785 5074 1912 5130 vita:
1940 5090 2064 5147 pos-

467 5161 666 5218 sidebit
691 5169 930 5217 aeternae.
965 5159 1121 5217 Unde
1151 5169 1205 5216 et
1234 5163 1496 5231 sequitur.

548 5271 569 5305 ι
594 5252 656 5307 In
679 5253 767 5309 die
793 5253 1161 5310 tribulationis
1186 5255 1700 5313 commemorabitur
1714 5258 1813 5327 tui,
1840 5266 1893 5314 et
1919 5260 2061 5315 sicut

475 5362 494 5395 ι
524 5343 578 5397 in
609 5356 802 5397 sereno
837 5341 1038 5414 glacies
1073 5343 1356 5400 solventur
1380 5357 1607 5416 peccata
1633 5356 1749 5404 tua.
1785 5369 1803 5402 ι
1837 5350 1976 5407 Hinc
2006 5358 2062 5407 et

466 5432 658 5490 Daniel
689 5432 953 5504 propheta
992 5432 1496 5494 Nabuchodonosor
1528 5440 1642 5511 regi
1676 5439 2060 5509 hujuscemodi

467 5528 754 5586 consilium
810 5526 958 5584 dedit
984 5569 999 5595 ,
1058 5530 1245 5586 dicens
1275 5549 1290 5587 :
1327 5551 1345 5582 ε
1372 5531 1672 5588 Consilium
1738 5550 1919 5591 meum
1946 5578 1959 5601 ,
2023 5552 2059 5593 o

464 5639 584 5687 rex,
620 5619 835 5693 Ρῗθοεείί
862 5616 986 5687 tibi:
1016 5628 1072 5675 θῑ
1098 5632 1324 5691 Peccata
1352 5626 1714 5696 elcemosynis
1742 5630 1973 5696 redime,
2001 5640 2058 5686 et
2092 5643 2099 5650 ·

465 5713 785 5787 iniquitates
818 5719 941 5768 tuas
988 5710 1381 5772 misericordiis
1431 5732 1769 5788 pauperum,
1821 5720 2055 5779 forsitan

466 5807 711 5881 ignoscet
744 5805 889 5863 Deus
923 5803 1136 5862 delictis
1168 5806 1275 5864 tuis
1315 5807 1346 5880 (’
1362 5808 1502 5865 Dan.
1536 5826 1590 5865 tv
1616 5812 1655 5884 ).
1691 5833 1709 5865 ι
1745 5813 1821 5870 De
1861 5830 1967 5885 quo
2002 5824 2056 5871 et

464 5902 584 5971 ipsa
608 5898 826 5957 Veritas
849 5900 905 5956 in
931 5897 1225 5973 Evangelio
1255 5901 1332 5957 ait
1358 5918 1371 5954 :
1401 5920 1421 5953 ‹
1449 5902 1584 5958 Date
1613 5903 2011 5977 clcemosyuam
2030 5948 2044 5974 ,

2173 4808 2300 4849 nem
2327 4801 2512 4850 servat
2534 4794 2795 4851 doctrina:
2819 4804 3140 4866 praeceptor,
3170 4797 3497 4855 humilitatis
3522 4802 3739 4859 scilicet
3756 4843 3773 4869 ,

2171 4894 2236 4941 ut
2256 4886 2397 4942 sicut
2420 4886 2573 4956 prius
2595 4886 2777 4942 docuit
2800 4887 2854 4942 in
2889 4888 3136 4944 moribus
3171 4897 3362 4946 tenere
3389 4898 3773 4951 mansuetudi-

2171 4995 2299 5036 nem
2325 4988 2489 5051 atque
2514 4979 2768 5049 operibus
2792 4980 3153 5036 humilitatem
3178 4998 3193 5047 ;
3222 4982 3302 5037 sic
3326 4991 3383 5039 et
3407 4999 3555 5041 nunc
3577 4987 3775 5043 doceat

2173 5088 2397 5131 servare
2431 5073 2614 5128 cordis
2647 5072 2942 5142 puritatem
2962 5112 2977 5138 ,
3009 5088 3079 5129 ne
3107 5072 3248 5129 forte
3273 5088 3340 5129 ea
3370 5090 3492 5145 quae
3528 5078 3767 5134 humana

2172 5169 2319 5226 ratio
2342 5167 2806 5239 comprehendere
2827 5183 2935 5223 non
2957 5168 3128 5233 valet,
3157 5168 3374 5225 incauta
3396 5172 3770 5242 disputatione

2172 5261 2365 5318 rimari
2393 5269 2706 5331 praesumat.
2754 5259 2910 5317 Unde
2938 5260 3071 5316 dicit
3099 5261 3459 5321 Ecclesiastes
3486 5280 3501 5318 :
3526 5283 3551 5317 ι
3580 5265 3663 5322 Ne
3691 5276 3766 5321 te-

2172 5369 2327 5412 mere
2361 5354 2495 5424 quid
2533 5353 2780 5422 loquaris
2802 5394 2817 5420 ,
2849 5368 3027 5424 neque
3060 5369 3156 5413 cor
3186 5363 3340 5411 tuum
3390 5357 3465 5411 sit
3503 5358 3661 5413 velox
3698 5358 3767 5414 ad

2171 5446 2561 5517 proferendum
2599 5461 2911 5502 sermonem
2944 5460 3130 5503 eorum
3164 5446 3295 5501 Deo.
3335 5447 3482 5505 Deus
3514 5450 3663 5504 enim
3708 5451 3765 5506 in

2171 5537 2348 5603 calo,
2382 5545 2439 5593 et
2468 5545 2525 5591 tu
2556 5550 2724 5607 super
2748 5544 2971 5592 terram.
3000 5536 3211 5595 idcirco
3234 5539 3341 5595 sint
3371 5544 3537 5611 pauci
3560 5556 3761 5599 semo-

2173 5642 2276 5685 nes
2304 5628 2419 5694 tui,
2445 5627 2647 5683 omitas
2673 5638 2837 5684 curas
2862 5637 3168 5698 sequuntur
3193 5632 3402 5687 somnia
3418 5674 3434 5700 ,
3460 5644 3516 5689 et
3543 5635 3600 5690 in
3624 5632 3735 5689 usui

2172 5721 2248 5777 tis
2271 5721 2619 5780 sermonibus
2644 5721 2924 5778 invenitur
2942 5722 3177 5779 stultitia
3208 5722 3387 5795 (Eccl.
3409 5724 3498 5796 v).
3519 5744 3540 5776 s
3566 5727 3623 5781 in
3645 5726 3763 5796 qui-

2171 5812 2275 5869 bus
2307 5814 2489 5869 verbis
2518 5812 2733 5869 videtur
2762 5814 3090 5886 praecipere,
3123 5830 3191 5871 ue
3220 5824 3313 5870 aut
3350 5815 3637 5886 loquentes
3665 5824 3762 5872 aut

2087 5989 2127 5996 ι
2172 5907 2478 5977 cogitantes
2515 5906 2633 5978 plus
2671 5907 2737 5962 tle
2777 5906 2888 5963 Deo
2923 5923 3088 5977 quam
3126 5924 3416 5979 possumus
3452 5908 3753 5980 opinetur.
