4030 6518
311 482 415 548 781

1211 480 1565 547 ΒΟΜΜΕΝΤ.
1606 485 1676 542 ΙΝ
1710 485 2321 549 ECCLESIASTICUM.
2361 516 2431 537 κ-
2465 487 2593 547 LIB.
2624 482 2672 542 Ι.

3491 484 3598 544 782

320 600 434 663 Sed
466 598 705 655 sciamus
741 593 1172 655 imbecillitatem
1204 603 1485 665 nostram,
1524 597 1668 667 quod
1687 637 1704 665 ,
1739 612 1911 671 quan?
1936 601 1988 663 Α
2013 605 2067 653 et
2093 598 2386 665 honorem,
2412 606 2467 655 et
2491 596 2953 668 incorruptionem
2974 605 3222 668 quaerunt
3241 598 3413 653 vitam
3436 607 3594 654 aeter-

326 703 441 751 tum
472 690 669 750 cretum
706 689 876 747 distat
909 704 942 744 a
978 695 1158 754 terra,
1199 695 1412 747 tantum
1445 696 1634 751 nostra
1672 689 1912 761 opinatio

322 803 359 843 ει
390 793 591 843 natura
639 779 785 843 illius
830 788 1138 853 separetur,
1182 787 1238 836 et
1270 779 1476 837 idcirco
1510 780 1708 843 debere
1745 776 1912 841 verba

323 883 517 937 nostra
560 888 682 935 esse
726 871 1032 933 moderata.
1084 870 1237 927 Sicut
1281 871 1464 939 enim,
1508 872 1602 943 qui
1635 872 1691 933 in
1731 873 1917 933 multis

325 964 754 1037 cogitationibus
780 971 895 1029 est,
925 978 988 1025 ea
1020 963 1265 1021 somniat
1290 961 1604 1036 frequenter
1626 965 1694 1020 de
1722 963 1916 1035 quibus

327 1056 568 1127 cogitat,
614 1056 689 1113 ita
727 1055 823 1126 qui
860 1053 1017 1127 plura
1056 1054 1291 1113 voluerit
1333 1057 1400 1115 de
1428 1057 1710 1123 divinitate
1748 1057 1918 1115 disse-

328 1165 486 1217 rere,
528 1150 719 1209 incidit
760 1150 818 1209 in
857 1148 1167 1207 stultitiam.
1209 1149 1351 1205 Hinc
1392 1157 1450 1209 et
1488 1148 1692 1209 Paulus
1716 1149 1914 1205 docet:

332 1260 354 1294 ι
384 1241 504 1297 Non
531 1241 651 1313 plus
680 1254 872 1313 sapere
897 1257 1063 1315 quam
1093 1247 1306 1313 oportet
1334 1256 1526 1312 sapere
1554 1260 1567 1297 :
1599 1241 1694 1299 sed
1726 1257 1918 1313 sapere

330 1333 400 1390 ad
447 1332 835 1401 sobrietatem,
881 1341 939 1389 et
978 1329 1135 1401 juxta
1184 1347 1499 1389 mensuram
1542 1331 1668 1391 fidei
1714 1330 1914 1409 (Rom.

331 1422 474 1495 xu).
506 1443 526 1478 ι
552 1423 621 1479 Et
658 1422 829 1481 alibi:
862 1441 882 1477 ς
912 1422 1062 1489 Noli,
1104 1423 1309 1492 inquit,
1344 1423 1512 1483 altum
1546 1436 1772 1496 sapere,
1824 1421 1920 1481 sed

332 1515 464 1573 time
493 1512 692 1586 (Rom.
720 1529 775 1571 χι
797 1512 843 1586 ).
874 1533 895 1571 ι
926 1511 1137 1575 Sullicit
1163 1513 1312 1568 enim
1335 1512 1543 1569 homini
1568 1553 1586 1581 ,
1615 1522 1677 1575 ut
1717 1528 1782 1573 ea
1829 1512 1919 1589 pia

332 1605 660 1677 cogitatione
694 1613 924 1674 tractet,
957 1614 1014 1667 et
1038 1620 1204 1679 Opere
1233 1604 1484 1676 impleat,
1516 1620 1637 1679 quae
1666 1619 1700 1663 a
1736 1602 1921 1667 condi-

336 1705 458 1754 tore
490 1712 591 1758 suo
624 1696 729 1755 sibi
762 1697 1061 1761 constituta
1082 1738 1097 1765 ,
1133 1706 1299 1768 atque
1330 1704 1603 1778 prvecepta
1644 1704 1773 1757 sunt
1805 1711 1921 1754 ser—

333 1789 545 1861 vanda;
573 1803 693 1860 quae
717 1798 899 1855 autem
926 1789 1142 1849 occulta
1169 1796 1224 1845 et
1251 1804 1373 1859 quae
1397 1786 1920 1863 incomprehensibi-

335 1881 406 1935 lia
442 1890 567 1937 sunt
594 1881 922 1952 iudiciorum
957 1881 1084 1948 Dei,
1125 1881 1360 1937 scrutari
1388 1896 1500 1936 non
1530 1886 1805 1948 attentet;
1839 1879 1921 1936 di-

2019 704 2162 745 nam.
2205 690 2305 751 His
2345 697 2554 756 autem,
2597 690 2691 761 qui
2737 698 2863 745 sunt
2898 705 2966 745 ex
3007 689 3389 757 contentione,
3419 698 3475 745 et
3505 690 3599 762 qui

2018 797 2124 837 non
2156 782 2507 853 acquiescunt
2534 781 2786 848 veritati,
2819 783 3049 841 credunt
3075 790 3256 839 autem
3288 781 3593 855 iniquitati,

2019 875 2155 931 iram
2182 883 2235 931 et
2273 875 2720 947 indignationem,
2757 874 3157 935 tribulationem
3197 883 3252 932 et
3289 875 3597 948 angustiam

2020 966 2207 1040 (Rom.
2232 984 2269 1029 ιι
2293 966 2332 1040 ).
2367 988 2384 1020 ι
2420 988 2436 1018 ε
2466 966 2565 1036 Qui
2597 974 2775 1033 amat,
2806 967 3019 1039 inquit,
3049 965 3349 1041 periculum
3374 1008 3391 1035 ,
3419 966 3477 1023 in
3508 966 3600 1022 illo

2017 1058 2237 1129 peribit.
2265 1078 2283 1111 ι
2300 1057 2401 1119 ille
2422 1058 2621 1113 dicitur
2644 1074 2830 1115 amare
2844 1058 3165 1131 periculum,
3190 1059 3284 1132 qui
3309 1076 3416 1115 non
3442 1065 3601 1115 curat

2020 1164 2120 1205 nec
2148 1150 2328 1205 studet
2355 1150 2529 1209 vitare
2555 1149 2877 1220 periculum.
2917 1149 3172 1223 Alioquin
3202 1152 3323 1222 quis
3354 1160 3437 1208 est
3459 1192 3475 1219 ,
3505 1149 3602 1225 qui

2019 1240 2147 1294 velit
2180 1241 2424 1301 incidere
2455 1241 2511 1296 in
2538 1241 2838 1314 periculum
2856 1283 2870 1309 ,
2900 1258 3024 1296 cum
3051 1258 3240 1299 omnes
3276 1243 3444 1301 velint
3469 1259 3599 1299 eva-

2020 1332 2148 1389 dere
2175 1332 2500 1397 interitum?
2531 1331 2637 1389 Sed
2670 1332 2757 1389 ille
2786 1333 3182 1413 quodammodo
3213 1341 3360 1390 amat
3390 1334 3601 1404 pericu-

2019 1423 2131 1487 lum
2149 1466 2164 1492 ,
2192 1424 2285 1496 qui
2313 1423 2502 1499 diliget
2530 1441 2623 1487 eas
2666 1441 2755 1483 res
2790 1441 2909 1499 quae
2941 1425 3171 1489 tendunt
3193 1424 3262 1489 ad
3283 1425 3562 1489 interitum
3583 1466 3599 1493 ,

2019 1522 2080 1571 ut
2100 1523 2187 1573 est
2211 1515 2395 1584 libido,
2427 1517 2677 1589 avaritia,
2703 1515 2935 1583 luxuria,
2966 1526 3019 1572 et
3044 1526 3253 1573 cetera:
3276 1517 3599 1591 perniciosa:

2019 1606 2338 1677 cupiditates
2371 1620 2387 1660 :
2434 1622 2537 1661 nec
2574 1621 2681 1661 non
2731 1615 2786 1662 et
2827 1608 3060 1663 han-eses
3099 1619 3261 1679 atque
3301 1608 3604 1664 novitatum

2019 1700 2493 1770 praesumptiones,
2514 1715 2634 1770 quae
2660 1701 2976 1769 certissima:
3003 1712 3128 1758 sunt
3150 1702 3457 1758 animarum
3476 1717 3603 1774 per-

2021 1789 2274 1847 ditiones.
2310 1790 2465 1847 Unde
2493 1789 2836 1862 subjungitur
2871 1809 2886 1845 :

2098 1900 2118 1933 ‹
2147 1882 2255 1938 Cor
2293 1882 2604 1953 ingrediens
2646 1884 2783 1941 duas
2810 1885 2928 1941 vias
2967 1899 3077 1939 non
3120 1885 3343 1941 habebit
3380 1901 3601 1943 succes-

334 1982 530 2046 catque
558 1990 681 2029 cum
710 1975 983 2044 Propheta
1012 1990 1027 2027 :
1056 1992 1076 2023 ι
1108 1972 1321 2029 Judicia
1351 1973 1450 2029 Dei
1481 1974 1712 2044 abyssus
1749 1971 1919 2027 multa
1945 1962 1995 2025 Β
2028 1992 2047 2026 ι
2077 1988 2170 2031 sus
2200 1991 2212 2027 :
2244 1981 2299 2029 et
2326 1988 2554 2047 pravum
2602 1989 2699 2030 cor
2739 1974 2793 2029 in
2834 1975 2941 2031 illis
2980 1975 3449 2037 scandalizabitur.
3499 1978 3608 2033 Cor

336 2064 531 2139 (Psal.
569 2066 795 2137 xxxv);
838 2085 858 2118 ι
889 2072 946 2120 et
981 2080 1107 2121 cum
1137 2064 1398 2135 Apostolo
1440 2064 1696 2121 mirando
1742 2062 1922 2118 taliter

334 2161 567 2229 sentiat,
593 2161 781 2225 dicens
808 2178 824 2216 :
848 2179 868 2217 ‹
894 2159 939 2216 0
960 2160 1190 2223 altitudo
1216 2160 1535 2221 divitiarum
1562 2159 1842 2232 sapientiae
1868 2167 1924 2214 et

333 2253 581 2315 scientia:
609 2253 736 2323 Dei,
770 2268 933 2327 quam
960 2253 1530 2327 incomprehensibilia
1560 2260 1690 2311 sunt
1713 2252 1921 2327 judicia

335 2347 473 2417 ejus,
504 2355 562 2405 et
586 2347 994 2419 investigabiles
1020 2348 1122 2404 viae
1148 2348 1268 2421 ejus
1297 2366 1309 2407 :
1348 2348 1471 2422 quis
1498 2348 1646 2405 enim
1671 2347 1923 2421 cognovit

334 2455 555 2501 sensum
583 2441 797 2501 Domini
818 2441 842 2507 ?
865 2452 961 2501 aut
986 2441 1109 2511 quis
1133 2439 1482 2497 consiliarius
1505 2437 1623 2512 ejus
1648 2438 1786 2499 fuit?
1805 2459 1824 2495 ι
1856 2438 1923 2493 Ει

335 2533 670 2597 retribuemr
706 2534 792 2601 ei,
828 2534 1086 2605 quoniam
1116 2550 1185 2593 ex
1222 2533 1361 2605 ipso,
1402 2540 1461 2593 et
1493 2548 1593 2607 per
1628 2532 1838 2605 ipsum,
1867 2538 1923 2586 et
1956 2548 1959 2549 ν

334 2626 393 2685 in
437 2627 1389 2701 ipsowntomaiazlpsiboaoret
1427 2627 1603 2699 gloria
1641 2623 1922 2687 insaecula

335 2719 653 2782 seculorum
683 2716 875 2792 (Bent.
907 2735 965 2781 ιι
987 2719 1030 2794 ).

412 2824 433 2856 ι
462 2805 522 2863 ln
558 2810 908 2878 supervacuis
940 2810 1124 2871 verbis
1163 2807 1274 2869 noli
1321 2807 1558 2869 scrutari
1605 2807 1921 2878 multiplici-

343 2913 364 2950 ι
392 2903 509 2963 ter;
543 2906 599 2955 et
633 2899 689 2959 in
720 2899 970 2970 pluribus
998 2901 1256 2973 operibus
1289 2898 1408 2973 ejus
1438 2915 1548 2961 non
1580 2900 1693 2961 eris
1731 2900 1917 2958 cario-

340 3010 365 3051 r
392 3008 506 3055 sus.
536 2993 778 3055 Plurima
804 2997 951 3057 enim
982 3012 1145 3068 super
1170 3000 1365 3057 sensus
1387 2995 1672 3057 hominum
1699 3001 1924 3055 ostensa

345 3104 367 3143 ‹
394 3095 522 3149 sunt
550 3088 668 3149 tibi.
705 3088 903 3149 llultos
938 3105 1157 3161 quoque
1192 3089 1562 3161 supplantavit
1587 3089 1831 3161 suspicio
1859 3088 1925 3147 il-

347 3198 366 3233 ι
397 3180 609 3249 lorum,
643 3189 699 3241 et
732 3182 790 3241 in
819 3182 1062 3243 vanitate
1099 3184 1333 3245 detinuit
1382 3198 1577 3247 sensus
1623 3182 1866 3243 illorum.
1896 3200 1917 3236 ι

334 3268 718 3345 Supervacua
745 3288 835 3333 res
863 3276 1098 3336 scrutari
1121 3314 1137 3342 ,
1178 3282 1267 3333 est
1312 3290 1405 3333 eas
1452 3291 1543 3335 res
1593 3270 1925 3335 rationabili-

342 3369 428 3427 ων
466 3364 688 3434 agnosci
719 3365 855 3425 velle
876 3406 890 3432 ,
924 3381 1064 3437 quos
1100 3366 1241 3425 ratio
1275 3367 1433 3427 docet
1468 3365 1785 3439 investigari
1817 3380 1927 3422 non

343 3451 557 3513 debere.
615 3453 769 3515 Unde
821 3454 1178 3517 Ecclesiastes
1232 3457 1411 3515 dicit:
1443 3475 1463 3511 ‹
1504 3456 1645 3526 Quid
1699 3470 1927 3513 necesse

344 3550 429 3605 est
467 3544 669 3603 homini
706 3543 910 3616 majora
944 3562 1005 3609 se
1036 3563 1318 3618 quaerere,
1362 3564 1488 3607 cum
1531 3547 1746 3620 ignoret
1794 3546 1927 3619 quid

340 3632 613 3695 canduerit
647 3636 749 3697 sibi
782 3638 839 3697 in
878 3638 991 3697 vita
1027 3653 1129 3695 sua
1166 3655 1396 3697 numero
1435 3639 1650 3705 dierum
1690 3636 1931 3711 pcregri-

343 3725 578 3803 naljonis
612 3742 757 3796 sua),
786 3737 842 3787 et
872 3737 1116 3802 tempore
1146 3733 1290 3803 quod
1321 3731 1469 3788 velut
1498 3732 1690 3791 umbra
1736 3737 1931 3802 praete-

345 3816 458 3871 rit?
482 3823 580 3873 aut
617 3818 741 3890 quis
777 3818 831 3875 ei
869 3819 1071 3889 poterit
1113 3820 1357 3879 indicare
1388 3819 1518 3893 quid
1546 3826 1669 3893 post
1696 3833 1821 3873 eum
1846 3816 1931 3873 fu-

344 3917 525 3967 turum
552 3910 655 3969 sub
682 3909 797 3969 sole
825 3911 938 3968 sit?
967 3908 1186 3986 (Eccle.
1220 3914 1363 3986 vn.)
1403 3934 1421 3967 ι
1482 3914 1552 3973 Et
1582 3913 1713 3971 item
1748 3929 1762 3967 :
1797 3931 1815 3963 ι
1853 3910 1931 3967 Νε

344 3998 524 4063 dicas,
568 4001 699 4071 quid
738 4010 900 4073 putas
939 4019 1116 4060 causze
1153 4013 1273 4072 est,
1302 4021 1429 4060 cum
1458 4006 1642 4077 priora
1677 4012 1923 4074 tempora

344 4090 572 4151 meliora
618 4090 769 4147 fuere
812 4107 978 4165 quam
1020 4111 1164 4149 nunc
1211 4097 1381 4151 sunt?
1432 4096 1607 4151 Stulta
1653 4104 1738 4153 est
1786 4096 1933 4151 enim

344 4182 716 4254 hujuscemodi
745 4185 1097 4257 interrogatio
1121 4184 1300 4258 (Ibid.
1327 4203 1402 4243 vn
1419 4186 1461 4261 ).
1485 4207 1505 4240 ›
1536 4185 1764 4243 Sobrius
1789 4187 1931 4243 enim

354 4275 664 4337 intellectus
695 4275 749 4337 in
782 4277 1035 4335 omnibus
1063 4285 1148 4341 est
1177 4278 1443 4353 optimus,
1478 4278 1572 4351 qui
1613 4276 1790 4337 reiicit
1819 4277 1935 4333 ani-

346 4382 526 4433 mam,
558 4375 613 4427 et
639 4384 747 4433 non
779 4378 968 4441 gravat
1008 4376 1265 4429 mentem.
1318 4368 1472 4427 Unde
1518 4369 1576 4433 in
1622 4368 1935 4429 Proverbiis

341 4455 616 4531 sapientia
663 4455 848 4523 docet,
898 4459 1120 4513 dicens:
1150 4478 1179 4519 ,ς
1208 4458 1312 4514 Mel
1360 4459 1655 4526 invenisti,
1710 4460 1934 4517 comede

348 4548 491 4619 quod
520 4546 715 4603 suﬂicit
746 4546 877 4612 tibi,
909 4561 978 4603 ne
1008 4544 1147 4600 forte
1175 4543 1404 4599 satiatus
1435 4557 1656 4598 evomas
1687 4549 1817 4597 illud
1836 4582 1851 4606 ,
1881 4558 1935 4598 et

346 4627 594 4717 perimes
631 4654 825 4701 nomen
866 4637 962 4694 Dei
1007 4637 1083 4693 tui
1112 4633 1317 4708 (Prov.
1350 4650 1456 4689 xxv
1480 4633 1519 4706 ).
1553 4632 1707 4700 Quod
1753 4642 1933 4689 autem

351 4736 549 4793 dicitur
578 4753 590 4788 :
626 4731 819 4793 Multos
847 4730 1221 4805 supplantasse
1262 4727 1630 4799 suSpicionem
1673 4726 1930 4792 illorum,

350 4835 406 4881 et
448 4826 501 4879 in
544 4825 782 4881 vanitate
822 4824 1118 4878 detinuisse
1160 4836 1352 4877 sensus
1391 4819 1628 4877 illorum.
1683 4818 1933 4875 Ostendit

351 4933 542 4973 omnes
575 4916 858 4972 haereticos
900 4916 1109 4971 duobus
1149 4914 1324 4987 modis
1364 4914 1641 4969 existere:
1675 4914 1781 4975 hoc
1807 4923 1891 4969 est
1915 4953 1931 4979 ,

2028 2085 2047 2118 ‹
2077 2080 2312 2141 nequam
2342 2065 2659 2136 gravabitur
2689 2066 2741 2121 in
2776 2065 3085 2135 doloribus,
3117 2076 3171 2123 et
3198 2076 3452 2138 peccator
3475 2068 3610 2140 adji-

2029 2176 2047 2209 ι
2078 2156 2184 2213 εἰει
2212 2156 2280 2212 ad
2311 2158 2671 2228 peccandum.
2707 2179 2726 2211 ι
2758 2157 2866 2214 Cor
2896 2160 3275 2214 lnureticorum
3309 2160 3611 2234 ingreditur

2023 2250 2159 2307 duas
2194 2251 2347 2318 vias,
2389 2252 2606 2323 quando
2647 2268 2777 2308 vera
2824 2254 3119 2325 permiscet
3155 2252 3340 2323 falsis,
3380 2265 3435 2310 et
3473 2254 3610 2312 falsa

2024 2345 2216 2401 inserit
2274 2344 2440 2401 veris.
2501 2344 2730 2419 Aliquas
2784 2345 2929 2399 enim
2986 2346 3285 2409 sententias
3331 2362 3611 2403 sacrarum

2025 2434 2435 2506 Scripturarum
2474 2437 2578 2492 rite
2621 2436 2929 2509 intelligunt
2968 2453 3032 2493 ac
3069 2437 3386 2508 proferunt,
3414 2449 3469 2495 et
3507 2439 3608 2498 ali-

2023 2543 2160 2600 quas
2188 2529 2487 2585 secundum
2518 2544 2672 2583 suam
2704 2527 3013 2584 vecordiam
3046 2530 3098 2583 in
3132 2546 3350 2585 sensum
3389 2546 3612 2603 perver-

2024 2634 2143 2676 sum
2173 2620 2436 2689 trahunt,
2470 2620 2691 2693 suisque
2720 2620 3060 2678 auditoribus
3090 2636 3186 2677 eas
3226 2621 3612 2685 commendare

2023 2722 2299 2783 satagunt.
2327 2711 2430 2782 Qui
2462 2712 2649 2787 (juxta
2680 2712 2830 2773 Pauli
2862 2712 3221 2787 sententiam)
3249 2732 3268 2764 ι
3299 2728 3490 2769 sanam
3518 2713 3611 2769 do-

2025 2806 2259 2862 ctrinam
2302 2821 2408 2867 non
2446 2806 2821 2872 sustinebunt,
2856 2806 2949 2862 sed
2993 2806 3294 2862 secundum
3339 2822 3435 2860 sua
3465 2804 3611 2860 desi-

2025 2898 2176 2957 deria
2209 2896 2607 2963 coacervabunt
2648 2896 2752 2953 sibi
2793 2898 3117 2969 magistros,
3160 2898 3469 2971 prurientes
3511 2912 3611 2963 au—

2025 2990 2216 3058 ribus;
2248 2999 2303 3048 et
2342 3007 2373 3046 a
2417 2992 2650 3059 veritate
2690 2992 2911 3064 quidem
2941 2992 3183 3049 auditum
3223 2998 3505 3058 avertent,
3547 2988 3615 3044 ad

2026 3080 2239 3138 fabulas
2267 3089 2450 3141 autem
2482 3089 2865 3138 convertentur
2896 3080 3001 3155 (ΙΙ
3036 3080 3172 3136 Tim.
3202 3098 3255 3136 ιν
3275 3080 3316 3152 ).
3349 3101 3367 3133 ι
3396 3079 3464 3145 Et
3493 3078 3615 3137 ideo

2027 3170 2545 3230 scandalizabuntur
2577 3189 2591 3245 ;
2626 3188 2727 3228 nec
2754 3170 3065 3243 bujusmodi
3112 3186 3397 3239 successus
3445 3169 3615 3224 habe-

2028 3262 2198 3333 bunt,
2237 3266 2365 3336 quia
2405 3280 2593 3321 eorum
2638 3264 2855 3320 labores
2896 3264 2952 3319 in
2994 3278 3225 3318 vacuum
3264 3261 3440 3317 ibunt.
3475 3258 3615 3311 Gra-

1953 3330 2001 3399 C
2030 3365 2229 3411 vantur
2255 3372 2445 3411 eorum
2485 3355 2785 3428 praecordia
2832 3353 2943 3407 doli
2987 3349 3271 3423 versutiis,
3315 3356 3370 3403 et
3409 3347 3618 3404 idcirco

2030 3459 2328 3511 onerantur
2357 3447 2747 3519 multiplicibus
2774 3452 3121 3518 peccatorum
3151 3442 3398 3500 sarcinis.

2109 3564 2129 3597 ι
2158 3545 2457 3617 Synagogm
2484 3542 2841 3614 superborum
2872 3556 2979 3595 non
3007 3539 3116 3593 erit
3145 3537 3353 3592 sanitas
3378 3551 3394 3602 ;
3427 3531 3614 3589 frutex

2038 3660 2058 3694 ι
2086 3641 2232 3697 enim
2263 3639 2477 3711 peccati
2518 3638 2886 3695 eradicabitur
2927 3636 2982 3691 in
3026 3633 3162 3703 illis,
3195 3641 3249 3688 et
3276 3647 3382 3685 non
3414 3625 3618 3684 intelli-

2040 3754 2058 3788 ι
2087 3744 2265 3805 getur.
2298 3755 2317 3789 ›
2354 3732 2658 3799 Synagogao
2696 3730 3056 3799 superborum
3089 3732 3214 3780 sunt
3241 3719 3617 3779 conventicula

2032 3825 2414 3883 haereticorum
2440 3840 2453 3876 :
2489 3835 2720 3893 quorum
2748 3834 2970 3890 germen
3001 3816 3387 3881 eradicabitur,
3422 3823 3478 3871 et
3507 3830 3614 3869 non

2034 3916 2371 3987 intelligetur
2410 3929 2535 3969 cum
2579 3911 2827 3967 doctrina
2868 3925 3058 3966 eorum
3101 3907 3307 3962 inutilis
3334 3902 3618 3961 damnabi-

2035 4018 2163 4075 tur;
2202 4023 2302 4063 nec
2344 4006 2495 4062 ﬁctio
2536 4020 2725 4061 eorum
2770 4003 2911 4074 apud
2956 4001 3124 4055 Deum
3161 3998 3444 4072 probatur.
3480 3995 3621 4064 Quid

2034 4110 2216 4161 autem
2247 4100 2542 4156 catholicos
2572 4096 2884 4153 manifestet
2904 4137 2918 4163 ,
2950 4092 3319 4169 subjungendo
3347 4087 3619 4146 ostendit:

2112 4210 2131 4244 ι
2160 4190 2267 4247 Cor
2313 4189 2575 4261 sapientis
2615 4187 2935 4258 intelligitur
2964 4184 3017 4238 in
3050 4181 3315 4255 sapientia
3341 4221 3357 4249 ,
3392 4189 3447 4236 et
3473 4178 3623 4234 auris

2042 4305 2059 4338 ι
2088 4284 2231 4341 bona
2288 4283 2474 4337 audiet
2530 4298 2652 4337 cum
2705 4280 2854 4335 omni
2914 4275 3354 4346 concupiscentia
3411 4271 3623 4344 sapien-

2041 4395 2061 4425 ι
2096 4375 2248 4430 tiam.
2282 4392 2301 4427 ι
2332 4372 2393 4427 In
2437 4370 2725 4445 prudentia
2770 4368 2913 4422 enim
2963 4366 3222 4421 doctrinm
3266 4378 3363 4418 cor
3407 4361 3623 4435 sapiens

2037 4466 2334 4527 secundum
2372 4464 2658 4520 veritatem
2704 4460 3042 4527 intelligitur,
3086 4466 3141 4509 et
3180 4455 3454 4507 inhianter
3493 4452 3622 4508 boni

2036 4557 2312 4609 auditores
2339 4551 2481 4607 hanc
2512 4550 2815 4605 doctrinam
2848 4549 3095 4612 discunt,
3128 4563 3247 4618 qum
3276 4546 3622 4602 commendat

2036 4644 2298 4709 virtutes,
2346 4650 2400 4698 et
2438 4634 3001 4711 persequitur'vitia:
3045 4638 3189 4711 quod
3229 4638 3625 4711 subsequenter
3683 4696 3692 4703 ,

2036 4736 2360 4801 ostenditur,
2389 4749 2511 4789 cum
2542 4732 2762 4787 dicitur.

2114 4850 2130 4881 ι
2162 4828 2388 4899 Sapiens
2410 4844 2504 4883 cor
2526 4836 2580 4882 ct
2606 4824 2940 4897 intelligibile
2972 4826 3263 4881 abstinebit
3286 4840 3345 4880 se
3370 4841 3400 4880 a
3425 4839 3622 4897 pecca—

2043 4941 2062 4976 ι
2093 4924 2200 4989 tis;
2247 4931 2303 4977 et
2338 4923 2394 4977 in
2435 4923 2691 4992 operibus
2727 4919 2955 4990 iustitia:
2996 4935 3278 4975 successus
3322 4917 3560 4973 habebit.
3596 4936 3615 4970 ι

350 5030 476 5072 cum
505 5013 590 5073 vel
620 5013 683 5073 de
718 5019 965 5071 creatore
1004 5010 1091 5069 vel
1126 5009 1196 5073 de
1234 5016 1492 5067 creatura
1532 5005 1673 5067 ultra
1712 5008 1926 5077 modum

2039 5016 2142 5085 Qui
2179 5031 2310 5088 ergo
2351 5015 2455 5070 rite
2486 5015 2736 5087 intelligit
2762 5014 2898 5085 legis
2927 5013 3019 5067 Dei
3055 5012 3432 5075 traditionem,
3468 5024 3623 5064 coer-

350 5106 587 5165 scrutari
616 5106 891 5179 volentes,
920 5121 1177 5175 perverse
1207 5105 1491 5161 sentiendo
1519 5117 1777 5161 erroneas
1806 5116 1936 5163 con-
2040 5114 2127 5161 cet
2170 5120 2227 5160 se
2265 5120 2295 5158 a
2336 5102 2607 5175 peccatis,
2641 5111 2694 5157 ct
2733 5104 2785 5157 in
2818 5101 3074 5174 operibus
3104 5107 3322 5159 exercet
3353 5097 3581 5168 justitiae
3605 5141 3618 5166 ,

352 5200 489 5259 dunt
516 5198 824 5265 doctrinas,
856 5205 911 5252 et
937 5198 1062 5269 quia
1090 5196 1435 5268 dogmatibus
1464 5195 1711 5251 veritatis
1740 5192 1937 5251 cedere
2038 5211 2268 5269 quorum
2312 5194 2508 5251 nobilis
2550 5194 2729 5267 portio
2758 5201 2840 5248 est
2872 5192 3339 5263 eleemosynarum
3368 5188 3586 5261 largitio
3604 5228 3619 5255 ,

356 5291 547 5347 nolunt
568 5330 585 5357 ,
614 5288 745 5362 quid
774 5304 875 5357 eos
917 5288 1239 5358 insequatur
1275 5285 1608 5351 ostenditur,
1652 5299 1776 5340 cum
1805 5284 1935 5347 sub-
2034 5296 2323 5359 propterea
2356 5284 2652 5358 subjungit.

349 5384 620 5457 jungitur.
788 5454 795 5457 _
2115 5399 2134 5431 ι
2165 5378 2344 5451 Ignem
2373 5378 2658 5433 ardentem
2682 5371 2979 5445 exstinguit
3003 5386 3142 5442 aqua
3162 5412 3176 5438 ,
3203 5378 3257 5425 et
3283 5369 3621 5442 eleemosyna

433 5454 589 5533 «Cor
614 5454 806 5533 durum
847 5474 989 5530 male
1028 5473 1251 5533 habebit
1286 5472 1340 5539 in
1383 5470 1683 5529 novissimo
1713 5491 1727 5527 :
1763 5480 1818 5528 et
1846 5473 1938 5545 qui

360 5589 383 5629 ί
406 5578 558 5635 amt
585 5567 912 5639 periculum,
952 5566 1007 5623 in
1052 5564 1143 5620 illo
1185 5564 1405 5635 peribit.
1439 5585 1457 5616 ι
1482 5594 1556 5605 ——
1579 5583 1597 5619 ί
1629 5563 1939 5625 Secundum

2045 5490 2065 5523 ι
2097 5471 2303 5526 resistit
2330 5467 2608 5540 peccatis;
2641 5474 2698 5522 et
2723 5466 2868 5535 Deus
2892 5471 3214 5536 prospector
3241 5470 3324 5518 est
3353 5461 3499 5533 ejus,
3529 5458 3622 5530 qui

2049 5580 2068 5614 ι
2099 5561 2279 5618 reddit
2316 5559 2588 5632 gratiam;
2631 5555 2879 5612 meminit
2916 5555 3034 5627 ejus
3064 5555 3118 5609 in
3146 5561 3452 5627 posterum,
3483 5558 3538 5604 ct
3567 5551 3622 5604 ir

356 5663 621 5725 duritiam
646 5669 828 5729 autem
852 5675 1010 5723 suam
1038 5665 1093 5717 et
1113 5656 1459 5731 impmniteus
1475 5673 1591 5725 cor,
1609 5658 1945 5715 thesaurizat
2049 5672 2068 5708 ‹
2098 5664 2343 5723 tempore
2370 5665 2532 5706 casus
2562 5649 2647 5704 sui
2679 5648 2918 5720 inveniet
2958 5647 3380 5702 firmamentum.
3419 5664 3437 5695 ι
3471 5643 3600 5713 Sicu

356 5758 466 5817 sibi
490 5758 629 5817 iram
657 5758 714 5815 in
740 5758 827 5815 die
854 5757 951 5817 ira:
975 5763 1031 5814 et
1054 5755 1401 5815 revelationis
1419 5753 1553 5825 justi
1575 5753 1766 5825 judicii
1812 5756 1940 5823 Dei,

2043 5744 2189 5802 enim
2216 5756 2371 5814 aqua;
2397 5739 2725 5797 elementum
2756 5736 2982 5795 eﬂ'usum
3001 5780 3016 5803 ,
3049 5737 3188 5810 ignis
3210 5734 3507 5807 exstinguit
3532 5748 3619 5786 ar-

360 5847 456 5920 qui
486 5849 675 5909 reddet
702 5850 991 5920 unicuique
1019 5849 1317 5905 secundum
1356 5862 1524 5920 opera
1550 5863 1667 5903 sua.
1698 5846 1795 5905 His
1824 5846 1943 5917 qui-
2045 5838 2231 5896 dorem
2252 5878 2267 5904 ,
2293 5835 2374 5893 sic
2404 5843 2458 5889 et
2487 5833 2829 5909 eleemosyna
2852 5876 2865 5901 ,
2895 5850 3019 5919 quae
3040 5849 3137 5905 per
3168 5830 3453 5887 diaritatis
3496 5826 3597 5883 aﬂ‘e

364 5943 515 6013 μω.
545 5941 638 6016 qui
666 5942 960 6005 secundum
985 5939 1305 6019 patientiam
1324 5940 1454 6001 boni
1481 5939 1683 6015 operis,
1711 5939 1939 6013 gloriam
1964 5944 1971 5952 '

2042 5946 2190 5996 etum
2215 5933 2564 6007 expenditur,
2587 5942 2936 6004 peccatorum
2959 5933 3150 5987 obruet
3178 5928 3470 5984 ﬂanunam.
3498 5926 3622 5983 Ideo
