4030 6470
339 439 450 513 ’185

1236 420 1591 485 COMMENT.
1631 417 1702 476 IN
1735 411 2356 489 ECCLESIASTICUM.
2396 444 2469 457 —
2500 413 2631 470 LIB.
2667 410 2713 509 I.

3532 403 3636 467 786

337 510 519 631 neque
568 551 836 612 ambulavi
890 551 947 607 in
989 547 1222 622 magnis,
1275 557 1450 615 neque
1493 541 1553 598 in
1595 537 1936 596 mirabilibus
1955 518 2017 615 ‘A
2040 542 2354 592 mansuetos
2394 532 2678 597 Dominus,
2707 508 2790 585 ct
2830 508 3047 601 prmibit
3096 526 3155 584 in
3202 524 3349 582 viam
3381 514 3632 598 iustitiae,

339 666 506 724 super
533 663 648 714 me,
686 656 794 702 etc.
824 642 1000 718 (Psal.
1036 640 1221 714 cxxx).
1273 659 1290 690 ι

416 782 437 817 ‹
480 760 705 819 Declina
746 756 973 830 pauperi
1019 754 1140 811 sine
1186 750 1408 808 tristitia
1449 761 1641 804 aurem
1682 752 1851 809 tuam,
1879 750 1936 800 et

344 875 367 911 ι
410 853 579 913 redde
617 850 859 909 debitum
897 857 1070 914 tuum,
1109 852 1167 900 et
1201 838 1471 914 responde
1503 838 1581 895 illi
1616 834 1841 909 paciﬁce
1876 832 1936 888 in

344 967 368 1002 α
412 943 847 1004 mansuetudine.
892 961 911 994 ι
944 937 1199 995 Debitum
1226 943 1312 992 est
1337 931 1595 1005 pauperis
1623 942 1746 986 cum
1776 939 1934 982 man-

337 1036 630 1098 suetudine
673 1029 976 1092 consolatio
1019 1024 1338 1099 temporalis
1359 1065 1376 1092 ,
1423 1022 1518 1094 qui
1560 1028 1745 1077 autem
1791 1017 1937 1073 hanc

337 1133 390 1189 ei
441 1132 573 1187 dare
615 1125 862 1200 negligit,
910 1136 1210 1194 congruum
1251 1117 1494 1175 debitum
1539 1113 1617 1172 illi
1662 1126 1774 1169 non
1827 1108 1937 1166 im-

336 1230 546 1304 pendit.

421 1362 436 1396 ι
482 1342 682 1399 Libera
715 1354 841 1397 eum
884 1336 978 1409 qui
1020 1334 1276 1407 injuriam
1303 1333 1507 1405 patitur
1540 1331 1612 1387 de
1633 1344 1801 1387 manu
1844 1340 1939 1383 su-

342 1461 363 1493 r
407 1437 591 1510 perbi;
635 1442 691 1492 et
728 1449 837 1490 non
866 1431 1022 1489 aeide
1051 1430 1198 1488 feras
1229 1430 1288 1487 in
1322 1428 1507 1485 anima
1549 1436 1665 1484 tua.
1697 1443 1719 1478 ι
1766 1423 1937 1495 Igitur

337 1532 481 1588 sicut
507 1529 661 1602 prius
684 1527 1073 1600 expensionem
1101 1525 1221 1597 opis
1249 1524 1309 1580 in
1333 1536 1608 1595 pauperes
1633 1518 1937 1590 eleemosy-

338 1642 470 1698 nam
509 1639 631 1680 esse
669 1621 940 1687 ostendit,
980 1622 1060 1677 sic
1103 1627 1160 1676 et
1197 1632 1345 1676 nunc
1373 1615 1754 1674 liberationem
1794 1610 1935 1684 ejus,

333 1720 429 1791 qui
458 1717 644 1788 inique
671 1716 999 1788 Opprimitur
1027 1730 1059 1769 a
1087 1714 1347 1786 superbo,
1377 1710 1775 1769 misericordiae
1800 1719 1939 1779 opus

339 1810 456 1867 ﬁeri
512 1809 772 1867 declarat.
824 1807 981 1865 Unde
1031 1807 1087 1862 in
1134 1804 1447 1876 Proverbiis
1500 1803 1766 1875 scriptum
1815 1807 1934 1857 est:

2032 628 2125 698 qui
2157 626 2269 682 ait:
2300 645 2320 679 ι
2347 624 2463 698 Ego
2491 638 2612 681 sum
2635 622 2754 691 via,
2782 621 2989 678 veritas
3033 628 3092 675 ct
3117 617 3232 675 vita
3264 617 3624 701 :-qni.sequip

2037 729 2124 777 tur
2144 736 2252 787 me,
2288 734 2395 776 non
2424 716 2666 775 ambulat
2705 716 2759 771 in
2787 712 3046 779 tenebris,
3075 711 3171 769 sed
3197 710 3635 777 habebith

2034 814 2159 871 vitae
2202 813 2385 888 (Joan.
2412 813 2549 883 xrv).
2588 830 2610 865 ι
2665 808 2823 866 Unde
2867 806 2961 878 qui
3008 804 3169 862 illum
3202 803 3640 878 ,diligit,.diligit

2034 907 2223 973 vitam,
2270 905 2398 977 quia
2447 901 2717 961 servando
2759 900 3034 956 mandata
3063 895 3229 964 illius,
3276 896 3638 975 all.ieternani

2035 997 2319 1072 perveniet
2337 997 2537 1062 vitam;
2574 1002 2631 1050 ct
2664 991 2757 1063 qui
2792 989 3136 1062 vigilaverint
3180 986 3253 1043 ad
3274 987 3639 1055 illam,.com:

2033 1092 2344 1166 plectemur
2371 1091 2648 1163 placerem
2688 1086 2826 1159 ejus.
2863 1083 3024 1142 Sicut
3050 1083 3108 1140 in
3135 1082 3457 1141 Proverbiis
3474 1096 3642 1159 spcta-

2034 1185 2147 1252 dct,
2177 1184 2370 1242 dicens
2401 1201 2415 1238 :
2450 1202 2470 1237 ι
2503 1183 2702 1239 Beatus
2724 1180 2890 1237 homo
2916 1177 3010 1249 qui
3039 1177 3193 1233 audit
3224 1190 3335 1242 me,
3366 1185 3426 1232 et
3446 1174 3640 1250 vigilat

2036 1278 2104 1335 ad
2136 1278 2280 1334 fores
2314 1290 2466 1334 nicas
2497 1273 2758 1346 quotidie,
2794 1282 2852 1328 et
2887 1271 3143 1329 observat
3183 1268 3254 1324 ad
3286 1277 3477 1339 postes
3510 1266 3641 1343 est;

2035 1369 2145 1427 mei
2176 1369 2360 1441 (Prov.
2392 1366 2533 1440 vni).
2567 1388 2586 1420 ι
2638 1366 2812 1423 Foras
2841 1377 3003 1430 suas,
3037 1372 3097 1419 et
3129 1372 3314 1432 postes
3340 1358 3640 1428 :ostiisui,

2038 1463 2353 1533 Seripturas
2403 1467 2625 1518 sanctas
2676 1469 2733 1515 et
2781 1472 2972 1515 earum
3004 1456 3277 1512 doctores
3314 1461 3641 1523 nuncupata
3678 1448 3691 1533 ξ

2038 1555 2161 1612 sine
2187 1553 2386 1625 quibus
2423 1555 2492 1610 ad
2518 1552 2691 1609 vitam
2720 1554 2886 1623 quam
2925 1544 3642 1621 polliceturwnomvaleleus
3679 1545 3689 1556 '

2038 1643 2278 1715 ingredi;
2324 1643 2418 1714 (mi
2457 1642 2604 1699 enim
2641 1642 2711 1697 ad
2741 1641 2842 1697 has
2878 1637 3027 1696 fores
3058 1635 3267 1706 vigilat,
3298 1635 3405 1690 hoc
3436 1631 3644 1693 estdu-

2022 1744 2192 1797 .tenta
2243 1745 2428 1793 mente
2479 1733 2795 1791 meditando
2836 1736 3157 1804 perseverat
3180 1770 3199 1797 ,
3247 1721 3667 1815 magnitudinis.

2041 1827 2213 1899 ipsius
2241 1826 2569 1883 suavitatem
2596 1824 2859 1897 percipit.

342 1923 363 1957 ‘
407 1904 552 1961 Eme
574 1917 669 1960 eos
696 1902 790 1973 qui
820 1903 1095 1958 ducuntur
1120 1899 1189 1955 ad
1213 1905 1467 1964 mortem,
1497 1904 1553 1952 θί
1589 1896 1683 1991 (lui
1708 1893 1937 1991 “ah‘in‘
1961 1911 2011 1991 Β
2059 1886 2080 1899 ⁸
2117 1939 2135 1972 ι
2161 1918 2263 1987 Qui
2291 1920 2568 1976 tenuerint
2594 1886 2771 1984 illam,
2791 1916 2963 1972 vitam
2982 1886 3407 1977 haereditabunt,
3443 1919 3636 1979 etquo

341 2007 431 2054 tur
475 1997 545 2053 ad
583 1996 947 2072 perditionem
987 2010 1059 2050 ne
1084 2009 1266 2051 cesses
1303 1992 1557 2049 liberare.
1613 1990 1673 2046 Si
1699 1989 1932 2046 dixeris:

337 2088 500 2146 Vires
526 2103 637 2144 non
666 2095 985 2160 suppetunt;
1032 2086 1125 2158 qui
1160 2088 1438 2157 inspector
1472 2093 1556 2142 est
1584 2083 1789 2149 cordis,
1818 2083 1938 2153 ipse

338 2183 624 2266 intelligit;
703 2190 761 2237 et
811 2188 1152 2238 servatorem
1203 2181 1398 2237 animae
1448 2187 1557 2236 tua:
1605 2178 1743 2235 nihil
1800 2177 1939 2235 fallit

338 2273 524 2348 (Prov.
546 2274 721 2348 xxiv).
757 2294 776 2328 ι
806 2274 934 2331 Ideo
959 2283 1015 2331 et
1038 2274 1127 2331 hic
1152 2274 1373 2341 dicitur,
1407 2292 1427 2326 ι
1464 2271 1586 2329 Non
1613 2271 1766 2329 aeide
1792 2271 1939 2328 feras

336 2365 393 2420 in
439 2365 621 2420 anima
667 2372 790 2431 tua;
827 2384 847 2418 ι
887 2365 992 2421 hoc
1028 2374 1115 2422 est
1146 2364 1369 2421 taediose
1394 2363 1484 2420 vel
1513 2363 1773 2435 indigne:
1810 2361 1939 2432 quia

337 2456 625 2512 charitatis
670 2454 943 2512 fervorem
976 2470 1105 2528 erga
1150 2455 1461 2527 proximum
1508 2469 1568 2511 se
1602 2469 1711 2508 non
1737 2453 1938 2508 habere

336 2548 593 2616 ostendit,
623 2548 719 2620 qui
747 2563 873 2604 eum
897 2547 966 2604 ab
1006 2548 1165 2605 hoste
1190 2547 1405 2620 eripere
1431 2560 1539 2603 non
1567 2542 1865 2602 contendit.

938 2699 1169 2759 CAPUT
1203 2699 1347 2758 XVI.

341 2813 421 2868 De
442 2813 657 2886 pupillis
679 2823 729 2871 et
751 2814 925 2871 viduis
954 2816 1010 2870 in
1033 2815 1243 2886 judicio
1272 2814 1614 2886 defendendis
1649 2813 1709 2869 in
1736 2813 1943 2870 miseri-

886 2886 1071 2942 cordia
1099 2903 1195 2968 pro
1225 2896 1398 2958 patre.

419 3048 439 3081 ι
483 3030 539 3086 In
574 3029 871 3101 iudicando
905 3038 1027 3088 esto
1066 3031 1286 3103 pupillis
1320 3030 1633 3088 misericors
1679 3039 1741 3087 ut
1767 3037 1940 3101 pater,

347 3139 367 3172 ι
413 3128 469 3177 ct
497 3136 598 3193 pro
623 3122 747 3179 viro
773 3124 938 3180 matri
966 3123 1276 3190 illorum,et
1297 3122 1407 3180 eris
1433 3123 1581 3179 velut
1607 3121 1753 3179 ﬁlius
1772 3121 1947 3178 Altis-

2045 2030 2065 2066 ι
2113 2012 2383 2079 introibit,
2408 2009 2695 2067 benedicet
2721 2009 2887 2066 Deus.
2920 1996 2941 2061 ι
2983 2006 3081 2063 Ille
3103 1998 3305 2077 quippe
3328 2015 3462 2059 vere
3486 2009 3643 2057 tenet

2040 2104 2388 2177 sapientiam,
2428 2102 2522 2175 qui
2558 2101 2766 2159 Christi
2805 2098 3083 2156 mandatis
3122 2095 3345 2153 adhibet
3385 2093 3645 2152 obedien-

2041 2199 2202 2266 tiam,
2230 2207 2287 2255 et
2310 2213 2420 2269 quo
2454 2197 2574 2267 ipsa
2604 2194 2896 2251 intraverit
2926 2189 3237 2249 benedictio
3257 2186 3541 2254 Dei,lilluc
3570 2186 3648 2259 si-

2041 2291 2154 2348 mul
2197 2289 2513 2346 comitatur.
2569 2284 2787 2358 Sicque
2814 2300 2963 2350 eum,
2994 2282 3088 2353 qui
3114 2295 3215 2353 per
3240 2280 3359 2351 ejus
3382 2276 3559 2335 ﬁdem
3588 2284 3649 2330 et

2041 2381 2392 2439 dilectionem
2435 2378 2675 2435 cmlestis
2716 2374 2871 2445 regni
2914 2372 3121 2429 aditum
3156 2369 3375 2441 quaerit,
3425 2365 3643 2431 benedi-

2041 2475 2221 2532 ctione
2267 2481 2472 2531 aeterna
2513 2469 2727 2528 ditabit.
2762 2466 2918 2523 Unde
2956 2465 3074 2536 ipse
3112 2462 3170 2517 in
3208 2459 3506 2531 Evangelio
3532 2460 3643 2517 ait:

2010 2622 2019 2625 -
2046 2586 2066 2619 ι
2110 2566 2226 2638 Ego
2255 2581 2376 2621 sum
2403 2565 2634 2629 ostium;
2664 2575 2765 2632 per
2791 2572 2879 2613 me
2912 2557 2961 2612 si
2987 2554 3114 2626 quis
3141 2548 3439 2617 introierit,
3467 2548 3651 2611 salva.

2039 2660 2207 2726 bitur,
2241 2666 2297 2715 et
2323 2656 2666 2731 ingredietur
2691 2660 2761 2709 et
2788 2647 3127 2723 egredietur,
3155 2653 3214 2702 et
3239 2656 3445 2717 pascua
3494 2640 3649 2711 inve-

2040 2756 2157 2813 niet
2184 2754 2377 2828 (Joan.
2409 2751 2491 2825 ι).
2535 2771 2555 2805 ι
3354 2768 3355 2773 π
3560 2780 3561 2783 η
3597 2766 3603 2787 ε

2120 2864 2142 2899 ι
2188 2844 2292 2914 Qui
2341 2842 2589 2901 serviunt
2629 2840 2682 2897 ei
2732 2840 3101 2909 obsequentes
3143 2848 3309 2891 erunt
3344 2837 3561 2896 sancto,
3584 2841 3657 2897 ,ct

2050 2956 2071 2990 ι
2115 2950 2213 2996 ωε
2247 2935 2342 3007 qui
2385 2933 2622 3004 diligunt
2671 2930 2824 2986 illam
2868 2923 3042 2998 diligit
3067 2926 3235 2983 Deus.
3273 2942 3295 2978 ι
3351 2921 3457 2990 Qui
3497 2918 3650 2980 enim

2045 3028 2321 3085 veraciter
2350 3025 2524 3082 servit
2546 3022 2789 3089 Christo,
2819 3027 2877 3076 et
2906 3034 3060 3091 spem
3094 3017 3262 3074 habet
3297 3015 3356 3071 in
3381 3012 3502 3080 illo,
3522 3022 3657 3067 san-

2048 3120 2255 3179 ctiﬁcat
2279 3135 2339 3178 se
2366 3120 2512 3176 sicut
2532 3126 2589 3174 et
2614 3117 2708 3173 ilic
2736 3125 2961 3174 sanctus
2985 3122 3090 3179 est,
3116 3110 3376 3183 quoniam
3403 3103 3660 3163 faciendo

349 3233 370 3266 ι
415 3214 539 3271 simi
583 3216 875 3284 obediens;
927 3225 982 3273 et
1029 3216 1378 3273 miserebitur
1426 3215 1504 3279 tui
1560 3215 1739 3285 magis
1778 3229 1945 3286 quam
1993 3285 2004 3286 ί
2042 3212 2312 3286 justitiam
2346 3214 2528 3285 justus
2561 3219 2668 3276 est,
2696 3209 2838 3267 sicut
2877 3216 2934 3265 et
2972 3205 3064 3263 ille
3086 3203 3270 3275 justus
3294 3208 3402 3258 est.
3439 3198 3520 3254 De
3546 3208 3658 3266 quo

351 3325 370 3359 ι
417 3315 609 3362 mater.
644 3328 663 3360 ι
698 3305 779 3363 Ne
807 3307 1046 3378 aliquam
1074 3307 1312 3378 speciem
1341 3307 1621 3364 omitteret
1644 3305 1951 3378 cleemosy-
1974 3285 2021 3350 Ο
2049 3285 2315 3364 Dominus
2345 3306 2400 3361 in
2433 3304 2551 3377 lege
2578 3302 2863 3374 praecepit,
2894 3300 3080 3355 dicens
3108 3311 3125 3349 :
3180 3313 3199 3345 ι
3240 3289 3429 3346 Sancti
3459 3294 3657 3353 esteat,

347 3417 563 3467 narum,
590 3402 908 3472 parentibus
945 3410 1110 3473 atque
1139 3402 1470 3476 pauperibus
1497 3402 1680 3476 jungit
1711 3402 1947 3473 pupillos

347 3501 404 3548 et
429 3493 642 3561 viduas,
670 3502 731 3549 ut
758 3494 925 3551 etiam
952 3509 1141 3552 eorum
1180 3510 1371 3552 curam
1400 3494 1605 3551 habere
1633 3508 1743 3551 non
1770 3494 1950 3566 despi-

350 3583 580 3652 eiamus,
627 3586 722 3643 sed
764 3600 924 3657 opem
968 3587 1294 3659 condignam
1326 3586 1435 3644 illis
1479 3585 1743 3643 feramus.
1797 3585 1953 3643 Sicut

345 3676 492 3733 enim
520 3677 725 3750 pupillo
752 3687 1015 3749 paternus
1036 3679 1428 3750 impendendus
1460 3688 1546 3736 est
1585 3678 1843 3747 allectus,
1873 3679 1949 3734 ita

348 3777 404 3823 et
431 3768 608 3825 viduae
642 3769 746 3825 viri
777 3770 861 3826 sui
892 3770 949 3827 in
974 3770 1154 3828 solatii
1188 3770 1481 3828 collatione
1510 3770 1834 3826 imitandum
1865 3777 1951 3824 cst

350 3862 688 3933 exemplum;
745 3871 911 3935 atque
958 3864 1075 3921 haec
1122 3862 1385 3923 facientes
1428 3863 1526 3919 ﬁlii
1573 3861 1842 3919 Altissimi
1893 3862 1950 3916 in

350 3955 652 4012 obediendo
699 3958 974 4015 mandatis
1020 3957 1166 4015 illius
1209 3973 1333 4015 esse
1377 3957 1751 4031 probabimur.
1810 3955 1953 4024 Quia

354 4048 532 4114 magis
564 4047 723 4105 nobis
768 4050 1120 4104 miserebitur
1162 4050 1218 4105 in
1247 4052 1689 4107 remuneratione
1719 4049 1951 4121 praemii,

353 4155 520 4210 quam
568 4146 818 4197 materna
883 4137 1100 4196 aﬂ'ectio
1144 4155 1384 4212 unquam
1446 4139 1642 4197 fecerit
1688 4139 1743 4195 ill
1773 4137 1955 4196 studio

355 4233 695 4292 tlutrimenti.

933 4345 1163 4405 CAPUT
1213 4345 1377 4405 XVII.

361 4479 438 4535 De
458 4476 633 4533 studio
669 4474 941 4549 sapientia:
963 4493 981 4534 :
1003 4478 1143 4549 quod
1171 4478 1447 4549 (turgentes
1476 4492 1593 4526 eam
1620 4477 1958 4549 ciulctis_rir-

434 4495 633 4533 rsmaw
669 4495 941 4549 sapientia:
963 4495 981 4534 :
1003 4495 1142 4542 quoa
1171 4495 1269 4528 aur
1332 4495 1447 4527 meo
1476 4495 1593 4526 eam
1620 4495 1822 4531 armetis
1850 4495 1955 4531 vrr-

434 4549 634 4604 tutibus
654 4548 914 4620 justitirz,
934 4546 1239 4620 Δαάριιυειριιιε
1268 4495 1522 4620 gemino,
1554 4556 1770 4620 cperant
1808 4541 1955 4620 dent,

2052 3399 2312 3474 quoniam
2351 3407 2407 3455 et
2432 3411 2533 3469 ego
2559 3402 2783 3452 sanctus
2808 3405 2952 3458 sum,
2982 3386 3247 3445 Dominus
3273 3382 3417 3441 Deus
3444 3386 3653 3446 vester,

2052 3472 2109 3548 ἐι
2156 3505 2272 3558 eos,
2316 3490 2411 3561 qui
2458 3486 2690 3559 diligunt
2738 3483 2906 3547 illam,
2958 3478 3132 3552 diligit
3158 3476 3304 3532 Deus
3349 3472 3537 3546 (ιευίι.
3566 3485 3658 3535 ιιι,

2052 3602 2149 3642 mi
2186 3594 2237 3640 et
2260 3582 2355 3658 xx)
2384 3601 2398 3638 :
2434 3602 2455 3636 ι
2490 3579 2753 3653 quoniam
2784 3575 2879 3649 qui
2910 3573 3143 3646 diligunt
3170 3583 3298 3626 eum
3320 3566 3417 3658 qui
3450 3563 3660 3658 genuit,

2056 3675 2235 3748 diligit
2271 3651 2395 3730 eum
2424 3651 2520 3744 qui
2547 3678 2710 3727 natus
2735 3674 2822 3724 est
2848 3680 2918 3722 ex
2947 3678 3033 3728 eo,
3068 3674 3230 3730 quem
3257 3651 3665 3748 utiquediligit

2054 3746 2241 3830 Pater,
2268 3760 2429 3818 Simul
2456 3758 2632 3830 diligit
2655 3764 2712 3813 et
2736 3753 2948 3812 Filius:
2973 3752 3115 3809 sicut
3143 3750 3201 3806 in
3222 3746 3516 3820 Evangelio
3540 3746 3664 3817 ipsa

2006 3856 2007 3859 “
2059 3856 2276 3913 Veritas
2323 3851 2583 3917 ostendit,
2611 3849 2840 3906 dicens:
2869 3863 2891 3899 ι
2926 3843 3031 3915 Qui
3061 3842 3240 3914 diligit
3270 3855 3381 3908 inc,
3409 3839 3668 3911 diligetur

2060 3964 2092 4005 a
2117 3947 2284 4004 Patre
2312 3960 2457 4012 meo,
2485 3952 2540 3999 et
2570 3956 2672 4014 ego
2701 3940 2925 4010 diligam
2957 3950 3106 4003 eum,
3136 3940 3192 3990 et
3220 3929 3586 3989 mallil'estabo
3612 3926 3666 3986 ei

2060 4040 2328 4110 meipsum
2355 4035 2540 4110 (Joan.
2564 4033 2702 4106 11v).
2733 4052 2754 4086 ι
2783 4031 2891 4088 Sed
2915 4030 3043 4100 quia
3062 4026 3314 4101 probatio
3356 4019 3665 4082 dilectionis

2060 4131 2329 4189 exhibitio
2354 4137 2440 4185 est
2475 4127 2678 4199 operis,
2710 4124 2977 4197 sequitur.

2138 4266 2159 4301 ι
2202 4247 2307 4316 Qui
2344 4245 2498 4301 audit
2525 4244 2696 4312 illam,
2721 4240 2992 4312 judicabit
3025 4244 3248 4313 gentes;
3283 4244 3340 4294 et
3365 4234 3459 4307 qui
3489 4233 3667 4290 intue-

2069 4358 2088 4392 ι
2134 4346 2226 4395 tur
2255 4336 2425 4403 illam,
2454 4333 2799 4406 permanebit
2823 4330 3126 4389 Conﬁdens.
3174 4327 3235 4385 Si
3268 4324 3563 4382 crediderit
3588 4322 3664 4390 ei,

2070 4448 2091 4484 ‹
2136 4428 2482 4517 haereditabit
2510 4427 2680 4494 illam,
2713 4434 2771 4481 et
2797 4420 3040 4509 eruntin
3071 4417 3485 4477 conﬁrmatione
3511 4428 3669 4472 crea-

2071 4536 2091 4572 ί
2135 4510 2273 4575 tura:
2307 4522 2490 4574 illius:
2518 4510 2797 4588 quoniam
2831 4514 2888 4571 in
2928 4513 3228 4573 tentatione
3262 4511 3502 4568 ambulat
3540 4526 3668 4568 cum

433 4601 635 4676 dicente
654 4601 699 4631 "7
729 4601 791 4674 sa
822 4601 1052 4674 Veritai'e
1075 4630 1093 4669 :
1118 4615 1236 4672 Non
1279 4613 1461 4671 omnis
1501 4601 1596 4684 qui
1623 4611 1757 4667 dicit
1797 4601 1950 4677 mihi,

434 4691 661 4743 Domine
676 4636 932 4743 gominc.
964 4687 1186 4743 intrabit
1214 4687 1265 4741 in
1290 4700 1517 4743 regnum
1545 4682 1833 4743 cmlorllm,
1866 4681 1950 4739 sed

2071 4629 2092 4665 ‹
2137 4625 2224 4679 eo,
2258 4620 2316 4667 et
2360 4610 2415 4665 in
2464 4608 2658 4680 primis
2706 4607 2859 4681 eligit
2906 4622 3052 4663 eum.
3084 4625 3104 4659 i
3155 4604 3259 4674 Qui
3298 4602 3446 4661 enim
3490 4601 3670 4676 diligit

2072 4702 2347 4743 Clu-iclum
2407 4702 2661 4743 mnmlnln
2693 4698 2811 4743 pinu
2846 4706 3047 4743 cantat-
3084 4708 3143 4743 et
3179 4697 3269 4743 ille
3304 4695 3510 4743 ilidimt
3536 4711 3660 4743 nen-

434 4691 661 4746 Domine
682 4681 932 4754 Domine,
964 4687 1186 4743 intrabit
1214 4687 1265 4741 in
1290 4681 1833 4756 regnum'cmlorllln,
1866 4681 1962 4741 sed

439 4761 532 4832 qui
560 4760 691 4816 facit
716 4759 1051 4816 voluntatem
1075 4757 1254 4815 Patris
1282 4758 1411 4814 mei.

444 4914 464 4947 ι
513 4894 794 4967 Sapientia
828 4895 955 4952 ﬁliis
992 4895 1107 4952 suis
1132 4893 1303 4950 vitam
1356 4893 1607 4965 inspirat,
1648 4901 1706 4949 et
1733 4892 1966 4963 suscipit

378 5007 399 5041 ι
443 4989 794 5061 exquirentes
831 5004 921 5056 se;
954 4987 1247 5059 etpraeibit
1294 4988 1349 5042 in
1377 4988 1466 5043 via
1504 4986 1759 5058 justitiai;
1791 4995 1847 5043 et
1872 4986 1965 5056 qui

380 5101 401 5136 ι
447 5082 597 5138 illam
624 5081 821 5153 diligit,
852 5081 1029 5152 diligit
1063 5082 1256 5146 vitam,
1289 5088 1347 5137 et
1384 5080 1479 5151 qui
1516 5079 1865 5152 vigilavcrint
1899 5080 1965 5136 ad

381 5194 401 5228 ι
447 5173 619 5241 illam,
655 5172 1081 5244 complectentur
1121 5172 1399 5243 placerem
1437 5172 1573 5244 ejus.
1615 5193 1634 5225 ι
1690 5171 1972 5244 Sapientia
2015 5238 2018 5242 ι

379 5264 564 5323 divina
591 5278 818 5336 parvum
853 5263 959 5318 sibi
990 5270 1176 5333 aptum
1205 5261 1416 5329 laudat,
1448 5262 1621 5335 ipsam
1649 5263 1973 5336 sapientiam

381 5361 501 5428 Dei,
526 5374 691 5430 quam
715 5373 825 5415 non
854 5357 1018 5415 aliam
1042 5372 1207 5428 quam
1233 5354 1514 5413 Christum
1542 5356 1739 5413 Filium
1766 5355 1863 5413 Dei
1892 5358 1974 5413 in-

384 5450 695 5522 telligimus.
750 5446 831 5504 De
878 5462 986 5518 quo
1013 5446 1306 5518 Apostolus
1353 5448 1469 5504 ait:
1499 5466 1519 5500 ‹
1547 5447 1825 5509 Christum
1854 5448 1977 5505 dico
2016 5504 2019 5509 ,

385 5541 483 5599 Dei
531 5540 788 5601 virtutem
827 5546 884 5595 et
908 5538 1007 5595 Dei
1054 5538 1376 5610 sapientiam
1409 5537 1463 5612 (Ι
1489 5537 1613 5595 Cor.
1640 5539 1704 5609 ι).
1743 5557 1771 5607 ι¹
1847 5538 1967 5610 Ipsa

386 5632 535 5691 enim
581 5631 850 5703 sapientia
899 5628 1027 5687 ﬁliis
1080 5630 1195 5686 suis
1240 5628 1429 5701 vitam
1460 5629 1709 5701 inspirat,
1758 5630 1975 5701 quando

2072 4702 2374 4772 Christum,
2407 4679 2665 4758 mandata
2693 4679 2811 4771 ejus
2846 4706 3049 4768 servat,
3084 4708 3143 4754 et
3179 4697 3269 4754 ille
3298 4695 3510 4768 judicat
3536 4679 3694 4773 gen-I

2075 4805 2178 4864 tes,
2205 4795 2348 4851 sicut
2372 4794 2488 4866 ipsa
2511 4793 2728 4850 Veritas
2752 4793 2808 4849 in
2828 4790 3123 4865 Evangelio
3148 4792 3423 4863 promisit,
3446 4791 3633 4847 dicens
3649 4830 3663 4843 .
3694 4808 3701 4819 ι
3727 4802 3733 4811 '

2078 4908 2098 4942 ι
2143 4888 2279 4945 Cum
2304 4888 2506 4945 sederit
2533 4886 2676 4943 ﬁlius
2702 4885 2937 4943 hominis
2964 4886 3019 4940 in
3049 4884 3177 4941 sede
3202 4882 3502 4954 majestatis
3530 4895 3667 4947 suae,

2076 4980 2333 5038 sedebitis
2385 4988 2443 5036 et
2484 4994 2581 5035 vos
2623 4993 2786 5050 super
2824 4976 2982 5033 sedes
3016 4973 3337 5038 duodecim,
3357 4972 3670 5044 judicantes

2076 5072 2361 5130 duodecim
2393 5070 2567 5126 tribus
2592 5066 2755 5125 Israel
2792 5064 3011 5141 (Matth.
3037 5064 3178 5137 xxx).
3211 5054 3332 5117 {Et
3368 5063 3426 5118 in
3452 5062 3670 5133 Apoca-

2075 5163 2210 5236 lypsi
2238 5182 2282 5218 :i
2314 5161 2453 5220 Ecce
2476 5169 2581 5228 sto,
2613 5159 2807 5232 inquit,
2834 5159 2900 5214 ad
2927 5156 3129 5214 ostium
3158 5164 3213 5213 et
3236 5154 3394 5226 pulso
3420 5152 3437 5210 ':
3469 5155 3518 5211 si
3546 5156 3673 5227 quis

2079 5256 2312 5313 audierit
2333 5243 2523 5312 vocem
2549 5267 2749 5319 meam,
2777 5260 2834 5309 et
2858 5248 3135 5322 aperuerit
3152 5247 3415 5317 ianuam,
3430 5244 3678 5304 intr‘oibo

2080 5349 2149 5405 ad
2184 5347 2356 5416 illum,
2387 5356 2443 5403 et
2481 5346 2708 5402 etenabo
2737 5359 2862 5423 cum
2892 5340 3006 5410 illo,
3044 5350 3101 5399 et
3139 5341 3258 5413 ipse
3281 5352 3520 5396 meeum.
3566 5338 3678 5408 Qui

2080 5442 2294 5509 vicerit,
2326 5439 2468 5497 dabo
2492 5440 2541 5495 ci
2572 5434 2762 5494 sedere
2791 5450 3008 5513 mecum
3038 5427 3099 5490 in
3127 5432 3471 5513 throno'meo
3492 5438 3510 5488 ‘:
3532 5430 3679 5489 'slcut

2080 5542 2136 5590 et
2165 5549 2264 5604 ego
2297 5532 2423 5605 vici,
2457 5540 2513 5588 ct
2549 5531 2665 5609 sedi
2693 5516 2817 5586 cum
2852 5512 3015 5585 Patre
3055 5542 3177 5584 meo
3219 5512 3519 5587 iniuratm
3556 5523 3679 5595 ejus

2083 5623 2266 5695 (Apoc.
2296 5621 2403 5693 ιιι).
2440 5640 2459 5673 ι
2506 5606 2712 5676 Idcirco
2754 5621 2801 5675 is
2828 5620 2923 5690 qui
2944 5610 3258 5675 intuebitur
3287 5612 3435 5682 eam,
3459 5614 3565 5670 b‘oc
3590 5620 3679 5671 est

390 5723 669 5794 discipulis
711 5722 828 5780 suis
872 5728 929 5780 et
976 5721 1194 5779 caeteris
1236 5718 1486 5777 ﬁdelibus
1530 5721 1822 5792 agnitionis
1866 5736 1978 5779 sua:
2086 5728 2254 5775 totam
2286 5717 2667 5793 intentionem
2716 5714 2885 5772 animi
2934 5714 3020 5773 sui
3059 5721 3116 5770 et
3157 5708 3283 5769 ﬁdei
3323 5706 3583 5766 virtutem
3617 5708 3678 5764 in

389 5815 628 5889 praebuit
668 5823 1098 5883 sacramentum,
1135 5823 1193 5871 et
1220 5811 1498 5886 Evangelii
1543 5813 1809 5872 revelavit
1856 5829 1978 5887 my-

2018 5876 2021 5883 ,
2086 5825 2208 5868 eam
2232 5796 2407 5881 ponit,
2434 5808 2773 5881 permanebit
2816 5807 3116 5874 conﬁdens,
3157 5819 3261 5862 nec
3294 5796 3416 5859 eum
3452 5799 3680 5857 subver-

288 5960 295 5967 .
370 5888 642 5975 sterium.
693 5907 934 5982 Suscipit
984 5907 1362 5995 perquirentes
1400 5920 1462 5963 se
1483 5945 1500 5975 ,
1545 5906 1675 5978 quia
1722 5907 1985 5980 suscipiet
2090 5913 2207 5963 tere
2251 5903 2454 5975 poterit
2497 5904 2724 5989 tentatio
2766 5902 3054 5989 praesentis
3084 5890 3261 5989 vim,
3285 5888 3382 5955 sed
3617 5893 3678 5951 in
