4030 6502
401 455 509 528 ⁸187

1056 469 1118 524 B.
1161 467 1412 525 uanam
1449 453 1672 523 MAURI
1706 453 2030 524 ARCHIEP.
2069 451 2380 525 iunctim.
2420 452 2706 524 orenam
2743 462 2924 524 rans
2965 469 3006 524 ι.

3585 459 3710 530 788

403 572 820 643 continuatione
861 585 1024 654 opera
1073 583 1263 655 ipsius,
1307 591 1363 641 et
1410 583 1479 638 ad
1528 583 1750 656 prteniia
1781 590 1996 640 internae
2021 586 2075 647 Α
2177 603 2194 634 ι
2243 574 2348 640 l’ro
2389 585 2570 640 anima
2611 593 2702 640 tua
2748 601 2818 642 ne
2859 581 3214 644 confundaris
3249 585 3434 645 dicere
3471 594 3706 647 verum.

402 665 740 732 iraei‘editatis
797 677 1197 732 remuneranda
1251 677 1632 745 servabuntur,
1685 693 1784 748 pro
1839 677 1992 750 cuius

402 767 587 822 amore
609 765 791 823 omnia
821 764 969 821 fecit.
996 753 1074 822 ita
1107 773 1164 824 ut
1191 779 1390 824 eorum‘
1410 773 1664 840 acceptor
1689 769 1836 825 dicat
1865 778 1993 825 tunc

400 858 526 912 cum
553 850 829 928 Propheta
856 872 872 912 :
903 871 921 910 ι
959 852 1086 915 itare
1115 859 1328 930 requies
1358 875 1478 916 mea
1527 861 1582 916 in
1614 861 1867 918 saeculum
1897 875 1996 917 sse-

403 939 513 1007 cull
564 965 578 1006 :
623 944 714 1008 hic
741 938 1024 1022 habitabo,
1071 955 1330 1026 quoniam
1360 955 1614 1029 praeelegi
1650 971 1775 1014 eam
1817 949 1990 1031 (Psal.

393 1045 613 1116 dum).
655 1052 674 1099 'i
1209 1053 1216 1061 ’

475 1141 496 1191 ἁ
543 1137 842 1206 Timorem,
891 1137 950 1196 et
977 1145 1205 1208 metum,
1251 1138 1306 1210 et
1349 1137 1724 1213 probationem
1778 1131 1996 1199 inducet

407 1246 428 1284 α
474 1243 640 1305 super
686 1228 870 1303 illum;
917 1240 972 1290 et
1022 1232 1294 1292 cruciabit
1341 1235 1491 1291 illum
1543 1237 1597 1292 in
1647 1228 1995 1292 tribulatione

324 1399 330 1403 .
405 1331 424 1376 α
472 1325 734 1380 doctrinm
759 1341 890 1393 suae,
919 1327 1092 1384 donec
1117 1328 1290 1384 tentet
1315 1320 1462 1384 illum
1493 1324 1549 1383 in
1575 1325 1996 1400 cegita'tionibus

411 1426 432 1466 ι
477 1415 611 1483 suis,
639 1425 693 1472 et
721 1417 908 1472 credat
953 1419 1148 1472 anima:
1181 1417 1359 1485 illius;
1396 1425 1451 1475 et
1476 1418 1714 1474 limabit
1741 1419 1911 1485 illum,
1944 1427 1999 1474 et

407 1529 425 1563 σ
474 1509 581 1568 iter
607 1511 839 1569 adducet
873 1513 1141 1570 directum
1167 1514 1235 1569 ad
1261 1513 1446 1581 illum;
1475 1519 1529 1569 et
1553 1511 1846 1570 denudabit
1876 1515 1998 1570 abs-

405 1616 425 1653 I
472 1615 639 1660 censa
681 1617 778 1660 sua
808 1603 906 1671 illi,
931 1609 986 1660 et
1017 1600 1413 1662 tbesaurizabit
1449 1616 1614 1676 super
1639 1605 1787 1661 illum
1821 1605 1996 1662 scien-

404 1707 424 1743 α
471 1694 603 1749 tiam
624 1693 680 1750 et
707 1693 1038 1754 intellectum
1057 1693 1304 1768 justitim.
1330 1717 1349 1750 ι
1376 1698 1490 1754 Hac
1516 1699 1784 1754 sententia
1812 1693 1995 1770 priora

2106 696 2124 727 ι
2173 677 2270 732 Est
2319 679 2465 732 enim
2515 675 2764 734 confusio
2809 674 3085 734 adducens
3130 685 3416 735 peccatum
3441 720 3456 746 ,
3511 683 3569 736 et
3613 687 3719 738 est

2104 781 2124 821 t
2169 769 2414 826 confusio
2448 771 2722 827 adducens
2746 769 2974 842 gloriam
2999 779 3058 827 et
3083 772 3339 843 gratiam.
3375 789 3394 824 ι
3434 771 3718 829 Hortatur

2097 860 2301 916 milites
2327 860 2552 927 Christi,
2583 867 2646 916 ut
2674 871 2800 916 eum
2843 867 3059 932 tempus
3091 863 3496 933 persecutionis
3533 863 3712 919 insti-

2097 956 2246 1019 terit,
2277 960 2386 1010 non
2413 955 2798 1010 deterreantur
2833 964 2937 1026 pro
2957 951 3163 1010 Christi
3202 957 3430 1012 nomine
3455 957 3718 1012 animam

2097 1051 2331 1116 ponere:
2363 1058 2557 1116 neque
2600 1037 3002 1100 confundantur
3029 1055 3162 1101 voce
3189 1054 3246 1100 et
3273 1058 3372 1101 ore
3396 1057 3546 1102 vera:
3573 1045 3718 1101 fidei

2097 1135 2496 1192 confessionem
2534 1135 2804 1207 proferre,
2843 1137 2968 1206 quia
3005 1146 3094 1192 est
3130 1137 3382 1194 confusio
3421 1139 3719 1194 adducens

2097 1239 2402 1300 peccatum,
2434 1229 2502 1284 de
2529 1244 2638 1300 qua
2681 1229 2798 1299 ipsa
2825 1227 3048 1284 Veritas
3087 1231 3202 1286 ait:
3251 1250 3268 1282 ι
3304 1229 3410 1298 Qui
3451 1245 3544 1286 me
3571 1247 3715 1286 eru-

2095 1323 2279 1378 buerit
2305 1330 2362 1377 et
2383 1337 2540 1378 nteos
2557 1337 2861 1388 sermones,
2888 1323 3033 1378 hunc
3064 1321 3210 1379 (ilius
3237 1323 3476 1380 hominis
3503 1325 3718 1378 erube—

2099 1422 2215 1470 scet
2245 1428 2368 1468 cum
2397 1413 2606 1470 venerit
2636 1413 2692 1468 in
2716 1421 2998 1484 majestate
3029 1430 3152 1480 sua,
3176 1423 3231 1468 et
3256 1413 3459 1479 Patris,
3493 1425 3552 1469 et
3580 1430 3720 1469 san-

2099 1515 2310 1564 ctorum
2353 1507 2666 1581 angelorum
2702 1506 2856 1582 (Luc.
2887 1507 3025 1582 xm).
3065 1528 3084 1561 ι
3123 1508 3222 1564 Est
3258 1509 3480 1580 quidem
3511 1518 3568 1563 et
3595 1509 3716 1563 alia

2098 1599 2363 1668 confusio,
2391 1616 2514 1672 qua:
2544 1600 2764 1656 adducit
2793 1599 3022 1672 gloriam
3051 1609 3107 1656 et
3134 1600 3390 1673 gratiam,
3423 1617 3550 1657 cum
3579 1600 3720 1672 quis

2095 1707 2195 1764 pro
2225 1694 2464 1763 peccatis
2497 1693 2611 1750 suis
2636 1695 3040 1766 compungitur,
3067 1702 3123 1749 ct
3149 1695 3534 1766 pmnitentiam
3568 1696 3714 1765 agit.

393 1768 888 1855 confirmabuntur,
919 1789 1202 1860 quoniam
1255 1787 1407 1844 illum
1432 1831 1447 1856 ,
1513 1804 1674 1860 quem
1729 1768 1996 1860 sapientia
2099 1783 2175 1840 De
2199 1799 2305 1854 qua
2328 1785 2588 1841 Dominus
2615 1799 2714 1855 per
2742 1784 3082 1841 Ezechielem
3114 1787 3439 1856 prophetam
3457 1787 3539 1841 .ad
3572 1785 3716 1840 Hie-

397 1877 579 1932 divina
605 1878 868 1935 introieris
906 1881 1315 1947 inbabitav‘erit,
1345 1896 1508 1952 opera
1535 1881 1652 1952 ejus
1684 1881 1912 1950 diriget;
1941 1887 1998 1936 et
2101 1874 2335 1930 rusalem
2366 1870 2477 1931 ait:
2509 1895 2527 1927 ι
2566 1875 2854 1936 Suscitabo
2893 1877 2990 1933 tibi
3018 1885 3237 1946 pactum
3280 1878 3719 1948 sempiternum,

394 1967 729 2040 praeparabit
769 1969 920 2026 illum
961 1963 1018 2026 in
1052 1973 1220 2030 variis
1265 1973 1654 2030 lentationibus
1688 1975 1992 2030 exercendo
2021 1953 2068 2025 Β
2095 1978 2151 2024 et
2208 1970 2586 2025 recordaberis
2638 1970 2850 2024 viarum
2911 1979 3172 2036 tuarum,
3239 1981 3296 2028 et
3348 1970 3720 2027 confumlcris

397 2067 563 2132 atque
595 2065 879 2133 probando
909 2063 976 2120 ad
1013 2063 1210 2122 futurae
1235 2067 1359 2122 vitae
1389 2067 1588 2140 gaudia
1615 2068 1986 2139 percipienda.
2098 2065 2314 2137 (Bacch.
2333 2066 2465 2138 xw).
2493 2087 2511 2118 ι
2546 2066 2616 2122 Ει
2643 2066 2804 2138 paulo
2827 2074 2984 2138 post:
3015 2083 3033 2116 ε
3061 2065 3130 2120 Et
3155 2067 3315 2133 scies,
3344 2064 3544 2136 inquit,
3573 2066 3720 2135 quia

400 2170 421 2204 ι
467 2149 742 2210 Timorem
775 2164 830 2210 et
853 2157 1058 2212 metum
1085 2165 1140 2213 et
1166 2157 1539 2229 probationem
1576 2161 1796 2216 inducet
1828 2176 1994 2230 super
2097 2173 2197 2229 ego
2219 2158 2521 2213 Dominus:
2549 2168 2607 2214 ut
2650 2159 2954 2216 recorderis
2997 2168 3053 2215 et
3095 2159 3470 2226 eonfundaris,
3503 2171 3563 2215 et
3593 2176 3716 2215 nou

397 2239 570 2314 illum,
611 2269 632 2302 ι
691 2251 948 2320 quoniam
1003 2253 1284 2310 tribulatio
1329 2255 1651 2326 patientiam
1702 2267 1990 2327 operatur;

391 2341 660 2412 patientia
691 2357 824 2399 vero
852 2345 1270 2415 probationem;
1324 2348 1576 2420 probatio
1625 2366 1757 2406 vero
1804 2365 1988 2420 spem;

393 2446 518 2504 spes
541 2441 724 2490 autem
750 2449 859 2490 non
879 2436 1180 2494 confundit.
1211 2457 1231 2492 ‹
1263 2440 1398 2508 Quia
1425 2441 1662 2496 Charitas
1685 2439 1782 2497 Dei
1799 2441 1990 2498 diffusa

392 2529 478 2578 est
524 2523 578 2579 in
623 2525 880 2584 cordibus
928 2529 1227 2585 electorum
1268 2547 1368 2602 per
1405 2531 1670 2602 Spiritum
1716 2541 1990 2600 sanctum,

391 2619 484 2690 qui
509 2617 668 2676 datus
690 2631 775 2678 est
799 2623 897 2679 eis.
925 2645 943 2676 ι
971 2621 1126 2681 Unde
1157 2626 1308 2694 dicit,
1339 2623 1580 2681 firmabit
1602 2627 1775 2691 illum,
1805 2633 1858 2682 ct
1891 2627 1995 2682 iter

393 2711 627 2769 adducet
671 2713 940 2772 directum
989 2717 1057 2772 ad
1105 2715 1279 2786 illum,
1314 2729 1373 2776 et
1400 2717 1697 2776 denudabit
1727 2719 1991 2776 absconsa

392 2817 493 2858 sua
535 2803 637 2872 illi,
672 2813 728 2862 et
769 2808 1163 2866 thesaurizabit
1203 2826 1368 2884 super
1409 2811 1562 2866 illum
1607 2811 1904 2884 scientiam
1937 2815 1993 2869 et

391 2886 726 2952 intellectum
763 2895 1011 2968 iustitiae,
1051 2921 1070 2955 ι
1124 2881 1384 2973 quoniam
1412 2901 1503 2959 ubi
1533 2899 1768 2975 Spiritus
1817 2881 1992 2960 sancti

381 2982 572 3070 (gratia
599 2981 804 3045 donum
833 2989 1094 3048 infuderit
1115 2994 1424 3061 charitatis,
1451 2993 1700 3066 profecto
1726 2993 1992 3052 absconsa

394 3083 452 3132 et
477 3079 729 3136 abstrusa
755 3087 1143 3157 mysteriorum
1173 3085 1283 3144 illic
1311 3087 1596 3159 patebunt,
1624 3095 1678 3144 et
1703 3082 1992 3144 thesaurus

393 3169 636 3228 scientiae
660 3179 825 3243 atque
853 3173 1164 3234 intellectus
1191 3177 1268 3236 ibi
1299 3180 1650 3236 revelabitur.

469 3280 489 3312 ι
535 3251 596 3317 Si
621 3273 803 3320 autem
829 3267 1192 3336 oberraverit,
1227 3270 1569 3341 derelinquet
1596 3269 1770 3336 illum,
1801 3271 1857 3324 et
1884 3278 1993 3325 tra-

2097 2251 2170 2306 sit
2215 2250 2314 2305 tibi
2363 2251 2503 2306 ultra
2555 2252 2771 2322 aperire
2817 2267 2879 2308 os
2923 2267 3036 2322 pra:
3063 2252 3383 2310 confusione
3415 2262 3527 2306 tua.
3561 2253 3715 2308 Cum

2095 2343 2342 2414 placatus
2384 2342 2539 2400 fuero
2578 2342 2677 2400 tibi
2721 2343 2778 2400 in
2820 2343 3072 2401 omnibus
3102 2359 3224 2416 qua:
3261 2342 3462 2410 fecisti,
3493 2342 3566 2397 ait
3600 2341 3722 2398 Do-

2096 2435 2277 2490 minus
2303 2433 2446 2490 Deus
2476 2433 2687 2508 (Ibid.).
2727 2453 2746 2488 ι

2172 2545 2190 2578 ι
2234 2525 2346 2582 Nec
2377 2526 2614 2598 accipies
2640 2525 2836 2584 faciem
2869 2525 3134 2584 adversus
3163 2524 3359 2582 faciem
3393 2535 3570 2591 tuam,
3596 2540 3718 2581 nec

2101 2638 2120 2671 ι
2167 2621 2430 2678 adversus
2459 2621 2700 2676 animam
2745 2629 2894 2676 tuam
2933 2621 3299 2675 mendacium.
3338 2640 3357 2672 ι
3414 2620 3712 2673 Adversus

2093 2722 2471 2786 persecutores
2493 2713 2619 2768 iidei
2661 2721 2720 2768 et
2743 2711 3031 2768 haereticos
3065 2727 3280 2784 semper
3303 2719 3388 2767 est
3424 2710 3710 2765 dimican-

2095 2805 2223 2862 dum
2253 2813 2418 2876 atque
2455 2803 2853 2860 resistendum'
2891 2817 2992 2859 nec
3028 2801 3206 2859 errori
3232 2815 3421 2857 eorum
3451 2813 3710 2868 unquam

2094 2896 2396 2952 cedendum
2450 2903 2546 2950 aut
2612 2893 3082 2972 consentiendum.
3151 2891 3303 2948 Unde
3360 2897 3417 2946 et
3466 2887 3711 2957 subjun-

2094 2990 2260 3064 gitur.

2169 3103 2188 3137 ι
2235 3081 2355 3140 Non
2396 3081 2704 3140 reverearis
2747 3079 3054 3154 proximum
3100 3085 3251 3136 tuum
3298 3077 3353 3133 in
3401 3083 3529 3132 casu
3579 3092 3711 3140 suo,

2099 3199 2119 3233 ι
2167 3195 2268 3236 nec
2298 3179 2541 3235 retineas
2571 3179 2799 3235 verbum
2839 3177 2894 3232 in
2947 3185 3191 3248 tempore
3239 3173 3450 3230 salutis.
3492 3193 3512 3226 ο
3556 3169 3713 3228 liinc

2093 3279 2152 3328 et
2171 3269 2432 3329 Dominus
2463 3271 2518 3328 in
2540 3269 2834 3344 Evangelio
2863 3269 2970 3326 ait:
2998 3289 3016 3322 ι
3041 3267 3176 3324 Cum
3207 3265 3488 3324 audieritis
3512 3266 3715 3338 praelia

399 3347 558 3425 c._det
579 3369 704 3410 eum
733 3355 789 3411 in
819 3373 1014 3414 manus
1047 3359 1254 3417 inimici
1277 3364 1377 3418 sui.
1410 3382 1428 3414 ι
1467 3362 1560 3419 ille
1590 3363 1725 3418 avia
1743 3358 1991 3420 veritatis
2018 3323 2063 3398 Ο
2095 3375 2152 3422 et
2178 3365 2496 3432 seditiones,
2529 3363 2698 3420 nolite
2740 3356 2938 3419 terreri
2987 3361 3138 3436 (Luc.
3170 3359 3308 3434 xxi).
3353 3380 3372 3412 ι
3430 3357 3498 3416 Et
3526 3359 3709 3414 item:

388 3451 418 3495 ἰ
467 3441 822 3514 aberraverit,
854 3466 946 3519 qui
999 3449 1184 3520 fidem,
1242 3470 1396 3525 spem
1423 3463 1479 3510 et
1511 3455 1838 3512 charitatem
1868 3469 1990 3526 per-

398 3550 419 3584 I
463 3533 682 3600 diderit,
713 3554 875 3608 quem
919 3541 1184 3610 sapientia
1223 3543 1575 3616 derelinquit,
1606 3548 1863 3618 quoniam
1906 3548 1992 3602 in-

395 3623 620 3694 dignum
689 3640 786 3683 sua
859 3631 1254 3690 inhabitatione
1305 3635 1588 3708 judicavit.
1665 3639 1820 3694 Sicut
1895 3655 1994 3712 per

394 3715 718 3786 prophetam
762 3717 878 3789 ipse
903 3719 1166 3776 Dominus
1203 3725 1316 3778 ait:
1350 3747 1369 3776 ‹
1399 3725 1588 3783 Justus
1615 3738 1797 3785 autem
1840 3745 1992 3786 meus

396 3821 464 3864 ex
488 3807 594 3864 fide
620 3821 738 3866 mea
765 3806 900 3867 vivit
923 3832 936 3868 :
964 3813 1108 3884 quod
1138 3813 1183 3870 si
1215 3813 1543 3872 subtraxerit
1569 3835 1647 3884 se,
1679 3836 1785 3874 non
1811 3820 1992 3890 place-

393 3897 478 3957 bit
517 3902 713 3959 animae
743 3920 896 3974 meae,
921 3913 979 3962 et
1007 3908 1184 3964 tradet
1211 3925 1334 3966 eum
1364 3909 1416 3964 in
1450 3927 1646 3967 manus
1673 3911 1877 3968 inimici
1906 3915 1990 3969 sui

397 3986 628 4066 (Habac.
661 3994 751 4068 ιι),
786 4017 805 4050 ι
844 4013 968 4054 cum
997 4014 1122 4055 eum
1165 4015 1263 4056 sua
1295 4003 1633 4072 proiectione
1657 4013 1904 4071 exutum,
1938 4006 1992 4060 in

384 4087 595 4141 "manus
634 4085 876 4144 hostium
921 4106 1144 4147 suorum
1175 4090 1326 4161 justo
1360 4091 1565 4164 judicio
1602 4094 1841 4152 incidere
1867 4113 1994 4168 per-

395 4179 587 4244 mittit.

949 4271 1194 4334 CAPUT
1228 4277 1414 4335 XVIII.

385 4351 672 4449 Sapientia
705 4366 950 4449 {torretur
986 4370 1043 4424 in
1081 4377 1312 4449 tempore
1355 4372 1713 4449 tribulationis
1753 4391 1848 4446 pro
1887 4375 1993 4446 ﬁde

646 4445 666 4491 t
693 4440 908 4507 juuitia
939 4440 1195 4496 arandum
1225 4459 1321 4513 pro
1359 4444 1529 4500 salute
1559 4440 1773 4500 animai.

473 4562 492 4598 ι
536 4543 660 4613 Fili,
691 4560 955 4605 conserva
979 4556 1212 4619 tempus,
1241 4559 1297 4606 et
1327 4551 1508 4607 devita
1540 4567 1571 4606 a
1599 4551 1763 4607 malo.
1802 4573 1821 4606 ι
1875 4551 1981 4608 Su-

395 4641 580 4711 perius
606 4641 834 4697 laudans
859 4642 1260 4697 commendavit
1285 4643 1566 4714 sapientiae
1591 4643 1812 4708 donum,
1847 4657 1989 4698 nunc

396 4730 637 4787 ostendit
683 4732 854 4804 ipsius
900 4734 1181 4803 sapientiae
1225 4733 1449 4801 factum,
1503 4735 1629 4805 quia
1675 4735 1988 4805 quicunque

399 4821 667 4878 veraci-ter
703 4833 971 4896 pnecepta
1010 4835 1190 4882 servat
1237 4827 1537 4897 sapientite,
1569 4835 1764 4882 cautus
1801 4835 1888 4882 est
1932 4828 1987 4882 in

400 4923 702 4990 tempoer
753 4917 1070 4983 mutatione,
1115 4932 1218 4973 nec
1249 4919 1456 4974 deserit
1489 4920 1635 4974 viam
1663 4919 1890 4990 iustitia:
1933 4921 1988 4976 in

393 4989 642 5077 teinpere
679 5010 1076 5079 persecutionis
1107 5018 1164 5066 et
1195 5012 1476 5084 angustae.
1529 4989 1988 5069 ldeorexhortans

395 5097 537 5156 ﬁlios
573 5115 701 5156 suos
738 5101 853 5173 ipsa
882 5105 1040 5160 docet
1078 5105 1366 5176 sapientia,
1396 5113 1458 5160 ut
1484 5115 1814 5162 conservent
1853 5117 1992 5162 tem-
2021 5111 2024 5114 ’

391 5199 520 5257 pus,
577 5193 705 5260 quia
770 5209 790 5244 ι
825 5202 1036 5265 tempus
1093 5197 1241 5251 omni
1295 5196 1375 5251 rei
1437 5196 1538 5252 sub
1568 5197 1736 5259 coelo;
1766 5205 1819 5250 et
1851 5207 1986 5253 tem-

398 5292 502 5351 pus
527 5290 612 5338 est
651 5284 794 5352 belli,
825 5294 882 5340 et
917 5293 1130 5359 tempus
1164 5291 1340 5360 pacis,
1380 5307 1399 5342 ι
1451 5291 1706 5361 quoniam
1748 5291 1986 5360 quandiu

398 5372 456 5428 in
483 5373 586 5428 hoc
617 5375 816 5430 sarculo
845 5391 1054 5444 sunms,
1087 5390 1300 5450 tempus
1337 5387 1421 5437 est
1450 5381 1603 5448 belli;
1653 5391 1706 5436 et
1743 5395 1842 5453 pro
1886 5381 1989 5434 fide

399 5474 466 5518 ac
504 5463 714 5531 iustitia
763 5469 1032 5537 standum,
1075 5481 1130 5528 et
1161 5487 1261 5540 pro
1290 5473 1468 5528 salute
1501 5474 1695 5529 anima:
1744 5487 1990 5544 pugnan-

393 5553 548 5608 dum.
592 5555 743 5613 Unde
779 5567 836 5615 et
867 5575 1030 5615 omne
1065 5561 1288 5628 malum,
1330 5565 1433 5619 hoc
1467 5576 1571 5628 est,
1604 5563 1793 5618 vitium
1829 5564 1986 5618 nobis

395 5651 483 5699 est
520 5646 884 5704 devitandum.
929 5650 1067 5705 Cum
1116 5659 1298 5707 autem
1343 5656 1758 5724 migraret-imus
1787 5656 1854 5709 de
1881 5656 1984 5710 hoc

383 5737 616 5806 stmulo,
647 5741 800 5810 pacis
833 5751 1050 5810 tempus
1089 5743 1359 5800 adveniet.
1401 5747 1458 5800 in
1487 5761 1621 5818 pace
1657 5747 1804 5802 enim
1833 5747 1985 5802 iocus

402 5826 520 5895 Dei,
557 5841 614 5887 et
658 5833 854 5890 civitas
899 5843 1086 5892 nostra
1113 5833 1451 5895 Hierusalem
1491 5842 1558 5896 de
1601 5853 1736 5912 pace
1788 5841 1984 5896 sortita

397 5921 722 5980 vocabuntur
743 5935 850 5981 est.

2101 3477 2120 3512 ι
2166 3457 2322 3528 Quod
2351 3457 2474 3514 dico
2497 3453 2654 3513 vobis
2683 3455 2739 3512 in
2767 3455 3026 3521 tenebris,
3061 3451 3224 3510 dicite
3269 3451 3324 3508 in
3356 3451 3601 3513 lumine;
3648 3458 3714 3505 et

2093 3548 2240 3625 quod
2272 3553 2328 3607 in
2359 3565 2491 3606 aure
2519 3545 2774 3617 audistis,
2802 3547 3094 3622 prmdicate
3119 3561 3286 3619 super
3313 3551 3474 3600 tecta.
3517 3541 3711 3600 Nolite

2095 3645 2288 3700 timere
2347 3659 2441 3700 eos
2494 3644 2586 3714 qui
2641 3637 2897 3698 occidunt
2943 3655 3174 3710 corpus,
3225 3637 3462 3694 animam
3515 3646 3715 3691 autem

2095 3753 2203 3793 non
2255 3743 2484 3808 possunt
2527 3733 2806 3800 occidere;
2855 3731 2949 3788 sed
2999 3731 3181 3804 potius
3221 3743 3348 3786 eum
3385 3725 3577 3784 timete
3609 3729 3711 3798 qui

2093 3833 2276 3896 potest
2339 3825 2580 3880 animam
2637 3832 2692 3881 et
2741 3839 2942 3898 corpus
3002 3821 3232 3896 perdere
3286 3822 3342 3876 in
3393 3819 3709 3892 gehennam

2095 3915 2311 3990 (Matth.
2346 3917 2426 3988 Χ).
2463 3937 2483 3971 ι

2173 4029 2192 4060 ‹
2221 4009 2342 4064 Non
2376 4009 2681 4066 abscondas
2715 3999 3039 4079 sapientiam
3073 4013 3220 4060 tuam
3251 3997 3306 4058 in
3333 4004 3528 4057 decore
3553 3999 3701 4068 ejus.

2102 4121 2120 4152 ι
2165 4101 2224 4156 ιη
2261 4102 2440 4174 lingua
2485 4098 2630 4156 enim
2676 4099 3024 4170 cegnoscitur
3063 4094 3359 4166 sapientia;
3409 4099 3464 4148 et
3502 4107 3705 4148 sensus

2101 4213 2120 4246 ι
2166 4201 2222 4249 et
2257 4193 2489 4248 scicntia
2529 4201 2586 4248 et
2623 4191 2873 4247 doctrina
2907 4190 2963 4244 in
3001 4183 3182 4244 verbis
3213 4187 3486 4254 veritatis,
3515 4195 3571 4242 et
3601 4185 3703 4241 lir-

2107 4302 2121 4335 l
2167 4290 2500 4338 momentum
2547 4283 2603 4338 in
2664 4282 2921 4353 operibus
2962 4279 3207 4351 justiti-at.
3261 4299 3278 4332 ι
3339 4277 3701 4348 Nequaquam

2095 4375 2242 4430 enim
2283 4375 2549 4445 sapientia
2595 4389 2784 4430 cor-am
2831 4371 2918 4428 his
2959 4370 3286 4426 oeeidtanda
3313 4380 3418 4434 est,
3446 4370 3539 4438 qui
3571 4385 3698 4423 eam

2095 4467 2182 4536 pia
2223 4475 2406 4523 mente
2446 4466 2724 4532 suscipere
2750 4473 2804 4516 ct
2825 4463 3038 4515 discere
3083 4457 3292 4524 volunt,
3327 4474 3428 4516 nec
3464 4460 3696 4516 verbum

2093 4551 2500 4622 praedicationis
2547 4562 2740 4606 coram
2793 4550 3018 4606 intentis
3063 4547 3408 4606 auditoribus
3457 4552 3698 4606 abscon-

2093 4642 2354 4708 dcndum,
2382 4642 2512 4712 quia
2539 4649 2600 4696 ut
2631 4639 2688 4696 in
2715 4640 3030 4696 Proverbiis
3059 4641 3326 4712 scriptum
3357 4647 3443 4696 est
3477 4657 3492 4694 :
3542 4660 3562 4691 ι
3589 4641 3698 4708 Qui

2097 4734 2380 4790 abscondit
2425 4731 2780 4801 frumentum,
2817 4733 3175 4790 maledicetur
3225 4733 3280 4790 in
3311 4733 3564 4806 populis:
3594 4731 3698 4788 lte-

2097 4827 2334 4882 nedictio
2365 4835 2547 4882 autem
2578 4842 2740 4898 super
2771 4835 2936 4898 caput
2961 4826 3311 4881 vendentium
3339 4823 3526 4897 (Prov.
3553 4827 3688 4896 3(1):.

2099 4922 2204 4978 hoc
2235 4929 2337 4989 est,
2365 4923 2460 4993 qui
2490 4929 2697 4978 sanctae
2723 4921 3126 4993 praedicationis
3151 4919 3294 4990 apud
3323 4934 3385 4976 se
3411 4919 3577 4974 verba
3609 4937 3696 4975 rc-

2097 5016 2256 5080 tinet,
2296 5015 2386 5070 hic
2421 5010 2772 5070 malediéitur
2813 5013 2868 5069 in
2902 5013 3140 5085 populis,
3177 5013 3397 5084 quando
3439 5012 3493 5067 in
3524 5013 3696 5070 solius

2099 5109 2491 5180 culpa‘siientii
2525 5123 2626 5180 pro
2659 5107 2980 5173 multorum,
3011 5118 3146 5177 quos
3181 5104 3457 5177 corrigere
3493 5109 3692 5175 potuit,

2089 5215 2253 5272 ptena
2282 5203 2590 5256 damnatur.
2623 5200 2743 5271 ipse
2773 5207 2859 5255 est
2887 5213 3076 5255 servus
3099 5197 3254 5270 piger
3281 5207 3337 5254 et
3367 5198 3563 5264 malus,
3594 5200 3692 5270 qui

2089 5307 2193 5364 pro
2237 5298 2541 5350 retentione
2589 5291 2800 5360 talenti,
2853 5293 2998 5362 quod
3045 5291 3258 5362 accepit
3295 5289 3352 5346 in
3388 5291 3694 5348 exteriores

2093 5387 2348 5442 tenebras
2399 5387 2600 5442 missus
2643 5394 2752 5441 est.
2803 5379 3058 5440 Vendunt
3099 5392 3281 5439 autem
3331 5383 3688 5449 frumentum,

2093 5479 2185 5549 qui
2228 5475 2452 5533 verbum
2491 5477 2618 5533 vita:
2649 5475 2994 5532 audientibus
3039 5471 3360 5541 conferunt;
3412 5491 3443 5531 a
3489 5475 3690 5546 quibus

2091 5570 2326 5639 pretium
2367 5568 2488 5623 iidei
2528 5577 2584 5622 et
2619 5565 2982 5624 confessionis
3012 5557 3300 5640 recipiant,
3329 5558 3547 5624 dicente
3575 5563 3686 5622 Do—

2097 5663 2282 5716 mino:
2321 5681 2338 5712 ι
2369 5658 2732 5733 Negotiamini
2771 5661 2899 5717 dum
2928 5661 3088 5718 venio
3119 5661 3271 5730 (Luc.
3304 5657 3442 5734 xxx),
3477 5682 3497 5714 ι
3543 5677 3683 5732 quo-

2093 5767 2214 5808 rum
2257 5753 2418 5823 capiti
2457 5749 2764 5810 benedictio
2803 5754 3151 5824 supervenit,
3193 5755 3320 5808 dum
3367 5751 3591 5826 singulis
3614 5747 3683 5808 de

2091 5845 2186 5900 tali
2241 5846 2456 5914 mrgotio
2509 5843 2850 5901 redeuntium
2897 5841 3161 5900 Dominus
3213 5839 3346 5900 dicit
3382 5856 3400 5901 ':
3455 5861 3475 5896 α
3509 5841 3677 5915 Euge,

2084 5947 2248 5991 serve
2272 5937 2412 5992 bene
2441 5938 2496 5993 et
2531 5935 2729 6004 fidelis,
2757 5935 2882 6016 quia
2905 5949 3068 6008 super
3096 5949 3268 6010 pauca
3292 5925 3446 5993 fuisti
3477 5931 3674 6004 ﬁdelis,
