4030 6474
319 436 430 496 τω

1220 374 1576 493 (30m.
1616 428 1685 489 IN
1726 424 2346 490 ECCLESiASTiCUM.
2384 460 2465 498 --.
2493 426 2622 489 LIB.
2660 426 2704 488 l.

3508 429 3613 493 Μ

326 565 494 623 super
516 547 684 605 multa
710 554 763 603 te
789 544 1140 613 constituam,
1165 544 1309 602 intra
1333 546 1387 602 in
1414 545 1670 618 gaudium
1699 544 1913 600 Domini
1944 551 1993 610 Α
2020 558 2120 615 pro
2150 551 2206 599 te
2242 544 2494 601 inimicos
2533 552 2697 601 tuos:
2729 562 2748 597 ι
2782 543 3023 601 ostendit
3050 543 3196 617 quod
3227 551 3338 599 non
3372 544 3609 603 humana

324 643 429 699 tui.
464 661 485 696 ι
519 641 591 699 Et
616 640 811 700 merito
844 639 900 697 in
929 638 1116 697 talium
1145 637 1327 708 lingua
1351 638 1553 695 dicitur
1576 638 1803 708 agnosci
1827 648 1915 693 sa-

324 731 553 805 pientia,
596 738 655 786 et
687 742 878 786 sensus
918 738 977 785 et
1019 727 1273 793 scientia,
1308 728 1362 782 in
1407 741 1638 796 quorum
1670 726 1915 781 doctrina

321 824 497 880 verba
525 833 651 879 sunt
677 822 924 879 veritatis
972 831 1134 891 atque
1174 822 1229 874 in
1255 820 1488 890 exempli
1511 819 1917 875 ﬁrmamentum

321 916 571 988 justitiaa.
600 915 708 972 Pro
732 915 933 986 quibus
952 912 1210 971 videlicet
1232 914 1487 970 omnibus
1507 920 1712 970 aeterna
1737 928 1917 971 remu-

326 1009 613 1066 neratione
640 1014 995 1063 coronantur.

408 1121 430 1156 ι
470 1101 589 1158 Non
617 1100 964 1157 contradicas
988 1098 1209 1155 veritati
1237 1096 1346 1153 ullo
1367 1097 1557 1163 modo;
1589 1105 1647 1153 et
1669 1096 1737 1153 de
1764 1109 1915 1151 men-

331 1212 356 1247 s
399 1193 560 1250 decio
601 1191 984 1248 ineruditionis
1012 1199 1119 1246 tum
1147 1188 1500 1246 confundere.
1539 1205 1560 1241 I
1593 1187 1750 1243 Multi
1788 1192 1922 1243 sunt

327 1287 450 1358 qui,
479 1301 606 1341 cum
642 1300 674 1339 a
704 1284 1008 1341 tectorium
1050 1283 1166 1339 suis
1192 1297 1293 1354 pro
1330 1282 1473 1337 male
1497 1281 1806 1336 conuiuis
1828 1292 1915 1335 ar-

327 1386 586 1449 guuntur,
630 1385 724 1435 aut
758 1378 863 1433 hoc
889 1376 1191 1433 delumitrnt
1219 1376 1365 1446 quod
1406 1375 1588 1445 inique
1612 1382 1914 1445 gesserunt,

327 1477 424 1525 aut
459 1470 599 1527 falso
637 1471 907 1542 denegant
949 1470 1097 1541 quod
1128 1470 1183 1525 in
1222 1468 1557 1526 conscientia
1602 1483 1702 1524 sua
1728 1482 1917 1527 verum

326 1576 453 1619 esse
492 1578 600 1619 non
630 1562 904 1633 ignorant.
944 1560 1074 1618 ideo
1098 1562 1355 1619 admonet
1382 1570 1450 1616 ne
1475 1561 1601 1632 quis
1626 1568 1920 1633 pmumat

326 1665 521 1712 contra
543 1657 829 1713 veritatem
858 1656 1212 1723 contendere,
1237 1663 1293 1713 et
1318 1655 1588 1712 fallaciter
1611 1650 1921 1710 excusando

328 1751 679 1823 semetipsum
721 1750 1036 1818 defendere,
1065 1752 1325 1822 quoniam
1360 1752 1457 1822 qui
1494 1751 1781 1808 abscondit
1805 1760 1924 1809 see-

327 1841 443 1898 iera
472 1858 593 1909 sua,
633 1853 744 1899 non
784 1843 1111 1915 corrigitur;
1166 1844 1260 1914 qui
1309 1852 1490 1899 autem
1540 1844 1821 1900 confessus
1856 1854 1924 1899 ea

2022 634 2244 701 virtute,
2266 636 2372 692 sed
2398 634 2583 691 divina
2618 648 2719 707 ope
2748 636 3048 693 adversarii
3090 637 3404 694 vincuntur.
3456 638 3611 695 Unde

1986 726 2139 798 ‘ipsa
2158 723 2376 783 Veritus
2394 726 2797 784 mlessoribus
2824 729 2943 785 suis
2961 726 3039 784 ait
3070 740 3086 783 τ
3118 745 3142 781 ι
3176 727 3370 786 Ponite
3391 742 3524 800 ergo
3553 731 3609 786 in

2022 820 2276 876 cordibus
2321 823 2520 878 vestris
2567 834 2675 877 non
2714 814 3104 893 praesumam,
3148 822 3610 905 quemadmodum

2019 915 2427 984 responcbatis:
2452 914 2566 987 Ego
2586 915 2734 971 enim
2756 915 2898 972 dabo
2918 916 3076 973 vobis
3100 931 3165 974 os
3182 924 3242 974 et
3266 916 3609 988 sapientiam,

2018 1004 2110 1061 cui
2159 1020 2266 1061 non
2311 1014 2565 1078 poterunt
2606 1007 2864 1063 resistere
2906 1017 2963 1064 et
3002 1010 3378 1067 contradicere
3416 1018 3611 1066 omnes

2019 1096 2319 1153 adversarii
2351 1098 2516 1154 vestri
2545 1097 2703 1171 (Lee.
2727 1094 2868 1171 xxi).
2904 1114 2927 1153 ι

2097 1207 2119 1241 ι
2165 1188 2285 1244 Noli
2342 1190 2543 1246 citatus
2602 1205 2726 1248 esse
2773 1193 2831 1246 in
2879 1192 3064 1265 lingua
3111 1200 3204 1248 tua
3231 1232 3247 1261 ,
3292 1199 3353 1248 et
3402 1192 3614 1249 inutilis

2029 1299 2050 1333 ι
2093 1290 2151 1337 et
2189 1282 2454 1338 remissus
2502 1284 2557 1338 in
2580 1285 2844 1355 operibus
2875 1286 3004 1340 tuis.
3043 1305 3061 1338 ι
3105 1285 3360 1342 Velocem
3388 1294 3510 1342 esse
3556 1286 3616 1340 in

2020 1373 2202 1445 lingua
2232 1373 2390 1430 valde
2422 1376 2790 1446 periculosum
2830 1384 2935 1443 est,
2965 1374 3093 1449 quia
3120 1388 3273 1433 mors
3314 1384 3373 1432 et
3407 1377 3521 1431 vita
3558 1375 3616 1431 in

2021 1464 2277 1521 manibus
2328 1465 2541 1538 linguae.
2591 1486 2609 1518 ι
2648 1468 2751 1536 Qui
2789 1469 3027 1525 custodit
3058 1482 3125 1525 os
3166 1480 3347 1537 suum,
3378 1466 3619 1525 custodit

2024 1556 2095 1612 ab
2136 1558 2401 1630 angustiis
2446 1559 2684 1619 animum
2733 1575 2929 1623 suam:
2954 1563 3047 1632 qui
3085 1569 3267 1619 autem
3310 1558 3619 1619 inconside-

2024 1663 2181 1711 ratus
2214 1663 2301 1711 est
2346 1657 2415 1713 ad
2450 1656 2805 1727 loquendum,
2844 1658 3046 1715 sentiet
3086 1658 3250 1716 mala.
3287 1679 3308 1712 ι
3359 1655 3436 1716 0s
3468 1658 3619 1716 enim

2023 1747 2295 1807 lubricum
2333 1759 2593 1820 operatur
2630 1752 2836 1808 ruinas.
2886 1752 3043 1811 Unde
3076 1751 3317 1809 Iacobus
3344 1752 3620 1823 apostolus

2028 1841 2207 1909 docet,
2252 1842 2445 1901 dicens
2473 1861 2488 1898 :
2516 1861 2535 1895 ι
2568 1841 2656 1899 Sit
2704 1852 2888 1899 autem
2936 1844 3114 1900 omnis
3156 1846 3320 1901 homo
3359 1845 3517 1902 velox
3551 1844 3619 1900 ad

328 1932 633 2003 reliquerit.
681 1932 927 2004 profecto
971 1935 1275 1990 sanabitur.
1330 1935 1485 1992 Unde
1513 1936 1802 1993 Psalmista
1849 1932 1920 1992 ab
1948 1917 2000 1984 Β
2027 1932 2380 2000 audiendum,
2412 1934 2604 1991 tardus
2642 1943 2823 1991 autem
2865 1935 2931 1992 ad
2961 1934 3314 2007 loquendum,
3351 1944 3406 1993 et
3431 1936 3620 1993 tal‘dﬁs
3689 1998 3695 2004 .

328 2022 639 2092 huiusmodi
665 2026 809 2081 maio
836 2042 897 2082 se
923 2027 1043 2083 erui
1060 2026 1313 2098 postulat
1354 2040 1386 2082 ιι
1416 2027 1664 2095 Domino,
1692 2029 1914 2085 dicens:

334 2134 356 2167 ι
399 2114 569 2181 Pone,
594 2116 842 2184 Bestiae,
870 2118 1175 2176 custodiam
1199 2118 1284 2175 ori
1306 2130 1452 2186 meo,
1478 2128 1535 2175 et
1568 2121 1772 2176 ostium
1813 2121 1922 2175 etr-

328 2208 669 2265 cumstantiae
695 2208 854 2265 labiis
889 2211 1047 2267 meis.
1087 2211 1207 2267 Non
1245 2211 1489 2268 dedi-ns
1528 2226 1626 2268 cor
1652 2224 1835 2268 meum
1864 2213 1921 2267 in

328 2301 554 2359 verbum
609 2302 813 2358 malum
841 2338 862 2371 ,
923 2304 991 2360 ad
1039 2306 1382 2362 excusandas
1430 2302 1817 2362 excusationes
1867 2308 1922 2362 in

326 2393 587 2465 peccatis,
639 2410 765 2452 cum
817 2396 1131 2454 hominibus
1173 2398 1527 2469 operantibus
1582 2400 1923 2470 iniquitatem

328 2484 506 2556 (Ρεαι.
534 2485 668 2557 ειν).
703 2506 723 2539 ι

404 2594 423 2627 ι
470 2576 590 2633 Non
632 2578 982 2636 confundam
1027 2581 1277 2638 conﬁteri
1322 2582 1546 2654 peccata
1599 2592 1714 2651 tua,
1750 2592 1809 2640 et
1852 2596 1924 2640 ne

333 2684 354 2716 ι
400 2666 658 2735 subjicias
707 2678 766 2725 te
808 2673 959 2727 omni
1004 2673 1211 2729 homini
1259 2689 1359 2744 pro
1404 2682 1650 2745 peccato.
1693 2694 1712 2727 ν
1771 2670 1924 2730 Sicut

330 2760 584 2816 hortatur
627 2763 697 2818 ad
736 2764 1137 2824 confossionem
1186 2769 1417 2838 peccati,
1472 2770 1548 2825 ita
1594 2770 1849 2840 prohibet
1891 2782 1924 2825 a

329 2867 600 2911 coiisensu
643 2858 829 2928 operis
862 2858 1103 2915 nefandi.
1144 2859 1287 2928 Quid
1326 2869 1413 2916 est
1446 2862 1594 2917 enim
1639 2862 1785 2919 aliud
1813 2872 1924 2918 non

328 2944 526 3015 subjici
554 2948 763 3005 homini
789 2966 892 3022 pro
919 2960 1165 3024 moesto,
1195 2955 1303 3011 nisi
1338 2966 1446 3010 non
1472 2957 1924 3012 consentiendum

331 3037 411 3094 illi
462 3040 557 3109 qui
593 3042 763 3098 allicit
805 3044 986 3115 aliquo
1015 3047 1180 3102 modo
1209 3048 1278 3102 ad
1304 3049 1679 3119 pacandam?
1724 3050 1924 3104 Doctor

327 3135 477 3189 enim
505 3137 778 3204 veritatis,
814 3147 870 3193 et
911 3148 1169 3209 operator
1203 3142 1432 3212 iustitia:
1468 3154 1683 3215 scalper
1712 3144 1925 3201 audito-

330 3240 448 3279 rem
495 3241 654 3282 suum
716 3229 786 3285 ad
846 3230 1073 3286 meliora
1134 3240 1192 3288 et
1247 3234 1572 3304 perfectiora
1637 3245 1920 3306 provocat.

331 3316 378 3373 E
405 3318 682 3375 contrario
724 3326 908 3376 autem
943 3331 1186 3379 assertor
1212 3295 1484 3382 mendacii
1525 3335 1583 3382 ot
1609 3295 1787 3383 factor
1824 3325 1928 3383 ini-
1953 3295 2001 3359 θ

335 3409 588 3478 quitatis,
623 3413 1030 3471 consentientes
1066 3414 1172 3471 sibi
1202 3416 1374 3473 trahit
1402 3417 1476 3473 ad
1508 3416 1723 3473 foveam
1748 3418 1928 3489 perdi-

339 3500 521 3559 tionis.

413 3611 434 3644 ι
476 3592 600 3654 Noli
641 3597 899 3657 resistere
937 3606 1128 3655 contra
1162 3597 1362 3656 faciem
1394 3601 1657 3672 potentis,
1702 3614 1804 3657 nee
1834 3616 1926 3658 eo-

339 3697 361 3734 ι
405 3684 552 3743 neris
596 3697 789 3745 contra
836 3689 1006 3747 ictum
1049 3688 1218 3746 ﬂuvii.
1273 3691 1333 3749 in
1376 3690 1595 3761 iustitia
1641 3694 1933 3764 agonizare

340 3790 360 3824 ι
406 3789 506 3844 pro
552 3774 734 3830 anima
775 3784 900 3844 tua;
953 3787 1010 3834 et
1049 3795 1223 3850 usque
1268 3782 1335 3837 ad
1384 3792 1616 3838 mortem
1643 3790 1794 3838 certa
1830 3800 1930 3854 pro

340 3878 364 3917 ι
399 3861 627 3933 iustitia.
650 3875 710 3923 et
730 3868 874 3926 Deus
896 3871 1227 3942 expugnabit
1248 3888 1350 3942 pro
1376 3881 1431 3929 to
1458 3873 1710 3929 inimicos
1737 3880 1878 3930 tuos.
1905 3897 1924 3929 ι

340 3951 661 4015 Obedientia
703 3973 837 4029 ergo
874 3961 1178 4032 majoribus
1209 3976 1432 4034 semper
1472 3965 1782 4021 adiﬁbenda
1822 3976 1927 4032 est,

338 4045 431 4101 ubi
459 4057 731 4119 praecepta
764 4064 958 4107 eorum
985 4055 1318 4113 concordant
1351 4058 1552 4128 regula
1570 4058 1819 4115 veritatis
1844 4069 1932 4114 at-

335 4152 445 4208 que
487 4137 734 4208 justitite.
754 4144 906 4213 quod
938 4156 995 4201 et
1026 4145 1113 4203 lex
1147 4149 1269 4218 pari
1296 4151 1458 4206 modo
1486 4151 1644 4207 docet
1676 4162 1734 4208 et
1759 4153 1934 4209 Evan-

344 4231 563 4302 gelium.
624 4232 682 4290 Si
708 4242 892 4293 autem
919 4246 1165 4307 potestas
1191 4240 1428 4296 humana
1454 4257 1556 4298 nos
1583 4243 1698 4298 vult
1723 4245 1792 4300 ad
1819 4245 1934 4301 bla-

340 4324 728 4393 sphemandum
782 4330 1131 4399 compellere,
1175 4333 1263 4389 vel
1305 4334 1375 4389 ad
1420 4346 1584 4405 opera
1614 4335 1922 4406 iniquitatis

339 4417 696 4488 pertrahere,
740 4420 888 4473 nullo
928 4424 1090 4479 modo
1133 4424 1397 4483 debemus
1444 4429 1789 4497 consentire,
1839 4429 1935 4485 sed

338 4526 440 4582 pro
474 4518 624 4566 recta
656 4509 759 4567 lide
794 4519 958 4581 aque
983 4527 1112 4567 vera
1150 4512 1434 4583 religione,
1466 4519 1524 4569 in
1560 4521 1759 4584 quibus
1784 4529 1935 4569 certa

341 4610 522 4660 exstat
555 4602 704 4659 salus
733 4604 951 4670 animae,
980 4605 1129 4660 omni
1168 4613 1413 4677 tempore
1441 4608 1744 4663 decertare.
1781 4607 1933 4663 Unde

1956 4649 2012 4711 Ι)

2022 2029 2094 2087 ad
2140 2025 2281 2082 iram
2322 2026 2535 2098 (Jacob.
2574 2026 2636 2097 l).
2675 2045 2695 2080 ι
2758 2027 2827 2082 Ει
2870 2027 3043 2085 item:
3083 2046 3104 2078 ι
3145 2028 3370 2095 Estote,
3421 2028 3619 2099 inquit,

2024 2116 2259 2174 factores
2306 2118 2459 2175 verbi
2509 2127 2566 2173 et
2608 2135 2719 2185 non
2762 2120 3041 2178 auditores
3088 2128 3321 2187 tantum,
3371 2120 3622 2177 fallentes

2023 2212 2383 2283 vosmetipsos
2431 2211 2642 2283 (llud).
2682 2232 2703 2266 ι
2755 2212 2895 2269 Hinc
2934 2221 2991 2269 et
3017 2213 3154 2271 alibi
3182 2216 3451 2286 scriptum
3503 2222 3616 2270 est:

1988 2322 1993 2327 ν
2032 2322 2050 2355 ι
2098 2303 2217 2363 Non
2244 2311 2331 2361 est
2366 2304 2424 2361 in
2463 2319 2715 2361 sermone
2755 2321 2981 2375 regnum
3020 2307 3141 2375 Dei,
3176 2307 3273 2365 sed
3300 2309 3359 2365 in
3390 2309 3617 2364 virtute.

2026 2395 2130 2463 Qui
2158 2403 2342 2451 autem
2384 2393 2513 2449 facit
2542 2395 2878 2453 voluntatem
2909 2397 3027 2465 Dei,
3058 2407 3241 2457 manet
3270 2399 3326 2455 iu
3355 2408 3621 2456 mternum

2026 2482 2080 2560 (1
2111 2486 2233 2542 Cor.
2267 2483 2364 2559 tv).
2406 2508 2425 2540 ι
2457 2486 2707 2542 inutilem
2752 2496 2935 2544 autem
2976 2488 3094 2545 ﬁeri
3130 2500 3189 2546 et
3234 2491 3523 2548 remissum
3565 2490 3621 2545 in
3712 2484 3715 2491 ’

2026 2580 2304 2653 Operibus,
2336 2579 2491 2636 valde
2537 2581 2955 2654 ignominiosum
2986 2591 3070 2639 est
3095 2592 3317 2656 propter
3355 2584 3501 2657 quod
3543 2584 3624 2640 di-

2028 2672 2101 2726 cit
2152 2671 2206 2726 iu
2236 2668 2547 2727 Proverbiis
2577 2690 2590 2727 :
2628 2689 2648 2724 ι
2687 2670 2791 2741 Qui
2824 2674 3001 2731 mollis
3041 2685 3097 2731 et
3128 2675 3423 2732 dissolutus
3452 2682 3538 2731 est
3570 2674 3625 2729 iu

2026 2779 2192 2838 Opere
2252 2781 2371 2832 suo,
2434 2774 2605 2821 trater
2634 2775 2721 2822 est
2770 2766 3082 2837 dissipantis
3137 2783 3303 2840 opera
3357 2782 3475 2833 sua,
3530 2767 3622 2841 qui

2025 2864 2281 2933 cperatur
2344 2867 2549 2913 terram
2624 2874 2815 2927 suam,
2863 2859 3156 2916 satiabitur
3201 2859 3465 2933 panibus;
3531 2858 3622 2931 qui

2029 2932 2271 3008 sectatur
2299 2951 2494 3019 otium,
2543 2953 2844 3023 replebitur
2873 2962 3116 3026 egestate
3142 2932 3329 3027 (Prov.
3361 2951 3542 3021 xvm).
3590 2972 3610 3005 ι

2105 3063 2124 3095 ι
2154 3030 2293 3101 ‘Noli
2319 3061 2441 3102 esse
2472 3046 2614 3102 sicut
2638 3045 2722 3103 leo
2751 3047 2807 3101 in
2834 3048 2994 3103 domo
3022 3056 3135 3115 tua,
3164 3056 3420 3105 evertens
3443 3047 3626 3104 dome-

2035 3153 2054 3187 ι
2103 3136 2271 3192 sticos
2301 3146 2444 3205 tuos,
2474 3146 2529 3192 et
2557 3139 2870 3211 opprimens
2896 3141 3171 3214 subjectos
3192 3141 3341 3198 tibi.»
3380 3142 3622 3198 Leonem

2030 3229 2121 3285 hic
2148 3230 2302 3303 ponit
2324 3246 2425 3303 pro
2462 3230 2667 3299 feroce,
2696 3233 2825 3305 quia
2867 3249 2975 3289 non
3010 3236 3272 3293 condecet
3299 3235 3504 3293 Christi
3536 3233 3617 3290 di-

2035 3321 2324 3394 scipulum,
2351 3338 2473 3378 esse
2506 3322 2857 3380 furibundum
2896 3340 3070 3395 neque
3098 3324 3393 3380 crudelem.
3430 3343 3449 3377 ι
3478 3324 3631 3381 Beati

2034 3416 2217 3483 mites,
2243 3416 2501 3488 quoniam
2528 3417 2634 3489 ipsi
2657 3415 3014 3488 possidebunt
3038 3424 3244 3473 terram
3269 3416 3485 3488 (Matth.
3514 3416 3624 3490 v).»

2032 3506 2268 3563 Possunt
2306 3516 2361 3562 ct
2396 3508 2451 3562 in
2492 3510 2609 3579 ipsa
2646 3510 2918 3564 sententia
2958 3500 3198 3565 haeretici
3243 3510 3507 3577 denotari,
3539 3511 3630 3580 qui

2032 3600 2087 3655 in
2110 3602 2271 3657 domo
2293 3600 2552 3657 Ecclesiae
2577 3618 2677 3674 per
2712 3602 2909 3674 linguae
2937 3602 3329 3658 volubilitatem
3365 3602 3634 3658 seducunt
3681 3628 3688 3635 -

2035 3693 2199 3747 corda
2234 3692 2629 3759 innocentium,
2661 3702 2716 3749 et
2750 3708 2848 3762 per
2879 3692 3226 3747 insolentiam
3263 3709 3475 3747 morum
3503 3708 3630 3748 con-

2033 3779 2258 3855 turbant
2333 3778 2808 3833 mansuetudinem
2856 3774 3219 3849 simplicium,
3279 3796 3415 3852 quos
3466 3781 3631 3837 etiam

2029 3866 2185 3938 juxta
2230 3866 2551 3939 Apostoium
2604 3877 2819 3943 oportet
2863 3871 3136 3943 redargui,
3173 3878 3233 3931 ut
3279 3870 3494 3931 discant
3522 3888 3629 3928 non

2031 3958 2433 4030 blasphemare.

2111 4071 2130 4105 ι
2176 4052 2295 4108 Νοιι
2344 4052 2416 4109 sit
2468 4062 2719 4125 porrecta
2771 4070 2968 4111 manus
3015 4064 3108 4111 tua
3138 4055 3206 4111 ad
3257 4054 3631 4126 accipiendum

2042 4162 2061 4195 ι
2103 4152 2161 4199 et
2184 4143 2253 4198 ad
2278 4144 2515 4200 dandum
2543 4144 2791 4202 collecta.
2823 4160 2841 4199 ι
2894 4145 3196 4203 Avaritiam
3222 4148 3410 4220 utique
3458 4150 3627 4217 vetat,

2033 4244 2091 4293 et
2128 4234 2558 4293 misericordiam
2593 4239 2937 4294 commendat
2970 4256 2982 4292 :
3011 4248 3071 4293 ut
3111 4256 3217 4295 non
3249 4254 3413 4296 avare
3455 4240 3629 4295 aliena

2035 4328 2314 4399 rapiamus
2342 4370 2357 4394 ,
2429 4324 2525 4384 sed
2580 4336 2768 4384 nostra
2833 4329 3259 4386 misericorditer
3313 4330 3626 4399 largiamur.

2041 4437 2061 4469 ι
2117 4417 2339 4474 Beatius
2388 4425 2475 4475 est
2531 4418 2676 4474 enim
2761 4420 2935 4491 magis
2988 4416 3117 4475 dare
3163 4434 3328 4490 quam
3381 4421 3631 4490 accipere

2035 4508 2175 4573 (Act.
2205 4506 2321 4574 xx).
2368 4528 2388 4557 ν

2629 4610 2858 4673 CAPUT
2894 4604 3036 4675 XIX.

343 4698 461 4767 ipsa
496 4698 724 4802 ,γξῗνίῳέ
773 4698 829 4753 ίίδ
881 4697 1177 4768 Ενίωεθηο
1230 4699 1308 4756 δίε
1405 4719 1424 4753 ⁴
1481 4700 1540 4802 εξ
1567 4700 1767 4802 “Fului
1806 4709 1933 4755 ⁸¹¹¹¹⁸
1956 4697 2006 4711 ’⁷
2037 4727 2331 4802 Ιηλάὶυἱιὶίδ
2356 4748 2460 4787 non
2486 4733 2879 4802 conﬁdendum,
2910 4736 3197 4792 secundum
3224 4737 3359 4794 illud
3385 4757 3404 4796 :
3433 4736 3630 4802 Stulte,

343 4789 679 4845 scandalizat
709 4799 785 4854 te,
812 4805 945 4847 erue
977 4806 1105 4846 eum
1141 4801 1199 4847 et
1233 4792 1441 4863 projice
1481 4793 1581 4848 abs
1611 4800 1684 4853 te.
1727 4792 1934 4846 Bonum

344 4889 430 4935 est
462 4881 560 4939 tibi
599 4894 766 4939 unum
803 4882 1019 4939 oculum
1060 4883 1351 4940 habentem
1392 4885 1652 4950 invitam
1704 4885 1933 4956 ingredi,

346 4986 509 5042 quam
569 4971 707 5031 duos
759 4972 946 5030 oculos
994 4974 1286 5031 habentem
1338 4975 1478 5030 mitti
1528 4974 1585 5029 in
1635 4974 1937 5045 gehennam

347 5064 510 5135 ignis.
536 5064 608 5123 Et
639 5064 685 5121 si
720 5080 915 5123 atauus
947 5073 1037 5120 tua
1072 5066 1158 5123 vel
1190 5082 1287 5137 pes
1317 5074 1439 5122 tuus
1476 5065 1812 5122 scandalizat
1855 5073 1932 5133 te,

346 5157 609 5213 abscinde
644 5172 767 5214 eum
813 5166 869 5221 et
907 5157 1112 5228 projice
1146 5161 1245 5216 abs
1280 5168 1352 5215 to.
1383 5160 1593 5215 Bonum
1625 5167 1711 5215 est
1741 5158 1838 5214 tibi
1864 5158 1936 5215 ad

350 5250 517 5307 vitam
548 5252 757 5323 ingredi
796 5252 1028 5311 debilem
1071 5262 1126 5310 et
1160 5253 1430 5319 claudum,
1458 5268 1625 5324 quam
1653 5252 1791 5307 duas
1824 5267 1938 5306 ma-

352 5360 455 5398 nus
481 5345 564 5398 vel
591 5345 726 5401 duos
754 5347 918 5415 pedes
954 5347 1242 5403 habentem
1282 5348 1423 5403 mitti
1457 5348 1515 5403 in
1550 5348 1732 5419 ignem
1775 5355 1937 5401 mter-

353 5452 484 5493 num
507 5435 726 5508 (Matth.
754 5452 787 5495 ν
809 5446 857 5493 et
881 5438 1059 5509 xvm).
1090 5460 1109 5492 ι
1143 5440 1213 5495 Et
1239 5440 1365 5495 alibi
1391 5440 1687 5511 discipulos
1714 5454 1845 5495 suos
1871 5438 1938 5493 ad

350 5530 654 5589 certamina
703 5530 1015 5601 passionum
1069 5545 1370 5602 provocans
1396 5534 1669 5600 hortatur,
1718 5535 1934 5589 dicens:

358 5642 377 5676 ι
426 5621 485 5676 Si
509 5621 632 5691 quis
660 5622 777 5679 vult
804 5631 925 5693 post
954 5638 1040 5680 me
1065 5623 1272 5689 venire,
1301 5624 1532 5695 abneget
1562 5625 1937 5695 semetipsum,

354 5722 412 5775 et
445 5714 597 5771 tollat
639 5729 860 5773 crucem
896 5731 1053 5777 suam
1087 5725 1143 5773 et
1191 5728 1454 5787 sequatur
1494 5734 1613 5783 me;
1665 5719 1755 5788 qui
1795 5718 1941 5773 enim

356 5806 590 5865 voluerit
627 5810 865 5865 animam
913 5827 1071 5867 suam
1108 5812 1315 5866 salvam
1364 5811 1569 5878 facere,
1600 5812 1793 5882 perdet
1818 5826 1941 5867 eam

348 5898 511 5979 (tu.
536 5904 640 5976 ix).
670 5921 695 5959 ι
727 5903 887 5974 Quod
912 5912 1097 5971 auios:
1123 5907 1358 5964 dicitur:
1386 5924 1406 5960 ι
1442 5908 1585 5971 Deus
1612 5904 1944 5981 expugnabit

2110 4794 2211 4882 hac
2235 4809 2393 4858 nocte
2415 4794 2595 4882 airima'
2626 4813 2718 4859 tua
2750 4794 3045 4874 auferetur,
3076 4816 3129 4862 et
3167 4823 3287 4877 qua:
3314 4794 3631 4882 praeparasti

2111 4873 2265 4943 cujus
2302 4873 2498 4928 erunt?

2110 4982 2261 5054 (Οιιρ.
2279 4983 2353 5055 ν).
2376 5003 2393 5035 ι
2416 4980 2535 5039 Noli
2553 4985 2835 5042 attendere
2850 4985 2917 5043 ad
2931 4987 3308 5057 possessiones
3321 4989 3560 5060 iniquas,
3576 5000 3633 5046 et

2048 5093 2065 5127 t
2101 5089 2169 5130 ne
2191 5075 2414 5144 dixeris,
2441 5083 2526 5132 est
2556 5076 2688 5131 mihi
2715 5077 2986 5133 suiliciens
3010 5079 3153 5144 vita;
3177 5077 3313 5133 nihil
3342 5080 3486 5135 enim
3508 5096 3633 5152 pro-

2046 5184 2064 5220 ι
2096 5168 2237 5225 derit
2260 5168 2314 5223 in
2348 5178 2593 5241 tempore
2629 5171 2879 5226 vindictae
2916 5180 2971 5225 et
3003 5171 3365 5227 obductionis.
3407 5192 3426 5223 ι
3461 5172 3631 5241 Quam

2041 5262 2268 5320 stultum
2293 5264 2365 5318 sit
2388 5264 2456 5319 ad
2484 5272 2727 5318 terrenas
2747 5262 3120 5333 possessiones
3143 5270 3307 5318 avare
3328 5261 3561 5331 inhiare,
3579 5274 3634 5319 et

2041 5355 2279 5412 maxime
2305 5356 2373 5412 ad
2403 5354 2603 5427 iniusta
2632 5353 2785 5409 lucra
2826 5354 3065 5409 animum
3094 5362 3329 5423 vertere,
3361 5354 3633 5411 mutabili-

2043 5453 2128 5504 tas
2162 5462 2346 5504 rerum
2373 5455 2429 5503 et
2450 5448 2753 5502 auctoritas
2785 5440 3091 5501 divinarum
3121 5446 3426 5502 litterarum
3452 5456 3635 5503 osten-

2043 5538 2143 5605 dit,
2162 5538 2288 5611 quia
2310 5539 2451 5595 sicut
2470 5538 2604 5593 nihil
2628 5537 2905 5593 intulimus
2926 5537 2981 5592 iu
3011 5536 3155 5593 hunc
3181 5539 3464 5605 mundum,
3490 5534 3633 5593 haud

2043 5630 2265 5687 dubium
2294 5632 2368 5686 ita
2394 5647 2497 5687 nec
2529 5630 2743 5686 auferre
2766 5622 2894 5701 quid
2921 5640 3228 5700 possumus.
3267 5629 3443 5685 Radix
3486 5629 3630 5684 enim

2044 5723 2286 5777 omnium
2331 5720 2597 5778 maiorum
2644 5730 2726 5777 est
2777 5721 3024 5777 avaritia.
3069 5718 3221 5778 Unde
3272 5714 3533 5775 Dominus
3576 5719 3633 5774 in

2045 5815 2337 5886 Evangelio
2366 5816 2610 5884 divitem,
2635 5814 2727 5887 qui
2773 5815 2839 5872 de
2879 5813 3059 5869 futura
3110 5826 3273 5867 usura
3320 5819 3375 5866 et
3423 5820 3631 5879 quaestu

2044 5908 2401 5981 plurimorum
2429 5921 2692 5962 annorum
2720 5904 2990 5977 superﬂue
3017 5911 3307 5967 tractabat,
3333 5900 3628 5973 redarguit,
