4030 6480
562 394 665 454 τοι

559 510 748 566 dicens
781 525 808 562 :-
832 526 853 560 ι
875 505 1076 575 .Stulte,
1106 507 1209 566 hac
1233 519 1392 567 nocte
1418 513 1830 572 animam'tuam
1857 524 2160 588 repetunta
2183 520 2240 582 Α

558 610 614 658 te
640 617 654 655 :
687 615 808 672 qua}
834 610 1016 655 autem
1040 603 1265 671 parasti,
1287 603 1440 674 cujus
1468 608 1670 662 erunt?
1699 606 1854 680 (Luc.
1874 607 2035 681 an)»
2063 610 2155 667 Sic

555 705 642 750 est
662 695 755 765 qui
781 695 884 751 sibi
908 695 1258 764 tbesaurizat,
1298 707 1356 755 et
1401 716 1512 758 non
1553 711 1637 760 est
1675 703 1730 758 in
1773 702 1944 760 Deum
1979 705 2150 762 dives.

554 785 695 843 Hinc
719 796 773 843 et
805 787 1004 846 Paulus
1033 790 1360 861 discipulum
1387 793 1667 862 admonet,
1691 796 1878 852 dicens
1906 815 1918 853 :
1957 818 1975 850 ι
2008 799 2152 854 Divi-

553 877 702 935 tibus
731 878 892 949 hujus
918 882 1100 938 saeculi
1139 884 1397 956 praecipe,
1425 901 1534 942 non
1560 889 1790 958 superbe
1818 904 2029 959 sapere,
2051 907 2149 948 ne-

552 987 661 1041 que
684 988 905 1045 sperare
933 977 991 1032 in
1021 978 1230 1036 incerto
1251 979 1595 1048 divitiarum;
1636 983 1734 1038 sed
1767 984 1824 1039 in
1855 985 1968 1042 Deo
2002 986 2150 1054 vivo,

551 1066 644 1136 qui
687 1077 910 1138 praestat
967 1071 1126 1127 nobis
1176 1072 1360 1129 omnia
1412 1072 1626 1130 abunde
1662 1076 1732 1130 ad
1800 1074 2086 1133 fruendum
2131 1097 2146 1132 :

548 1158 690 1219 bene
715 1175 907 1232 agere,
939 1163 1136 1220 divites
1181 1164 1303 1221 ﬁeri
1341 1165 1398 1221 in
1457 1167 1714 1236 operibus
1771 1169 1948 1236 bonis,
1990 1170 2151 1228 facile

553 1251 814 1320 tribuere,
843 1257 1272 1324 communicare,
1295 1259 1672 1316 thesaurizare
1699 1261 1803 1317 sibi
1825 1261 2146 1320 fundamen-

549 1351 664 1399 tum
715 1347 918 1404 bonum
973 1350 1031 1405 in
1079 1349 1343 1420 futurum,
1387 1361 1448 1406 ut
1495 1354 1904 1424 apprehendant
1960 1372 2146 1413 veram

547 1435 717 1493 vitam
756 1438 811 1509 (Ι
845 1439 980 1496 Tim.
1013 1441 1144 1515 νὴ.»
1469 1468 1472 1470 ν

619 1570 640 1602 ι
677 1549 758 1608 Ne
795 1554 1042 1624 sequaris
1077 1556 1136 1612 in
1174 1556 1493 1616 fortitudine
1529 1569 1622 1616 tua
1650 1554 2144 1634 concupiscentiam

550 1661 585 1705 ι,
615 1645 795 1701 cordis
822 1647 899 1702 tui
924 1665 936 1701 :
963 1656 1018 1703 et
1038 1664 1108 1704 ne
1131 1650 1364 1708 dixeris:
1389 1653 1671 1721 Quomodo
1697 1656 1885 1725 potui?
1909 1667 2003 1713 aut
2023 1660 2146 1728 quis

548 1756 570 1788 ‹
611 1753 700 1794 me
722 1739 971 1809 subjiciet
995 1752 1220 1816 propter
1243 1745 1388 1802 facta
1418 1749 1579 1803 mea?
1610 1748 1752 1805 Deus
1782 1750 1927 1806 enim
1962 1752 2142 1808 vindi-

547 1848 567 1881 ‹
609 1845 740 1886 cans
755 1832 1073 1890 vindicabit.
1099 1856 1204 1888 ι-
1233 1857 1252 1889 ι
1282 1837 1469 1895 Justus
1502 1841 1765 1898 Dominus
1801 1851 1863 1898 et-
1872 1844 2143 1915 justitiam

539 1919 714 1992 diligit
762 1922 938 1994 (Psal.
973 1926 1122 1997 LXI);
1179 1929 1273 1998 qui
1318 1929 1500 1985 reddit
1527 1932 1820 2003 unicuique
1845 1937 2142 1994 secundum

537 2024 704 2079 opera
734 2026 830 2066 sua
848 2013 1031 2084 (Prov.
1051 2018 1225 2090 xxiv),
1247 2020 1385 2089 pluit
1406 2037 1568 2093 super
1579 2033 1898 2094 peccatores
1918 2027 2139 2100 laqueos

538 2099 700 2171 ignis,
743 2113 799 2158 et
827 2104 1075 2176 sulphur,
1101 2117 1157 2164 et
1199 2111 1426 2181 spiritus
1467 2116 1829 2184 procellarum
1858 2099 2140 2190 parsﬂcali-

533 2197 613 2252 cis
641 2211 831 2255 eorum
864 2199 1036 2274 (Psal.
1067 2203 1147 2277 κ).
1177 2205 1336 2262 Ibunt
1365 2208 1517 2279 impii
1538 2210 1596 2266 in
1628 2203 1951 2283 supplicium
1981 2225 2137 2273 aeter-

531 2305 664 2347 num
692 2290 869 2350 :Justi
897 2305 1078 2353 autem
1103 2298 1162 2353 in
1194 2300 1364 2356 vitam
1391 2309 1652 2359 aeternam
1679 2305 1897 2377 (Matth.
1928 2308 2081 2380 xxv).
2113 2329 2132 2362 ι

431 2427 442 2434 *
526 2469 528 2474 τ
563 2488 567 2492 ι
605 2425 626 2460 ι
662 2407 743 2466 Ne
772 2411 977 2470 dixeris
1009 2431 1021 2469 :
1054 2414 1378 2485 Peccavi,et
1399 2419 1526 2489 quid
1558 2421 1757 2477 accidit
1781 2423 1917 2478 mihi
1944 2424 2128 2492 triste;

531 2488 567 2552 ι’
590 2499 905 2558 Altissimus
928 2507 1076 2561 enim
1106 2516 1191 2563 est
1212 2488 1431 2580 patiens,
1455 2511 1718 2567 redditor.
1757 2501 1776 2565 ι
1809 2513 1956 2569 Nihil
1994 2488 2130 2571 stul;

526 2589 635 2646 tius
655 2600 740 2648 est
764 2609 928 2665 quam
954 2588 1212 2666 pietatem
1250 2600 1347 2655 Dei
1384 2615 1448 2657 ac
1496 2602 1819 2673 patientiam
1866 2606 1922 2661 in
1971 2623 2131 2664 usum

525 2693 844 2742 convertere
873 2695 1355 2763 peccatorum,qui
1386 2695 1509 2751 ideo
1539 2697 1915 2770 delinquentes
1938 2717 2129 2772 exspe-

523 2783 657 2844 ctat,
690 2787 752 2833 ut
796 2795 853 2836 se
880 2792 1206 2841 convertant
1234 2787 1291 2842 in
1318 2789 1535 2856 melius,
1570 2800 1626 2847 et
1663 2801 1826 2864 agant
1860 2797 2129 2865 poeniten-

520 2863 656 2918 tiam
687 2864 755 2921 de
785 2869 1027 2936 peccatis
1054 2871 1186 2927 suis.
1234 2891 1254 2923 ι
1292 2871 1561 2942 Quoniam
1595 2863 1910 2936 misericors
1939 2890 1995 2937 et
2019 2884 2127 2939 mi-

519 2962 733 3010 serator
759 2966 844 3012 est
873 2959 1154 3029 Dominus,
1177 2964 1392 3033 patiens
1415 2973 1471 3022 et
1492 2967 1719 3023 multum
1736 2971 2069 3029 misericors.
2099 2994 2120 3027 ι

518 3043 623 3110 Qui
651 3059 751 3115 per
781 3049 1103 3119 prophetam
1132 3055 1209 3109 ait
1243 3074 1255 3109 :
1294 3075 1314 3108 (
1344 3055 1482 3112 Nolo
1520 3065 1754 3116 mortem
1793 3066 2121 3134 peccatoris,

516 3137 614 3193 sed
644 3143 702 3192 ut
731 3151 1085 3200 convertatur
1125 3155 1180 3202 et
1217 3147 1366 3204 vivat
1416 3147 1634 3222 (Ezech.
1679 3153 1869 3228 xvin),
1921 3177 1941 3208 ι
1993 3158 2122 3229 quia

515 3240 698 3286 autem
721 3237 922 3293 mentis
943 3248 1028 3294 est
1063 3241 1234 3309 durae,
1262 3252 1320 3298 et
1339 3243 1689 3316 indulgentiae
1714 3256 1927 3320 tempus
1960 3250 2119 3308 dissi-
2153 3275 2228 3344 Cv.

514 3324 771 3382 mulando
811 3329 992 3384 tardat
1015 3336 1284 3402 converti,
1306 3337 1645 3395 thesaurizat
1665 3340 1770 3397 sibi
1798 3340 1939 3421 iram
1959 3343 2014 3398 in
2040 3344 2128 3400 die

511 3416 610 3502 ira:
651 3425 708 3474 et
751 3419 1100 3481 revelationis
1150 3418 1286 3498 justi
1333 3427 1527 3500 judicii
1578 3431 1697 3490 Dei.
1727 3419 1896 3493 'Unde
1922 3447 1977 3493 et
2003 3439 2129 3495 sub—

509 3506 676 3563 ditur.
1049 3581 1051 3586 .
1686 3516 1688 3519 ’
2089 3525 2091 3528 ’

555 3642 605 3687 Δι
639 3623 761 3680 Noli
791 3641 914 3683 esse
945 3629 1276 3712 sinewmetu,
1320 3651 1500 3719 neque
1549 3638 1779 3709 adiicias
1824 3651 2144 3720 peccatum

513 3735 533 3769 ι
569 3731 734 3788 super
757 3728 1066 3789 peccatum,
1089 3731 1147 3785 et
1177 3737 1252 3798 ne
1273 3723 1425 3780 dicas
1453 3730 1776 3806 :Miseratio
1800 3733 1900 3786 Dei
1926 3751 2124 3806 magna

511 3827 531 3862 ι
570 3817 686 3866 est:
707 3811 1071 3872 multitudinis
1093 3823 1446 3890 peccatorum
1461 3834 1712 3894 meorum
1732 3822 2116 3895 miserebitur;
2140 3892 2142 3894 _

512 3920 533 3954 ι
572 3904 948 3962 misericordia
965 3908 1122 3980 ~enim
1146 3918 1204 3966 et
1229 3910 1316 3984 ira
1334 3913 1404 3982 ab
1435 3912 1529 3986 illo
1557 3915 1669 3970 cito
1694 3917 2029 3992 proximam,
2061 3935 2118 3984 et

506 3995 562 4050 in
585 4007 904 4065 peccatores
942 4002 1168 4072 respicit
1210 4003 1296 4062 ira
1343 4006 1506 4062 illius.
1553 4027 1571 4060 ι
1624 4008 1916 4080 Nunquam
1970 4014 2115 4081 enim

505 4085 985 4148 hominisanimus
1013 4092 1131 4160 sine
1157 4105 1306 4151 metu
1334 4096 1432 4164 Dei
1462 4114 1585 4160 esse
1616 4101 1808 4172 debet,
1860 4105 1988 4174 quia
2019 4105 2114 4174 ju-

503 4186 620 4233 stus
647 4179 905 4237 Dominus
935 4182 990 4238 in
1017 4187 1270 4244 omnibus
1290 4175 1396 4246 viis
1417 4193 1554 4258 suis,
1579 4201 1635 4260 et
1661 4205 1889 4266 sanctus
1913 4197 1970 4254 in
1994 4214 2112 4262 om-

502 4271 664 4352 nibus
692 4276 947 4360 operibus
971 4278 1104 4336 suis.
1133 4279 1384 4356 .Custodit
1413 4287 1699 4368 diligentes
1722 4307 1782 4348 se
1801 4303 1890 4370 ,et
1912 4310 2109 4364 omnes

500 4355 832 4436 peccatores
869 4371 1166 4441 disperdet.
1207 4355 1636 4459 ,Undegbea'tus
1675 4355 1854 4465 homo,
1893 4355 2110 4458 semper

499 4455 730 4525 pavidus
759 4466 943 4540 est,et
966 4474 1244 4540 nunquam
1270 4466 1340 4518 de
1382 4455 1888 4547 misericot'diaDei,
1913 4455 2124 4550 dasne--

500 4561 610 4621 rat,
634 4555 762 4635 quia
792 4541 974 4639 suavis
1000 4566 1101 4638 est
1129 4541 1712 4642 Dominusuniversis,
1761 4543 1822 4642 et
1845 4565 2096 4643 (misera-

441 4685 450 4705 .
501 4644 676 4726 tiones
701 4633 817 4716 ejus
839 4635 1002 4722 super
1023 4633 1393 4727 omnia‘opera
1413 4633 1548 4728 ejus.
1573 4633 1990 4736 .Beneplarcitum
2007 4665 2102 4728 est
2131 4641 2182 4701 Π

497 4733 643 4788 enim
674 4735 904 4814 Domino
932 4753 1096 4810 super
1119 4733 1376 4816 timentes
1402 4759 1548 4822 eum,
1575 4746 1714 4820 etin
1734 4746 1829 4826 (eis
1855 4733 1950 4822 Qui
1977 4762 2097 4819 spe-

499 4834 622 4916 rant
650 4809 819 4907 super;
849 4809 1222 4910 misericordia
1256 4830 1391 4910 ejus.
1439 4819 1578 4906 Hinc
1610 4815 1662 4894 in
1695 4817 1820 4907 (lege
1856 4827 1930 4892 ita
1954 4853 2109 4916 prae;

497 4899 831 5000 οριὶίυιέιῖοὲι,
910 4942 927 4996 ε
956 4905 1280 4992 Ne'auferas
1299 4927 1356 4990 in
1378 4927 1498 5005 loco
1515 4911 1758 5001 pignoris
1780 4930 2130 5005 inferiorem“

494 4993 549 5067 et
573 4993 1140 5094 superioremmolam,
1160 5017 1344 5092 (Deut.
1368 4999 1538 5093 tum).
1573 5042 1592 5073 ι
1627 5021 1889 5096 Superior
1911 5033 2094 5082 autem
2124 5083 2126 5086 ,

493 5113 547 5160 et
567 5089 801 5184 inferior
852 5089 994 5174 mola
1046 5119 1131 5184 est
1163 5089 1310 5183 (spes.
1341 5089 1400 5184 et
1444 5089 1622 5172 timor.
1675 5089 1812 5187 S-pes
1852 5134 1983 5174 vero
2030 5122 2098 5190 ad

492 5193 600 5258 alta
630 5189 914 5285 subvehit;
944 5201 1111 5270 timor
1139 5191 1319 5282 autem
1351 5220 1448 5276 cor
1484 5205 1711 5264 inferius
1735 5211 1957 5282 premit.
1987 5210 2096 5292 sed

490 5289 637 5372 111,01?
667 5277 1000 5368 Superioret
1042 5279 1377 5380 inferiorita.
1392 5305 1497 5361 sibi
1521 5307 1832 5386 necessario
1853 5289 2093 5380 jungun-

490 5390 598 5462 tur,
633 5393 698 5464 ut
712 5390 1171 5470 unaqsinealtera
1199 5387 1470 5466 inutiliter.
1496 5398 1786 5476 habeatur.
1814 5401 2103 5471 ln.pecca-.

492 5475 625 5548 toris
648 5479 838 5554 utique,
854 5493 1078 5560 pectore
1102 5480 1441 5556 inceSSanter
1461 5491 1620 5561 debet
1640 5494 1766 5565 Spes
1781 5503 1839 5562 et
1859 5494 2092 5568 formido

489 5568 761 5644 conjungi,
777 5574 907 5646 quia
928 5577 1206 5652 incassum
1230 5581 1959 5656 misericordiam.sperat,.si
1982 5605 2093 5644 non

489 5663 652 5738 etiam
670 5663 946 5742 justitiam
982 5669 1200 5740 timeat.
1236 5669 1516 5746 Incassum
1551 5675 1829 5750 justitiam
1857 5680 2082 5746 metuit,

486 5755 531 5809 si
559 5761 852 5834 nonetiam
878 5761 953 5842 de.
969 5762 1350 5841 misericordia
1369 5768 1616 5854 conlidit.
1709 5807 1714 5838 ί
1817 5833 1822 5838 ,
1871 5825 1908 5838 .,

707 5889 809 5920 νιῖί
837 5891 953 5927 ·¹νιι⁵ι
991 5901 1070 5928 ιη’
1107 5889 1228 5924 In."
1273 5899 1318 5928 --'
1351 5889 1552 5934 ’Ψιπέκιῖ
1593 5907 1620 5930 -τ
1651 5907 1691 5935 ἰι
1733 5907 1934 5937 ηιμ-ειν
1963 5911 1990 5939 :2
2022 5913 2085 5938 ιιιί

1207 395 1269 450 B.
1311 397 1568 458 RABANI
1607 400 1832 461 MAURI
1867 403 2545 468 ARCHIEP.2.-M0GUNT.
2589 411 2877 472 OPERUM
2913 415 3096 475 PARS
3127 420 3168 475 1.

3689 433 3766 491 79‘!

2857 528 3085 586 CAPUT
3127 530 3243 588 XX.

2260 630 2890 729 Noti-tisseJ-tardnndun}.
2927 644 2996 697 ad
3019 643 3323 729 {Dominum
3353 655 3595 729 conuerti,
3623 667 3662 710 et
3689 661 3766 729 dif-

2277 764 2280 767 _
2329 703 2466 798 ferre
2503 707 2568 764 de
2610 708 2695 765 die
2734 711 2791 766 in
2833 712 2996 781 diem,
3019 703 3094 771 ἐι
3133 734 3238 774 non
3274 703 3763 798 extolli-ini

2327 775 2498 831 nibus.

2329 910 2349 943 ι
2384 891 2503 949 Non
2535 896 2716 953 tardes
2737 902 2980 956 converti
3007 903 3076 958 ad
3105 902 3414 975 Dominum,
3433 917 3486 965 et
3511 926 3576 967 ne
3601 912 3765 974 differas

2258 998 2278 1034 ι
2320 981 2386 1037 de
2428 983 2516 1040 die
2559 985 2616 1041 in
2653 987 2816 1044 diem.
2850 988 3046 1048 Subito
3079 994 3226 1050 enim
3255 998 3436 1054 veniet
3463 999 3539 1056 ira
3568 1002 3700 1072 illius,
3727 1017 3765 1062 et

2258 1097 2282 1129 ι
2312 1078 2367 1133 in
2389 1088 2634 1153 tempore
2659 1084 2913 1142 vindicta:
2937 1088 3217 1160 disperdet
3241 1101 3315 1149 te.
3352 1113 3372 1146 ι
3402 1093 3547 1151 Unde
3566 1097 3765 1158 Dominus

2251 1169 2310 1232 in
2339 1170 2631 1246 Evangelio
2650 1176 2926 1248 admonet,
2951 1182 3135 1240 dicens
3161 1203 3175 1239 :
3211 1203 3230 1238 ι
3261 1185 3471 1244 Currite
3495 1189 3608 1245 dum
3632 1192 3765 1251 lumen

2249 1260 2484 1330 habetis,
2518 1281 2588 1322 ne
2612 1266 2752 1326 forte
2779 1272 3016 1328 tenebrae
3040 1289 3137 1331 vos
3166 1278 3608 1348 comprehendant
3627 1282 3761 1355 (locu.

2248 1354 2372 1429 xu).
2415 1377 2434 1409 ι
2479 1357 2547 1414 Et
2574 1360 2752 1418 item:
2801 1382 2820 1416 ι
2864 1354 3764 1447 Ρωιιὶιεηῑίειω,ἰιι‹ιιιὶι,αείιὲ,ιιι)-

2245 1449 2633 1521 propinquabit
2657 1455 2804 1512 enim
2831 1473 3058 1528 regnum
3072 1461 3334 1518 calorum
3356 1461 3560 1536 (Matth.
3582 1481 3652 1532 ιιι,
3671 1466 3759 1537 4).»

2248 1539 2317 1596 Et
2356 1542 2594 1602 iterum:
2625 1566 2645 1600 ι
2688 1547 2923 1623 Vigilate
2969 1568 3118 1626 ergo,
3167 1556 3392 1613 nescitis
3430 1558 3564 1614 enim
3604 1562 3762 1629 quando

2248 1632 2511 1693 Dominus
2551 1641 2744 1698 domus
2783 1644 3008 1700 veniat:
3041 1660 3184 1715 sero,
3215 1664 3287 1704 an
3326 1651 3498 1706 media
3538 1661 3683 1717 nocte,
3716 1668 3762 1705 an

2246 1727 2372 1799 galli
2402 1738 2586 1799 cantu,
2615 1749 2683 1789 an
2705 1750 2885 1800 mane,
2915 1753 3005 1805 ne,
3035 1756 3160 1795 eum
3185 1741 3399 1797 venerit
3421 1751 3638 1814 repente,
3657 1744 3762 1799 inve

2247 1821 2363 1878 niat
2387 1840 2485 1880 vos
2511 1826 2862 1887 dormientes.
2908 1831 3060 1900 Quod
3088 1843 3274 1892 autem
3298 1837 3450 1893 vobis
3475 1838 3607 1904 dico,
3631 1839 3762 1893 omni—

2246 1913 2350 1970 bus
2375 1917 2515 1983 dico,
2549 1921 2769 1992 vigilate
2804 1923 3000 1996 (Marc.
3029 1927 3173 1999 xm).
3214 1947 3234 1981 ι
3271 1929 3341 1984 Et
3358 1945 3560 1987 rursum
3582 1950 3593 1986 :
3617 1951 3632 1983 ι
3656 1931 3761 2002 Vigi-

2247 2005 2355 2062 late
2377 2007 2564 2080 itaque
2587 2013 2738 2068 omni
2768 2023 3036 2087 tempore,
3064 2028 3320 2086 orantes,
3347 2028 3409 2076 ut
3444 2020 3578 2093 digni
3617 2021 3762 2076 habea-

2243 2097 2379 2154 mini
2427 2099 2616 2174 fugere
2668 2104 2773 2161 ista
2823 2108 3006 2162 omnia
3065 2124 3190 2180 quae
3219 2110 3400 2167 futura
3441 2119 3575 2167 sunt.
3599 2121 3644 2168 et
3661 2121 3761 2167 stare

2242 2197 2370 2246 ante
2395 2190 2569 2249 ﬁlium
2594 2195 2832 2254 hominis
2862 2199 3014 2270 (Luc.
3041 2202 3184 2276 xxi).
3217 2223 3237 2256 ι

2318 2300 2336 2335 ι
2376 2281 2500 2341 Noli
2521 2287 2717 2344 anxius
2753 2303 2875 2346 esse
2901 2291 2958 2346 in
2993 2292 3204 2351 divitiis
3235 2294 3478 2366 injustis;
3519 2295 3634 2351 nihil
3658 2296 3760 2351 enim

2245 2393 2265 2426 ι
2299 2377 2599 2446 proderunt
2623 2380 2721 2436 tibi
2746 2381 2800 2436 in
2827 2383 2915 2438 die
2935 2383 3282 2443 obductionis
3309 2396 3364 2443 et
3385 2389 3628 2444 vindictae.
3659 2407 3673 2439 ι
3698 2387 3759 2440 Di-

2236 2467 2383 2525 vitiae
2409 2470 2627 2541 injustae
2654 2482 2805 2541 sunt,
2827 2490 2950 2544 quae
2975 2477 3164 2548 inique
3188 2481 3552 2550 acquiruntur,
3577 2490 3622 2534 et
3644 2493 3759 2532 avare

2237 2570 2556 2628 servantur;
2605 2566 2674 2620 ad
2714 2580 2853 2636 quas
2888 2569 3132 2624 animum
3158 2569 3456 2628 Christiani
3482 2585 3579 2626 non
3603 2575 3759 2640 Oportet

2235 2650 2394 2706 anxie
2415 2652 2695 2722 anhelare,
2725 2656 2813 2712 cui
2841 2659 3174 2728 promissum
3203 2671 3290 2718 est
3327 2677 3542 2734 regnum
3572 2661 3754 2716 eteleste.

2232 2733 2536 2799 Conturbat
2562 2747 2710 2802 enim
2757 2749 2976 2808 domum
3025 2767 3201 2821 suam,
3232 2756 3327 2826 qui
3370 2733 3590 2812 sactatur
3629 2750 3758 2804 avari-

2232 2834 2403 2899 tiam;
2452 2839 2546 2908 qui
2585 2849 2773 2898 autem
2797 2844 2912 2901 odit
2938 2861 3164 2904 munera
3180 2889 3196 2917 ,
3218 2850 3384 2905 vivet.
3414 2847 3556 2905 Unde
3575 2847 3668 2918 ipsa
3689 2859 3756 2899 cu-

2229 2928 2454 2986 mulatio
2487 2931 2801 2990 divitiarum
2828 2951 2939 2992 non
2965 2939 3111 2996 valet
3137 2940 3194 2996 in
3224 2941 3315 2997 die
3334 2939 3514 3013 judicii
3541 2938 3600 2994 de
3637 2950 3756 2990 manu

2226 3025 2480 3084 vindictae
2506 3031 2721 3103 eripere
2748 3048 3128 3104 possessorem
3171 3053 3333 3093 suum
3369 3056 3381 3092 :
3413 3053 3524 3107 qua:
3562 3035 3637 3090 hic
3667 3039 3755 3086 ante

2228 3120 2658 3180 misericorditer
2689 3127 2977 3197 egentibus
3003 3143 3249 3201 expensa
3292 3145 3399 3186 non
3445 3129 3620 3184 fuerat.
3666 3123 3754 3176 ideo

2231 3212 2482 3270 Salvator
2516 3231 2618 3273 nos
2664 3222 3011 3290 praemonuit,
3053 3223 3244 3279 dicens
3287 3243 3300 3278 :
3352 3243 3372 3276 ι
3424 3222 3552 3290 Quid
3590 3217 3756 3288 pmdest

2237 3309 2462 3375 homini,
2485 3311 2532 3366 si
2561 3312 2874 3370 universum
2898 3316 3160 3372 mundum
3186 3316 3447 3382 lucretur,
3473 3315 3642 3370 anima:
3663 3324 3754 3364 vero

2236 3417 2349 3456 sum
2377 3402 2769 3461 detrimentum
2796 3406 3069 3476 patiatur?
3107 3407 3220 3464 Aut
3260 3423 3421 3478 quam
3465 3405 3597 3462 dabit
3636 3403 3754 3458 homo

2233 3494 2715 3551 commutationem
2742 3511 2845 3566 pro
2869 3498 3052 3555 anima
3073 3500 3208 3556 sua?
3237 3499 3405 3556 Filius
3429 3498 3563 3554 enim
3576 3493 3753 3552 hominis

2136 3591 2139 3594 '
2230 3593 2494 3645 venturus
2514 3596 2600 3644 est
2623 3589 2682 3644 in
2707 3589 2881 3660 gloria
2903 3591 3083 3648 Patris
3109 3593 3194 3648 sui
3215 3608 3340 3649 cum
3363 3591 3552 3664 angelis
3570 3587 3688 3650 suis;
3714 3590 3753 3636 ει

2231 3685 2362 3734 tunc
2383 3676 2576 3735 reddet
2602 3680 2896 3752 unicuique
2915 3683 3218 3740 secundum
3247 3700 3412 3756 opera
3437 3683 3546 3753 ejus
3584 3674 3747 3750 (Hau/I-

2227 3768 2362 3840 wl-
2401 3788 2420 3820 ι

2251 3893 2260 3922 ς
2303 3877 2322 3912 ι
2364 3858 2484 3916 Non
2508 3863 2822 3920 ventilesvte
2843 3865 2900 3922 in
2926 3881 3144 3924 omnem
3173 3877 3416 3932 ventum,
3439 3873 3491 3921 et
3507 3878 3602 3920 non
3618 3873 3692 3914 eas
3711 3857 3748 3910 in

2229 3965 2506 4017 qomnem
2531 3955 2717 4011 viam:
2748 3957 2829 4014 sic
2861 3957 3009 4014 enim
3034 3968 3298 4028 peccator
3317 3958 3566 4028 probatur
3596 3951 3644 4005 in
3680 3948 3750 4002 du—

2226 4058 2247 4092 ι
2280 4042 2407 4112 plici
2440 4043 2677 4115 lingua.»
2703 4046 3559 4120 lnstabilitatemvituperat,qua3
3581 4037 3748 4113 pronde

2218 4131 2510 4197 stultorum
2537 4145 2643 4203 est,
2670 4139 2814 4193 sicut
2843 4139 3108 4209 scriptum
3133 4147 3219 4196 est
3251 4158 3264 4195 :
3298 4159 3318 4193 ι
3354 4138 3548 4196 Stultus
3582 4142 3633 4189 ut
3654 4131 3746 4186 luna

2217 4231 2480 4290 mutatur,
2505 4235 2562 4283 et
2599 4228 2686 4283 vir
2725 4229 2926 4300 duplici
2955 4231 3140 4287 animo
3177 4232 3487 4290 inconstans
3509 4236 3582 4285 est
3600 4227 3645 4281 in
3661 4236 3746 4277 om-

2215 4315 2375 4376 nibus
2404 4318 2509 4374 viis
2550 4319 2664 4375 suis
2697 4320 2897 4392 (Eccle.
2931 4323 3126 4396 xxvn).
3165 4345 3184 4378 ›
3227 4326 3288 4381 ιη
3329 4338 3533 4381 omnem
3573 4325 3742 4374 ventum

2211 4422 2274 4464 se
2300 4411 2551 4480 ventilat,
2585 4421 2636 4468 et
2669 4414 2720 4467 in
2747 4429 2964 4486 omnem
2987 4417 3336 4481 viam-vadit,
3363 4415 3450 4485 qui
3487 4413 3646 4466 luxum
3672 4419 3742 4460 sat-

2209 4500 2314 4548 culi
2344 4503 2520 4566 ecqui,
2537 4512 2591 4555 et
2610 4507 2860 4556 ttmorcm
2882 4502 3094 4560 Domini
3119 4521 3339 4564 serv-are
3357 4524 3414 4564 se
3427 4506 3605 4577 parile?
3621 4512 3740 4572 Ρθεεθ

2209 4589 2464 4657 aestimat,
2485 4600 2543 4656 et
2569 4595 2774 4650 mundo
2797 4611 2862 4652 ac
2885 4595 3104 4654 Christo
3128 4602 3407 4671 aequaliter
3427 4599 3645 4655 militare.
3660 4589 3735 4657 Qui

2207 4683 2352 4742 Cllilll
2389 4682 2765 4754 hujuscemodi
2792 4689 3063 4760 loquendo
3107 4703 3203 4749 aut
3243 4695 3506 4766 operando
3541 4686 3736 4744 illusionc

2207 4773 2409 4838 fallitur
2430 4815 2445 4841 ,
2501 4785 2756 4848 peccator
2812 4781 3072 4837 nimirum
3125 4797 3247 4853 esse
3296 4784 3556 4854 probatur.
3580 4775 3729 4831 Aliter.

2204 4879 2504 4938 praemonet
2529 4885 2628 4927 nos
2652 4873 2916 4943 sapientia
2944 4875 3150 4944 divina,
3182 4893 3252 4934 ne
3281 4875 3626 4934 haereticorum
3660 4880 3732 4917 VI-

2205 4959 2436 5020 nitatem
2461 4970 2625 5034 atque
2653 4978 2900 5021 errorum
2933 4968 3088 5023 devia
3117 4983 3423 5040 sequamur.
3445 4965 3569 5034 Quia
3600 4955 3732 5027 dupli-

2206 5053 2342 5118 citas
2395 5055 2654 5114 doctrinae
2703 5073 2912 5126 eorum,
2941 5061 2998 5116 in
3043 5076 3151 5132 qua
3197 5060 3478 5135 aliquando
3504 5071 3631 5120 vera,
3656 5050 3728 5104 ali-

2204 5149 2422 5216 quando
2468 5165 2684 5220 quoque
2729 5151 2862 5209 falsa
2913 5156 3218 5224 proferunt,
3272 5156 3456 5212 noxios
3497 5150 3600 5206 illos
3636 5155 3728 5200 esse

2201 5243 2540 5311 comprobat.
2572 5242 2681 5299 Sed
2714 5245 2844 5315 quid
2873 5247 3031 5304 nobis
3072 5249 3395 5305 servandum
3431 5245 3498 5302 sit
3540 5246 3722 5309 sequens

2199 5333 2474 5393 sententia
2499 5334 2853 5394 demonstrat.
2962 5380 2964 5384 ν
3129 5377 3134 5384 -
3323 5379 3344 5394 ιι
3667 5343 3670 5358 τ
3708 5348 3733 5424 ,γ

2237 5444 2293 5484 .;«
2328 5425 2460 5482 Esto
2495 5426 2682 5482 ﬁrmus
2708 5428 2762 5482 in
2791 5429 2882 5484 via
2913 5429 3036 5497 Dei,
3057 5439 3115 5488 et
3145 5449 3200 5488 .n
3226 5431 3448 5489 veritate
3472 5435 3636 5483 sensus
3657 5425 3718 5516 il"

2204 5535 2222 5566 ι
2259 5524 2313 5569 et
2350 5517 2596 5581 scientia,
2629 5525 2685 5573 et
2723 5529 3087 5590 prosequatur
3116 5523 3409 5578 te-veibum
3436 5516 3568 5591 pacis
3588 5518 3716 5575 θΗυο

2203 5626 2220 5657 ‹
2238 5607 2456 5662 εειὶιὶω..
2481 5628 2500 5663 ›
2533 5607 2753 5664 Firmus
2777 5610 2830 5665 in
2857 5612 2942 5667 via
2969 5611 3066 5670 Dei
3089 5622 3194 5681 est,
3218 5617 3308 5687 qui
3336 5611 3556 5686 regulam
3577 5601 3714 5660 ωιλιο·

2193 5700 2311 5756 licae
2339 5701 2460 5756 ﬁdei
2491 5701 2594 5757 rite
2623 5703 2894 5760 credendo
2940 5718 3152 5775 servat,
3181 5718 3238 5765 et
3271 5705 3556 5764 doctrinam

2191 5791 2419 5863 gelicam
2447 5801 2598 5850 recte
2624 5794 2860 5852 vivendo
2887 5800 3141 5856 ac:.bene
3172 5799 3450 5873 operando
3493 5791 3728 5873 nequitur-l

2191 5885 2348 5943 Hunc
2365 5895 2744 5959 prosequetur:
2759 5891 2986 5948 verbum
3025 5893 3180 5964 pacis
3193 5871 3261 5951 et
3287 5889 3518 5964 justiti“,
3534 5871 3707 5952 quando
