4030 6474
295 430 402 489 793

1198 423 1548 484 comem.
1589 422 1660 480 IN
1691 420 2302 484 ECCLESIASTICUM.
2348 424 2430 469 -’
2453 427 2583 486 LIB.
2623 427 2688 485 1.·

3475 429 3587 487 791»

291 548 347 604 in
387 543 706 602 meritorum
737 539 1098 599 retributione
1146 539 1223 596 illi
1277 540 1558 598 confertur
1606 540 1887 612 praemium
1913 541 2212 608 Amactet,
2265 549 2320 597 et
2368 542 2562 613 perdat
2609 541 2777 616 (Joan
2829 541 2910 615 χ).
2952 559 2970 594 ι
3011 539 3479 604 lidem‘dicuntur
3528 555 3585 603 et

291 647 512 696 aeterna:
539 636 742 710 gloriae,
765 635 978 690 dicente
1007 633 1276 689 Domino:
1312 652 1331 686 ι
1368 633 1537 704 Euge,
1563 647 1718 687 serve
1745 633 1887 687 bone

291 741 348 787 et
374 729 568 794 ﬁdelis,
599 729 726 800 quia
753 741 914 798 super
933 741 1108 798 pauca
1132 725 1282 782 fuisti
1309 724 1507 790 ﬁdelis,
1529 738 1694 795 super
1720 723 1888 781 multa

295 836 349 882 te
376 823 702 881 constituam
727 838 741 878 :
766 821 912 878 intra
932 821 990 878 in
1018 820 1277 893 gaudium
1315 820 1530 877 Domini
1559 819 1642 876 tui
1669 817 1884 891 (Matth.

293 918 448 989 xxv).
489 937 508 970 ι

372 1032 392 1065 ‹
435 1012 567 1068 Esto
591 1017 909 1068 mansuetus
927 1009 996 1066 ad
1021 1009 1348 1066 audiendum
1369 1009 1622 1074 verbum,
1644 1013 1705 1062 ut
1723 1005 1888 1064 intel-

302 1123 319 1157 ι
354 1104 526 1176 ligas;
590 1111 646 1158 et
695 1117 820 1158 cum
865 1101 1130 1172 sapientia
1173 1099 1417 1172 proferas
1446 1115 1768 1171 responsum
1796 1115 1888 1155 ve-

300 1216 317 1248 ‹
357 1209 497 1249 rum.
533 1213 554 1245 ι
593 1192 866 1250 Bonorum
890 1207 1020 1266 ergo
1040 1193 1374 1250 consuetudo
1398 1207 1613 1264 semper
1630 1201 1736 1259 est,
1761 1207 1885 1248 cum

293 1283 709 1341 mansuetudine
737 1281 924 1338 audire
950 1290 1006 1338 et
1045 1283 1320 1354 suscipere
1351 1282 1579 1338 verbum
1617 1283 1883 1350 veritatis,

292 1386 347 1432 et
400 1384 696 1446 temperate
737 1390 802 1431 ac
836 1376 1130 1446 prudenter
1165 1377 1390 1432 verbum
1429 1375 1694 1448 proferre.
1735 1375 1888 1433 Unde

290 1467 530 1524 Jacobus
558 1468 833 1540 apostolus
877 1469 1154 1536 admonet,
1193 1469 1380 1526 dicens
1427 1487 1440 1523 :
1493 1489 1513 1521 ‹
1573 1469 1659 1524 Sit
1703 1476 1886 1524 autem

291 1560 472 1614 omnis
499 1561 660 1615 homo
686 1559 843 1615 velox
879 1560 947 1616 ad
981 1559 1329 1627 audiendum,
1360 1561 1546 1617 tardus
1588 1568 1769 1616 autem
1817 1561 1885 1618 ad

291 1651 640 1721 loquendum,
677 1658 733 1707 et
758 1651 1043 1708 tardus‘ad
1080 1653 1219 1708 iram
1249 1651 1458 1725 (Iacob.
1489 1652 1552 1725 ι).
1589 1673 1606 1705 ι
1635 1653 1704 1708 Et
1725 1652 1886 1724 paulo

290 1752 415 1814 post
465 1762 479 1797 :
526 1763 545 1796 ‹
595 1743 656 1800 In
683 1744 1120 1812 mansuetudine,
1147 1745 1344 1816 inquit,
1376 1744 1634 1815 suscipite
1657 1745 1884 1801 verbum

290 1835 537 1903 insitum,
551 1837 696 1906 quod
727 1845 904 1908 potest
925 1836 1135 1892 salvare
1155 1836 1366 1892 animas
1379 1845 1590 1892 vestras
1611 1834 1824 1907 (Il/id).
1856 1855 1877 1888 ι

1990 634 2273 706 bilingues,
2296 634 2421 705 quia
2453 635 2646 691 bifaria
2678 636 2992 708 loquuntur,
3035 637 3138 692 hoc
3179 646 3264 694 est
3293 639 3582 711 aliquando

1988 740 2138 792 vera,
2159 726 2447 796 aliquando
2469 725 2626 794 falsa,
2648 729 2741 784 sed
2770 743 2962 786 eorum
2987 729 3265 788 denotatio
3319 740 3408 788 est
3456 747 3581 804 pes-

1988 819 2145 887 sima,
2164 819 2292 891 quia
2315 818 2563 877 confusio
2585 821 2937 892 sempiterna.

2063 931 2084 964 ‹
2123 911 2465 970 Susurratori
2489 921 2673 970 autem
2698 915 2903 980 odium,
2935 922 2992 972 et
3027 916 3312 973 inimicitia
3355 926 3411 974 et
3447 933 3582 976 con-

1995 1022 2015 1056 ι
2052 1004 2293 1059 tumelia.
2333 1024 2353 1056 ι
2390 1002 2558 1060 Recte
2587 1004 2871 1060 inimicitia
2897 1013 2953 1062 et
2974 1005 3158 1062 odium
3177 1014 3235 1063 et
3255 1009 3583 1067 contumelia

1988 1096 2421 1153 susurratoribus
2447 1095 2835 1169 adjunguntur,
2879 1098 3006 1168 quia
3055 1099 3205 1156 fraus
3252 1100 3467 1157 illorum
3517 1116 3584 1156 ac

1987 1185 2231 1256 nequitia
2261 1185 2396 1241 facit
2434 1186 2558 1242 illos
2601 1187 2714 1241 Deo
2757 1193 2814 1242 et
2858 1187 3171 1244 hominibus
3215 1189 3580 1247 detestabiles.

1988 1276 2142 1334 Unde
2169 1292 2268 1348 per
2295 1277 2523 1333 Paulum
2547 1277 2749 1333 dicitur
2777 1296 2793 1333 :
2830 1297 2850 1331 ‹
2882 1277 3219 1338 Susurrones
3234 1290 3291 1337 et
3315 1283 3598 1339 detractoo‘

1986 1385 2075 1425 res
2099 1371 2212 1426 Deo
2241 1369 2468 1427 odibiles
2497 1369 2677 1442 (Rom.
2706 1371 2746 1443 ι)
2781 1392 2799 1424 ι
2830 1371 2900 1426 Et
2922 1371 3209 1429 Psalmista
3253 1392 3268 1428 :
3318 1392 3338 1426 ι
3393 1375 3584 1430 Detra-

1985 1461 2224 1529 hentem,
2252 1463 2448 1534 inquit,
2480 1464 2741 1520 adversus
2792 1465 3099 1535 proximum
3147 1481 3308 1522 suum
3348 1468 3582 1536 occulte,

1986 1554 2133 1611 hunc
2169 1557 2540 1626 persequebar
2576 1556 2750 1630 (Psal.
2781 1556 2857 1628 c).
2890 1578 2914 1612 ›.
2945 1557 3022 1614 De
3051 1573 3160 1631 quo
3179 1567 3236 1615 et
3265 1560 3322 1616 in
3345 1560 3580 1618 Prover-

1984 1644 2088 1701 biis
2149 1645 2347 1718 legitur
2408 1665 2421 1701 :
2484 1666 2503 1700 ι
2572 1647 2915 1704 Abominatio
2971 1650 3251 1706 hominum
3309 1651 3587 1710 detractor

1986 1736 2172 1812 (Prov.
2203 1741 2376 1814 xxw).
2409 1762 2428 1795 ι
2461 1742 2532 1799 Et
2555 1744 2688 1800 item
2719 1761 2734 1800 :
2771 1762 2792 1797 ι
2825 1744 2884 1800 in
2903 1759 3001 1803 ore
3025 1747 3176 1803 stulti
3206 1748 3360 1821 virga
3392 1757 3586 1806 contu-

1985 1832 2160 1888 inelite
2187 1833 2350 1906 (Ibid.
2391 1836 2528 1907 xrv).
2569 1856 2608 1899 ι,

289 1926 362 1982 Ει
387 1942 418 1983 e
442 1929 718 1983 contrario
741 1928 886 1983 inter
909 1928 1172 1998 superbos
1198 1943 1412 1999 semper
1446 1929 1626 2000 jurgia
1660 1937 1808 1994 sunt,
1830 1935 1885 1983 et
1913 1913 1968 1974 Β
2068 1946 2086 1977 ι
2120 1925 2364 1982 Justilica
2387 1928 2640 1998 pusillum
2678 1938 2734 1986 et
2755 1945 3012 2000 magnum
3035 1932 3306 1988 similiter.
3341 1952 3359 1986 ι
3384 1931 3585 1990 Judicii

289 2017 538 2074 homines
566 2019 880 2090 pestilentes
905 2019 1170 2090 dissipant
1212 2019 1507 2076 civitatem.
1561 2019 1685 2075 Ideo
1724 2027 1779 2074 et
1828 2020 1885 2076 in

287 2109 600 2168 Proverbiis
647 2112 773 2170 alibi
820 2114 1083 2184 scriptum
1124 2122 1253 2172 est:
1293 2133 1313 2167 ‹
1359 2114 1557 2172 Vidisti
1602 2115 1883 2172 hominem

287 2203 528 2260 velocem
555 2203 624 2260 ad
646 2204 1008 2276 loquendum?
1043 2205 1286 2262 Stultitia
1317 2207 1586 2278 speranda
1606 2217 1690 2264 est
1709 2210 1885 2280 magis

287 2311 456 2366 quam
478 2296 620 2352 illius
655 2298 923 2354 correctio
969 2296 1153 2370 (Prov.
1203 2298 1380 2371 xxxx).
1428 2318 1448 2353 ι
1503 2298 1660 2356 Unde
1704 2300 1884 2357 adhuc

287 2391 584 2462 subjungit,
613 2389 800 2447 dicens
829 2407 843 2446 :

367 2505 385 2537 ι
431 2484 490 2540 Si
521 2493 605 2542 est
647 2485 744 2540 tibi
786 2483 1115 2552 intellectus,
1146 2485 1415 2556 responde
1460 2485 1744 2556 proximo;
1798 2486 1882 2543 sin

292 2599 312 2631 ι
355 2588 537 2635 autem
565 2580 636 2636 sit
658 2594 851 2635 manus
883 2587 970 2634 tua
998 2594 1162 2650 super
1189 2594 1252 2634 os
1274 2587 1447 2646 tuum,
1472 2594 1540 2634 ne
1570 2580 1802 2650 capiaris
1829 2579 1885 2635 in

294 2688 314 2720 ε
351 2668 518 2724 verbo
547 2669 948 2740 indisciplinato
989 2678 1045 2726 et
1092 2668 1460 2726 confundaris.
1517 2690 1536 2726 ι
1589 2669 1744 2726 Sicut
1794 2671 1885 2728 ille

285 2771 498 2832 peccat,
530 2763 622 2832 qui
645 2763 814 2819 habet
848 2763 1210 2819 eruditionem
1237 2763 1523 2831 doctrinae,
1549 2772 1604 2820 et
1630 2779 1738 2818 non
1768 2765 1885 2820 vult

285 2854 540 2926 proximo
568 2855 812 2911 docendo
833 2855 1114 2927 prodesse,
1145 2855 1223 2911 ita
1262 2855 1351 2911 ille
1379 2871 1488 2912 non
1533 2855 1884 2913 mediocriter

285 2947 574 3017 delinquit,
597 2949 690 3019 qui
727 2965 836 3005 non
875 2949 1041 3007 habet
1063 2950 1348 3008 scientiam
1376 2950 1803 3022 Scripturarum,
1827 2960 1883 3008 et

289 3050 471 3096 tamen
497 3042 612 3097 vult
631 3043 892 3114 magister
915 3059 1037 3101 esse
1056 3043 1304 3100 aliorum.
1337 3043 1701 3113 Quamobrem
1729 3061 1882 3102 man-

285 3133 383 3189 dat
403 3134 501 3200 illi,
534 3135 624 3206 qui
656 3151 764 3192 non
793 3136 990 3194 sullicit
1016 3137 1153 3194 alios
1195 3138 1410 3206 docere,
1457 3139 1654 3210 linguae
1703 3149 1884 3197 custo-

285 3225 434 3280 diam
458 3225 678 3292 habere,
705 3237 762 3284 et
794 3243 890 3284 ore
933 3229 1156 3285 verbum
1203 3230 1560 3286 indiscretum
1604 3246 1711 3286 non
1752 3245 1881 3302 pro-

287 3318 452 3386 ferre,
482 3321 608 3391 quia
625 3322 682 3376 in
704 3321 1075 3379 confusionem
1096 3333 1414 3394 perpetuam
1442 3324 1606 3393 cadit,
1632 3325 1726 3397 qui
1750 3341 1886 3397 prae.

287 3426 484 3468 cavere
511 3414 715 3470 erroris
739 3413 993 3485 laqueum
1024 3430 1132 3470 non
1152 3416 1450 3473 contendit.

368 3520 389 3555 ε
423 3503 609 3562 Honor
631 3506 776 3562 enim
800 3513 856 3563 et
881 3507 1053 3580 gloria
1081 3507 1138 3562 in
1164 3523 1415 3566 sermone
1437 3509 1668 3576 sensati;
1703 3508 1885 3581 lingua

293 3615 314 3647 ι
353 3609 487 3651 vero
540 3596 897 3668 imprudentis
947 3600 1229 3656 subversio
1273 3608 1357 3656 est
1402 3600 1593 3670 ipsius.
1644 3623 1664 3654 ι
1702 3601 1887 3658 Honor

285 3687 541 3746 videlicet
570 3689 1015 3761 immortalitatis,
1043 3703 1102 3750 et
1125 3693 1296 3765 gloria
1325 3703 1544 3750 aeternae
1587 3695 1885 3752 beatitudi-

285 3782 376 3838 nis
400 3784 697 3840 succedunt
724 3786 988 3856 sapienti;
1036 3803 1157 3858 quae
1203 3798 1549 3860 promeretur
1584 3789 1887 3848 catholicus

285 3873 476 3929 doctor
509 3876 566 3930 in
610 3878 779 3934 verbo
827 3879 1126 3948 discretus;
1180 3896 1284 3936 nec
1335 3895 1444 3936 non
1499 3891 1554 3936 et
1601 3882 1886 3956 subversio

285 3966 477 4020 aeterni
513 3967 765 4024 interitus
795 3981 1057 4040 sequetur
1098 3972 1521 4044 imprudentem,
1568 3988 1729 4044 quem
1774 3990 1885 4032 non

286 4053 507 4128 effugiet
535 4058 828 4115 haereticus
854 4061 1198 4131 vaniloquus.

367 4166 386 4199 ι
431 4148 549 4205 Νοιι
577 4150 866 4222 appelleris
887 4167 1112 4209 susurro
1133 4155 1189 4210 in
1221 4155 1334 4212 vita
1362 4164 1472 4223 tua,
1508 4166 1563 4213 et
1587 4159 1769 4230 lingua
1792 4167 1886 4214 tua

292 4258 312 4292 ι
351 4257 420 4296 ne
445 4243 680 4314 capiaris
725 4253 783 4300 et
805 4245 1206 4304 confundaris.»
1239 4248 1601 4308 Susurronem
1649 4252 1887 4324 appellat

287 4331 674 4400 detractorem,
699 4335 852 4404 cujus
882 4337 1128 4394 confusio
1155 4354 1283 4395 vera
1309 4349 1411 4408 est,
1439 4343 1566 4412 quia
1609 4343 1886 4400 damnatio

289 4431 458 4479 certa.
479 4422 632 4480 Unde
661 4424 714 4478 in
741 4425 1066 4480 Ecclesiaste
1093 4431 1357 4497 scriptum
1376 4443 1491 4490 est:
1516 4452 1536 4486 ‹
1559 4433 1716 4489 Sicut
1742 4450 1888 4490 mor-

289 4517 384 4572 det
419 4531 644 4587 serpens
669 4517 725 4572 in
759 4517 996 4584 silentio,
1023 4519 1105 4574 sic
1126 4520 1220 4589 qui
1245 4521 1457 4577 occulte
1471 4520 1710 4578 detrahit
1730 4527 1884 4578 fratri
1913 4540 1918 4546 ·

289 4624 391 4664 suo
415 4607 615 4681 (Eccle.
644 4609 721 4680 x).
762 4630 781 4663 ι
814 4609 884 4664 Ει
927 4610 1056 4666 alibi
1105 4625 1124 4664 :
1178 4629 1198 4662 ι
1236 4609 1342 4679 Qui
1392 4613 1652 4681 detrahit,
1685 4615 1883 4685 inquit,

290 4700 454 4756 alicui
492 4701 591 4767 rei,
627 4702 681 4756 in
707 4701 952 4758 futurum
976 4717 1036 4758 se
1068 4703 1272 4775 obligat
1321 4701 1504 4777 (Prov.
1537 4707 1683 4778 xm).
1721 4725 1738 4759 ι
1776 4706 1887 4761 Ali-

292 4804 398 4861 ter,
427 4810 716 4864 possumus
743 4797 797 4850 in
821 4797 1208 4854 susurronibus
1235 4799 1520 4854 haereticos
1550 4798 1884 4869 intelligere;

290 4887 384 4958 qui
411 4888 621 4944 occulte
645 4896 971 4945 construunt
1005 4889 1178 4958 dolos,
1208 4900 1263 4946 et
1289 4901 1500 4961 ponunt
1541 4892 1802 4958 insidias,
1829 4901 1890 4947 ut

293 4979 542 5034 incautos
589 4993 834 5048 quosque
881 4979 1173 5051 decipiant.
1213 4981 1319 5036 Sed
1375 5000 1395 5033 ι
1460 4981 1552 5052 qui
1608 4981 1745 5037 fodit
1804 4981 1887 5037 [οι

292 5086 469 5137 veam,
503 5071 691 5129 incidit
719 5072 774 5126 in
799 5072 977 5140 illam;
1027 5083 1085 5131 et
1120 5076 1174 5130 in
1207 5075 1420 5133 insidiis
1455 5077 1571 5132 suis
1609 5077 1891 5148 capientur

295 5164 490 5234 iniqui.
525 5183 545 5216 ι

373 5275 392 5308 ι
436 5254 612 5327 Super
639 5256 815 5314 furem
842 5260 989 5316 enim
1029 5270 1114 5317 est
1148 5260 1414 5328 confusio,
1442 5270 1499 5318 et
1543 5261 1884 5333 pmnitentia,

301 5368 322 5400 ‹
360 5357 416 5404 et
447 5351 722 5406 denotatio
768 5354 1003 5422 pessima
1053 5369 1218 5426 super
1270 5355 1583 5427 bilinguem.
1644 5376 1663 5407 ι
1720 5355 1892 5412 Fures

295 5439 516 5496 eosdem
538 5441 772 5512 appellat
792 5442 1100 5510 hmreticos,
1120 5444 1214 5515 qui
1238 5445 1304 5500 ad
1321 5447 1462 5502 furis
1483 5447 1890 5504 similitudinem

297 5531 688 5588 obscuritatem
720 5542 907 5589 amant
934 5535 1301 5601 tenebrarum,
1329 5543 1384 5591 et
1411 5535 1642 5592 latenter
1667 5537 1889 5608 laqueos

298 5638 551 5678 errorum
577 5634 806 5694 ponunt,
831 5634 890 5681 ut
926 5625 1097 5697 spolia
1142 5625 1406 5681 virtutum
1445 5642 1511 5682 ac
1566 5637 1728 5682 rectae
1764 5627 1915 5684 fidei-

297 5713 369 5770 ab
392 5714 603 5784 ignavis
629 5724 684 5771 et
709 5717 989 5774 desidiosis
1019 5715 1288 5772 auferant.
1315 5718 1449 5774 llinc
1469 5717 1584 5789 ipsa
1603 5718 1806 5774 veritas
1834 5718 1888 5774 in

300 5805 598 5876 Evangelio
629 5807 705 5862 ait
737 5825 754 5861 :
791 5825 812 5859 ι
855 5805 1056 5876 Omnes
1105 5816 1369 5880 quotquot
1415 5818 1701 5876 venerunt,
1740 5810 1891 5868 fures

303 5907 436 5955 sunt
457 5907 516 5956 et
531 5897 800 5968 latrones,
817 5907 877 5958 et
894 5899 986 5956 fur
1013 5917 1122 5960 non
1153 5902 1304 5959 venit
1341 5903 1455 5960 nisi
1491 5911 1552 5959 ut
1581 5902 1809 5970 foretur,
1833 5907 1922 5960 et'

1911 3279 1957 3346 C

1991 2020 2149 2077 docet
2177 2021 2488 2092 aequitatem
2513 2038 2582 2078 ne
2608 2022 2748 2080 forte
2779 2041 3138 2095 personarum
3173 2036 3428 2097 acceptor
3461 2028 3584 2096 fias,

1987 2126 2042 2173 et
2074 2133 2173 2188 per
2196 2119 2378 2174 odium
2404 2119 2634 2190 alicujus
2662 2137 2754 2178 seu
2779 2123 3147 2180 adulationem
3167 2140 3200 2180 a
3224 2126 3313 2180 via
3338 2127 3586 2182 veritatis

1988 2209 2244 2267 declines.
2280 2211 2434 2266 Unde
2460 2213 2515 2267 in
2542 2211 2661 2285 lege
2683 2214 2946 2286 scriptum
2975 2224 3061 2272 est
3093 2233 3106 2270 :
3145 2235 3164 2267 ‹
3201 2214 3322 2272 Non
3349 2217 3586 2288 accipias

1984 2319 2276 2376 personam
2329 2304 2383 2359 in
2412 2304 2634 2374 judicio.
2665 2305 2820 2364 Juste
2847 2309 2994 2378 quod
3027 2306 3238 2378 justum
3278 2317 3364 2366 est
3405 2323 3588 2380 perse-

1986 2400 2175 2470 quaris
2201 2397 2380 2471 (Deut.
2412 2415 2428 2453 ι
2453 2417 2467 2467 ;
2495 2399 2662 2455 Levit.
2689 2417 2823 2467 xix;
2853 2401 3033 2456 Exod.
3064 2402 3246 2475 xxul).
3278 2422 3298 2454 ι

2059 2492 2328 2567 (Carna)
2356 2513 2373 2544 ‹
2405 2491 2524 2548 Noli
2553 2493 2671 2549 ﬁeri
2694 2509 2795 2564 pro
2821 2495 2996 2550 amico
3021 2494 3278 2550 inimicus
3297 2493 3546 2566 proximo
3570 2511 3584 2548 :

1991 2601 2012 2636 ‹
2048 2583 2437 2654 improperium
2459 2583 2604 2639 enim
2629 2593 2686 2640 et
2705 2584 3094 2640 contumeliam
3137 2585 3313 2642 malus
3356 2584 3588 2640 han-edi-

1991 2694 2008 2727 ‹
2047 2675 2202 2742 tabit,
2241 2683 2298 2731 et
2326 2675 2505 2730 omnis
2553 2683 2810 2746 peccator
2857 2675 3076 2733 invidus
3129 2685 3186 2733 et
3233 2675 3512 2749 bilinguis.
3564 2695 3582 2728 ι

1986 2765 2098 2822 Hac
2128 2767 2396 2822 sententia
2421 2766 2661 2822 ostendit
2681 2765 2840 2822 nobis
2858 2767 2949 2838 jus
2968 2783 3113 2823 verae
3133 2766 3438 2832 charitatis,
3461 2767 3587 2836 quia

1983 2855 2074 2926 qui
2118 2871 2248 2912 vere
2293 2856 2502 2913 amicus
2536 2863 2640 2924 est,
2679 2872 2788 2913 non
2817 2866 2996 2928 potest
3028 2858 3097 2913 ad
3124 2857 3465 2913 inimicitiam
3499 2872 3587 2912 re-

1981 2951 2123 3006 verti
2154 2969 2167 3006 :
2205 2971 2225 3004 ‹
2258 2951 2516 3021 quoniam
2563 2952 2809 3007 charitas
2853 2967 2960 3007 non
2995 2951 3108 3024 agit
3145 2966 3456 3022 perperam,
3480 2964 3588 3006 non

1983 3044 2185 3116 cogitat
2230 3043 2431 3098 malum
2453 3085 2468 3109 ,
2493 3058 2604 3100 non
2633 3043 2838 3115 gaudet
2865 3059 3030 3115 super
3056 3042 3426 3113 iniquitatem,
3460 3058 3616 3104 con-u

1984 3134 2183 3208 gaudet
2203 3122 2383 3190 autem
2407 3136 2648 3191 veritati.
2673 3155 2692 3189 ι
2728 3135 2881 3192 Unde
2904 3136 2958 3190 in
2983 3135 3334 3205 sequentibus
3353 3133 3553 3190 dicitur
3571 3147 3618 3199 :4

1993 3245 2012 3279 ‹
2047 3225 2268 3282 Amicus
2290 3225 2462 3282 ﬁdelis
2488 3225 2946 3284 medicamentum
2970 3226 3096 3282 vitae
3121 3233 3177 3282 et
3203 3225 3603 3298 immortalitas

1988 3320 2078 3376 tis.
2121 3339 2141 3372 ›
2171 3319 2243 3375 At
2273 3327 2463 3374 contra
2493 3319 2733 3375 haeretici
2767 3320 2860 3390 qui
2885 3319 2955 3375 ab
2984 3319 3193 3374 unitate
3227 3317 3354 3374 ﬁdei
3401 3325 3456 3372 et
3501 3331 3591 3388 so-

1987 3411 2182 3467 cietate
2205 3410 2496 3467 charitatis
2530 3410 2839 3478 discedunt,
2867 3426 2977 3466 non
3012 3417 3337 3484 permanent
3367 3407 3421 3462 in
3453 3408 3619 3486 επιιί-¹¹¹

1986 3504 2114 3560 citia
2139 3517 2293 3569 vera,
2317 3503 2414 3558 sed
2444 3517 2513 3558 ex
2540 3501 2734 3559 amicis
2783 3501 2840 3557 in
2883 3501 3133 3557 inimicos
3175 3507 3602 3566 convertuntur.

1987 3596 2141 3653 Unde
2165 3594 2405 3652 Joannes
2435 3596 2502 3653 de
2537 3595 2672 3666 ipsis
2712 3596 2792 3651 ait
2825 3614 2838 3651 :
2879 3614 2898 3647 ‹
2931 3595 2978 3649 A
3006 3594 3164 3650 nobis
3192 3595 3465 3658 exierunt,
3493 3592 3590 3672 sed

1985 3689 2093 3744 non
2119 3695 2279 3742 erant
2306 3703 2374 3742 ex
2406 3687 2596 3743 nobis;
2649 3701 2777 3742 nam
2825 3685 2874 3740 si
2902 3685 3134 3739 fuissent
3163 3698 3231 3738 ex
3261 3681 3443 3750 nobis,
3461 3685 3592 3753 per-

1986 3769 2316 3832 mansissent
2336 3777 2523 3845 utique
2549 3775 2832 3830 nobiscum
2851 3773 2904 3848 (I
2927 3773 3089 3830 Joan.
3107 3773 3228 3848 11).»
3251 3773 3358 3832 Sed
3386 3783 3445 3831 ut
3476 3769 3618 3830 ma-'

1986 3868 2171 3926 nifesti
2198 3869 2328 3936 sint,
2359 3857 2755 3939 quoniam'non
2781 3878 2911 3924 sunt
2953 3883 3148 3925 omnes
3175 3883 3243 3924 ex
3274 3869 3463 3934 nobis,
3497 3867 3589 3923 isti

1985 3961 2375 4032 improperium
2399 3969 2454 4016 et
2478 3959 2864 4016 contumeliam
2891 3974 3076 4030 prava:
3105 3959 3368 4015 doctrinae
3393 3957 3617 4028 sequa-’

1986 4054 2140 4110 cibus
2165 4054 2278 4110 suis
2305 4053 2641 4124 relinquunt,
2673 4060 2730 4108 et
2758 4053 2936 4108 omnis
2959 4059 3217 4122 peccator
3240 4059 3324 4107 est
3375 4048 3589 4106 invidus
3617 4055 3622 4136 ς

1985 4153 2041 4202 et
2069 4145 2348 4216 bilinguis,
2374 4145 2502 4216 quia
2537 4144 2716 4202 omnis
2735 4143 3024 4202 haereticus
3051 4143 3168 4201 odit
3196 4143 3502 4211 veritatem,
3531 4150 3587 4200 et
3618 4149 3622 4154 '

1987 4237 2222 4296 seminat
2243 4235 2558 4293 falsitatem.
3619 4229 3626 4238 ’

2064 4359 2084 4391 ι
2127 4340 2246 4395 Νοη
2272 4348 2324 4396 te
2354 4339 2583 4395 extollas
2611 4339 2666 4394 in
2707 4338 3038 4408 cogitatione
3059 4335 3257 4394 animae
3291 4348 3396 4392 tuae
3437 4331 3623 4394 velut"

1994 4450 2012 4482 ‹
2050 4440 2263 4498 taurus,
2288 4448 2356 4489 ne
2381 4431 2520 4488 forte
2545 4431 2804 4487 allidatur
2825 4431 3001 4487 virtus
3029 4439 3120 4485 tua
3151 4446 3248 4501 per
3277 4429 3586 4496 stultitiam,
3617 4415 3624 4452 ⁵

1995 4537 2014 4567 ε
2050 4529 2106 4572 et
2127 4521 2254 4572 folia
2283 4529 2373 4572 tua
2402 4521 2673 4585 comedat,
2697 4523 2754 4574 et
2777 4518 2989 4576 fructus
3025 4527 3148 4575 tuos
3180 4521 3393 4591 perdat,
3416 4531 3472 4576 et
3502 4538 3588 4577 re—
3617 4519 3624 4538 ‘

1979 4628 2016 4696 ε(
2055 4608 2321 4680 linquaris
2347 4611 2497 4667 velut
2526 4611 2731 4684 lignum
2768 4613 2980 4670 aridum
3022 4614 3077 4670 in
3124 4629 3327 4673 eremo.
3371 4637 3389 4669 ι
3433 4603 3622 4673 νοιειι

1981 4699 2306 4770 jactantiam
2344 4718 2408 4758 ac
2457 4703 2761 4760 detestatur
2810 4705 3145 4776 superbiam,
3199 4707 3326 4778 quia
3377 4708 3588 4764 initiqu

1990 4794 2168 4849 omnis
2196 4796 2401 4866 peccati
2431 4797 2683 4867 superbia
2712 4806 2815 4865 est,
2833 4805 2888 4853 et
2908 4799 3088 4855 omnis
3117 4801 3425 4872 arrogantia
3461 4802 3590 4855 alio-

1992 4885 2218 4941 minatio
2247 4896 2330 4942 est
2351 4888 2493 4957 apud
2524 4889 2714 4957 Deum,
2743 4899 2799 4944 et
2824 4907 2891 4945 ne
2919 4889 3164 4946 sufﬁcere
3208 4893 3364 4946 nobis
3393 4892 3585 4947 creda-

1991 4991 2136 5042 mus,
2162 4977 2208 5032 si
2255 4977 2624 5034 extollentiam
2670 4980 2905 5035 vitemus
2936 4981 2990 5034 in
3022 4988 3167 5046 actu,
3196 4979 3331 5036 dicit
3360 4999 3374 5036 :
3414 4997 3432 5032 ι
3472 4979 3588 5036 Non

1993 5077 2046 5124 te
2069 5069 2297 5126 extollas
2319 5071 2372 5125 in
2404 5072 2731 5142 cogitatione
2761 5073 2956 5128 animae
2977 5073 3126 5129 velut
3157 5081 3366 5130 taurus.
3397 5095 3417 5130 ι
3448 5076 3590 5131 Deus

1994 5163 2137 5219 enim
2167 5157 2443 5235 inspector
2470 5173 2556 5221 est
2587 5167 2788 5233 cordis,
2811 5174 2867 5221 et
2896 5182 3005 5221 non
3041 5167 3337 5222 secundum
3371 5167 3587 5234 faciem,

1994 5255 2090 5312 sed
2139 5255 2436 5312 secundum
2484 5258 2771 5314 veritatem
2814 5270 3258 5327 unumquemque
3305 5257 3585 5328 diiudicat,

1993 5362 2157 5418 quem
2185 5363 2344 5404 nemo
2369 5356 2550 5419 potest
2577 5364 2675 5418 per
2701 5348 3012 5419 hypocrisin
3033 5347 3380 5419 fallere,quia
3409 5352 3591 5406 omnia

1995 5439 2139 5494 nuda
2168 5447 2293 5496 sunt
2333 5449 2386 5496 et
2419 5448 2604 5510 aperta
2650 5440 2822 5496 oculis
2863 5437 3010 5509 ejus;
3067 5441 3160 5511 qui
3190 5442 3236 5496 si
3277 5442 3329 5497 in
3362 5441 3590 5498 internis

1997 5532 2192 5587 animae
2235 5532 2565 5587 cervicatam
2615 5547 2679 5587 ac
2722 5531 2986 5586 tumidam
3032 5533 3420 5602 cogitationem
3459 5549 3591 5588 con-

1996 5622 2252 5692 spexerit,
2281 5638 2390 5677 non
2418 5624 2467 5678 ei
2498 5623 2754 5693 placebit,
2780 5623 2876 5678 sed
2913 5623 3168 5680 allidetur
3206 5625 3380 5680 virtus
3421 5623 3590 5684 ipsius

1996 5714 2211 5784 superbi
2235 5728 2332 5784 per
2351 5715 2639 5770 stultitiam
2659 5715 2927 5784 elationis,
2941 5727 2998 5773 et
3020 5716 3145 5773 folia
3166 5717 3453 5772 verborum
3472 5713 3590 5783 ejus

1995 5818 2121 5865 sunt
2141 5825 2330 5876 vacua,
2369 5819 2424 5865 et
2459 5809 2668 5866 fructus
2705 5825 2932 5882 operum
2969 5810 3208 5876 inutiles,
3232 5818 3288 5863 et
3334 5807 3482 5862 velut
3523 5805 3590 5862 li-

1994 5917 2160 5974 gnum
2183 5901 2394 5959 aridum
2426 5917 2532 5960 non
2563 5903 2772 5961 habens
2798 5902 3132 5958 viriditatem
3164 5897 3490 5984 dilectionis,
3510 5897 3588 5966 iu-
