4030 6478
571 444 677 509 795

1200 439 1264 495 Β.
1304 422 1562 495 RABANI
1600 426 1825 494 unum
1861 428 2187 492 ARCHIEP.
2226 423 2539 493 bonum.
2581 420 2874 494 onstum
2910 420 3092 493 PARS
3124 438 3163 494 i.
3701 436 3781 504 πε

562 566 649 616 ter
684 550 893 616 steriles
918 548 1228 626 iniquorum
1256 553 1497 608 actiones
1535 550 1846 622 deputatur.
1900 549 2053 605 Unde
2096 550 2151 604 in
2178 550 2233 614 Α
2259 548 2413 606 Unde
2435 549 2696 621 scriptum
2722 554 2805 607 est
2835 568 2846 605 :
2888 569 2907 601 ι
2938 549 3042 619 Qui
3073 551 3127 608 in
3152 559 3267 606 uno
3292 545 3528 620 oli'endit;
3550 554 3697 613 facta.
3716 572 3783 621 εει

528 680 531 685 ν
560 646 772 723 psalmo
796 648 1057 718 scriptum
1088 656 1173 702 est
1201 665 1212 700 :
1254 662 1271 697 α
1307 642 1574 712 Quoniam
1598 640 1739 702 Deus
1764 640 1993 716 dissipat
2022 659 2149 700 ossa

562 744 843 802 hominum
889 740 996 799 sibi
1038 741 1372 814 placentium
1411 758 1423 796 :
1458 740 1666 797 Confusi
1718 748 1861 805 sunt,
1896 738 2151 812 quoniam

560 833 706 892 Deus
730 835 936 906 sprevit
955 850 1050 889 eos
1075 832 1248 906 (Psal.
1273 833 1390 906 Lit).
1433 852 1449 884 ι
1490 830 1563 889 De
1589 842 1695 904 qlio
1723 841 1775 888 et
1806 830 1999 888 Petrus
2025 838 2154 902 apo-

562 926 733 982 stolus
759 927 837 981 ait
864 943 875 979 :
904 941 924 977 t
956 920 1219 995 Superbis
1245 926 1387 980 Deus
1414 918 1637 991 resistit,
1661 918 1950 980 humilibus
1972 932 2154 979 autem

561 1016 654 1071 dat
688 1012 922 1088 gratiam
966 1015 1019 1091 (Ι
1046 1008 1195 1071 Petr.
1226 1015 1304 1088 v).
1349 1036 1368 1070 ι
1402 1010 1542 1071 Hinc
1572 1020 1627 1072 et
1685 1016 1801 1087 ipSa
1850 1014 2062 1071 Veritas
2099 1015 2154 1069 in

561 1102 850 1177 Evangelia
871 1106 945 1160 ait
971 1120 984 1160 :
1020 1123 1039 1157 ι
1076 1102 1266 1163 Omnis
1292 1102 1383 1176 qui
1411 1121 1469 1161 se
1496 1102 1700 1161 exultat
1738 1100 2148 1173 humiliabitur;

558 1202 617 1251 et
638 1196 732 1265 qui
760 1211 819 1251 se
845 1190 1113 1263 humiliat,
1142 1196 1467 1252 exaltabitur
1495 1194 1645 1268 (Luc.
1675 1210 1785 1262 xw,
1814 1196 1923 1269 18).
1964 1216 1982 1247 ι

635 1305 656 1339 ‹
693 1288 890 1343 Anima
930 1289 1075 1344 enim
1116 1304 1350 1361 nequam
1396 1288 1672 1361 disperdet
1713 1290 1805 1361 qui
1845 1302 1903 1346 se
1939 1290 2102 1346 habet
2135 1304 2149 1344 :

566 1394 586 1429 ι
622 1378 751 1432 etin
775 1379 1032 1449 gaudium
1070 1379 1306 1436 inimicis
1346 1381 1439 1436 dat
1486 1380 1659 1446 illum,
1708 1390 1762 1436 et
1820 1380 2039 1438 deducit
2096 1380 2151 1438 in

561 1482 763 1527 sortem
792 1473 1101 1544 impiorum.
1159 1496 1178 1528 ι
1229 1474 1381 1532 Sicut
1428 1477 1584 1533 boum
1628 1478 1895 1533 voluntati
1943 1477 2151 1535 fructus

560 1564 825 1619 bonorum
852 1568 1095 1622 succedit
1119 1582 1372 1640 operum,
1408 1570 1479 1624 ita
1510 1568 1795 1626 malitiosa:
1824 1571 1992 1626 menti
2019 1570 2153 1626 nihil

558 1656 841 1727 proveniet
869 1672 1211 1731 prosperum,
1237 1660 1363 1731 quia
1406 1662 1450 1718 si
1497 1661 1716 1718 dilectio
1761 1678 1865 1718 non
1914 1658 2155 1718 adiiceret

556 1752 785 1820 pectori,
819 1750 1022 1809 frustra
1052 1755 1174 1825 quis
1200 1752 1354 1827 fingit
1378 1770 1437 1812 se
1482 1770 1707 1828 operam
1753 1757 1885 1813 dare
1944 1755 2153 1812 virtuti.

2258 641 2498 698 Omnium
2532 654 2655 698 reus
2683 641 2891 715 (Iacob.
2931 642 3013 715 ii).
3051 658 3070 695 ο
3107 636 3173 699 Et
3193 643 3358 700 alibi:
3394 663 3415 697 ι
3442 647 3589 704 Omni
3611 651 3781 711 habenti

2260 732 2476 791 dabitur
2507 748 2522 789 ε
2562 732 2615 789 ei
2637 740 2820 790 autem
2848 734 2940 803 qui
2966 742 3074 789 non
3104 734 3290 801 habet,
3322 742 3379 790 et
3407 735 3505 793 hoc
3526 739 3651 809 quod
3672 738 3784 800 vide-

2262 833 2351 881 tur
2372 825 2594 893 habere,
2624 826 2903 882 auferetur
2922 827 2990 881 ab
3014 840 3083 883 eo
3120 827 3343 898 (Matth.
3380 830 3519 901 xm).
3554 850 3574 883 ι
3602 830 3653 887 In
3680 849 3783 905 ειη.

2263 918 2408 990 dium
2453 934 2584 992 ergo
2636 920 3010 985 inimicorum,
3036 920 3140 975 hoc
3168 928 3255 975 est
3281 920 3623 992 malignorum
3663 926 3784 996 spiri~

2264 1022 2435 1080 tuum,
2462 1012 2672 1079 incidit,
2697 1013 2789 1083 qui
2812 1016 2962 1069 recte
2988 1013 3261 1068 credendo
3287 1022 3355 1069 ac
3394 1014 3529 1070 bene
3566 1020 3784 1085 atterendo

2261 1118 2569 1175 praecavere
2592 1119 2699 1159 non
2721 1104 2921 1171 studet,
2939 1118 3006 1160 ne
3028 1105 3083 1159 in
3102 1112 3309 1161 sonam
3335 1106 3513 1161 veniat
3534 1106 3780 1177 impiorum.

2264 1197 2466 1252 Verum
2496 1198 2623 1267 quia
2643 1197 2713 1251 de
2737 1197 3090 1252 conversione
3109 1198 3396 1268 disputans
3415 1194 3627 1268 pleniter
3648 1210 3784 1255 osteno

2262 1289 2339 1345 dit
2379 1304 2498 1361 qua!
2536 1291 2607 1344 sit
2638 1302 2767 1343 vera
2813 1290 3121 1355 conversio,
3162 1288 3268 1343 hoc
3314 1297 3400 1343 est
3437 1300 3632 1344 morum
3665 1300 3784 1361 atque

2260 1390 2569 1437 Semnonum
2597 1381 2892 1446 correctio;
2939 1390 2996 1435 et
3043 1392 3114 1435 ne
3151 1381 3315 1436 iteret
3355 1381 3622 1451 pristinam
3654 1383 3784 1437 stulti-

2258 1474 2415 1540 tiam,
2447 1488 2516 1529 ne
2543 1475 2723 1529 veniat
2752 1475 2807 1528 in
2836 1473 3092 1545 gaudium
3117 1474 3490 1539 inimicorum,
3510 1482 3563 1529 et
3596 1474 3643 1528 in
3675 1475 3785 1528 dam-

2260 1569 2536 1625 nationem
2565 1569 2876 1640 impiorum.
2910 1568 3077 1626 Libro
3104 1571 3284 1641 primo
3315 1570 3403 1625 hic
3429 1568 3587 1633 linito,
3614 1569 3716 1640 quid
3738 1573 3783 1623 dc

2262 1662 2503 1717 anticitia
2534 1676 2663 1716 vera
2693 1668 2747 1718 et
2772 1663 2982 1719 cautela
3008 1662 3280 1735 sapientia
3310 1662 3596 1729 doceat,in
3616 1661 3784 1717 alterius

2262 1752 2386 1811 libri
2412 1755 2714 1828 pandamus
2735 1756 2980 1828 exordio.

575 1889 3772 1922 ...Μ

1731 2062 2036 2143 LIBER
2106 2060 2673 2143 SECUNDUS.

1071 2290 1298 2353 CAPUT
1336 2292 1631 2352 PRIMUM.

422 2428 445 2441 ς
552 2388 631 2448 De
654 2392 825 2463 gratia
852 2390 1325 2465 amicorum,qu
1356 2393 1502 2465 puris
1534 2402 1584 2445 et
1609 2390 1853 2447 dulcibus
1876 2389 2151 2465 colloquiis

976 2463 1269 2517 inimicitias
1291 2480 1397 2518 non
1417 2464 1720 2534 subrepant.

624 2592 646 2632 t
682 2579 923 2636 Verbum
946 2581 1104 2637 dulce
1130 2580 1457 2652 multiplicat
1484 2581 1710 2643 amicos,
1738 2587 1793 2634 et
1819 2579 2033 2651 mitigat
2055 2560 2154 2633 ini1

556 2686 576 2722 ι
618 2671 821 2737 mices;
874 2680 931 2725 et
974 2671 1156 2741 lingua
1201 2672 1456 2727 eucharis
1486 2671 1540 2725 in
1564 2673 1710 2727 bono
1738 2671 1957 2726 homine
1982 2668 2152 2724 abun.

554 2777 576 2812 ο
610 2761 724 2815 dat.
770 2779 789 2814 ν
824 2752 965 2816 illnc
983 2770 1040 2817 et
1064 2763 1118 2817 in
1146 2762 1459 2818 Proverbiis
1479 2764 1740 2833 scriptum
1768 2770 1853 2818 est
1880 2779 1893 2817 :
1925 2780 1945 2814 ι
1983 2762 2151 2818 Labia

544 2848 681 2923 justi
727 2852 986 2908 erudiunt
1023 2853 1318 2924 plurimos,
1351 2863 1407 2909 et
1436 2854 1489 2909 in
1517 2854 1679 2910 labiis
1709 2856 1967 2925 sapientis
1996 2856 2149 2910 inve-

548 2945 698 3000 nitur
723 2946 988 3017 sapientia
1016 2938 1200 3018 (Prov.
1231 2947 1311 3021 ι).
1356 2962 1374 3000 ι
1409 2947 1476 3004 Et
1505 2948 1675 3004 item:
1709 2965 1729 3000 ε
1763 2948 1957 3005 Sermo
1983 2949 2151 3005 durus

550 3040 779 3094 suscitat
829 3040 1015 3105 rixas,
1064 3046 1120 3096 et
1169 3052 1350 3097 sermo
1402 3041 1541 3098 lenis
1598 3044 1811 3115 mitigat
1860 3044 2151 3100 suscitatus

549 3129 715 3201 (Ibid.
751 3130 864 3203 xv).
904 3150 923 3184 ι
970 3132 1287 3204 Muitiplicat
1323 3148 1456 3207 ergo
1498 3134 1903 3192 ecclesiasticus
1945 3136 2059 3203 vir,
2092 3137 2149 3192 in

548 3236 656 3292 quo
684 3222 866 3292 lingua
889 3223 1161 3292 eueharis,
1195 3226 1297 3282 hoc
1334 3233 1420 3282 est
1470 3227 1627 3282 bonae
1672 3229 1881 3299 gratim,
1911 3228 2151 3284 abundat

546 3311 786 3366 iidelium
815 3313 1031 3368 turbam
1057 3315 1331 3382 docendo;
1368 3324 1424 3372 et
1460 3326 1873 3388 persecutorum
1906 3318 2150 3376 furorem

544 3407 835 3479 perspicua
871 3410 1086 3465 ratione
1124 3411 1374 3468 veritatis
1407 3428 1550 3484 saepe
1578 3428 1963 3471 mansuescere
1991 3412 2143 3471 facit.

621 3518 642 3551 σ
698 3496 848 3555 Multi
892 3502 1106 3571 pacifici
1141 3504 1253 3559 sint
1293 3505 1412 3572 tibi,
1455 3514 1510 3562 et
1547 3508 1893 3563 consiliarius
1934 3508 2007 3563 sit
2052 3507 2149 3563 tibi

547 3602 573 3639 ι
602 3603 744 3644 unus
769 3591 838 3645 de
865 3592 1029 3647 mille.
1062 3613 1081 3645 ι
1140 3594 1277 3650 Cum
1330 3598 1585 3655 ornnibua
1632 3614 1764 3671 ergo
1813 3594 2144 3665 hominibus,

2178 2300 2227 2361 Β
2260 2308 2280 2347 t
2310 2300 2368 2350 et
2388 2293 2441 2349 in
2466 2294 2781 2353 domesticis
2804 2300 2919 2356 tuis
2950 2292 3285 2359 fiducialiter
3310 2310 3451 2378 aget.
3492 2324 3510 2360 ι
3539 2305 3633 2365 Per
3650 2307 3778 2365 diver-

2250 2403 2341 2443 sas
2366 2388 2575 2458 species
2616 2390 2784 2447 falsos
2814 2394 3020 2450 amicos
3048 2397 3387 2467 exprimens,
3415 2402 3614 2456 tandem
3631 2402 3685 2456 ad
3702 2402 3781 2455 veri

2251 2481 2411 2536 amici
2451 2484 2699 2552 pervenit
2723 2486 3272 2559 demonstrationem,
3302 2496 3429 2565 quia
3451 2492 3592 2550 multi
3631 2497 3781 2552 amicos

2251 2588 2457 2629 seessc
2491 2576 2819 2645 profitentur
2845 2579 2899 2634 in
2940 2586 3243 2653 prosperis,
3294 2594 3351 2642 et
3398 2588 3452 2642 in
3502 2587 3705 2643 adversis
3740 2604 3782 2641 se

2251 2667 2606 2724 manifestam
2634 2670 2748 2726 fieri
2774 2672 3046 2731 inimicos.
3081 2675 3240 2743 Unde
3268 2678 3625 2751 subiungitur:

2326 2772 2349 2810 ι
2392 2758 2449 2814 Si
2492 2761 2861 2819 humiliaverit
2889 2778 2948 2821 se
3001 2773 3194 2822 contra
3246 2776 3322 2837 te,
3360 2782 3391 2825 ι
3430 2770 3561 2825 facie
3588 2778 3664 2825 tua
3686 2770 3776 2824 abs-

2256 2862 2277 2902 t
2307 2853 2511 2907 condet
2549 2866 2629 2908 se.
2670 2872 2691 2906 ι
2733 2855 2914 2928 Fingit
2935 2859 3083 2913 enim
3104 2870 3163 2915 se
3193 2854 3336 2917 facie
3358 2869 3516 2919 tenus
3543 2877 3648 2918 esse
3670 2863 3780 2917 dcto

2251 2950 2390 3010 tum,
2419 2947 2512 3002 sed
2543 2947 2599 3001 in
2649 2951 2994 3008 necessitatis
3039 2962 3240 3010 eventu
3298 2956 3541 3026 probabit
3575 2972 3627 3011 se
3660 2955 3778 3010 corde

2251 3050 2373 3091 esse
2398 3037 2656 3094 alienum.
2687 3040 2814 3096 Ideo
2841 3043 3064 3113 dicitur,
3095 3060 3115 3098 t
3146 3048 3449 3105 abscondet
3472 3060 3546 3115 se,
3574 3066 3591 3101 ι
3614 3048 3696 3103 hoc
3720 3051 3779 3101 est

2252 3129 2406 3201 tingit
2432 3145 2491 3185 se
2520 3146 2641 3189 esse
2666 3134 2814 3203 quod
2840 3148 2948 3191 non
2992 3146 3099 3193 est.

2325 3239 2345 3273 ι
2386 3221 2712 3281 Unanimem
2740 3226 2968 3285 habebis
3008 3230 3309 3289 amicitiam
3336 3234 3546 3299 bonam,
3568 3233 3628 3288 ab
3647 3229 3778 3286 inimi-

2255 3331 2278 3365 ι
2315 3314 2401 3370 cis
2433 3317 2543 3372 tuis
2571 3332 2828 3389 separare
2878 3331 2936 3379 et
2963 3326 3034 3379 ab
3056 3327 3250 3383 amicis
3276 3329 3384 3385 tuis
3414 3328 3629 3383 attende.
3662 3347 3678 3378 ι
3704 3323 3776 3380 [ibi

2251 3408 2583 3464 unanimitas
2607 3420 2691 3465 est
2715 3412 2860 3469 inter
2883 3417 3112 3483 amicos,
3146 3418 3221 3474 ibi
3274 3421 3535 3477 stabilitas
3577 3425 3648 3474 est
3681 3416 3776 3471 sntio

2249 3498 2425 3564 citiin;
2456 3499 2547 3554 ubi
2572 3511 2754 3558 autem
2782 3504 2930 3563 fictio
2950 3516 3136 3563 etnon
3158 3512 3387 3580 veritas,
3410 3512 3481 3568 ibi
3506 3518 3773 3580 nequ-quam

2249 3597 2336 3645 est
2358 3591 2616 3648 amicitiae
2644 3595 2895 3652 ﬁrmitas.
2929 3597 3083 3655 Unde
3117 3601 3379 3658 admonet
3409 3609 3469 3658 ut
3491 3604 3555 3657 ab
3578 3597 3773 3657 inimicis

545 3689 807 3751 quantum
829 3683 1160 3751 possibilitas
1185 3685 1334 3751 sinit,
1359 3696 1461 3757 pax
1493 3699 1578 3747 est
1603 3691 1867 3757 tenenda;
1911 3691 2006 3747 sed
2037 3706 2144 3747 non

2250 3680 2341 3735 ubi
2368 3690 2555 3750 patent
2591 3684 2915 3754 inimicitiae,
2947 3691 3167 3760 penitus
3191 3704 3254 3747 se
3279 3701 3523 3765 separet,
3559 3698 3609 3747 et
3641 3696 3775 3743 aute-

545 3787 669 3829 cum
697 3774 881 3831 multis
907 3776 1194 3833 consilium
1224 3780 1539 3836 ineundum.
1569 3781 1706 3850 Quia
1734 3783 1997 3853 scriptum
2023 3793 2144 3840 est:

550 3885 571 3919 ε
605 3866 754 3922 Multi
786 3866 1030 3925 homines
1052 3870 1432 3928 misericordes
1455 3882 1737 3940 vocantur,
1761 3875 1939 3929 virum
1963 3882 2144 3931 autem

547 3960 761 4016 fidelem
790 3962 913 4032 quis
940 3960 1217 4019 inveniet?
1254 3963 1437 4038 (Prov.
1470 3966 1587 4037 xx.)
1622 3986 1640 4018 ι
1668 3967 1735 4021 Ει
1764 3966 1894 4022 alibi
1931 3985 1944 4022 :
1982 3988 2001 4021 ‹
2042 3967 2147 4024 lni-

544 4054 721 4109 micus
748 4070 873 4110 cum
903 4056 957 4110 in
1002 4056 1167 4112 corde
1209 4059 1524 4113 tractaverit
1573 4058 1743 4124 dolos,
1777 4060 1992 4132 quando
2021 4062 2146 4118 sub-

545 4146 757 4201 miserit
802 4161 989 4203 vocem
1030 4164 1205 4215 suam,
1235 4164 1305 4205 ne
1332 4149 1629 4206 credideris
1657 4150 1735 4218 ei,
1765 4153 2019 4223 quoniam
2053 4170 2144 4211 se-

543 4245 693 4310 ptem
731 4238 986 4308 nequitiae
1033 4249 1161 4296 sunt
1208 4241 1261 4297 in
1313 4243 1477 4297 corde
1528 4242 1669 4300 illius
1713 4240 1876 4316 (Ibid.
1906 4247 2077 4320 xxvi).
2120 4268 2137 4299 ι

544 4327 612 4382 Et
644 4329 1067 4386 Ecclesiastes:
1111 4351 1131 4384 ς
1168 4328 1377 4398 Virum,
1418 4335 1615 4405 inquit,
1666 4336 1734 4392 de
1781 4338 1930 4392 mille
1974 4357 2143 4395 unum

545 4421 721 4491 reperi
746 4439 759 4474 :
780 4422 1060 4477 mulierem
1074 4438 1143 4479 ex
1155 4425 1411 4480 omnibus
1425 4440 1531 4481 non
1550 4428 1730 4482 inveni
1749 4429 1949 4500 (Et-cie.
1975 4431 2095 4504 vn).
2117 4450 2137 4484 ι

545 4511 845 4567 Sunteuim
874 4514 1097 4582 quidam
1121 4514 1213 4582 qui
1244 4513 1591 4569 devotionem
1638 4519 1841 4570 habent
1867 4522 2022 4572 bona:
2049 4532 2143 4572 vo-

541 4601 792 4667 luntatis,
817 4602 908 4656 sed
938 4617 1045 4656 non
1073 4605 1270 4659 mentis
1290 4606 1653 4674 prudentiam.
1673 4605 1779 4662 Alii
1811 4616 1991 4663 autem
2014 4624 2144 4679 pru-

543 4693 735 4747 dentes
758 4702 886 4747 snnt
902 4696 1084 4759 corde,
1100 4698 1195 4751 sed
1220 4697 1463 4766 perversi
1490 4698 1790 4755 voluntate.
1819 4699 1919 4755 Ubi
1958 4712 2140 4757 autem

543 4786 761 4840 devotio
789 4786 910 4843 tidei
936 4797 992 4842 et
1017 4804 1209 4844 sensus
1237 4790 1604 4862 intelligentia:
1632 4793 1838 4864 pariter
1860 4795 2139 4850 inveniun-

544 4884 653 4942 tur,
680 4876 752 4932 ibi
788 4878 1073 4934 consilium
1097 4880 1230 4935 utile
1256 4891 1559 4952 opportune
1580 4886 1867 4956 quaeritur.

1174 4992 1403 5051 CAPUT
1438 4995 1502 5051 li.

2250 3773 2359 3829 iam
2386 3775 2583 3832 habeat
2613 3780 2670 3833 in
2696 3782 2997 3838 amicorum
3030 3786 3383 3846 discretione.
3414 3786 3684 3844 Notandum
3704 3798 3772 3837 aI-

2250 3875 2361 3923 ωεη
2386 3870 2535 3939 quod
2564 3872 2679 3927 hiBC
2712 3874 3061 3934 discretionis
3082 3880 3435 3937 observantia
3474 3879 3677 3935 maxime
3706 3886 3773 3928 n0-

2250 3958 2490 4013 cessaria
2541 3968 2626 4016 est
2674 3963 2817 4020 inter
2859 3966 3161 4024 catholicos
3206 3979 3266 4028 et
3317 3971 3588 4027 htereticos
3634 3963 3771 4033 Mitti!

2249 4046 2489 4103 hmretici
2513 4056 2730 4107 omnem
2755 4058 3211 4115 machinationem
3236 4074 3391 4116 suam
3411 4072 3503 4132 per
3522 4052 3769 4132 iime

2247 4149 2435 4209 agunt,
2459 4153 2730 4211 quatenus
2749 4146 3001 4205 bacatum
3022 4164 3269 4222 quosque
3298 4152 3506 4209 facilius
3540 4148 3768 4219 decipiant.

2254 4229 2402 4286 Unde
2460 4232 2712 4291 Salvator
2762 4238 2818 4293 in
2872 4239 3172 4313 Evangelia
3223 4252 3534 4315 praemonet,
3570 4243 3766 4297 dicetis:

2251 4342 2269 4372 ι
2313 4321 2592 4381 Attendite
2632 4337 2817 4383 autem
2849 4332 3004 4386 vobis
3032 4347 3063 4387 a
3096 4333 3251 4391 falsis
3290 4335 3577 4407 prophetis,
3597 4330 3673 4400 qui
3698 4339 3768 4380 ve-

2244 4414 2401 4470 niunt
2419 4419 2489 4472 ad
2517 4432 2614 4475 vos
2641 4421 2697 4475 in
2720 4424 3059 4480 vestimentis
3076 4428 3285 4493 ovium,
3310 4428 3614 4483 intrinsecus
3632 4426 3764 4477 autem

2245 4512 2372 4554 euut
2419 4506 2532 4572 ιιρι
2577 4519 2835 4575 rapaces,
2874 4526 2945 4565 es
2983 4512 3256 4574 fructibus
3282 4532 3465 4574 comta
3494 4510 3766 4589 etiam“

2243 4603 2361 4654 eos,
2398 4612 2419 4643 ι
2454 4601 2561 4651 etc.
2592 4595 2815 4667 (ll-ult.
2857 4601 2977 4675 vn).
3012 4602 3151 4660 Hinc
3189 4616 3244 4663 et
3265 4607 3543 4681 Apostolus
3570 4604 3630 4660 ad
3644 4599 3765 4658 disd-

2243 4683 2426 4751 puiuui
2473 4688 2738 4758 scribens,
2769 4693 2847 4747 ait
2875 4712 2887 4747 :
2924 4712 2946 4747 ι
2988 4695 3035 4752 0
3063 4697 3381 4768 Timotheo,
3405 4700 3673 4772 depositum
3693 4705 3761 4746 cti-

2243 4777 2403 4841 stodi,
2430 4780 2676 4839 devitans
2703 4784 2962 4854 profanas
2985 4800 3179 4846 vnum:
3212 4794 3505 4855 novitates,
3530 4797 3576 4842 ei
3598 4780 3762 4854 συνφυεῖ-

2242 4866 2417 4923 tiones
2445 4868 2565 4926 falsi
2588 4874 2824 4931 nominis
2847 4879 3108 4947 scientia),
3131 4897 3297 4952 quam
3336 4882 3543 4954 quidam
3585 4872 3760 4948 prstitit-

2243 4971 2419 5019 tentes
2444 4966 2590 5023 circa
2641 4970 2801 5025 fidem
2844 4974 3166 5030 exciderunt
3202 4975 3257 5049 (Ι
3294 4977 3425 5031 Tim.
3455 4974 3544 5039 vi).
3576 4990 3593 5024 ι
3621 4968 3675 5023 Et
3708 4962 3756 5016 Oti

544 5080 818 5153 Sapientia
860 5094 1005 5140 ποῖαι
1049 5088 1280 5167 anticum
1309 5089 1399 5160 qui
1422 5098 1632 5167 tantum
1655 5164 1663 5167 _
1689 5103 1901 5167 propter
1953 5095 2134 5167 epulas
2160 5034 2217 5097 Β
2241 5054 2558 5167 liommfoi:
2601 5081 2621 5114 ⁸
2654 5062 2807 5166 “.080
2842 5076 3033 5167 “mea:
3050 5082 3166 5167 ηδ’
3201 5070 3413 5167 ‘i‘m’s’
3441 5076 3497 5122 ἰ

724 5171 914 5210 mensa:
938 5166 1057 5222 stat,
1080 5168 1129 5212 et
1158 5160 1212 5213 in
1236 5162 1543 5216 necessitate
1577 5160 1838 5219 subtrahit
1871 5183 1944 5221 se.

621 5262 637 5295 t
664 5242 721 5298 Si
742 5248 989 5315 possides
1006 5251 1265 5316 amicum,
1286 5252 1337 5306 in
1368 5255 1663 5308 tentationc
1678 5257 1893 5325 posside
1919 5272 2061 5322 eum,
2079 5268 2136 5315 et

542 5353 566 5386 ς
602 5348 670 5388 ne
704 5335 861 5393 facile
892 5340 1084 5396 credas
1110 5342 1160 5396 ei
1202 5343 1464 5414 teipsum;
1517 5354 1603 5401 est
1635 5348 1781 5401 enim
1811 5350 2018 5404 amicus
2046 5364 2133 5405 se-

542 5448 564 5478 ε
597 5433 833 5484 cundum
865 5439 1078 5502 tempus
1111 5452 1266 5491 suum
1287 5480 1301 5505 ,
1330 5448 1385 5493 et
1423 5457 1530 5495 non
1571 5445 1911 5513 permanebit
1946 5445 2001 5500 in
2044 5446 2130 5501 die

544 5539 565 5571 ε
603 5521 1003 5592 trilmlationis;
1062 5539 1237 5585 etest
1284 5534 1492 5590 amicus
1529 5537 1622 5607 qui
1672 5540 2012 5594 convertitur
2062 5541 2130 5596 ad

540 5633 562 5666 ε
608 5615 967 5683 inimicitiam,
997 5626 1053 5675 et
1081 5628 1165 5675 est
1194 5625 1401 5680 amicus
1438 5628 1528 5698 qui
1577 5629 1790 5696 odium,
1824 5640 1880 5686 et
1920 5632 2127 5701 rixam,

538 5724 564 5760 ι
597 5713 922 5769 etwnvicia
948 5715 1275 5783 denudabit;
1332 5730 1416 5775 est
1462 5731 1645 5779 autem
1691 5727 1897 5782 amicus
1947 5729 2128 5785 socius

544 5817 567 5853 ι
588 5818 815 5869 niensze,
841 5814 896 5861 et
919 5822 1025 5863 non
1048 5810 1389 5879 permanebit
1409 5813 1461 5867 in
1484 5814 1571 5870 die
1601 5818 1958 5874 necessitatis.
1978 5818 2129 5874 Ami-

546 5904 569 5951 t
602 5910 699 5954 cus
724 5898 768 5954 si
795 5904 1155 5974 permanserit
1180 5903 1344 5976 fixus,
1372 5907 1478 5965 erit
1502 5907 1603 5968 tibi
1632 5910 1787 5989 quasi
1814 5910 2126 5991 coaequalis,

2239 5162 2333 5204 eos
2359 5152 2450 5220 qui
2486 5153 2850 5213 dissensiones
2878 5167 2932 5213 ct
2953 5159 3273 5216 otiendicula
3302 5169 3490 5232 pnetcr
3510 5151 3752 5213 doctrin!li

2238 5256 2402 5311 (illam
2432 5256 2529 5301 Vos
2554 5246 2821 5305 didicistis
2837 5251 3065 5318 faciunt,
3081 5261 3137 5307 et
3164 5253 3424 5309 declinato
3443 5251 3506 5306 ab
3535 5247 3627 5303 illis
3648 5260 3658 5294 :
3681 5240 3750 5293 δυ’

2228 5338 2529 5408 juseemodi
2557 5342 2701 5396 eiiim
2727 5341 2947 5399 Christo
2972 5346 3201 5403 Domino
3224 5356 3407 5403 nostro
3430 5335 3747 5400 Maenium.

2235 5435 2331 5487 sed
2352 5449 2452 5489 suo
2470 5438 2678 5501 ventri;
2706 5447 2764 5491 et
2788 5454 2887 5509 per
2911 5440 3095 5495 dulces
3116 5454 3392 5497 sermones
3410 5446 3464 5494 et
3484 5424 3749 5494 malle“?

2237 5540 2336 5581 nes
2365 5525 2629 5582 seducunt
2648 5531 2812 5585 corda
2844 5532 3213 5588 innocentium
3242 5532 3414 5606 (Boil.
3438 5526 3558 5599 avt).
3591 5538 3609 5573 ι

2314 5655 2333 5688 t
2367 5639 2586 5697 Amicus
2618 5642 2787 5699 fidelis
2822 5647 3088 5716 proiectio
3118 5646 3273 5704 fortis
3296 5690 3310 5715 ,
3337 5646 3422 5717 qui
3450 5649 3607 5699 autem
3626 5635 3741 5689 inve-

2242 5750 2262 5784 t
2303 5733 2380 5787 nit
2412 5733 2558 5789 illum
2587 5778 2601 5802 ,
2632 5737 2837 5793 invenit
2884 5741 3216 5797 thesaurum.
3266 5740 3445 5796 Amico
3487 5729 3608 5789 lideii
3633 5717 3741 5780 ιιυῙῘ²

2240 5842 2261 5875 ‹
2296 5831 2378 5879 est
2403 5828 2736 5897 comparatio
2778 5848 2788 5882 :
2823 5839 2877 5884 et
2899 5846 3004 5885 non
3037 5842 3118 5886 est
3165 5832 3318 5903 iligna
3347 5816 3625 5902 ponderatio
3649 5807 3739 5868 auri

2239 5932 2259 5971 ‹
2296 5924 2352 5977 et
2378 5918 2590 5993 argenti
2615 5927 2802 5979 contra
2830 5921 3132 5983 bonitatem
3159 5920 3284 5986 ﬁdet
3314 5916 3463 5987 illius.
3498 5936 3515 5974 ι
3544 5906 3657 5985 Qu“
3674 5906 3738 5962 ⁸⁵⁸
