4030 6470
224 466 334 530 797

1109 454 1465 524 COMMENT.
1502 462 1571 519 IN
1609 452 2221 519 ECCLESIASTICUM.
2259 487 2331 500 —
2362 448 2492 514 LIB.
2530 448 2595 512 Il.

3382 452 3523 513 798-

226 590 375 649 cnim
401 587 629 653 amicus,
659 582 764 641 nisi
792 590 1016 640 censers
1039 581 1263 648 amoris,
1295 576 1364 636 ad
1390 590 1551 651 quem
1578 576 1819 633 animum
1846 580 1900 641 Α
1922 570 2239 631 substantiae
2271 566 2583 637 mundialis,
2615 575 2671 624 et
2698 559 2937 623 euntium
2960 573 3096 639 quas
3130 559 3393 625 habemus
3419 578 3507 624 re-

226 692 383 740 tuum
437 680 697 751 adiungas
745 683 909 747 atque
952 674 1211 747 applices,
1256 684 1312 730 et
1347 673 1424 729 ita
1467 671 1719 737 misceas,
1760 676 1821 725 ut

225 783 395 829 unum
429 766 564 825 velis
606 762 723 823 lleri
776 778 844 821 ex
872 764 1097 820 duobus.
1130 762 1229 820 Cui
1280 772 1332 819 te
1375 770 1631 832 tanquam
1681 758 1816 814 alte-

227 874 348 921 rum
377 862 473 918 tibi
503 854 812 916 committas
836 900 852 924 ,
895 868 926 912 a
961 866 1068 928 quo
1094 852 1230 911 nihil
1273 856 1504 919 timeas,
1542 848 1678 907 nihil
1707 850 1822 922 ipse

1925 678 2044 721 rum
2094 665 2439 737 deSpectione
2486 674 2606 718 esse
2651 655 2924 717 dixerunt.
2976 656 3304 726 Secundum,
3345 667 3406 714 ut
3437 658 3511 716 ita

1923 772 2051 816 suas
2093 759 2466 831 unusquisque
2508 765 2720 812 resecet
2743 756 3067 821 voluntates,
3114 766 3181 808 ne
3209 768 3267 809 se
3296 752 3514 824 sapien-

1923 859 2032 907 tem
2062 858 2224 922 atque
2258 846 2563 906 consultum
2590 862 2709 903 esse
2730 845 3005 916 judicans,
3034 840 3147 901 suis
3176 844 3328 899 malit
3351 858 3515 914 quam

226 957 497 1014 commodi
529 948 604 1010 tui
635 969 794 1010 causa
822 951 1166 1008 inhonestum
1206 959 1379 1021 petas.
1405 946 1522 1004 Non
1553 946 1698 1003 enim
1728 958 1819 1001 ve-
1921 940 2153 1015 proximi
2180 936 2584 999 diﬁinitionibus
2610 936 2852 996 obedire.
2877 939 3124 994 Tertium
3148 945 3249 1004 est,
3288 944 3349 992 ut
3375 936 3513 992 sciat

224 1050 443 1123 etigalis
472 1048 711 1104 amicitia
739 1053 844 1113 est,
878 1044 971 1101 scd
996 1045 1153 1115 plena
1182 1043 1393 1100 decoris
1417 1085 1430 1109 ,
1462 1041 1619 1113 plena
1647 1039 1819 1112 gratia
1918 1033 2125 1101 omnia,
2150 1033 2313 1089 etiam
2342 1044 2461 1103 quze
2479 1030 2635 1087 utilia
2660 1044 2725 1086 ac
2746 1024 3055 1085 necessaria
3082 1022 3333 1093 assumat,
3368 1036 3519 1097 post-

224 1140 465 1197 vlrtntis.
491 1132 631 1210 Quid
658 1136 897 1195 amicitia
930 1136 1221 1210 pretiosius
1239 1138 1262 1191 ?
1280 1136 1410 1205 Quaa
1441 1133 1646 1205 angelis
1672 1148 1819 1189 com-

223 1237 409 1292 munis
468 1245 522 1292 et
573 1234 888 1312 hominibus.
928 1242 1030 1290 est.
1089 1233 1242 1290 Unde
1306 1231 1568 1287 Dominus
1621 1231 1752 1288 dicit
1801 1250 1815 1286 :

231 1351 249 1383 σ
288 1330 479 1387 Facite
517 1326 670 1386 vobis
714 1326 918 1385 amicos
949 1330 1013 1385 de
1062 1326 1246 1400 iniquo
1302 1342 1610 1384 mammona
1659 1325 1816 1400 (Luc.

224 1423 372 1495 xvi).
419 1443 436 1476 ι
470 1422 585 1494 Ipse
616 1414 875 1477 Dominus
914 1430 1100 1477 noster
1136 1421 1340 1477 amicos
1369 1437 1433 1477 ex
1473 1420 1643 1477 servis
1670 1419 1819 1476 fecit.

224 1510 474 1569 Sicutait
499 1512 794 1569 secundum
814 1510 1077 1568 Joannem
1104 1530 1120 1568 ;
1153 1532 1171 1564 ‹
1208 1512 1313 1568 Vos
1345 1511 1504 1567 amici
1532 1511 1639 1566 mei
1668 1512 1819 1577 estis,

221 1610 263 1661 si
290 1608 530 1662 feceritis
552 1623 673 1678 quae
699 1623 799 1677 ego
820 1604 1077 1678 praecipio
1105 1605 1257 1662 vobis
1284 1604 1467 1679 (Joan.
1486 1604 1597 1678 xv).
1621 1625 1639 1657 ›
1665 1602 1823 1659 Dedit

222 1703 458 1755 turmam
485 1699 756 1766 amicitia},
789 1715 952 1770 quam
974 1714 1288 1769 sequamur,
1317 1707 1378 1753 ut
1402 1696 1665 1753 faciamus
1692 1694 1824 1749 ami-

219 1793 266 1846 ri
298 1794 648 1859 voluntatem,
685 1801 747 1848 ut
792 1793 1101 1864 aperiamus
1149 1802 1360 1849 secreta
1399 1802 1585 1848 nostra
1613 1792 1819 1860 amico,

221 1900 562 1956 qmecunque
590 1885 642 1939 in
675 1894 896 1957 pectore
924 1884 1210 1952 habemus,
1240 1893 1295 1940 et
1318 1884 1460 1940 illius
1489 1900 1684 1940 arcana
1709 1902 1818 1940 non

1921 1128 2167 1199 ponenda
2193 1128 2337 1183 bono
2366 1124 2652 1181 cbaritatis
2676 1137 2730 1179 et
2762 1123 2932 1193 pacis.
2958 1121 3220 1190 Quartum
3247 1160 3261 1185 ,
3303 1126 3364 1174 ut
3399 1134 3519 1174 orca

1924 1217 2015 1275 dat
2034 1230 2134 1275 nec
2154 1218 2315 1288 justis
2340 1233 2438 1273 nec
2467 1214 2682 1288 iniustis
2716 1216 2784 1271 de
2825 1214 3006 1270 causis
3028 1208 3242 1284 penitus
3274 1211 3517 1266 irascen-

1924 1314 2068 1367 dum.
2100 1311 2380 1380 Quintum,
2422 1320 2481 1366 ut
2504 1311 2788 1365 adversum
2821 1318 2878 1363 se
2916 1304 3250 1361 iracundiam
3294 1302 3513 1365 fratris,

1925 1400 2090 1461 etiam
2139 1406 2257 1461 sine
2300 1405 2511 1460 ratione
2566 1409 2926 1474 conceptam,
2973 1400 3160 1454 eodem
3207 1400 3366 1452 modo
3412 1410 3519 1466 quo

1926 1512 2078 1555 suam
2115 1516 2309 1556 curare
2345 1500 2632 1561 desideret,
2677 1497 2853 1553 sciens
2890 1493 3172 1565 aequaliter
3209 1492 3313 1547 sibi
3342 1488 3523 1562 perni-

1925 1592 2129 1648 ciosam
2160 1593 2386 1648 alterius
2409 1607 2529 1648 esse
2558 1590 2859 1654 tristitiam,
2900 1604 2965 1644 ac
2994 1588 3039 1643 si
3070 1588 3330 1642 adversus
3356 1582 3520 1638 alium

1926 1682 2041 1757 ipse
2070 1695 2373 1752 moveatur,
2411 1685 2519 1740 nisi
2559 1701 2700 1749 eam,
2737 1691 2996 1752 quantum
3038 1681 3091 1736 in
3123 1692 3183 1735 sc
3222 1685 3323 1743 est,
3353 1676 3521 1731 etiam

1926 1777 1992 1831 de
2049 1774 2235 1833 fratris
2294 1782 2477 1833 mente
2542 1776 2826 1847 depulerit.
2883 1776 3223 1829 Postremum
3262 1769 3390 1826 illud
3416 1774 3519 1834 est,

1927 1868 2071 1943 quod
2092 1870 2345 1942 generale
2375 1871 2635 1925 vitiorum
2671 1869 2911 1923 omnium
2952 1864 3378 1938 peremptorium
3403 1875 3523 1916 esse

221 1954 542 2047 gnorcmus.
580 1954 941 2035 Ostendanius
985 1974 1061 2033 illi
1107 1988 1297 2050 pectus
1333 1989 1609 2044 nostrum,
1647 1987 1702 2035 et
1728 1979 1818 2035 ille
1846 1956 1895 2017 Β
1930 1981 2037 2022 non
2070 1966 2290 2021 dubium
2318 1973 2420 2030 est.
2447 1972 2505 2018 ut
2529 1979 2590 2019 se
2609 1963 2676 2018 de
2696 1962 2800 2017 hOC
2840 1960 3042 2015 mundo
3071 1958 3257 2014 οτθάίιῐ
3284 1954 3526 2027 (Ιυοῑῖάῖθ

222 2065 384 2122 nobis
411 2069 620 2139 aperiat
649 2085 827 2124 suum.
868 2088 887 2120 ‹
914 2064 1063 2135 Ideo,
1096 2068 1291 2141 inquit,
1322 2086 1419 2125 vos
1449 2068 1558 2125 dixi
1590 2070 1827 2138 amicos,

222 2159 355 2227 quia
383 2160 566 2213 omnia
588 2176 923 2231 quteeunque
953 2156 1135 2216 audivi
1165 2178 1194 2216 a
1217 2160 1378 2219 Patre
1404 2176 1548 2231 meo,
1572 2175 1700 2220 nota
1726 2164 1830 2220 feci

223 2248 401 2305 vobis.
436 2270 454 2302 ι
485 2250 629 2307 Nihil
657 2267 786 2323 ergo
807 2251 1043 2309 occultat
1072 2254 1301 2321 amicus,
1334 2256 1378 2311 si
1404 2270 1566 2312 verus
1592 2266 1704 2322 est;
1739 2259 1831 2314 sed

221 2341 453 2399 ell'undit
481 2343 719 2398 animum
745 2361 902 2400 suum
931 2345 1072 2400 sicut
1101 2340 1416 2403 effundebat
1445 2351 1705 2420 mysteria
1730 2351 1832 2406 Pa-

219 2436 326 2491 tris
355 2432 614 2491 Dominus
634 2430 811 2492 Jesus.
842 2437 944 2506 Qui
974 2434 1120 2494 enim
1147 2448 1329 2495 servat
1360 2438 1657 2497 amicitiam
1685 2483 1700 2508 ,
1734 2442 1830 2499 Dei

220 2526 436 2581 amicus
479 2536 586 2593 est,
615 2524 720 2582 hoc
764 2528 1067 2583 honoratur
1102 2530 1342 2598 nomine,
1378 2531 1471 2602 qui
1503 2540 1589 2587 est
1638 2534 1830 2589 unani—

219 2617 352 2682 mis,
384 2633 485 2673 nec
531 2618 818 2689 quisquam
849 2621 994 2675 enim
1020 2619 1393 2677 detestabilior
1422 2632 1508 2678 est
1538 2640 1702 2695 quam
1736 2626 1828 2697 qui

222 2708 524 2765 amicitiam
567 2710 787 2766 laeserit.
821 2708 976 2768 Unde
1018 2712 1074 2767 in
1118 2712 1393 2785 proditore
1431 2712 1695 2772 Dominus
1725 2717 1830 2775 hoc

222 2800 605 2870 gravissimum
633 2816 802 2872 genus
838 2796 1078 2859 scandali
1126 2805 1352 2869 invenit,
1390 2821 1497 2875 quo
1533 2805 1649 2876 ejus
1695 2824 1826 2863 con-

222 2890 514 2951 demnaret
546 2894 849 2967 perlidiam.
893 2897 1047 2965 Quod
1081 2899 1269 2971 gratiae
1297 2900 1467 2954 vicem
1498 2915 1606 2955 non
1633 2916 1831 2972 reprae-

224 2986 557 3053 sentaverit;
603 2995 661 3045 et
702 2984 948 3045 convivis
988 2988 1244 3046 amicitiae
1296 3004 1566 3046 venenum
1611 2990 1831 3047 malitiae

225 3074 538 3133 miscuerit.

304 3186 323 3218 ι
357 3164 579 3226 Amicus
618 3166 793 3228 lldelis
831 3172 1288 3228 medicamentum
1326 3173 1449 3229 vita:
1474 3180 1530 3229 et
1553 3170 1832 3229 immorta-

1932 2057 2288 2128 migraturum
2309 2074 2322 2123 ;
2341 2068 2461 2127 qum
2483 2054 2762 2126 persuasio
2783 2066 2891 2107 non
2907 2051 3080 2107 solum
3101 2048 3304 2104 nullam
3330 2046 3383 2102 in
3406 2060 3528 2101 cor-

1933 2148 1999 2205 de
2045 2149 2322 2204 tristitiam
2348 2147 2586 2204 residere
2630 2145 2919 2218 permittit,
2977 2156 3165 2199 verum
3200 2141 3364 2196 etiam
3407 2138 3527 2193 nni-

1933 2254 2121 2297 versos
2174 2240 2736 2311 concupiscentiarum
2790 2250 2854 2292 ac
2896 2245 3241 2309 peccatorum
3285 2233 3528 2288 omnium

1932 2331 2252 2401 comprimet
2299 2338 2499 2386 motus.
2554 2326 2681 2385 Haec
2720 2328 2885 2399 igitur
2922 2325 3227 2396 quicunque
3265 2321 3523 2386 tenuerit,

1931 2420 2350 2477 amaritudinem
2395 2420 2489 2477 ira:
2528 2429 2694 2492 atque
2737 2414 3020 2475 discordiae
3056 2430 3157 2471 nec
3189 2410 3303 2486 pati
3331 2408 3532 2486 poterit

1931 2529 2030 2569 nec
2060 2513 2287 2570 inferre.

2558 2578 2788 2639 CAPUT
2828 2580 2914 2635 ω.

1932 2676 2205 2761 Sapientia
2234 2680 2481 2733 hortatur
2510 2677 2675 2761 filios,
2725 2675 2781 2728 id
3269 2665 3529 2761 ﬁdelium”,

1998 2739 2056 2804 in
2106 2765 2210 2804 uno
2257 2766 2461 2815 omnes,
2490 2739 2536 2803 ἐι
2576 2749 2630 2802 in
2663 2739 2911 2800 omnibus
2948 2760 3128 2804 unum,
3157 2739 3532 2815 excipiendam

1999 2820 2323 2885 doctrinam,
2352 2830 2406 2872 ut
2433 2809 2496 2873 ἐκ
2514 2818 2624 2884 'ﬁde
2655 2826 2705 2872 et
2732 2815 2972 2886 operibus
3000 2812 3237 2866 doctrina
3265 2810 3330 2863 sit
3360 2809 3529 2864 clara.

2008 2930 2025 2962 ι
2060 2911 2184 2977 Fili,
2215 2926 2243 2965 a
2261 2909 2546 2981 juventute
2579 2919 2667 2963 tua
2706 2908 2895 2977 excipe
2924 2903 3246 2969 doctrinam,
3280 2912 3334 2957 et
3360 2915 3532 2970 usque

1935 3024 1954 3056 ι
1986 3004 2053 3058 ad
2099 3019 2264 3060 canos
2308 3003 2550 3059 invenies
2600 2999 2943 3072 sapientiam.
2990 3017 3007 3048 ι
3055 2992 3190 3051 llinc
3232 3003 3287 3051 et
3317 2993 3372 3048 in
3400 2991 3533 3048 Pro-

1929 3096 2129 3152 verbiis
2155 3096 2422 3166 scriptum
2449 3104 2533 3150 est
2558 3112 2572 3148 :
2605 3112 2623 3145 ι
2661 3093 2763 3148 Fili
2795 3091 2894 3157 mi,
2925 3086 2971 3147 si
3000 3088 3289 3145 intraverit
3317 3086 3533 3158 sapien-

1930 3188 2007 3245 tia
2029 3204 2124 3244 cor
2149 3197 2326 3255 tuum,
2355 3197 2412 3245 et
2431 3187 2658 3244 scientia
2686 3186 2880 3240 anima:
2903 3194 3008 3237 tute
3030 3176 3319 3252 placuerit,
3352 3176 3533 3233 consi-

230 3272 255 3310 ι
291 3258 493 3329 litatis;
541 3271 596 3318 et
635 3262 728 3335 qui
777 3272 1025 3322 metuunt
1066 3267 1353 3322 Dominum
1380 3308 1397 3334 ,
1446 3267 1725 3323 invenient
1768 3267 1831 3324 il-

234 3368 254 3381 .
290 3352 401 3381 1η...
462 3374 475 3381 -
521 3354 731 3381 Aman..-
766 3358 959 3381 124.---
994 3361 1143 3381 -___-_:
1176 3361 1338 3381 __2_-2
1377 3370 1548 3381 --__.A-
1605 3361 1655 3381 ια
1693 3361 1793 3381 Aw:

1943 3282 2066 3336 lium
2090 3281 2353 3336 custodiet
2389 3288 2462 3346 te,
2492 3287 2547 3335 et
2570 3277 2856 3349 prudentia
2881 3273 3121 3331 servabit
3168 3278 3223 3325 te
3246 3311 3260 3336 ,
3292 3277 3536 3381 ut.crua—

233 3368 254 3403 ι
290 3352 423 3408 lum.
459 3374 479 3408 ι
511 3354 734 3414 Amicus
762 3358 960 3415 dicitur
989 3361 1147 3429 quasi
1172 3361 1341 3416 animi
1369 3370 1574 3418 custos.
1605 3361 1665 3418 in
1688 3361 1827 3417 ami-

228 3463 300 3503 co
328 3449 521 3520 quippe
552 3448 695 3506 lideli
723 3453 1184 3510 medicamentum
1211 3463 1295 3511 est
1320 3454 1445 3510 vitae
1471 3463 1525 3509 et
1553 3454 1830 3511 immorta-

226 3529 407 3591 litatis
442 3552 455 3591 :
490 3539 614 3609 quia
659 3542 702 3596 si
749 3541 925 3600 ﬁdelis
954 3553 1036 3599 est
1059 3586 1075 3612 ,
1113 3547 1412 3603 secundum
1447 3546 1615 3602 Deum
1644 3546 1831 3618 utique

234 3624 445 3682 amicus
472 3638 592 3697 est;
648 3632 690 3688 si
734 3640 913 3690 autem
962 3636 1257 3691 secundum
1285 3636 1457 3693 Deum
1488 3636 1694 3693 amicus
1725 3647 1828 3708 est,

232 3733 300 3773 ea
332 3734 543 3791 semper
572 3736 693 3778 cum
732 3727 910 3781 amico
953 3735 1189 3794 tractat,
1222 3742 1342 3799 quae
1373 3726 1440 3782 ad
1469 3725 1832 3784 medicamen-

235 3819 353 3866 tum
375 3814 497 3868 vitm
520 3824 736 3871 aeternae
769 3827 824 3873 et
863 3820 1326 3876 intinortalitatem
1355 3832 1670 3892 perpetuam
1710 3838 1833 3894 per-

238 3907 432 3963 tinent.
479 3908 635 3965 Unde
682 3920 767 3966 est
813 3912 903 3967 illa
958 3914 1120 3970 Tullii
1156 3913 1437 3972 Ciceronis
1490 3915 1760 3971 sententia
1814 3933 1827 3971 :

247 4018 265 4049 ι
296 3999 606 4055 Amicitiam
625 4003 730 4056 nisi
755 4004 898 4058 inter
920 4006 1094 4061 bonos
1108 4021 1229 4061 esse
1252 4022 1360 4061 non
1381 4021 1561 4076 posse.
1579 4007 1676 4062 Est
1689 4006 1833 4061 enim

242 4090 369 4145 boni
408 4092 511 4147 viri
557 4091 742 4166 (quem
791 4092 1043 4150 eumdem
1084 4098 1382 4167 sapientem
1438 4098 1565 4153 licet
1607 4096 1831 4168 dicere),

244 4181 364 4236 base
388 4181 497 4237 duo
524 4192 713 4239 tenere
734 4183 789 4238 in
826 4184 1062 4242 amicitia
1088 4227 1103 4252 ,
1134 4186 1365 4258 primum
1393 4202 1461 4243 ne
1500 4187 1628 4257 quid
1651 4188 1836 4243 ﬁctum

242 4274 339 4339 sit,
368 4288 507 4330 neve
535 4276 872 4333 simulatum.
918 4298 937 4332 ι
981 4280 1177 4351 Aperte
1216 4282 1359 4337 enim
1397 4282 1482 4336 vel
1514 4281 1693 4337 odisse
1724 4295 1838 4335 ma-

246 4366 332 4438 gis
374 4365 591 4437 ingenui
631 4374 736 4436 est,
773 4386 934 4439 quam
963 4368 1141 4435 ﬂente
1175 4374 1450 4429 occultare
1470 4374 1833 4439 sententiam;

248 4457 446 4511 deinde
474 4472 583 4512 non
605 4458 777 4515 solum
804 4460 872 4514 ab
903 4458 1084 4529 aliquo
1106 4463 1296 4514 allatas
1322 4464 1729 4519 criminationes
1754 4476 1841 4518 re-

248 4550 473 4621 pellere,
503 4551 596 4606 sed
616 4564 684 4606 ne
715 4552 890 4622 ipsum
920 4553 1137 4623 quidem
1172 4567 1293 4607 esse
1319 4551 1673 4622 suspiciosum
1700 4564 1842 4606 sem-

1934 3375 2011 3430 ris
2052 3389 2084 3429 a
2116 3374 2201 3428 via
2255 3373 2399 3429 mala
2446 3380 2502 3428 et
2545 3372 2613 3428 ab
2654 3370 2896 3434 homine,
2943 3366 3036 3438 qui
3066 3377 3322 3437 perversa
3356 3354 3534 3431 loqui-

1935 3474 2022 3523 tur
2052 3457 2237 3539 (Prov.
2266 3466 2349 3538 n).
2383 3486 2402 3517 ι
2437 3465 2755 3535 Quicunque
2780 3477 2910 3534 ergo
2951 3459 3004 3517 in
3031 3459 3319 3533 juventute
3348 3452 3531 3511 studet

1934 3575 2079 3619 same
2101 3559 2361 3616 doctrinae
2388 3573 2575 3614 aurem
2606 3556 2864 3612 adbibere
2906 3549 3246 3615 obedientite,
3286 3547 3343 3603 in
3372 3558 3530 3604 sene-

1935 3660 2084 3708 ctute
2110 3650 2452 3707 dulcissimos
2476 3644 2685 3702 fructus
2709 3653 2876 3701 metet
2900 3638 3200 3712 sapientiae.

2009 3763 2027 3794 ι
2069 3742 2236 3810 Quasi
2278 3742 2324 3796 is
2363 3743 2455 3811 qui
2486 3748 2607 3793 arat
2650 3745 2705 3790 et
2750 3735 3022 3799 seminat,
3063 3730 3260 3787 accede
3289 3722 3357 3784 ad
3387 3727 3533 3785 illam

1943 3856 1961 3890 ‹
1996 3844 2052 3892 et
2073 3836 2279 3890 sustine
2309 3834 2481 3888 bonos
2504 3831 2713 3886 fructus
2736 3828 2900 3895 illius,
2928 3827 2984 3882 in
3004 3838 3168 3896 opere
3198 3820 3343 3878 enim
3364 3820 3534 3891 ipsius

1944 3949 1963 3982 ι
1994 3930 2249 4002 exiguum
2280 3924 2574 3991 laborabis,
2616 3929 2670 3978 et
2700 3922 2807 3977 cito
2842 3919 2970 3976 edes
3006 3918 3071 3972 de
3098 3910 3538 3987 generationibus

1942 4042 1960 4076 ι
2000 4022 2189 4093 ipsius.
2233 4039 2252 4073 ι
2292 4019 2528 4075 Vomere
2565 4015 2762 4087 quippe
2802 4009 3076 4084 Evangelii
3133 4009 3199 4061 de
3237 4005 3402 4062 corde
3440 4018 3538 4093 suo

1938 4092 2212 4181 genimina
2238 4109 2496 4164 vitiorum
2527 4105 2685 4163 debet
2712 4104 3015 4175 exstirpare
3033 4142 3047 4166 ,
3076 4098 3167 4170 qui
3194 4112 3382 4155 semen
3404 4092 3541 4150 divi-

1937 4203 1994 4259 ni
2020 4203 2175 4258 verbi
2204 4202 2389 4269 edere,
2427 4209 2481 4255 et
2518 4198 2725 4254 fructus
2750 4194 3093 4252 dulcissimos
3122 4206 3399 4247 sacrarum
3429 4186 3539 4242 vir-

1941 4288 2115 4349 tntum
2152 4290 2426 4348 desiderat
2464 4300 2689 4344 metere.
2731 4285 2886 4355 Quod
2924 4292 3103 4338 autem
3144 4279 3278 4336 dicit
3318 4297 3330 4333 :
3372 4297 3391 4329 ι
3437 4274 3541 4332 Su-

1941 4384 2084 4441 stine
2112 4383 2287 4437 bonos
2325 4379 2536 4436 fructus
2571 4378 2716 4433 illius
2750 4398 2795 4442 ι,
2837 4372 3076 4430 ostendit
3110 4370 3235 4441 quia
3276 4364 3536 4438 patientia

1941 4477 2196 4545 probatio
2228 4485 2311 4531 est
2346 4473 2632 4528 virtutum.
2685 4468 2839 4523 Sicut
2881 4466 2997 4534 ipsa
3036 4461 3246 4515 Veritas
3279 4466 3331 4513 in
3359 4457 3534 4512 Evan-

1945 4565 2084 4639 gelio
2107 4570 2358 4630 testatur,
2397 4560 2583 4618 dicens
2624 4576 2638 4614 :
2686 4578 2703 4610 ε
2736 4554 2837 4625 Qui
2870 4564 3047 4609 autem
3078 4551 3301 4606 verbum
3340 4548 3537 4604 retinet

252 4656 351 4711 per
383 4642 587 4710 aiiquid
630 4643 1039 4698 existimantem
1089 4640 1159 4697 ab
1195 4644 1370 4699 amico
1405 4657 1525 4698 esse
1559 4641 1834 4710 violatum,

1949 4657 2003 4712 in
2028 4655 2190 4712 corde
2215 4656 2358 4711 bono
2394 4660 2447 4709 et
2480 4651 2708 4723 optimo,
2749 4646 2982 4703 fructum
3019 4643 3205 4699 sileret
3240 4642 3294 4697 in
3324 4639 3541 4711 patien-

253 4732 476 4789 aceedat
510 4737 617 4790 huc
646 4735 888 4792 suavitas
913 4738 1156 4806 quaedam
1178 4742 1393 4807 oportet
1427 4750 1737 4792 sermonum
1764 4743 1845 4790 at-

256 4838 362 4895 que
390 4842 626 4892 morum,
666 4827 1089 4899 haudquaquam
1128 4828 1399 4884 mediocre
1439 4829 1843 4883 condimentum

256 4918 529 4973 amicitire.
559 4919 802 4975 Tristitia
830 4930 1011 4976 autem
1036 4928 1090 4975 et
1115 4921 1170 4975 in
1194 4919 1341 4975 omni
1372 4936 1430 4975 re
1461 4920 1725 4975 severitas
1751 4919 1849 4975 ha-

259 5013 353 5067 bet
387 5011 477 5066 illa
522 5012 739 5081 quidem
778 5013 1122 5083 gravitatem,
1165 5013 1259 5069 sed
1308 5013 1545 5068 amicitia
1572 5012 1850 5068 remissior

259 5120 383 5160 esse
408 5106 584 5169 debet,
616 5112 674 5160 et
700 5102 947 5170 liberior,
976 5115 1034 5162 et
1062 5102 1289 5171 dulcior,
1329 5114 1384 5161 et
1417 5104 1484 5160 ad
1512 5118 1734 5175 omnem
1762 5102 1848 5159 fa-

262 5198 527 5254 cilitatem
554 5198 862 5269 prociivior.

342 5310 361 5343 ι
398 5291 500 5360 Qui
550 5292 708 5347 timet
744 5292 911 5347 Deum
962 5306 1116 5363 atque
1162 5288 1384 5347 habebit
1426 5288 1718 5345 amicitiam
1756 5288 1853 5345 bo-

272 5404 292 5437 ι
325 5400 474 5451 nmn,
500 5386 757 5455 quoniam
782 5387 1077 5440 scentulum
1103 5384 1249 5440 illum
1272 5384 1377 5441 erit
1396 5385 1600 5441 amicus
1626 5384 1787 5439 iiiius.
1828 5404 1846 5435 ι

266 5477 492 5532 Menam
514 5494 646 5550 ergo
682 5488 842 5547 atque
867 5479 1163 5547 perfectam
1190 5478 1442 5534 amicitiae
1466 5479 1715 5550 gratiam,
1748 5476 1855 5533 nisi

269 5568 417 5622 inter
432 5568 700 5638 perfectos
720 5571 890 5635 viros,
912 5568 1260 5639 ejusdemque
1275 5568 1492 5625 virtutis
1506 5583 1857 5639 perseverare

272 5676 383 5717 non
412 5676 573 5731 posse
621 5665 793 5720 sancti
828 5663 1017 5720 Patres
1045 5664 1360 5719 docuerant.
1401 5665 1556 5719 Unde
1590 5660 1858 5733 quomodo

274 5755 752 5825 “perfectionem
784 5758 928 5814 illius
949 5768 1004 5813 et
1032 5757 1398 5813 inviolabilem
1436 5765 1634 5811 statim]
1665 5769 1860 5825 perve-

277 5850 386 5906 niri
418 5850 588 5921 possit
614 5893 629 5918 ,
659 5854 815 5921 quasi
856 5855 1054 5923 gradus
1088 5854 1349 5925 quosdam
1387 5858 1714 5906 statuerunt.
1746 5851 1864 5905 Pri-

279 5954 435 6002 mum
472 5945 644 6022 igitur
678 5945 904 6023 gradum
950 5960 1094 6005 verte
1145 5945 1398 6005 amicitiae
1452 5944 1508 6004 in
1555 5948 1866 6019 contemptu

1950 4748 2023 4803 tia
2054 4745 2217 4819 (Luc.
2246 4743 2388 4816 vni).
2426 4762 2444 4796 ι
2487 4761 2505 4794 ι
2538 4740 2598 4796 In
2626 4756 2817 4812 opere,
2848 4736 3017 4808 inquit
3038 4779 3051 4801 ,
3083 4735 3253 4806 ipsius
3282 4732 3536 4802 exiguum

1949 4837 2242 4902 laborabis,
2273 4844 2328 4891 et
2346 4837 2454 4891 cito
2476 4835 2602 4890 edes
2624 4832 2689 4887 de
2718 4827 3157 4903 generationibus
3183 4823 3370 4893 ipsius.
3398 4820 3535 4887 Quia

1952 4946 2059 4985 non
2089 4937 2216 4983 sunt
2245 4927 2526 4996 condigna:
2570 4923 2850 4995 passiones
2879 4918 3037 4987 hujus
3076 4912 3334 4983 temporis
3358 4911 3425 4965 ad
3460 4910 3541 4964 l'u-

1904 5026 1913 5033 ’
1954 5028 2130 5076 turam
2174 5018 2405 5089 gleriam
2441 5058 2456 5083 ,
2505 5029 2624 5086 quae
2674 5011 3000 5067 revelabitur
3034 5004 3087 5059 in
3148 5000 3303 5057 nobis
3343 4998 3538 5073 (Rom.

1955 5112 2107 5183 vni).
2149 5130 2166 5162 ι
2200 5108 2333 5164 Nam
2365 5106 2641 5164 tribulatio
2683 5101 2968 5175 prmsentis
3009 5094 3269 5165 temporis
3313 5095 3543 5183 immen-

1958 5181 2076 5259 sum
2114 5202 2297 5273 gloriae
2343 5201 2553 5271 pondus
2602 5197 2658 5251 in
2710 5192 2891 5249 futuro
2929 5186 3246 5260 cperabitur
3279 5185 3329 5237 in
3366 5181 3540 5237 nobis.

1959 5293 2224 5364 Quoniam
2261 5309 2279 5343 ι
2320 5289 2506 5346 oculus
2544 5303 2652 5344 non
2679 5284 2835 5349 vidit,
2872 5296 2971 5337 nec
3009 5279 3157 5334 auris
3193 5274 3419 5341 audivit,
3455 5288 3548 5329 ne-

1961 5399 2066 5455 que
2098 5384 2151 5438 in
2184 5399 2279 5438 eor
2301 5378 2539 5437 hominis
2581 5377 2858 5441 ascendit,
2905 5386 3024 5443 quae
3052 5367 3377 5443 przeparavit
3404 5368 3547 5423 Deus

1960 5479 2052 5534 his
2083 5478 2175 5548 qui
2213 5472 2638 5547 diliguntillum.
2678 5490 2696 5521 ι
2898 5478 2909 5483 “

2039 5589 2057 5621 ι
2096 5569 2269 5636 Quam
2309 5582 2499 5636 aspera
2529 5573 2613 5618 est
2635 5560 2861 5617 nimium
2895 5555 3157 5629 sapientia
3187 5553 3420 5611 indoctis
3444 5552 3545 5606 ho-

1968 5682 1987 5714 c
2022 5661 2275 5723 minibus,
2310 5668 2365 5711 et
2392 5670 2500 5711 non
2528 5651 2869 5724 permanebit
2915 5654 2969 5704 in
3012 5647 3103 5703 illa
3136 5658 3349 5709 excors,
3384 5638 3547 5713 quasi

1973 5776 1990 5809 ι
2028 5756 2217 5825 lapidis
2245 5754 2416 5807 virtus
2454 5751 2702 5823 probatio
2730 5749 2835 5804 erit
2875 5748 2930 5803 in
2957 5742 3092 5809 illis,
3136 5752 3190 5799 et
3219 5756 3324 5797 non
3361 5740 3546 5794 demo-

1974 5869 1991 5901 ι
2025 5850 2288 5904 rabuntur
2308 5844 2575 5915 projicere
2604 5842 2771 5897 illam.
2804 5859 2821 5891 ι
2870 5833 3305 5908 imprudentibus
3340 5840 3553 5898 semper

1970 5953 2026 6002 et
2059 5940 2241 6002 stultis
2283 5935 2660 5999 abominabilis
2698 5941 2786 5994 est
2835 5927 3117 5992 meditatio
3158 5919 3455 6003 sapientiai,
3495 5920 3551 5983 et
