4030 6486
513 427 622 486 799

1158 423 1222 478 Β.
1259 418 1779 506 mm'muni
1817 417 2103 478 ARCHIEI

2209 417 2490 476 lOGUNT.
2529 417 2818 476 OPERUM
2857 417 3037 474 PARS
3071 417 3116 474 Ι.

3692 415 3813 473 800

506 549 959 604 detestantureos
987 539 1081 613 qui
1101 554 1160 597 se
1179 549 1428 613 arguunt,
1459 539 1585 612 quia
1611 539 1860 596 nesciunt
1889 539 2093 594 utilita-
2120 541 2171 600 Α
2274 557 2292 588 ι
2329 537 2383 591 In
2414 537 2561 592 omni
2598 536 2779 591 animo
2810 547 2902 591 tuo
2933 536 3128 592 accede
3163 536 3231 591 ad
3271 535 3437 602 illam,
3477 543 3537 590 et
3566 535 3624 590 in
3650 538 3812 591 omni

506 648 614 696 tem
654 635 971 708 disciplinae.
1029 634 1182 691 Unde
1220 634 1480 704 scriptum
1520 641 1605 690 est
1647 633 1704 687 in
1728 631 2036 688 Proverbiis
2080 650 2092 688 :

511 751 529 784 ι
569 729 778 786 Stultus
804 729 993 784 irridet
1018 728 1190 799 patris
1216 727 1300 782 sui
1321 726 1664 798 disciplinam
1695 723 1880 796 (Prov.
1915 723 2030 796 xv).
2071 744 2090 777 ι

505 821 574 876 Et
598 822 726 876 item
757 839 776 873 ι
807 821 990 892 Argue
1033 820 1355 891 sapientem,
1404 827 1462 874 et
1510 819 1695 890 diliget
1737 825 1824 883 te;
1880 817 2098 888 increpa

505 914 755 978 stultum,
780 921 835 968 et
856 912 981 968 odio
1013 920 1066 967 te
1091 911 1312 967 habebit
1336 910 1499 983 (Ibid.
1534 909 1632 982 ix).
1669 930 1688 962 ι
1724 908 1793 964 Ει
1817 925 2038 964 rursum
2080 926 2093 963 :

513 1021 531 1055 ι
565 1001 683 1057 Νοη
705 1009 853 1056 amat
881 1000 1144 1073 pestilens
1169 1015 1292 1055 eum
1321 999 1413 1070 qui
1439 1015 1496 1054 se
1523 999 1771 1071 corripit,
1794 1014 1896 1054 nec
1923 999 1992 1054 ad
2014 1014 2100 1055 sa-

507 1095 718 1165 pientes
775 1094 1019 1166 graditur
1058 1092 1220 1166 (Ibid.
1247 1092 1363 1166 xv).
1400 1113 1418 1144 ι
1455 1091 1619 1148 Auris
1658 1107 1778 1164 qua:
1818 1091 1971 1148 audit
2012 1092 2100 1147 in-

509 1185 850 1254 crepationes
880 1184 1026 1249 vitae,
1069 1183 1124 1238 in
1164 1182 1343 1238 medio
1378 1183 1705 1254 sapientium
1737 1180 2099 1239 commorabi-

514 1284 620 1342 tur,
657 1276 751 1347 qui
777 1274 963 1345 abjicit
987 1275 1352 1346 disciplinam,
1385 1276 1615 1346 despicit
1645 1276 1884 1332 animam
1911 1291 2098 1342 suam;

511 1369 703 1424 duram
721 1369 869 1423 enim
897 1369 1171 1424 testimant
1193 1383 1312 1424 esse
1332 1366 1701 1438 disciplinam,
1732 1369 1959 1440 ideoque
1981 1384 2100 1425 mo-

511 1460 716 1514 liuntur
753 1474 784 1513 a
806 1475 866 1516 se
891 1458 1127 1531 abjicere
1174 1459 1340 1515 illam.
1385 1459 1492 1515 Sed
1522 1459 1649 1514 licet
1683 1461 1800 1515 haec
1831 1459 2102 1515 sententia

510 1552 837 1625 generaliter
878 1553 948 1610 ad
995 1569 1186 1610 omnes
1225 1554 1544 1626 insipientes
1592 1555 1883 1624 pertineat,
1923 1563 2104 1610 tamen

511 1646 781 1718 praecipue
801 1645 1021 1702 denotat
1040 1646 1347 1712 haereticos,
1382 1647 1475 1717 qui
1497 1663 1594 1717 per
1618 1647 1876 1701 duritiam
1905 1647 2105 1702 mentis

510 1752 620 1793 suae
664 1754 772 1794 non
820 1739 1088 1809 recipiunt
1118 1739 1542 1810 correptionem,
1593 1753 1692 1794 nec
1733 1740 2004 1795 sustinent
2033 1740 2102 1796 ab

511 1847 697 1888 errore
723 1849 822 1889 suo
857 1833 1066 1898 divelli,
1112 1841 1276 1902 atque
1305 1833 1360 1887 in
1381 1833 1527 1888 viam
1549 1833 1798 1889 veritatis
1823 1833 2010 1905 dirigi;
2046 1833 2101 1888 hi

2129 627 2134 632 ’
2206 648 2222 680 ι
2259 628 2460 683 virtute
2499 637 2590 682 tua
2624 642 2887 685 conserva
2926 628 3042 683 vias
3071 626 3206 696 ejus.
3227 627 3500 699 Investiga
3542 627 3711 694 illam,
3750 637 3818 684 et

2206 740 2223 773 ι
2260 721 2692 778 manifestabitur
2720 721 2818 778 tibi
2849 740 2860 776 :
2896 731 2952 778 et
2979 723 3263 778 continens
3300 720 3476 778 factus
3506 737 3576 776 ne
3600 721 3816 777 dereli-

2204 833 2226 868 ι
2261 815 2446 886 queris
2470 831 2593 872 eam
2618 832 2633 881 ;
2662 816 2716 870 in
2743 814 3056 872 novissimis
3083 815 3230 870 enim
3267 815 3516 871 invenies
3556 816 3817 885 requiem

2206 930 2224 963 ‹
2261 909 2422 978 inea,
2476 918 2532 965 et
2585 918 2931 966 convertetur
2980 909 3078 964 tibi
3126 909 3182 964 in
3231 909 3686 966 oblectationem.
3744 909 3818 964 Et

2210 1019 2229 1054 ‹
2269 1009 2432 1056 erunt
2466 1001 2561 1057 tibi
2601 1002 2888 1073 compedes
2919 1001 2972 1057 in
2999 1002 3391 1074 protectionem
3431 1001 3815 1069 fortitudinis,

2210 1110 2230 1143 ‹
2263 1101 2318 1148 et
2339 1091 2498 1148 bases
2523 1093 2760 1160 virtutis,
2805 1103 2860 1150 et
2909 1102 3131 1164 torques
3169 1094 3316 1150 illius
3361 1095 3418 1150 in
3453 1095 3662 1152 stolam
3702 1095 3820 1168 glo-

2209 1201 2228 1237 ‹
2263 1184 2375 1239 rim.
2418 1205 2435 1236 ι
2481 1183 2655 1241 Corde
2693 1186 2838 1240 enim
2877 1185 3048 1257 magis
3079 1187 3445 1243 accedendum
3489 1199 3578 1244 est
3624 1188 3697 1243 ad
3738 1204 3822 1244 sa-

2203 1276 2483 1346 pientiam,
2514 1293 2677 1348 quam
2707 1293 2968 1349 corpore,
3017 1279 3144 1351 quia
3185 1279 3446 1349 spiritalis
3487 1280 3586 1336 lux
3633 1283 3821 1336 animo

2207 1367 2536 1438 inSpicienda
2557 1377 2664 1435 εει,
2695 1385 2802 1424 non
2843 1385 3042 1436 carne;
3073 1371 3167 1426 sed
3196 1380 3602 1429 tamemsensus
3625 1389 3823 1443 corpo-

2205 1460 2282 1515 ris
2327 1460 2550 1531 regendi
2595 1468 2722 1516 sunt
2773 1462 2972 1517 mentis
3021 1463 3252 1518 ratione.
3302 1463 3459 1521 Unde
3508 1481 3616 1520 nos
3661 1465 3823 1520 docet

2205 1551 2514 1622 Apostolus,
2555 1551 2744 1608 dicens
2779 1572 2790 1606 :
2837 1571 2855 1604 ι
2894 1552 3102 1624 Spiritu
3126 1554 3425 1622 ambulate,
3454 1565 3514 1612 et
3543 1557 3820 1612 desideria

2206 1647 2385 1700 carnis
2411 1662 2518 1701 non
2551 1646 2866 1716 perﬁcietis,
2899 1655 3003 1703 etc.
3033 1645 3176 1719 (Gal.
3210 1649 3286 1720 v).
3324 1669 3342 1703 ι
3372 1648 3476 1716 Qui
3512 1651 3674 1705 enim
3705 1651 3824 1704 ani-

2207 1751 2296 1790 mo
2336 1736 2531 1792 devoto
2567 1738 2861 1793 meditatur
2895 1749 2949 1793 et
3007 1755 3303 1810 agnoscere
3353 1750 3533 1796 certat
3587 1742 3688 1796 Dei
3743 1759 3825 1796 sa-

2205 1831 2486 1900 pientiam,
2518 1847 2639 1901 quae
2668 1840 2750 1887 est
2777 1831 3051 1900 Christus,
3089 1849 3312 1890 servare
3341 1836 3528 1891 studet
3556 1837 3826 1890 mandata

512 1925 764 1996 quamvis
812 1925 1026 1980 assidue
1076 1923 1390 1995 Scripturas
1438 1925 1638 1996 legant,
1691 1935 1870 1980 tamen
1913 1941 2101 1981 earum
2130 1920 2178 1980 B
2206 1917 2346 1986 eius.
2381 1929 2436 1975 ει
2471 1922 2716 1991 corporis
2745 1921 2931 1977 luxum
2953 1938 3053 1994 ρτο
3075 1925 3410 1980 continentia
3442 1928 3819 1997 restringere.

513 2015 625 2070 vim
670 2030 1015 2086 nequaquam
1059 2015 1384 2086 intelligunt.
1438 2015 1592 2071 Unde
1634 2017 1899 2087 scriptum
1952 2025 2037 2073 est
2085 2032 2102 2073 :

518 2125 538 2159 ι
571 2106 992 2174 Quzeritderisor
1013 2106 1358 2177 sapientiam,
1387 2115 1442 2163 et
1462 2124 1568 2162 non
1585 2108 2054 2182 inveniet(lbid.).
2077 2128 2096 2162 ι

511 2201 569 2259 In
595 2202 1005 2273 perceptoribus
1034 2209 1217 2257 autem
1243 2203 1357 2259 suis
1381 2202 1630 2272 probatio
1653 2204 1759 2258 erit
1782 2204 1944 2270 illius,
1972 2220 2107 2274 qua-

513 2297 559 2352 si
589 2295 784 2367 lapidis
815 2295 1002 2360 virtus,
1039 2296 1144 2352 hoc
1169 2306 1255 2352 est
1283 2296 1530 2352 soliditas
1553 2313 1778 2364 sensus,
1813 2297 1899 2352 cui
1927 2293 2106 2354 nullus
2140 2345 2149 2352 .

512 2398 852 2444 terrenarum
879 2403 1044 2460 opum
1071 2389 1379 2459 comparari
1414 2398 1596 2460 potest
1627 2391 1946 2456 thesaurus;
1977 2389 2103 2461 quia

511 2499 654 2539 verte
686 2482 970 2554 sapientiae
1011 2498 1175 2553 super
1219 2485 1402 2538 omnia
1448 2483 1667 2540 excellit
1711 2493 1907 2540 status.
1952 2483 2106 2552 Quod

511 2567 795 2631 Psalmista
823 2573 1093 2632 veraciter
1117 2575 1424 2646 intelligens
1451 2575 1528 2632 ita
1558 2576 1637 2630 ait
1669 2594 1682 2629 :
1716 2594 1734 2626 ‹
1771 2575 1982 2632 Jndicia
2008 2575 2105 2632 Dei

511 2679 640 2721 vera
682 2665 983 2738 justiﬁcata
1032 2668 1088 2723 in
1141 2667 1456 2736 semetipsa,
1509 2666 1890 2722 desiderabilia
1943 2682 2108 2746 super

513 2771 706 2812 aurum
755 2766 810 2812 et
851 2757 1084 2828 lapidem
1120 2758 1423 2828 pretiosum
1467 2757 1721 2824 multum,
1754 2765 1809 2812 et
1861 2756 2106 2814 dulciora

509 2863 674 2920 super
723 2851 830 2907 mel
872 2860 926 2907 et
961 2851 1143 2906 favum
1181 2849 1376 2922 (Psal.
1425 2851 1606 2923 xvtn).
1653 2871 1671 2904 ι
1707 2850 1784 2906 De
1823 2866 1930 2922 quo
1966 2851 2107 2907 etin

511 2941 822 3000 Proverbiis
845 2943 1107 3014 scriptum
1129 2951 1213 2998 cst
1244 2962 1256 2998 :
1295 2964 1312 2994 ‹
1341 2942 1531 3000 Melior
1562 2951 1647 2999 est
1672 2943 1939 3014 sapientia
1977 2958 2109 2998 cun-

511 3032 614 3088 ctis
635 3033 1044 3103 pretiosissimis
1068 3051 1082 3102 ;
1118 3042 1174 3090 et
1201 3050 1361 3090 omne
1391 3033 1752 3090 desiderabile
1777 3034 1827 3090 ei
1869 3049 1980 3090 non
2009 3050 2108 3106 po-
2147 3106 2156 3114 .

512 3132 617 3180 test
641 3125 947 3194 comparari
975 3124 1159 3198 (Prov.
1193 3125 1336 3198 vui).
1352 3146 1370 3179 ι

585 3233 604 3267 σ
635 3216 913 3287 Sapientia
955 3218 1101 3273 enim
1139 3218 1400 3274 doctrina:
1435 3220 1734 3275 secundum
1755 3233 1957 3274 nomen
1984 3234 2104 3288 ejus

2209 2025 2277 2065 ne
2308 2010 2517 2066 difﬂuat
2548 2012 2603 2066 in
2639 2013 3004 2084 voluptatibus
3033 2017 3316 2085 prazsentis
3338 2018 3486 2083 vitat,
3513 2019 3615 2072 sed
3649 2019 3828 2089 magis

2210 2104 2360 2157 vivat
2384 2105 2484 2159 sub
2514 2104 2698 2176 regula
2732 2105 2969 2162 caelestis
2996 2107 3327 2178 disciplime;
3359 2109 3447 2164 hic
3475 2111 3750 2166 nimirum
3774 2111 3825 2165 in

2209 2197 2520 2252 novissimis
2549 2196 2662 2252 suis
2691 2197 2932 2253 inveniet
2965 2201 3230 2269 requiem.
3263 2200 3494 2268 Quando
3527 2219 3708 2259 carne
3737 2219 3827 2259 so-

2209 2288 2353 2344 lutus
2399 2303 2496 2360 pro
2524 2290 2780 2360 praesenti
2828 2290 3013 2347 labore
3051 2295 3273 2363 prtemia
3301 2296 3575 2366 percipiet
3601 2307 3831 2352 :etema:

2209 2383 2409 2454 gloriae.
2443 2383 2597 2440 Unde
2622 2384 2899 2454 sequitur:
2925 2403 2944 2436 ‹
2974 2385 3150 2441 Decor
3175 2389 3321 2442 enim
3345 2389 3472 2443 vitae
3492 2398 3585 2444 est
3615 2390 3675 2444 in
3704 2390 3827 2455 illa;

2209 2485 2264 2533 et
2293 2477 2508 2532 vincula
2536 2464 2682 2533 illitis
2710 2489 2935 2532 nectura
2962 2478 3239 2535 salutaris.
3277 2478 3485 2536 Stolam
3517 2481 3719 2551 gloria:
3749 2482 3832 2535 in—

2209 2567 2344 2624 dues
2388 2584 2509 2625 eam
2563 2584 2578 2624 :
2623 2576 2678 2624 et
2727 2584 2987 2625 coronam
3046 2571 3426 2644 gratulationis
3473 2589 3831 2644 superpones

2210 2659 2326 2715 tibi.
2367 2680 2385 2712 ι
2431 2659 2724 2731 Sapientia:
2755 2661 2902 2717 enim
2947 2669 3097 2717 certa
3132 2663 3326 2718 notitia
3361 2663 3492 2718 facit
3541 2665 3832 2720 hominem

2210 2750 2519 2821 proximum
2543 2750 2652 2805 Deo
2675 2792 2690 2816 ,
2733 2760 2787 2805 et
2816 2752 2938 2806 vita:
2965 2762 3241 2824 perpetuze
3262 2769 3634 2825 possessorem
3666 2796 3683 2820 ,
3725 2770 3832 2811 nec

2212 2846 2371 2901 aliter
2395 2847 2682 2918 quisquam
2723 2847 2792 2901 ad
2829 2847 3255 2904 immortalitatis
3294 2846 3489 2903 stolam
3533 2855 3591 2902 et
3626 2847 3831 2917 gloria:

2210 2953 2473 2995 coronam
2509 2941 2796 3010 pervenire
2824 2940 3048 3010 poterit,
3092 2939 3197 2995 nisi
3233 2955 3332 3010 per
3358 2953 3547 2994 veram
3586 2940 3835 3010 agnitio-

2211 3047 2336 3086 nem
2363 3032 2665 3102 sapientiae,
2693 3033 2820 3103 quia
2843 3031 2958 3088 sola
2977 3043 3061 3088 est
3084 3032 3139 3086 in
3170 3031 3378 3087 cmlesti
3406 3047 3575 3103 regno
3597 3043 3833 3086 sancto-

2211 3138 2334 3177 rum
2371 3123 2676 3188 beatitudo,
2706 3123 3089 3194 contemplatio
3116 3123 3296 3178 vultus
3326 3123 3418 3178 Dei
3447 3132 3503 3179 et
3539 3123 3835 3193 perceptio

2210 3217 2476 3273 veritatis.
2521 3216 2674 3274 Unde
2706 3217 2822 3287 ipsa
2852 3216 3066 3273 Veritas
3096 3218 3149 3272 in
3178 3217 3473 3288 Evangelio
3499 3217 3566 3270 ad
3596 3217 3830 3274 Patrem

513 3329 531 3362 (
567 3317 682 3377 εει,
717 3319 773 3364 ει
825 3326 932 3366 non
969 3311 1155 3367 multis
1198 3322 1282 3368 est
1322 3311 1642 3378 manifesta;
1685 3312 1882 3383 quibus
1923 3321 2104 3368 autem
2132 3302 2178 3366 C
2210 3311 2287 3365 ait
2316 3329 2330 3364 :
2367 3329 2385 3360 ι
2424 3308 2551 3365 Haec
2580 3317 2666 3364 est
2697 3321 2879 3364 autem
2911 3311 3020 3365 vita
3044 3320 3248 3366 aeterna
3273 3352 3288 3374 ,
3321 3319 3378 3364 ut
3399 3320 3746 3380 cognoscant
3778 3321 3834 3366 te

441 3471 448 3476 _
506 3403 722 3473 cognita
760 3409 865 3469 est,
905 3412 1189 3474 permanet
1221 3420 1394 3476 usque
1431 3405 1502 3461 ad
1529 3415 1882 3477 conspectum
1922 3407 2036 3462 Dei.
2079 3426 2098 3459 ›

507 3491 786 3564 Sapientia
815 3494 1096 3564 doctrinae,
1127 3496 1416 3553 sinceritas
1444 3506 1529 3554 est
1558 3497 1694 3570 legis
1719 3497 1944 3564 divinae;
1985 3507 2107 3568 quae

509 3586 807 3640 secundum
835 3602 1033 3644 nomen
1057 3587 1175 3658 ejus
1205 3598 1309 3656 est,
1341 3590 1445 3647 hoc
1473 3599 1576 3657 est,
1595 3590 1885 3660 prudentia
1923 3598 1978 3646 et
2006 3604 2102 3645 ves

507 3674 644 3730 ritas
669 3684 725 3730 et
750 3675 921 3730 virtus
961 3696 975 3731 :
1016 3679 1143 3747 quia
1180 3697 1200 3732 ι
1231 3690 1561 3752 praeceptum
1590 3681 1806 3735 Domini
1842 3680 2103 3745 lucidum,

509 3771 824 3827 illuminans
849 3771 1057 3839 oculos,
1095 3790 1115 3822 ι
1151 3779 1208 3828 ει
1226 3773 1406 3829 omnis
1444 3788 1624 3828 sermo
1646 3773 1743 3829 Dei
1769 3774 1972 3845 ignitus
1993 3774 2108 3846 cly-

504 3877 637 3934 peus
657 3871 764 3930 est,
802 3863 929 3920 hinc
953 3872 1009 3919 et
1044 3864 1101 3918 in
1139 3863 1450 3922 Proverbiis
1484 3864 1686 3936 legitur
1716 3883 1730 3919 :
1769 3886 1786 3917 ‹
1823 3865 2106 3936 Sapientia

503 3967 588 4013 est
613 3957 730 4013 viro
756 3955 1066 4029 prudentia,
1095 3973 1216 4028 quae
1245 3965 1430 4012 tamen
1470 3973 1578 4012 non
1606 3965 1690 4014 est
1719 3957 1904 4013 multis
1931 3959 2108 4014 mani-

505 4049 644 4105 festa
671 4089 687 4116 ,
721 4050 847 4119 quia
881 4048 1010 4106 solis
1048 4051 1389 4106 amatoribus
1427 4051 1540 4106 suis
1575 4051 1630 4106 in
1663 4051 1749 4106 via
1786 4067 1844 4107 se
1870 4052 2108 4108 ostendit

505 4139 752 4195 hilariter
795 4139 976 4211 (Prov.
1010 4141 1102 4215 x).
1140 4162 1159 4196 i
1197 4141 1302 4210 Qui
1329 4153 1510 4198 autem
1547 4152 1900 4200 contemnunt
1926 4145 2102 4213 illam,

502 4240 663 4287 erunt
691 4233 978 4304 ignobiles.
1021 4235 1229 4304 Quibus
1273 4246 1454 4294 autem
1491 4239 1672 4311 agnita
1721 4250 1825 4308 est,
1868 4241 1974 4297 hoc
1998 4249 2102 4310 est,

503 4324 596 4391 qui
622 4338 742 4378 eam
771 4332 922 4380 recta
949 4325 1053 4381 ﬁde
1085 4343 1150 4382 ac
1176 4328 1335 4386 bonis
1357 4332 1613 4402 operibus
1636 4343 1874 4398 servant,
1908 4335 2106 4404 perdu-

506 4414 581 4468 cit
629 4414 750 4470 illos
813 4417 881 4473 ad
921 4419 1438 4490 contemplationem
1494 4423 1678 4494 gloria:
1746 4425 1864 4481 Dei.
1897 4443 1916 4477 ε
1950 4424 2103 4482 Beati

503 4508 705 4563 tnuudo
731 4508 915 4574 corde,
945 4511 1202 4579 quoniam
1235 4514 1339 4582 ipsi
1368 4515 1538 4589 Deum
1566 4517 1847 4570 videbunt.
1880 4537 1900 4565 ι

582 4619 600 4651 ‹
633 4601 792 4667 Audi,
822 4601 917 4667 ﬁli,
949 4611 1006 4657 et
1031 4603 1216 4673 accipe
1247 4604 1533 4661 consilium
1573 4606 1902 4674 intellectus,
1941 4615 1997 4662 et
2033 4622 2103 4663 ne

508 4715 525 4744 ι
561 4693 782 4762 abjicias
821 4696 1106 4752 consilium
1152 4714 1352 4753 meum.
1404 4699 1568 4769 Injice
1606 4700 1800 4770 pedem
1853 4709 2005 4754 tuum
2045 4701 2101 4756 in

508 4805 527 4837 ι
564 4788 850 4857 compedes
876 4788 1042 4855 illius,
1081 4799 1136 4845 et
1177 4792 1232 4845 in
1265 4800 1485 4862 torques
1533 4791 1648 4861 ejus
1680 4801 1830 4847 tuum
1863 4793 2098 4860 collum;

485 4899 524 4931 -‹
560 4878 766 4950 subiice
791 4880 1081 4938 humerum
1113 4891 1263 4939 tuum
1305 4893 1359 4939 et
1394 4893 1549 4954 porta
1582 4884 1729 4940 illam
1753 4927 1766 4951 ,
1805 4893 1859 4940 ct
1889 4901 1955 4942 ne
1979 4900 2099 4941 ace-

479 4991 522 5023 .‹
557 4971 724 5029 dieris
761 4989 792 5028 a
829 4975 1062 5033 vinculis
1094 4977 1232 5048 ejus.
1273 4997 1292 5030 ι
1330 4977 1497 5033 Docet
1537 4978 1803 5049 sapientia
1845 4979 2104 5050 quemad-

501 5066 720 5122 modum
763 5068 956 5140 subjici
1002 5078 1251 5139 oporteat
1302 5069 1408 5141 legi
1445 5070 1659 5138 divinze,
1719 5071 1843 5142 quia
1887 5073 1977 5142 qui
2024 5071 2101 5128 illi

497 5159 784 5222 consentit,
817 5161 1167 5232 semetipsum
1197 5163 1253 5218 in
1283 5170 1549 5218 aeternum
1585 5166 1947 5221 conservabit.
1979 5165 2100 5236 lnji-

499 5246 575 5301 cit
604 5263 735 5319 ergo
757 5249 952 5318 pedem
990 5266 1147 5306 suum
1187 5252 1242 5306 in
1282 5253 1789 5324 compedes‘illius,
1840 5255 1932 5326 qui
1966 5270 2094 5326 pro—

502 5353 747 5409 gressum
775 5342 900 5396 vita:
929 5358 1042 5398 suae
1073 5345 1247 5400 munit
1284 5347 1570 5418 praeceptis
1611 5346 1773 5402 illius.
1817 5345 1958 5400 ludit
1987 5346 2098 5402 col-

503 5428 613 5484 lum
647 5445 801 5492 snuin
832 5434 886 5488 in
915 5444 1162 5505 torquem
1199 5437 1315 5507 ejus
1339 5480 1354 5506 ,
1394 5441 1487 5510 qui
1525 5450 1789 5512 temperat
1819 5457 2098 5497 sermones

499 5534 628 5576 suos
671 5523 972 5582 secundum.
1015 5528 1254 5598 regulam
1294 5531 1480 5601 ipsius.
1527 5531 1763 5602 Snbjicit
1801 5533 1876 5588 illi
1906 5534 2096 5589 Imme-

503 5629 623 5670 rum
645 5629 801 5672 suum
826 5616 894 5672 ad
924 5621 1271 5687 portandum,
1311 5625 1402 5693 qui
1433 5635 1585 5681 actus
1618 5642 1744 5683 suos
1774 5627 1953 5683 subdit
1981 5643 2096 5682 ma-

503 5707 725 5780 gisterio
755 5707 918 5773 illius,
956 5717 1012 5764 et
1038 5709 1223 5781 implet
1251 5729 1413 5785 opere
1437 5717 1580 5787 quod
1605 5715 1777 5787 jubet,
1803 5725 1858 5773 et
1880 5733 1947 5772 ne
1973 5717 2095 5788 quis

477 5801 730 5860 τωδὶοω
761 5804 1224 5878 ειίειθλνὶιεεεμιε
1251 5808 1556 5866 doctrinam
1586 5812 1837 5882 accipiat,
1867 5811 2091 5881 subjun-

506 5894 607 5970 αἰι,
637 5897 824 5955 dicens
854 5917 869 5952 ε

2212 3401 2388 3457 solum
2417 3417 2609 3458 verum
2644 3402 2835 3468 Deum,
2881 3413 2936 3458 et
2977 3420 3139 3472 quem
3187 3403 3380 3458 misisti
3429 3402 3616 3458 .Icsun'.
3650 3402 3831 3458 Chri—

2210 3503 2354 3550 stum
2383 3493 2566 3566 (Ιοαη.
2600 3495 2756 3568 xvu).
2791 3491 2810 3547 ὁ
2847 3495 2916 3549 Ει
2942 3495 3073 3550 item
3101 3513 3113 3549 :
3151 3514 3169 3545 α
3206 3494 3370 3549 Pater
3394 3533 3409 3559 ,
3442 3493 3637 3564 inquit,
3684 3509 3834 3564 quos

2211 3584 2408 3640 dedisti
2430 3585 2586 3652 mihi,
2622 3594 2754 3653 etc.,
2787 3587 2915 3658 quia
2940 3585 3179 3643 dilexisti
3204 3601 3293 3645 me
3318 3596 3446 3644 ante
3474 3585 3835 3643 constitutio-

2213 3691 2337 3733 nem
2358 3678 2546 3734 mundi
2577 3677 2791 3752 (Ibid.).
2833 3700 2852 3733 ι

2839 3811 3070 3869 CAPUT
3103 3812 3196 3868 IV.

2213 3924 2482 3981 Promittit
2500 3925 2772 3998 Sapientia
2795 3926 3136 3998 diligentibus
3157 3943 3212 3982 se
3233 3927 3452 3998 prtemia
3477 3926 3833 3985 (clamitaris.

2285 4081 2306 4116 ι
2342 4063 2468 4128 Fili,
2493 4063 2538 4120 si
2567 4063 2870 4119 attenderis
2900 4065 3054 4131 mihi,
3093 4065 3310 4132 disces;
3343 4073 3398 4120 et
3427 4065 3473 4121 si
3501 4080 3832 4123 aceomm

2215 4174 2234 4207 ‹
2273 4156 2488 4212 daveris
2525 4156 2763 4211 animam
2800 4164 2948 4211 tuam
2969 4197 2985 4220 ,
3017 4157 3232 4228 sapiens
3256 4156 3408 4222 eris;
3436 4157 3484 4210 si
3511 4156 3832 4213 inclinave-

2215 4267 2234 4300 ‹
2274 4249 2349 4303 ris
2376 4264 2563 4304 aurem
2590 4257 2762 4318 tuam,
2793 4249 3031 4319 excipies
3061 4249 3406 4315 doctrinam;
3453 4259 3509 4305 et
3535 4251 3582 4306 si
3611 4251 3830 4307 dilexe-

2215 4360 2233 4394 ι
2262 4341 2339 4396 ris
2367 4343 2572 4406 audire,
2601 4344 2821 4414 sapiens
2848 4343 3009 4398 eris.»
3041 4341 3308 4399 Admonet
3331 4342 3610 4411 Sapientia
3639 4343 3829 4399 virum

2207 4432 2635 4489 ecclesiasticum
2679 4435 2866 4507 (quem
2903 4434 3121 4489 nomine
3151 4435 3248 4488 lilii
3279 4437 3576 4506 nuncupat)
3611 4446 3673 4490 ut
3701 4455 3829 4495 me-

2209 4523 2462 4574 ditationi
2509 4520 2705 4576 divina:
2741 4521 2875 4593 legis
2900 4537 2970 4578 ex
3009 4524 3158 4579 omni
3191 4535 3345 4595 parte
3371 4540 3432 4582 se
3459 4527 3720 4597 applicet,
3761 4539 3825 4584 et

2207 4611 2444 4682 primum
2488 4613 2738 4668 hortatur
2779 4622 2839 4669 ut
2878 4614 3090 4682 discat;
3138 4615 3333 4672 deinde
3370 4625 3430 4672 ut
3456 4617 3698 4673 animam
3749 4625 3824 4674 ad

2207 4705 2310 4760 hoc
2332 4705 2742 4760 accommodet:
2774 4714 2963 4776 postea
3005 4715 3067 4761 ut
3102 4723 3290 4764 aurem
3326 4709 3508 4764 cordis
3547 4710 3817 4778 inclinet;

2207 4806 2334 4852 tunc
2380 4804 2440 4850 ut
2489 4795 2826 4867 diligentiam
2869 4797 3122 4854 audiendi
3159 4800 3418 4856 adhibeat
3449 4819 3462 4855 :
3495 4802 3686 4870 sicque
3716 4818 3819 4858 sa-

2206 4886 2444 4957 pientem
2489 4901 2614 4942 cum
2655 4889 2883 4958 spondet
2923 4903 3042 4944 esse
3085 4889 3369 4955 futurum;
3417 4892 3545 4962 quia
3585 4907 3820 4948 necesse

2205 4987 2288 5034 est
2317 4987 2377 5033 ut
2403 4978 2496 5049 qui
2532 4993 2675 5034 vera:
2711 4979 2990 5051 sapientia:
3031 4996 3152 5051 qua:
3191 4990 3278 5038 est
3314 4981 3587 5050 Christus,
3631 4984 3818 5055 perte

2207 5081 2353 5129 ctam
2375 5073 2706 5145 agnitionem
2734 5075 3013 5146 percipere
3043 5077 3336 5143 desiderat,
3370 5076 3610 5146 primum
3637 5079 3815 5149 magi-

2208 5179 2446 5225 strorum
2471 5167 2874 5223 catholicorum
2899 5181 2959 5223 se
2987 5168 3264 5226 humiliter
3293 5168 3489 5226 subdat
3514 5169 3809 5235 doctrinis,

2207 5259 2396 5330 sicque
2445 5273 2636 5314 omnes
2675 5257 2902 5315 affectus
2944 5259 3140 5315 anima:
3177 5275 3289 5317 sua:
3322 5274 3514 5316 eorum
3555 5260 3812 5332 subjiciat

2205 5353 2538 5423 disciplinis;
2571 5353 2770 5409 dehinc
2819 5362 2881 5410 ut
2930 5355 3286 5411 intentionem
3333 5355 3516 5412 cordis
3559 5357 3807 5413 abomni

2204 5446 2474 5503 desiderio
2496 5462 2666 5516 pravo
2689 5456 2959 5512 avertens,
3001 5447 3068 5501 ad
3095 5449 3419 5504 audiendum
3454 5451 3686 5506 veritam
3709 5450 3808 5506 Dei

2206 5539 2490 5610 diligenter
2519 5539 2816 5605 adhibeat,
2856 5539 3044 5610 sicque
3067 5551 3254 5598 caveat
3284 5551 3344 5599 ut
3373 5545 3547 5614 ipsam
3573 5544 3809 5600 medita-

2205 5631 2406 5686 tionem
2433 5631 2566 5702 legis
2593 5631 2687 5687 Dei
2712 5647 2818 5688 non
2841 5641 3060 5703 propter
3088 5635 3434 5691 ambitionem
3461 5647 3806 5693 terrenarum

2204 5738 2384 5778 rerum
2403 5763 2418 5788 ,
2451 5722 2537 5778 vel
2564 5721 2737 5778 laudis
2763 5724 3044 5789 humanae,
3091 5726 3185 5781 sed
3212 5727 3551 5786 solummodo
3575 5737 3809 5800 puiptor

2203 5815 2372 5885 ipsius
2421 5815 2548 5868 boni
2604 5815 2922 5885 appetitum,
2978 5825 3150 5872 totum
3197 5819 3433 5875 studium
3486 5819 3802 5891 impendat.

2204 5905 2390 5976 sicque
2417 5906 2686 5962 veraciter
2720 5906 2891 5976 ipsius
2915 5921 3058 5963 vera:
3081 5908 3361 5980 sapientia:
3400 5911 3491 5968 ille
3531 5912 3803 5984 percipiet
