4030 6468
233 481 340 538 801

1116 447 1470 525 COMMENT.
1512 464 1580 522 IN
1617 428 2226 521 necnasﬁsrlctin.
2376 429 2520 513 mn:
2545 423 2611 512 u:
2747 433 2756 452 '

3403 433 3515 502 ἷζῡὲ

233 601 514 657 fructum;
543 597 599 645 et
621 593 702 662 jne
736 589 859 657 quis
881 583 1102 657 pr0prio
1137 582 1308 638 ﬁdens
1345 582 1582 652 ingenio,
1623 579 1826 650 absque
1931 565 2046 631 rius
2073 575 2217 662 enim
2234 569 2504 629 numerus
2527 572 2582 628 in
2610 559 2929 640 Sc'ripturis,
2957 556 3246 649 aliquando
3267 562 3321 620 in"
3349 560 3515 629 bono,

233 686 621 759 magistrorum
673 677 966 734 traditione
1009 674 1350 746 Scripturam
1400 687 1615 730 sacram
1657 678 1829 727 tentet

235 777 491 844 scrutari,
524 773 799 846 subjungit
827 772 1040 827 dicens:

313 891 333 921 ‹
363 871 420 924 In
443 864 786 924 multitudine
804 861 1246 935 presbyterorum
1267 859 1617 932 prudentium
1642 865 1745 922 sta,
1774 862 1830 912 et

243 982 262 1015 ι
297 960 576 1033 sapientia:
602 958 819 1014 illorum
850 971 919 1011 ex
957 954 1120 1010 corde
1149 951 1499 1025 conjungere,
1528 958 1592 1005 ut
1613 961 1829 1005 omnem

243 1073 261 1105 ι
291 1053 661 1110 narrationem
691 1050 790 1106 Dei
811 1048 989 1122 possis
1013 1048 1200 1105 audire
1218 1089 1233 1115 ,
1258 1057 1312 1104 et
1336 1047 1624 1120 proverbia
1654 1045 1830 1101 laudis

157 1143 162 1146 ’
243 1168 262 1200 ι
298 1163 409 1202 ιιοιι
441 1144 700 1217 ell‘ugiant
738 1159 766 1198 a
799 1151 873 1198 te.
906 1142 1023 1197 Etsi
1047 1141 1250 1198 videris
1279 1149 1558 1197 sensatum
1581 1181 1597 1207 ,
1633 1138 1830 1211 evigila

244 1259 264 1290 ι
295 1240 366 1295 ad
415 1239 587 1305 illum,
643 1245 699 1292 et
737 1235 936 1309 gradus
972 1235 1235 1292 ostiorum
1283 1235 1427 1290 illius
1481 1242 1691 1291 exterat
1735 1247 1831 1304 pes

244 1351 264 1382 ι
303 1340 448 1386 tuus.
499 1350 520 1383 ›
570 1328 745 1397 Quam
785 1326 1151 1397 periculosum
1197 1328 1268 1383 sit
1309 1325 1545 1398 propriae
1591 1323 1832 1382 scientia:

240 1422 421 1488 inniti,
459 1428 516 1476 et
540 1417 970 1480 orthodoxorum
993 1417 1275 1473 doctorum
1300 1416 1620 1472 traditiones
1657 1413 1833 1485 despi-

239 1531 384 1581 cere,
414 1512 741 1583 multiplices
765 1510 1414 1567 hzeretieorum-indieant
1450 1524 1611 1564 casus
1653 1525 1666 1563 :
1699 1522 1833 1578 quos
1866 1567 1872 1572 ,

238 1606 509 1678 superbia:
537 1620 648 1660 sua:
678 1604 852 1660 fastus
877 1603 1114 1659 maxime
1152 1601 1518 1674 supplantavit
1541 1642 1556 1667 ,
1599 1615 1665 1656 eo
1689 1598 1833 1670 quod

240 1715 366 1755 suas
390 1707 565 1755 sectas
589 1697 851 1754 doctrinis
870 1705 1180 1753 sanctorum
1202 1695 1424 1750 Patrum
1448 1694 1831 1766 praeferebant.
1881 1694 1907 1730 α’

239 1790 397 1847 Unde
439 1791 496 1845 in
537 1788 848 1844 Proverbiis
891 1787 1165 1859 Sapientia
1207 1788 1306 1843 hos
1340 1786 1709 1857 reprehendit,
1753 1783 1836 1839 di-

239 1899 408 1939 cens:
440 1904 458 1935 ‹
496 1882 598 1950 Qui
632 1881 944 1954 relinquunt
963 1881 1068 1935 iter
1088 1888 1318 1947 rectum,
1349 1888 1404 1934 et
1432 1877 1711 1934 ambulant
1734 1892 1834 1947 per

1932 657 2221 740 aliquando
2247 667 2302 722 in
2329 663 2471 721 malo
2498 657 2890 734 plenitudinem
2921 659 3003 715 rei
3042 645 3330 730 signiﬁcat;
3363 653 3519 711 Unde

1930 768 1986 815 et
2026 773 2124 830 per
2162 757 2380 823 Isaiam,
2430 753 2708 827 plenitudo
2765 753 3068 809 divinorum
3125 747 3517 804 charismatum

1930 847 1988 908 in
2009 851 2142 907 ﬂore
2166 849 2365 908 radicis
2393 847 2544 906 Jesse
2580 845 2916 920 septemplici
2946 841 3140 914 spiritu
3175 835 3520 912 requiescere

1932 944 2254 1001 describitur
2295 942 2430 1015 (lsa.
2452 928 2585 1017 ιιι).
2615 927 2684 993 Et
2710 938 2765 992 in
2799 933 3091 1005 Evangelio
3117 932 3229 1003 ipse
3258 929 3521 985 Dominus

1933 1037 2063 1092 dicit
2091 1035 2383 1106 malignum
2413 1027 2741 1104 spiritum'in
2768 1027 2986 1106 domum
3010 1024 3293 1081 vacantem
3315 1028 3522 1091 septem

1932 1127 2155 1199 spiritus
2174 1124 2463 1196 nequiores
2491 1136 2549 1179 se
2575 1121 2761 1189 secum
2781 1118 3145 1199 introducere,
3163 1121 3239 1170 ex
3259 1129 3365 1185 quo
3391 1112 3525 1167 ﬁant

1933 1195 2227 1275 novissima
2250 1195 2487 1274 hominis
2528 1213 2671 1270 illius
2706 1195 2900 1285 pejOra
2926 1209 3202 1281 prioribus
3227 1205 3378 1278 (Luc.
3400 1219 3456 1258 ιιι
3478 1202 3520 1274 ).

1933 1310 2002 1366 Ει
2026 1327 2095 1368 ne
2114 1311 2236 1382 quis
2260 1316 2690 1380 prmsumptuose
2728 1311 2947 1377 appetat
2972 1303 3238 1358 honorem
3271 1297 3528 1354 ecclesia-

1929 1403 2083 1459 ‘sticae
2109 1402 2404 1475 dignitatis,
2451 1399 2607 1471 quasi
2651 1385 2872 1470 dignum
2919 1389 3296 1452 se’wstimans
3337 1388 3528 1446 ordine

1933 1493 2312 1569 magisteriali,
2341 1495 2590 1565 protinus
2615 1491 2909 1563 subiungit.
2986 1487 2988 1494 ’

2013 1607 2032 1640 ι
2061 1587 2179 1644 Noli
2204 1603 2448 1658 quaerere
2477 1587 2546 1643 ab
2583 1586 2804 1643 homine
2831 1584 3084 1640 ducatum
3103 1623 3118 1649 ,
3150 1567 3326 1652 neque
3346 1595 3378 1634 a
3406 1591 3532 1649 rege

1943 1702 1962 1736 ι
1996 1681 2313 1739 cathedram
2364 1680 2606 1736 honoris.
2641 1698 2661 1732 ι
2722 1676 2963 1733 Ambitio
3007 1673 3153 1730 enim
3200 1669 3533 1743 prmlationis

1929 1773 2282 1849 nequaquam
2313 1781 2495 1831 servat
2535 1782 2785 1830 tenorem
2812 1786 2954 1827 verae
2985 1766 3310 1824 humilitatis
3340 1782 3354 1818 :
3389 1761 3534 1818 unde

1934 1867 2041 1926 nec
2067 1870 2204 1940 Opus
2227 1875 2407 1941 potest
2437 1879 2695 1922 exercere
2726 1862 2859 1934 justi
2885 1861 3184 1933 regiminis,
3212 1858 3337 1930 quia
3366 1854 3532 1912 semi-

235 1977 357 2032 vias
409 1975 751 2039 tenebrosas,
787 1943 1059 2029 “laetantur
1111 1987 1237 2028 cum
1289 1943 1432 2026 male
1473 1969 1704 2026 fecerint
1719 1943 1753 2033 ,_
1784 1974 1840 2024 et
1865 1953 2056 2022 B‘tam
2095 1964 2301 2019 habere
2346 1959 2585 2032 neglexit
2624 1972 2765 2014 vera:
2809 1954 3066 2027 pietatis;
3101 1952 3230 2009 hinc
3263 1957 3347 2005 est
3389 1943 3536 2018 quod

238 2065 517 2124 exsultant
545 2065 604 2120 in
632 2064 798 2119 rebus
821 2061 1076 2134 pessimis
1120 2080 1133 2116 :
1160 2077 1388 2132 quorum
1420 2060 1523 2115 viae
1568 2072 1836 2130 perversae

237 2172 294 2218 et
332 2161 564 2216 infames
592 2158 828 2230 fgressus
869 2169 1058 2211 eorum
1101 2151 1300 2226 (Prov.
1332 2153 1429 2225 ιι).
1485 2171 1503 2204 ι
1540 2151 1679 2219 Quid
1708 2162 1836 2205 vero

239 2255 512 2327 agendum
551 2249 655 2316 sit,
700 2249 820 2320 ipsa
865 2248 1125 2320 magistra
1153 2246 1393 2304 ﬁdelium
1413 2254 1539 2317 post
1561 2245 1838 2315 aliquanto

241 2348 506 2414 ostendit,
531 2346 718 2403 dicens
744 2363 757 2400 :
792 2366 811 2398 ‹
843 2344 993 2402 Habe
1015 2345 1270 2402 ﬁduciam
1298 2345 1354 2400 in
1379 2344 1604 2400 Domino
1629 2358 1700 2399 ex
1723 2350 1839 2399 toto

248 2441 413 2497 corde
437 2447 550 2506 tuo,
581 2447 637 2494 et
662 2452 732 2494 ne
757 2438 1010 2494 innitaris
1034 2437 1335 2509 prudentiae
1359 2445 1483 2492 tuae.
1507 2435 1567 2490 ln
1588 2433 1838 2491 omnibus

238 2534 346 2589 viis
372 2535 480 2589 tuis
506 2532 684 2604 cogita
708 2531 881 2598 illum,
908 2541 963 2588 et
986 2532 1102 2602 ipse
1124 2532 1320 2604 diriget
1346 2545 1564 2604 gressus
1591 2539 1730 2586 tuos.
1761 2526 1841 2582 Ne

241 2625 318 2682 sis
349 2626 565 2696 sapiens
597 2627 739 2697 apud
768 2624 1114 2695 temetipsum
1139 2642 1154 2692 ;
1197 2625 1328 2680 time
1356 2623 1648 2678 Dominum
1675 2629 1731 2675 et
1761 2633 1842 2674 rc-

222 2719 374 2774 ’cedc
397 2735 429 2774 a
454 2719 616 2775 malo.
647 2718 954 2791 Cogitatum
987 2726 1139 2772 tuum
1165 2716 1306 2772 habe
1329 2715 1384 2771 in
1405 2713 1694 2786 praeceptis
1716 2711 1838 2778 Dei,

242 2820 297 2866 et
327 2811 381 2866 in
418 2811 692 2867 mandatis
721 2809 868 2866 illius
898 2809 1134 2864 maxime
1172 2806 1422 2864 assiduus
1449 2815 1569 2862 esto
1597 2824 1611 2873 ;
1642 2815 1698 2859 et
1727 2805 1842 2874 ipse

243 2901 393 2957 dabit
418 2918 512 2957 cor
550 2902 687 2968 tibi,
734 2910 790 2957 et
835 2900 1274 2972 concupiscentia
1319 2897 1598 2970 sapientiae
1626 2896 1844 2951 dabitur

244 2992 344 3046 tibi
373 2991 563 3063 (Ibid.,
593 2992 702 3064 ιιι).
735 3012 753 3043 ι
786 2991 978 3048 Merito
1000 2991 1076 3047 illi
1104 2991 1322 3048 dabitur
1352 2990 1532 3046 cordis
1558 3003 1728 3062 purus
1757 2985 1844 3041 in-

243 3084 510 3152 tellectus,
561 3092 618 3140 et
661 3084 942 3156 sapientiae
983 3083 1181 3140 divinae
1225 3098 1382 3138 amor
1429 3080 1842 3144 saluberrimus,

244 3177 336 3245 qui
366 3176 724 3248 cogitationes
765 3193 894 3234 suas
919 3180 1201 3250 (temperat
1240 3176 1537 3234 secundum
1557 3178 1844 3246 fprmeepta

242 3268 530 3336 Altissimi,
559 3278 614 3325 et
640 3284 705 3327 ea
726 3271 1020 3326 meditatur
1038 3269 1276 3336 assidue,
1292 3285 1413 3340 qua:
1435 3268 1570 3340 legis
1591 3265 1687 3322 Dei
1717 3280 1846 3321 con-

1937 2062 2055 2133 ipsa
2085 2060 2302 2116 Veritas
2339 2058 2395 2113 in
2421 2052 2712 2127 Evangelia
2739 2051 3032 2108 elationem
3069 2043 3340 2103 carnalem
3368 2039 3534 2097 disci—

1935 2132 2189 2226 pulorum
2231 2165 2454 2208 suorum
2496 2148 2564 2204 de
2603 2146 2839 2218 primatu
2880 2136 3322 2198 contendentium
3357 2132 3536 2188 edicto

1939 2221 2144 2304 salubri
2168 2242 2509 2315 compressit,
2543 2238 2730 2295 dicens
2769 2253 2784 2291 :
2824 2253 2843 2287 ι
2874 2234 3048 2304 Reges
3081 2227 3322 2303 gentium
3360 2221 3535 2280 domi-

1938 2349 2140 2398 nantur
2169 2351 2356 2396 eorum
2376 2377 2390 2403 ,
2424 2344 2480 2391 et
2505 2333 2599 2404 qui
2627 2336 2953 2403 potestatem
2995 2323 3200 2381 habent
3227 2333 3390 2392 super
3419 2330 3535 2381 eos,

1937 2431 2170 2490 beneﬁci
2193 2434 2476 2485 vocantur.
2511 2422 2623 2479 Vos
2659 2430 2840 2477 autem
2877 2432 2986 2473 non
3012 2415 3131 2481 sic;
3166 2411 3263 2468 sed
3300 2408 3393 2480 qui
3422 2421 3541 2462 ma-

1933 2522 2023 2593 jor
2047 2531 2131 2579 est
2160 2523 2218 2578 in
2254 2520 2432 2585 vobis,
2472 2516 2569 2571 ﬁat
2595 2514 2738 2571 sicut
2759 2510 2980 2584 junior;
3025 2514 3079 2563 et
3115 2505 3208 2576 qui
3239 2511 3542 2573 praecessor

1940 2589 2044 2681 est,
2075 2614 2237 2682 {sicut
2283 2608 2622 2666 ministrator
2665 2602 2819 2676 (Luc.
2847 2591 3014 2672 xx").
3047 2607 3071 2650 ι·
3113 2595 3292 2660 Unde,
3351 2600 3407 2647 et
3447 2589 3540 2682 Jaf

1942 2678 2112 2763 celius
2134 2706 2211 2760 ait
2239 2719 2252 2758 :
2289 2722 2308 2755 ‹
2341 2700 2519 2758 Nolite
2545 2697 2728 2768 plures
2756 2690 3000 2764 magistri
3028 2688 3167 2753 ﬁeri,
3189 2683 3390 2740 fratres
3411 2678 3540 2744 mei,

1944 2798 2178 2854 scientes
2191 2793 2447 2866 quoniam
2461 2788 2640 2859 majus
2658 2784 2923 2856 judicium
2939 2779 3154 2838 sumitis
3171 2773 3378 2866 (Iacob:
3399 2769 3503 2842 ιιι).
3519 2786 3538 2820 ι

1934 2889 2021 2946 ’Βο
2045 2890 2152 2959 quo
2183 2861 2236 2942 et
2264 2893 2450 2957 pastor
2478 2877 2735 2935 Ecclesiae
2770 2875 2929 2932 docet
2951 2885 2974 2939 ,'
2997 2870 3187 2926 dicens
3234 2884 3247 2920 :
3291 2881 3320 2959 ξ
3345 2861 3547 2920 Omnes

1945 2954 2126 3037 autem
2154 2954 2386 3050 invicem
2413 2969 2778 3029 humilitatem
2804 2965 3100 3026 insinuate,
3131 2957 3256 3029 quia
3289 2954 3436 3009 Deus
3461 2966 3548 3008 su-

1943 3071 2128 3146 perbis
2154 3043 2382 3134 resistit,
2406 3063 2702 3122 humilibus
2728 3066 2913 3116 autem
2932 3056 3026 3113 dat
3053 3050 3284 3126 gratiam
3323 3044 3379 3119 (Ι
3394 3043 3544 3100 Patr.

1945 3181 1980 3221 ν
2006 3182 2022 3232 ;
2048 3162 2172 3219 Iac.
2205 3159 2306 3233 ιν).
2345 3176 2364 3212 ι
2827 3146 2834 3154 ’
2878 3169 2885 3176 ‘
3185 3151 3192 3232 ξ

2177 3255 2179 3258 ’
2391 3304 2408 3311 ,
2498 3241 2500 3244 ’
2565 3240 2795 3306 CAPUT
2815 3239 2944 3300 ‘Vl.

244 3364 477 3418 cordant
495 3363 790 3432 doctrinae;
818 3365 1045 3438 ipsaque
1073 3380 1238 3437 opere
1258 3364 1439 3420 studet
1457 3326 1702 3435 implere,
1726 3327 1920 3432 qua:C
1952 3352 2078 3410 Non
2105 3345 2288 3408 debere
2314 3364 2368 3404 se
2395 3333 2661 3438 hominem
2698 3335 3160 3438 justiﬁcgreﬁgzte
3179 3326 3349 3384 Deum
3369 3331 3418 3378 et
3445 3335 3552 3375 non

245 3455 404 3510 novit
439 3471 535 3513 suo
557 3457 827 3516 conditori
855 3457 1168 3514 omnimodo
1196 3455 1432 3528 placere.

883 3567 1113 3625 CAPUT
1150 3567 1217 3623 ν.

248 3656 523 3741 Sapientia
547 3657 776 3731 loquitur
796 3679 830 3716 α
859 3661 1046 3741 quib_us
1075 3660 1232 3741 gnatis
1250 3699 1265 3725 ,
1305 3668 1355 3714 et
1374 3659 1600 3741 _qu_antis
1638 3672 1732 3741 nos
1755 3672 1847 3718 cu-

346 3728 661 3798 stodiamus,
691 3749 795 3787 non
827 3728 1017 3786 nostris
1043 3732 1260 3799 viribus,
1295 3728 1528 3801 sed'ejus
1552 3728 1774 3784 auxilio.

321 3821 472 3894 (CAP.
504 3824 636 3894 vn.)
670 3844 688 3877 ‹
725 3823 844 3879 Noli
881 3823 1062 3880 facere
1112 3823 1276 3890 mala,
1315 3833 1373 3880 et
1400 3837 1510 3878 non
1566 3831 1619 3876 te
1660 3834 1853 3894 appre-

253 3931 274 3966 ‹
304 3911 560 3969 hendent.
592 3915 822 3970 Discede
850 3915 918 3970 ab
948 3916 1160 3986 iniquo,
1191 3923 1247 3972 et
1289 3914 1542 3970 deﬁcient
1576 3912 1720 3968 mala
1756 3912 1852 3968 abs

257 4021 276 4056 ι
315 4011 387 4059 te.
427 4023 445 4056 ›
472 4004 774 4075 Dupliciter
792 4006 909 4063 haec
936 4008 1208 4064 sententia
1241 4007 1471 4078 intelligi
1495 4013 1674 4074 potest
1704 4024 1716 4058 :
1751 4006 1855 4059 hoc
1895 4055 1910 4065 ,

251 4103 356 4160 est,
403 4103 459 4152 et
509 4097 836 4169 generaliter
888 4099 1180 4168 prohibere
1220 4098 1462 4153 omnium
1506 4103 1854 4168 peccatorum

252 4187 548 4255 actionem,
572 4204 671 4260 pro
700 4206 806 4262 qua
830 4205 994 4262 poena
1023 4190 1264 4246 solvetur
1303 4197 1600 4261 perpetua,
1643 4196 1698 4242 et
1731 4201 1855 4258 spe-

255 4281 470 4336 cialiter
515 4283 895 4340 haereticorum
932 4285 1298 4356 perniciosam
1341 4284 1692 4349 societatem,
1737 4296 1859 4352 qum

255 4371 541 4445 Scriptura
581 4381 751 4441 teste;
798 4376 1024 4445 reliquit
1061 4378 1254 4432 ducem
1273 4368 1592 4448 pubertatis
1629 4388 1769 4438 suae,
1804 4379 1860 4428 et

254 4465 402 4538 pacti
431 4465 530 4521 Dci
559 4467 643 4522 sui
675 4465 842 4522 oblita
873 4473 976 4522 est.
1000 4468 1366 4533 Quamobrem
1397 4467 1655 4524 inclinata
1683 4474 1767 4537 est
1792 4466 1861 4538 ad

255 4565 490 4613 mortem
533 4556 726 4614 domus
771 4556 906 4627 ejus,
950 4565 1005 4613 et
1050 4558 1120 4613 ad
1168 4555 1374 4613 inferos
1421 4556 1614 4612 semita
1647 4533 1857 4626 ipsius;

2373 3429 2430 3474 se‘
2459 3413 2626 3471 videri
2645 3407 2788 3473 ὐὲιιε-
2804 3407 3121 3480 sapientem.

1951 3525 1956 3533 ’
2029 3558 2049 3592 ι
2084 3537 2205 3594 Νοιι
2240 3544 2293 3591 te
2339 3515 2792 3606 justiﬁces'ante
2848 3516 3144 3576 Dominum
3197 3530 3212 3568 :
3249 3508 3445 3566 melius
3470 3499 3555 3606 est

1938 3614 1976 3686 ἰ
2015 3627 2295 3688 humiliari
2339 3595 2506 3695 quam
2550 3613 2770 3681 'extOlli;
2805 3610 3062 3683 quoniam
3107 3602 3322 3695 agnitor
3366 3595 3551 3695 cordis

1957 3744 1976 3776 (
2014 3724 2131 3795 ipse
2157 3728 2241 3776 est
2258 3689 2738 3786 :‘et'penes're'g'e‘m
2763 3705 2876 3795 noli
2898 3699 3039 3756 velle
3063 3693 3236 3752 videri
3265 3689 3504 3762 sapiens.
3529 3704 3552 3738 ι

1951 3783 2110 3869 Nulla
2139 3783 2490 3882 praesumptio
2538 3787 2902 3874 perniCioSior
2942 3798 3066 3857 est,
3095 3800 3271 3859 quam
3311 3783 3379 3838 de
3430 3793 3557 3882 pro—

1939 3907 2072 3979 pria
2096 3871 2312 3977 detitia
2352 3871 2446 3954 aut
2472 3871 2714 3954 scientia
2740 3879 3070 3961 quemquam
3102 3879 3378 3938 conﬁdere
3401 3914 3417 3941 ,
3469 3871 3557 3973 di:

1956 3961 2116 4054 gente
2158 3993 2438 4064 Scriptura
2478 4002 2494 4042 :
2532 3995 2562 4038 ι·
2587 3982 2708 4041 Non
2736 3975 3015 4038 est'homo
3039 3977 3436 4064 super‘terram
3462 3961 3560 4064 qui

1945 4053 2374 4148 'faciat'bo’ndm‘,
2401 4087 2458 4134 et
2495 4088 2606 4133 non
2646 4071 2839 4145 peccet
2886 4065 3061 4142 (Psat.
3107 4059 3255 4133 xm).-
3288 4075 3310 4111 ι
3342 4056 3413 4112 Et
3461 4053 3563 4108 ite-

1957 4179 2082 4235 rum
2112 4195 2127 4232 :
2161 4193 2181 4228 ‹
2211 4175 2396 4239 Astra,
2417 4165 2631 4240 inquit,
2653 4174 2762 4221 non
2801 4169 2928 4218 sunt
2955 4155 3158 4215 munda
3179 4154 3234 4209 in
3267 4152 3562 4219 conspectu

1958 4271 2054 4327 Dei
2092 4269 2335 4339 :quanto
2361 4239 2536 4333 magis
2562 4262 2726 4316 homo
2766 4248 3018 4327 putredo,
3054 4257 3108 4306 et
3149 4243 3294 4339 ﬁlius
3321 4239 3561 4339 heminis

1960 4330 2196 4417 vermis?
2216 4355 2362 4430 (Job.
2397 4330 2499 4420 xv‘,“
2541 4350 2695 4422 xxv.)
2734 4367 2765 4400 ι·
2798 4347 2866 4402 Et
2899 4345 2954 4403 in
2978 4337 3330 4422 Proverbiis:
3371 4351 3391 4420 ς
3432 4330 3564 4398 Quis

1943 4449 2161 4529 potest,
2187 4449 2583 4529 inqui_t,'gdicere
2599 4435 2897 4529 {blandum
2925 4429 3010 4494 est
3023 4437 3129 4492 cer
3157 4441 3562 4529 meum:

1964 4509 2439 4611 massas?
2463 4519 2665 4608 ’(Ρτοουίῖ
2697 4514 2816 4602 ix.)
2856 4537 2874 4583 φ
2904 4528 2974 4585 Et
2992 4527 3212 4582 rursum
3243 4530 3312 4611 τι
3341 4509 3561 4611 Vidisti,

262 4603 490 4613 ...V.--...
538 4603 726 4614 ww..-
773 4603 906 4627 ηπ,
952 4603 1005 4613 ν-
1050 4603 1120 4613 η..
1168 4603 1372 4613 μην---
1421 4603 1614 4612 ---ηπ
1648 4603 1662 4610 -
1706 4603 1857 4620 πη,
2177 4603 2195 4611 -
2477 4603 2488 4608 -

256 4654 556 4719 omnesque
577 4651 668 4721 qui
693 4650 1071 4720 ingrediuntur
1101 4649 1168 4704 ad
1197 4663 1318 4705 eam
1341 4665 1451 4706 non
1469 4603 1824 4704 revertentur
1843 4663 1936 4721 ,αἱ
1965 4636 2064 4701 ait,
2085 4629 2362 4690 hominem
2389 4621 2689 4710 sapientem
2718 4622 2822 4680 Sibi
2849 4615 3058 4676 νῖαθτίῗ
3087 4603 3566 4721 ωδείεὶιῒόξρθπξι

263 4697 556 4719 ---η----ιη
579 4697 668 4721 ν,
693 4697 1060 4720 ...θην--.ηπ
1101 4697 1168 4704 η
1201 4697 1318 4705 π---
1341 4697 1451 4706 ην--
1478 4697 1812 4704 --.πη-η-
1844 4697 1871 4714 ,.

259 4757 365 4798 nec
390 4741 797 4814 apprehendent
827 4743 1051 4799 semitas
1076 4743 1223 4798 vitae.
1249 4741 1405 4798 Unde
1431 4757 1576 4797 nunc
1605 4741 1862 4797 admonet

1950 4745 1952 4750 λ
1970 4697 2193 4783 habebit
2213 4722 2410 4781 stultus
2425 4697 2630 4801 ‘(lbid.',
2647 4714 2830 4787 xx’vr).
2845 4721 2883 4766 δ·
2909 4711 2980 4767 Et
2996 4711 3059 4766 in
3074 4703 3368 4814 Evangelia
3381 4697 3569 4814 =Demi-

259 4843 324 4890 ut
349 4835 595 4891 discedas
627 4834 694 4890 ab
730 4835 934 4905 iniquo,
977 4842 1032 4890 et
1067 4833 1322 4890 deﬁcient
1354 4833 1497 4888 mala
1527 4833 1622 4888 abs
1651 4840 1724 4886 te.
1748 4829 1864 4885 Ne-

237 4929 357 4983 ἰιιο
395 4929 524 4997 ergo
553 4943 678 4982 cum
725 4927 814 4982 illa
853 4926 1176 4982 cohabitans
1203 4967 1216 4992 ,
1253 4919 1284 4980 a
1314 4925 1476 4981 sorde
1508 4911 1712 4980 erroris
1757 4919 1866 4977 im-

264 5019 450 5096 munis
495 5015 615 5076 esse
663 5029 860 5090 potest.
897 5019 1054 5075 Unde
1087 5017 1288 5074 Paulus
1331 5015 1655 5086 discipulum
1686 5013 1862 5078 docet,

264 5119 396 5182 post
419 5109 714 5166 secundam
743 5119 799 5166 et
839 5110 1056 5166 tertiam
1079 5107 1521 5178 {increpationem
1549 5103 1869 5160 bacreticum

266 5204 552 5260 hominem
606 5202 957 5259 devitandum
1006 5198 1154 5273 (Tit.
1199 5198 1348 5272 ιιι),
1389 5197 1516 5269 quia
1565 5194 1876 5266 huiusmodi

243 5293 565 5369 "perversus
604 5303 708 5352 est.
750 5293 833 5350 De
868 5307 976 5365 quo
1013 5293 1351 5364 subsequens
1394 5288 1666 5346 sententia
1700 5287 1879 5345 adhuc

270 5402 377 5445 nos
403 5384 642 5452 instruit,
675 5385 1012 5456 subjungens
1045 5398 1061 5438 :
1395 5383 1398 5388 ‘
1597 5406 1600 5410 -
1813 5399 1815 5402 -

245 5495 252 5510 ··
354 5477 526 5534 ι’Νοιι
572 5473 808 5536 semipes
854 5477 998 5533 mala
1047 5477 1102 5532 in
1135 5474 1302 5531 sulcis
1343 5473 1642 5546 injustitiaa,
1690 5475 1879 5528 etnon

157 5619 172 5626 -
275 5589 305 5623 ἰ
338 5578 512 5627 metes
535 5586 598 5626 ea
625 5571 681 5625 in
703 5569 993 5640 septulum.
1027 5586 1048 5619 ›
1077 5566 1323 5622 Seminat
1350 5564 1480 5636 ergo
1501 5563 1645 5620 mala
1680 5563 1737 5617 in
1763 5551 1876 5618 sul-

249 5661 364 5717 ﬁcis
389 5660 705 5730 injustitite,’
720 5659 814 5730 qui
842 5659 902 5713 in
933 5656 1420 5728 labore'perversae
1445 5652 1706 5709 doctrinae
1743 5662 1877 5723 ope-

245 5752 460 5810 '-r'ando
483 5753 730 5822 eXempla
756 5752 946 5808 inserit
969 5749 1246 5822 nequitiae,
1278 5762 1508 5820 quorum
1535 5747 1747 5801 fructus
1768 5757 1881 5798 me-

252 5877 254 5880 -
285 5856 366 5904 tet
400 5849 453 5902 in
481 5846 802 5919 septuplum,
833 5845 1049 5917 quando
1075 5846 1127 5900 in
1153 5843 1259 5900 ﬁne
1284 5842 1572 5919 pra'atsentls
1601 5841 1883 5910 vitae’per-

256 5945 259 5948 '
287 5937 491 6006 faeta-in
516 5937 775 6021 ultionem
799 5939 1057 6010 δυεροίρςει
1083 5936 1139 5994 in
1167 5936 1587 6009 igne‘geheunae.
1614 5930 1879 6002 Septena-

1953 4835 2076 4875 -nus
2106 4834 2120 4872 :
2154 4831 2176 4869 ‹
2211 4815 2423 4879 Omnis,
2449 4792 2790 4882 linquit,'*qui
2816 4819 2878 4862 se
2904 4792 3564 4882 exaltat,'humiliabitur;

1961 4908 2146 4978 “etqui
2187 4905 2248 4963 'se
2294 4880 2570 4968 humiliat,
2614 4897 2948 4956 exaltabitu’r
2979 4880 3564 4978 (Luc.'=xrv,ngm).-»

1949 4975 2114 5057 Hinc
2135 5008 2191 5056 et
2208 4997 2501 5055 Psalmista
2529 4994 2605 5049 a‘it
2631 5011 2645 5048 :
2672 4983 2704 5044 ‘c'
2728 4988 2997 5057 Quoniam
3018 4983 3171 5038 Deus
3189 4975 3417 5046 dissipat
3445 4981 3571 5026 ossa

1953 5093 2259 5151 hominum
2301 5089 2407 5146 sibi
2452 5075 3049 5160 placentium,‘~confusi
3075 5078 3220 5137 sunt,
3254 5065 3382 5137 quia
3421 5061 3573 5160 Deus

1979 5187 2187 5261 sprevit
2210 5153 2672 5257 eos"(Psat.'Ln).
2701 5181 2733 5229 ἰ
2767 5175 2943 5247 Igitur
2978 5171 3148 5261 penes
3173 5169 3389 5261 regem
3411 5153 3571 5256 Chri-

1981 5243 2126 5337 stum
2148 5275 2281 5332 nulli
2305 5243 2435 5330 licet
2466 5260 2543 5328 se
2560 5243 2863 5340 sapientem
2903 5249 3358 5323 aemimareyquia
3376 5243 3575 5340 Aomnis

1983 5367 2297 5445 arrogantia
2325 5337 2776 5424 abominatioe's't
2797 5351 3174 5427 apud
3197 5337 3575 5445 Unde-Paulus

1981 5435 2480 5532 hortatur,'dicens
2529 5477 2542 5514 :
2586 5437 3397 5532 ("'Nolli'altumi'sapetewsed
3439 5435 3578 5532 time

1983 5557 2158 5630 (Rom.
2186 5524 2357 5626 ad)?»
2386 5545 2454 5606 Et
2487 5551 2684 5605 iterum
2990 5524 3577 5630 inquiti-per-gratiam

1971 5616 2104 5713 Dei,-
2141 5616 2260 5716 qua;
2311 5644 2438 5698 data
2471 5640 2595 5694 'eSt'
2619 5629 3085 5702 mihi,~otnnibus
3111 5622 3229 5715 iqui
3251 5625 3394 5716 {sunt
3427 5616 3578 5716 {inter

1964 5709 2102 5805 ’vos,
2121 5709 2242 5792 'tiou
2272 5733 2396 5804 plus
2421 5737 2613 5802 sapere
2637 5736 2818 5800 quam
2834 5726 3068 5797 ‘oportet'
3081 5713 3311 5786 isaper'e,
3325 5731 3331 5752 ι

1981 5798 2127 5904 pe‘re-
2142 5829 2210 5883 ad
2238 5798 2616 5889 sobrietatem,
2631 5798 2704 5877 iet
2717 5815 3028 5888 ultimique
3041 5807 3366 5870 sientDeus
3385 5798 3580 5900 divi-'t

1987 5937 2300 5982 mensuram
2331 5919 2456 5979 ﬁdei
2480 5916 2660 5992 (Rom.
2687 5913 2809 5982 xu).
2841 5932 2861 5967 ι
3311 5903 3406 5947 ·-”¹’
3443 5897 3536 5964 νλέὶτ
