4030 6488
522 409 635 471 803

1169 406 1235 466 Β.
1273 403 1530 464 RABANI
1568 401 1791 463 MAURI
1825 399 2147 460 ARCHIEP.
2191 400 2503 463 MOGUNT.
2545 405 2832 465 OPERUM
2870 407 3051 465 PARS
3088 408 3129 464 Ι.

3706 405 3832 463 8οι

595 546 614 577 ι
652 522 770 581 Noli
811 535 1054 598 quaerere
1104 522 1222 581 fieri
1260 522 1464 593 judex,
1516 522 1623 577 nisi
1679 520 1862 575 valeas
1908 519 2104 574 virtute
2130 516 2292 580 Ates
2336 519 2405 577 ad
2449 521 2719 579 orationis
2764 518 3054 594 confugere
3105 518 3364 575 auxilium
3420 522 3712 584 hortatur,
3747 520 3835 575 di-

524 638 543 672 ι
581 614 877 690 irrumpere
917 614 1249 686 iniquitates,
1284 630 1353 671 ne
1381 619 1523 671 tbrte
1550 613 1880 671 extimescas
1908 608 2103 666 faciem

523 735 540 766 ‹
578 714 845 787 potentis,
886 720 940 771 et
967 729 1139 791 ponas
1174 711 1490 770 scandalum
1539 710 1593 765 in
1633 707 1891 781 aequitate
1936 713 2046 761 tua.
2080 722 2098 756 ι

515 802 768 877 Proprias
815 818 1253 877 unumquemque
1293 808 1508 877 oportet
1556 800 1703 856 vires
1747 796 2102 871 perpendere,

514 905 570 953 ct
603 897 683 953 sic
712 894 875 953 alieni
910 893 1050 965 juris
1096 912 1195 967 pro
1234 894 1539 966 quantitate
1565 893 1763 949 virium
1793 906 1983 947 curam
2010 904 2104 945 ac-

513 983 713 1056 cipere.
748 984 847 1054 Qui
870 1000 999 1058 ergo
1024 985 1199 1040 adhuc
1228 1000 1327 1059 per
1358 982 1638 1039 mollitiem
1672 982 1839 1041 animi
1873 977 2105 1035 terrenis

514 1077 797 1139 desideriis
826 1086 1144 1151 occupatur,
1180 1079 1479 1134 cavendum
1508 1075 1584 1131 illi
1621 1083 1725 1143 est,
1761 1090 1829 1130 ne
1870 1067 2105 1129 districti

512 1162 650 1229 iram
675 1167 876 1238 judicis
922 1168 1140 1241 gravius
1171 1168 1495 1235 accendens,
1524 1168 1651 1225 dum
1702 1166 1823 1223 loco
1870 1165 2106 1222 delecta-

512 1268 601 1315 tur
626 1258 831 1332 gloriaz,
860 1260 953 1316 ﬁat
986 1262 1217 1318 subditis
1259 1269 1447 1317 auctor
1479 1261 1668 1316 ruinae.
1702 1260 1946 1321 Soierter
1976 1272 2106 1332 ergo

511 1370 571 1411 se
599 1355 831 1427 quisque
870 1355 1146 1423 metiatur,
1173 1371 1241 1412 ne
1290 1355 1469 1413 locum
1500 1354 1785 1429 regiminis
1828 1367 2106 1411 assumere

512 1445 731 1513 audeat,
758 1445 802 1501 si
830 1446 975 1517 quod
1004 1446 1057 1500 in
1081 1463 1140 1502 se
1165 1448 1341 1505 adhuc
1370 1444 1563 1501 vitium
1592 1452 1804 1517 regnat,
1831 1459 1899 1499 ne
1944 1443 1992 1499 is
2013 1441 2105 1513 qui

509 1553 608 1611 per
634 1536 837 1593 crimen
868 1538 1196 1609 depravatur
1238 1538 1545 1611 proprium,
1587 1535 1754 1607 judex
1786 1535 1902 1592 iieri
1950 1547 2107 1607 appe-

509 1634 589 1684 tat
617 1627 897 1701 culparum
942 1627 1262 1685 alienarum.
1293 1630 1390 1687 ille
1436 1628 1604 1703 igitur
1634 1628 1811 1684 modis
1849 1625 2105 1684 omnibus

509 1718 577 1777 ad
614 1719 920 1794 exemplum
968 1721 1126 1781 debet
1170 1720 1388 1777 vivendi
1440 1720 1719 1793 pertrahi,
1755 1718 1850 1791 qui
1892 1719 2106 1776 cunctis

509 1811 690 1867 carnis
724 1810 1067 1884 passionibus
1112 1813 1354 1875 moriens
1396 1811 1514 1884 jam
1566 1808 1886 1884 spiritaliter
1932 1812 2103 1880 vivit;

2205 626 2337 668 cens
2389 628 2404 669 :
2461 631 2481 666 ι
2531 612 2805 670 Tristatur
2858 613 3053 683 aliquis
3098 613 3380 667 vestrum?
3424 611 3592 678 Oret;
3656 628 3833 681 :equo

2206 707 2390 763 animo
2432 709 2552 763 est?
2595 707 2801 763 Psallat
2846 704 2988 780 (Jac.
3036 704 3111 779 v).
3146 724 3165 759 ι
3210 704 3475 761 Similiter
3521 713 3580 760 et
3624 712 3834 775 pastor

2205 797 2465 855 Ecclesiae
2489 799 2953 871 mquanimitalem
2981 807 3034 853 et
3058 797 3475 854 beneﬁcentiam
3522 813 3829 852 commen-

2207 890 2317 955 dat,
2358 889 2430 944 ita
2458 888 2513 945 in
2543 889 2784 962 Epistola
2814 906 2911 945 sua
2946 888 3194 945 scribens
3230 907 3245 945 :
3279 905 3301 940 ο
3333 887 3688 953 Charissimi,
3726 904 3835 943 no-

2206 980 2302 1038 lite
2326 982 2663 1055 peregrinari
2694 981 2748 1038 in
2780 980 2997 1038 fervore
3022 983 3115 1053 qui
3161 983 3227 1037 ad
3257 983 3621 1037 tentationem
3659 981 3829 1037 vobis

2207 1076 2296 1139 sit,
2329 1075 2483 1145 quasi
2531 1074 2737 1146 aliquid
2773 1074 2897 1131 novi
2945 1073 3101 1130 vobis
3149 1074 3462 1147 contingat;
3521 1076 3623 1131 sed
3674 1090 3834 1130 com-

2206 1167 2545 1223 municantes
2568 1166 2771 1224 Christi
2792 1166 3135 1238 passionibus
3162 1167 3416 1241 gaudete,
3444 1174 3507 1222 ut
3540 1174 3600 1223 et
3644 1166 3708 1221 in
3734 1182 3830 1222 re-

2205 1256 2475 1314 velatione
2522 1258 2706 1329 gloria:
2733 1258 2850 1328 ejus
2878 1258 3160 1331 gaudeatis
3204 1258 3570 1316 exsultantes.
3627 1258 3696 1314 Si
3733 1274 3830 1315 ex-

2205 1349 2544 1421 probramini
2574 1350 2628 1405 in
2663 1351 2883 1407 nomine
2904 1350 3132 1417 Christi,
3164 1350 3309 1406 beati
3337 1351 3514 1416 eritis,
3548 1351 3825 1421 quoniam

2208 1440 2392 1513 gloria:
2424 1438 2519 1497 Dei
2546 1440 2771 1512 spiritus
2801 1440 2858 1497 in
2897 1442 3052 1498 vobis
3094 1442 3404 1513 requiescit.
3458 1442 3641 1499 Nemo
3666 1443 3826 1498 enim

2206 1539 2446 1589 vestrum
2478 1534 2716 1605 patiatur
2742 1534 2898 1604 quasi
2928 1532 3221 1602 homicida,
3255 1542 3348 1590 aut
3375 1534 3488 1602 thr,
3509 1544 3610 1590 aut
3648 1535 3826 1591 maie-

2208 1622 2384 1692 dicus,
2415 1634 2508 1682 aut
2535 1625 2835 1683 alienorum
2887 1627 3179 1699 appetitor.
3215 1625 3274 1683 Si
3325 1636 3507 1683 autem
3544 1635 3610 1682 ut
3647 1627 3822 1683 Chri-

2208 1718 2440 1786 stianus,
2472 1734 2584 1775 non
2629 1721 2939 1789 erubescat,
2972 1720 3241 1791 glorificet
3279 1730 3463 1777 autem
3518 1720 3704 1777 Deum
3765 1722 3823 1776 in

2206 1809 2316 1865 isto
2363 1811 2602 1878 nomine,
2637 1813 2892 1883 quoniam
2934 1820 3148 1886 tempus
3189 1821 3293 1879 est,
3326 1821 3388 1868 ut
3414 1812 3645 1891 incipiat
3670 1813 3826 1884 judi-

505 1901 600 1975 qui
633 1918 896 1977 prospera
946 1902 1132 1960 mundi
1183 1904 1490 1975 postponit;
1540 1905 1634 1975 qui
1679 1904 1825 1959 nulla
1869 1904 2102 1962 adversa
2131 1891 2179 1952 Β
2208 1903 2352 1961 cium
2379 1905 2445 1961 de
2471 1904 2633 1963 domo
2659 1907 2775 1965 Dei.
2807 1906 2866 1964 Si
2896 1916 3078 1965 autem
3107 1908 3345 1979 primum
3390 1925 3423 1963 a
3464 1910 3657 1976 nobis,
3694 1910 3827 1980 quis

504 1998 869 2068 pertimescit;
899 1998 989 2069 qui
1018 1998 1133 2054 sola
1163 1996 1378 2055 interna
1407 1998 1713 2066 desiderat;
1740 1997 1893 2071 cujus
1924 1998 2101 2054 inten-

504 2087 639 2147 tioni
664 2088 803 2145 bene
822 2104 1145 2162 congruens,
1177 2103 1279 2145 nec
1303 2088 1527 2146 omnino
1551 2103 1649 2160 per
1670 2087 2099 2145 imbecillitatem

504 2194 720 2253 corpus,
749 2196 850 2241 nec
877 2180 1034 2237 valde
1078 2196 1176 2253 per
1218 2178 1626 2249 contumeliam,
1659 2190 1955 2253 repugnat;
2004 2178 2097 2257 qui

502 2272 571 2330 ad
601 2271 776 2327 aliena
805 2273 1070 2347 cupienda
1110 2288 1221 2329 non
1258 2273 1568 2341 deducitur,
1615 2273 1710 2330 sed
1742 2272 1961 2345 propria
1990 2271 2099 2327 lar-

501 2364 673 2435 gitur;
698 2365 790 2441 qui
817 2380 916 2443 per
936 2365 1154 2437 pietatis
1175 2366 1386 2421 viscera
1413 2364 1579 2421 citius
1611 2365 1679 2421 ad
1706 2362 2098 2436 ignoscendum

500 2455 757 2527 ﬂectitur,
789 2458 883 2514 sed
934 2472 1214 2531 nunquam
1253 2456 1377 2529 plus
1412 2472 1577 2529 quam
1621 2457 1778 2514 decet
1812 2456 2097 2528 ignescens

500 2550 568 2606 ab
594 2566 721 2606 arce
752 2550 1094 2609 rectitudinis
1117 2551 1442 2618 inclinatur;
1470 2552 1562 2629 qui
1584 2550 1729 2607 nulla
1760 2551 1945 2606 illicita
1970 2566 2098 2621 per-

497 2654 697 2718 petrat,
730 2645 822 2704 sed
854 2654 1167 2721 perpetrata
1207 2647 1276 2702 ab
1304 2645 1427 2702 aliis
1453 2653 1514 2701 ut
1551 2647 1771 2719 propria
1818 2644 2090 2716 deplorat;

498 2736 589 2808 qui
615 2753 683 2794 ex
711 2735 908 2795 all‘ectu
932 2738 1114 2794 cordis
1157 2738 1348 2797 aliena:
1384 2737 1690 2793 infirmitati
1718 2736 2089 2807 compatitur;

496 2831 684 2907 sicque
733 2833 788 2888 in
834 2831 989 2889 bonis
1029 2832 1264 2908 proximi
1311 2834 1451 2890 sicut
1495 2833 1549 2890 in
1597 2834 1711 2890 suis
1759 2831 2095 2905 profectibus

496 2918 739 2989 letatur;
767 2923 860 2995 qui
882 2922 957 2989 ita
984 2937 1043 2980 se
1065 2923 1387 2981 imitabilem
1414 2925 1627 2987 cancris
1652 2925 1706 2979 in
1732 2923 1944 2979 cunctis
1972 2938 2094 2994 qum

499 3013 610 3085 agit
638 3012 896 3087 insinuat,
926 3024 988 3071 ut
1018 3016 1159 3072 inter
1187 3031 1283 3091 eos
1328 3032 1438 3072 non
1467 3016 1670 3075 habeat
1711 3016 1859 3091 quod
1899 3015 2092 3071 saltem

2208 1996 2332 2055 linis
2354 2014 2541 2056 eorum
2569 2001 2661 2071 qui
2702 2017 2809 2057 non
2850 2003 3084 2058 credunt
3106 2000 3439 2072 Evangeiio?
3466 2002 3536 2057 Et
3567 2002 3614 2057 si
3627 2003 3827 2073 justus

2204 2090 2298 2173 vix
2338 2092 2661 2162 salvabitur,
2690 2093 2890 2165 impius
2933 2101 2987 2150 et
3020 2103 3279 2165 peccator
3305 2095 3396 2151 ubi
3421 2096 3826 2167 apparebunt?

2202 2178 2394 2255 itaque
2438 2192 2494 2240 et
2544 2186 2601 2241 hi
2654 2187 2747 2255 qui
2779 2187 3063 2257 patiuntur
3106 2185 3406 2243 secundum
3467 2187 3823 2243 voluntatem

2201 2274 2330 2343 Del,
2376 2278 2521 2334 fideli
2562 2278 2808 2337 Creatori
2865 2281 3250 2338 commendant
3301 2283 3512 2338 animas
3569 2298 3710 2338 suas
3767 2284 3823 2338 in

2199 2367 2499 2426 benefactis
2539 2370 2600 2443 (1
2634 2369 2783 2427 Patr.
2812 2371 2910 2448 iv).
2944 2392 2963 2427 ι
2994 2373 3102 2431 Sed
3128 2382 3259 2430 tunc
3285 2374 3403 2446 ipsa
3444 2373 3822 2430 beneﬁcentia

2199 2461 2551 2533 acceptabiiis
2584 2462 2692 2519 erit
2741 2464 2886 2534 Deo,
2933 2465 2981 2521 si
3010 2465 3339 2523 humilitatis
3371 2466 3516 2523 viam
3568 2482 3684 2523 non
3724 2468 3825 2522 de-

2199 2557 2355 2625 serit,
2382 2572 2562 2630 neque
2612 2559 2667 2615 in
2703 2559 2995 2618 elationem
3045 2560 3247 2619 mentis
3296 2560 3693 2629 declinaveril';
3750 2560 3824 2616 de

2198 2662 2308 2719 quo
2349 2658 2404 2704 et
2442 2650 2695 2706 subditur
2717 2669 2732 2707 :

2274 2756 2294 2790 ι
2342 2736 2422 2796 Ne
2472 2740 2659 2807 dicas,
2704 2741 2760 2798 in
2805 2741 3157 2801 multitudine
3214 2758 3503 2801 munerum
3556 2760 3820 2799 meorum

2201 2848 2223 2884 ι
2261 2831 2519 2902 respiciet
2565 2834 2732 2902 Deus,
2793 2846 2850 2891 et
2906 2836 3171 2893 olierente
3227 2852 3316 2893 me
3371 2837 3485 2894 Deo
3530 2837 3821 2893 altissimo

2202 2939 2223 2975 ι
2259 2925 2521 2996 suscipiet
2558 2941 2783 2982 munera
2810 2943 2952 2984 mea.
2975 2947 2997 2982 ι
3022 2927 3162 2997 Quid
3192 2930 3338 2985 enim
3364 2928 3819 2984 benefacientetn

2196 3032 2413 3074 servum
2449 3020 2514 3075 de
2555 3020 2669 3076 suis
2693 3019 2851 3077 factis
2890 3023 3093 3079 sentire
3127 3030 3411 3095 oporteat,
3467 3024 3584 3095 ipse
3615 3023 3817 3078 Domi-

498 3105 564 3161 de
596 3106 882 3164 transactis
926 3108 1240 3176 erubescat;
1292 3110 1385 3180 qui
1430 3110 1509 3165 sic
1552 3110 1736 3165 studet
1776 3109 1984 3181 vivere,
2032 3117 2093 3165 ut
2195 3125 2299 3167 nus
2332 3110 2387 3166 in
2421 3110 2716 3182 Evangelio
2743 3115 2869 3170 data
2921 3115 3179 3186 parabola
3234 3115 3302 3171 de
3353 3131 3512 3171 servo
3541 3117 3615 3170 ab
3664 3132 3815 3186 agro

495 3198 864 3267 proximorum
904 3214 1119 3271 quoque
1157 3202 1325 3260 corda
1362 3202 1571 3267 arentia
1622 3201 1886 3258 doctrina:
1914 3200 2094 3256 valeat
2125 3262 2164 3276 Α
2197 3217 2463 3274 regresso,
2498 3213 2552 3261 et
2594 3206 2808 3262 Domini
2848 3206 2930 3264 sui
2972 3208 3027 3263 in
3068 3208 3427 3264 ministrando
3463 3207 3614 3264 domi
3649 3206 3817 3276 jussa

495 3287 712 3346 ﬂuentis
743 3291 1003 3367 irrigare;
1053 3292 1148 3367 qui
1187 3294 1454 3350 orationis
1482 3310 1585 3350 usu
1632 3304 1687 3350 et
1717 3295 2091 3365 experimento
2120 3262 2165 3327 C
2195 3302 2456 3374 cxplenti,
2485 3305 2780 3362 novissime
2808 3306 2881 3361 ita
2908 3307 3242 3364 concludens
3266 3308 3535 3377 ostendit,
3570 3308 3814 3364 dicens:

488 3379 606 3455 iam
633 3384 842 3453 άίάίοίῐυ
859 3385 1005 3457 (ιιιοά
1032 3386 1285 3451 obtinere
1313 3403 1347 3445 α
1370 3387 1604 3451 Domino
1630 3402 1751 3466 quae
1780 3385 2091 3459 peposcerit

492 3475 686 3547 possit.

570 3586 587 3617 ι
621 3565 739 3623 Νοη
771 3582 965 3643 pecces
1016 3568 1071 3624 in
1123 3570 1524 3627 multitudinem
1570 3569 1809 3627 civitatis
1836 3610 1852 3639 ,
1897 3584 1997 3626 nec
2040 3578 2091 3626 te

501 3677 519 3719 ς
557 3658 817 3717 immittas
850 3658 905 3717 in
941 3661 1219 3731 populum.
1268 3682 1286 3715 ι
1319 3661 1432 3719 Hoc
1475 3672 1646 3729 vetat,
1676 3679 1745 3719 ne
1789 3663 1837 3718 is
1863 3662 1955 3733 qui
2004 3679 2091 3718 ra-

494 3748 641 3807 tione
679 3747 878 3823 poilct,
922 3759 978 3807 et
1020 3750 1177 3807 liberi
1224 3753 1435 3809 arbitrii
1480 3765 1748 3827 potestate
1794 3757 2087 3827 przevalet,

495 3839 835 3905 subditorum
879 3839 1167 3897 insolentia
1217 3853 1546 3921 provocetur
1594 3846 1662 3900 ad
1708 3847 2085 3917 peccandum,

492 3934 589 3990 sed
614 3935 935 3993 constantia:
961 3936 1155 3992 robore
1186 3938 1406 3993 resistat
1444 3938 1635 3995 alienae
1660 3942 1953 4012 nequitiae;
1989 3958 2088 3999 nec

493 4042 552 4082 se
571 4036 722 4101 putet
746 4028 964 4099 impune
992 4044 1221 4101 peccare
1258 4031 1312 4084 in
1341 4047 1405 4087 eo
1436 4033 1578 4104 quod
1606 4034 1967 4105 plurimorum
1992 4051 2088 4092 vo—

490 4119 684 4177 luntali
714 4121 875 4199 elegit
911 4138 1233 4183 consensum
1258 4126 1519 4195 praebere.
1547 4126 1701 4184 Unde
1733 4130 1997 4200 sequitur.

571 4232 588 4263 ι
626 4211 816 4285 Neque
836 4215 1027 4285 alliges
1050 4216 1281 4289 duplicia
1312 4228 1553 4288 peccata,
1585 4237 1684 4276 nec
1716 4221 1862 4277 enim
1892 4223 1947 4277 in
1977 4237 2086 4280 uno

498 4326 517 4361 t
551 4308 661 4363 eris
682 4309 959 4371 immunis.
984 4330 1002 4363 ι
1032 4310 1272 4383 Duplicia
1296 4323 1518 4385 peccata
1541 4313 1628 4370 ille
1652 4316 1834 4387 alligat
1858 4317 1950 4386 qui
1977 4334 2085 4372 non

489 4402 661 4465 solum
690 4404 1037 4473 semetipsum
1074 4420 1104 4457 a
1125 4408 1364 4474 peccatis
1385 4423 1491 4465 non
1522 4408 1758 4476 cohibet,
1788 4411 1881 4464 sed
1919 4410 2087 4465 etiam

491 4496 612 4551 aliis
640 4495 707 4551 ad
736 4495 1070 4569 peccandum
1097 4499 1486 4552 consenticndo
1530 4499 1680 4553 favet
1714 4519 1726 4552 :
1757 4502 1843 4552 cui
1890 4501 1944 4553 in
1977 4519 2085 4553 uno

2201 3409 2219 3444 ι
2257 3391 2510 3466 Nunquid
2542 3398 2774 3467 gratiam
2810 3397 2975 3455 habet
3022 3416 3181 3457 servo
3223 3400 3323 3470 illi,
3356 3400 3481 3472 quia
3522 3399 3657 3456 fecit
3683 3418 3817 3474 qua:

2191 3487 2296 3543 sibi
2328 3487 2722 3559 imperaverat?
2749 3490 2868 3547 Non
2896 3501 3046 3564 puto.
3080 3492 3174 3550 Sic
3202 3501 3258 3549 et
3278 3508 3374 3550 vos
3400 3509 3526 3549 cum
3557 3492 3816 3549 feceritis

2193 3577 2405 3645 omnia,
2457 3594 2577 3649 qua:
2629 3591 2901 3653 praecepta
2956 3591 3085 3639 sunt
3132 3583 3309 3649 vobis,
3347 3583 3515 3638 dicite
3570 3600 3584 3636 :
3646 3583 3812 3638 Servi

2192 3668 2413 3725 inutiles
2434 3684 2652 3737 sumus;
2682 3675 2827 3743 quod
2851 3674 3139 3730 debuimus
3167 3674 3372 3741 facere,
3396 3672 3632 3729 fecimus
3648 3674 3809 3745 (Luc.

2193 3761 2348 3833 xvu).
2375 3781 2393 3814 ι
2424 3762 2640 3829 Quanto
2671 3765 2814 3818 enim
2839 3764 3003 3819 homo
3030 3782 3124 3821 sua
3150 3763 3434 3820 benefacta
3458 3778 3555 3835 per
3585 3762 3811 3831 jactan-

2193 3853 2323 3908 tiam
2350 3855 2585 3922 extollit,
2610 3864 2762 3911 tanto
2793 3856 3020 3913 minoris
3049 3858 3230 3913 meriti
3263 3858 3405 3928 apud
3437 3857 3613 3912 Deum
3644 3857 3809 3919 fiunt.

2190 3945 2317 4003 Ideo
2360 3962 2585 4003 necesse
2614 3957 2697 4005 est
2735 3957 2795 4003 ut
2845 3949 2989 4005 bono
3023 3950 3175 4020 operi
3225 3948 3463 4005 studium
3519 3947 3811 4019 impenda-

2138 4057 2149 4067 ‘
2191 4061 2332 4100 mus.
2366 4045 2473 4100 Sed
2523 4055 2703 4101 tamen
2741 4054 2868 4101 ante.
2897 4045 3080 4101 omnia
3131 4043 3493 4100 humilitatem
3541 4043 3596 4097 in
3634 4044 3810 4099 corde

2190 4152 2492 4203 servemus,
2540 4145 2595 4192 et
2622 4152 2720 4207 per
2747 4136 3073 4193 charitatem
3102 4135 3367 4208 proximis
3417 4135 3623 4189 nostris
3670 4150 3810 4189 con-

2190 4231 2384 4286 cordes
2409 4237 2464 4287 et
2491 4232 2885 4302 compatientcs
2921 4231 3113 4285 simus.
3145 4230 3222 4284 De
3266 4245 3374 4301 quo
3416 4237 3470 4283 et
3498 4229 3762 4284 subditur
3788 4243 3804 4281 :

2268 4341 2286 4374 ι
2323 4322 2438 4378 Νοιι
2471 4323 2702 4378 irrideas
2746 4323 3021 4378 hominem
3054 4323 3110 4378 in
3156 4322 3526 4383 amaritudine
3555 4322 3801 4393 animus;

2195 4433 2215 4467 ι
2250 4423 2334 4470 est
2360 4416 2505 4469 enim
2547 4414 2641 4485 qui
2692 4414 2944 4469 humiliat
2994 4422 3050 4469 et
3097 4412 3301 4465 exaltat
3361 4412 3807 4483 circumspector

2196 4525 2215 4553 ι
2248 4508 2410 4557 Deus.
2444 4527 2463 4553 ο
2499 4506 2635 4555 llinc
2656 4513 2709 4554 et
2745 4506 2798 4554 lu
2821 4500 3134 4556 Proverbiis
3160 4503 3424 4574 scriptum
3451 4512 3535 4558 est
3566 4523 3578 4556 :
3612 4524 3631 4553 ι
3661 4503 3800 4558 Cum

492 4596 645 4643 mill“
680 4588 813 4645 salis
851 4596 1013 4653 θεεθι»
1044 4587 1207 4645 Cliam
1253 4588 1297 4644 Si
1329 4589 1383 4643 in
1427 4588 1599 4644 altero
1649 4606 1709 4646 se
1753 4605 1859 4644 non
1908 4588 2165 4689 impli-D
2191 4593 2447 4650 ceciderit
2490 4592 2741 4648 inimicus
2793 4600 2938 4659 tuus,
2998 4609 3064 4647 ne
3120 4596 3358 4666 gaudeas
3386 4614 3398 4649 :
3427 4604 3482 4650 et
3533 4597 3589 4651 in
3640 4596 3801 4649 ruina

490 4692 663 4741 caret.
720 4683 1057 4754 Quapropter
1113 4684 1404 4755 Apostolus
1452 4687 1898 4755 przevaricatores
1951 4686 2085 4758 legis

490 4772 588 4827 Dei
611 4773 911 4843 redarguit,
943 4774 1130 4830 dicens
1160 4789 1174 4827 :
1207 4793 1225 4824 ‹
1278 4774 1379 4843 Qui
1405 4791 1526 4830 cum
1564 4774 1834 4845 justitiam
1865 4777 1961 4831 Dei
1994 4794 2086 4833 co-

486 4866 841 4936 gnovissent,
902 4882 1009 4922 non
1061 4866 1451 4927 intellexerunt
1502 4870 1758 4940 quoniam
1809 4870 1903 4943 qui
1956 4871 2083 4925 talia

488 4966 661 5029 agunt
698 4958 846 5030 digni
895 4966 1024 5017 sunt
1072 4970 1271 5027 morte,
1301 4969 1357 5015 et
1406 4976 1515 5019 non
1567 4961 1741 5018 solum
1788 4964 1877 5033 qui
1910 4980 1970 5017 ea
2005 4962 2084 5018 fa-

486 5050 776 5116 siuutwed
803 5051 967 5111 etiam
996 5052 1088 5124 qui
1108 5053 1454 5117 consentiunt
1480 5053 1991 5128 facientibus(liom.
2018 5055 2079 5128 ι).

564 5162 587 5197 t
619 5144 740 5201 Noli
761 5161 883 5205 eSSe
903 5146 1272 5221 pusillanimis
1301 5149 1353 5213 in
1383 5149 1565 5205 anima
1597 5159 1719 5217 tua;
1773 5166 2004 5208 exorare
2032 5159 2089 5205 et

499 5254 518 5289 ι
550 5237 732 5294 facere
760 5238 1158 5313 eleemosynam
1186 5256 1255 5302 ne
1275 5242 1561 5314 despicias.
1598 5264 1617 5296 ι
1662 5243 2087 5305 Pusillanimitas

488 5327 616 5384 ideo
647 5332 896 5401 lugienda
936 5344 1044 5400 est,
1066 5334 1199 5404 quia
1214 5350 1373 5417 ‘szepe
1408 5350 1507 5409 per
1539 5336 1686 5397 illam
1718 5336 1939 5395 tristitia
1986 5354 2087 5399 Ste-

488 5420 599 5481 culi
626 5460 641 5485 ,
687 5437 809 5492 qua:
852 5433 1085 5485 mortem
1122 5434 1418 5502 operatur,
1465 5429 1731 5495 nascitur.
1785 5428 1857 5483 At
1884 5440 2087 5500 contra

488 5520 808 5573 constantes
850 5515 1033 5577 animo
1063 5517 1287 5577 fortiter
1326 5533 1424 5589 per
1458 5520 1777 5591 patientiam
1816 5520 2087 5585 sullferuut

488 5604 756 5675 laborem,
795 5610 921 5679 quia
966 5624 1185 5669 omnem
1221 5612 1507 5679 praesentis
1561 5613 1686 5669 vitae
1727 5622 2085 5671 contemnunt

493 5696 754 5761 dolorem.
788 5698 945 5759 Unde
978 5699 1031 5759 in
1070 5697 1383 5759 Proverbiis
1424 5701 1688 5775 scriptum
1724 5712 1807 5763 est
1851 5724 1864 5759 :
1913 5726 1931 5757 ε
1964 5704 2083 5764 Non

492 5790 844 5853 contristabit
891 5790 1096 5864 justum
1150 5791 1415 5863 quidquid
1470 5794 1731 5851 acciderit
1774 5796 1824 5853 ei
1877 5796 2075 5871 (Prov.

495 5880 617 5951 ru).
646 5901 665 5932 ι
701 5880 825 5936 idco
848 5891 904 5938 et
936 5881 1169 5940 Jacobus
1194 5884 1472 5957 apostolus
1499 5886 1776 5947 tristitiam
1811 5890 2080 5953 sustinen-

2192 4687 2309 4759 ejus
2359 4702 2425 4741 ne
2452 4687 2689 4742 exsultet
2720 4702 2816 4749 cor
2852 4696 3003 4742 tuum
3038 4706 3050 4741 :
3101 4704 3169 4743 ne
3211 4690 3349 4745 forte
3378 4691 3559 4745 videat
3609 4689 3800 4745 Domi—

2192 4795 2314 4843 nus,
2348 4787 2404 4833 et
2438 4777 2725 4848 displiceat
2772 4780 2844 4843 ei,
2895 4787 2949 4833 et
2986 4778 3200 4834 auferat
3247 4779 3315 4835 ab
3350 4796 3415 4836 eo
3462 4796 3601 4835 iram
3638 4797 3797 4837 suam

2191 4867 2388 4942 (Prov.
2421 4869 2602 4938 xxrv).
2652 4870 2693 4923 E
2749 4871 3025 4927 contrario
3068 4886 3200 4928 vero
3249 4871 3483 4937 Paulus,
3518 4871 3653 4944 quid
3704 4888 3798 4943 ge-

2188 4963 2417 5017 rendum
2448 4963 2540 5029 sit,
2580 4963 2874 5021 salubriter
2913 4965 3170 5031 instruit,
3222 4965 3453 5021 dicens:
3491 4984 3510 5016 ‹
3547 4964 3796 5021 Gaudete

2189 5073 2314 5112 cum
2338 5056 2717 5128 gaudentibus,
2744 5055 2868 5111 ﬂete
2897 5074 3020 5113 cum
3065 5057 3338 5125 ﬂentibus,
3365 5058 3415 5111 id
3449 5059 3630 5133 ipsum
3658 5059 3797 5115 invi-

2184 5167 2308 5207 cem
2339 5149 2657 5205 sentientes.
2702 5148 2819 5204 Non
2851 5149 2961 5208 alta
2992 5151 3271 5222 sapientes
3294 5192 3309 5219 ,
3356 5152 3452 5208 sed
3493 5152 3795 5213 humilibus

2189 5244 2591 5309 consentientes
2617 5242 2794 5317 (Rom.
2824 5243 2959 5317 xu).

2795 5356 3024 5413 CAPUT
3077 5352 3187 5419 ΥΠ.

2287 5429 2366 5489 De
2411 5428 2684 5484 mendacio
2730 5445 2835 5483 non
2877 5424 3194 5499 proferendo
3242 5438 3423 5483 contra
3460 5444 3715 5485 amicum.

2267 5542 2285 5575 ι
2330 5519 2451 5577 Noli
2477 5532 2661 5575 amare
2688 5518 3032 5581 mendacium
3056 5519 3323 5589 adversus
3354 5529 3579 5593 tratrem
3612 5530 3786 5583 tuum,

2194 5634 2213 5668 ι
2250 5629 2427 5685 neque
2474 5611 2530 5673 in
2576 5611 2811 5666 amicqu
2861 5610 3112 5677 similiter
3161 5610 3351 5667 facias.
3385 5632 3405 5664 ι
3463 5608 3522 5669 Si
3577 5608 3789 5666 nullum

2188 5706 2529 5765 mendacium
2554 5703 2824 5760 laudabile
2853 5711 2959 5770 est,
2987 5712 3043 5759 et
3073 5703 3326 5777 cuiquam
3355 5702 3670 5763 scandalum
3703 5702 3759 5756 in

2185 5800 2332 5861 ferre
2376 5797 2764 5873 perniciosum,
2819 5803 3024 5867 quanto
3068 5795 3238 5867 magis
3294 5802 3483 5850 contra
3543 5793 3784 5849 amicum

2187 5891 2389 5961 aliquid
2428 5907 2523 5953 per
2559 5888 2805 5946 fraudem
2831 5887 3008 5945 moliri
3042 5886 3394 5960 vituperabile
3421 5888 3541 5949 est?
3569 5886 3636 5942 Et
3671 5904 3782 5943 ltuit
