4030 6514
267 1371 289 1409 ἰ

324 468 431 527 805

1216 464 1567 527 COMMENT.
1609 466 1681 526 IN
1716 464 2325 529 ECCLESIASTICUM.
2364 498 2440 513 --
2474 464 2603 527 LIB.
2643 464 2709 525 ll.

3504 464 3608 527 808

322 584 460 640 levis
508 598 693 651 noxa},
741 581 940 641 falsum
975 580 1181 639 crimen
1230 583 1385 639 fratri
1438 584 1747 659 imponere,
1781 602 1916 659 quo—
1942 588 2081 650 Αιιι
2131 583 2340 656 rugitus
2384 580 2557 638 leonis
2609 578 2684 636 ita
2735 588 2913 638 terrOr
2957 579 3101 651 regis
3144 599 3160 635 τ
3213 581 3307 655 qui
3345 594 3608 655 provocat

322 675 471 731 niam
499 675 653 732 testis
684 676 915 732 mendax
948 672 1164 747 peribit.
1212 674 1361 733 Unde
1392 676 1447 731 in
1473 675 1782 733 Proverbiis
1816 676 1915 733 Sa-

321 768 528 841 pientia
561 762 693 825 dicit
727 786 741 823 :
778 788 795 820 ‹
828 764 981 824 Sicut
1010 768 1205 825 noxius
1235 777 1318 826 est
1359 770 1453 843 qui
1498 768 1665 828 mittit
1696 770 1914 827 lanceas

321 872 379 918 et
403 861 630 936 sagittas
651 862 707 918 in
745 871 1000 931 mortem,
1028 862 1107 919 sic
1135 862 1218 918 vir
1240 862 1330 934 qui
1362 862 1731 921 fraudulenter
1754 871 1914 921 nocet

321 956 501 1013 amico
528 971 658 1025 suo;
708 962 762 1010 et
806 971 930 1011 cum
977 954 1139 1011 fuerit
1167 955 1557 1029 deprehensus,
1592 955 1724 1012 dicit
1754 971 1769 1010 :
1801 955 1909 1010 Lu-

320 1047 458 1104 dens
498 1045 601 1103 feci
637 1042 819 1121 (Prov.
852 1048 1035 1122 xxvr).
1073 1068 1091 1099 ι
1129 1046 1197 1102 Ει
1244 1046 1372 1103 alibi
1418 1063 1432 1103 :
1475 1067 1493 1101 ι
1531 1048 1610 1105 Νε
1645 1046 1906 1114 moliaris,

320 1136 519 1209 inquit,
569 1134 747 1193 amico
790 1148 881 1194 tuo
944 1137 1166 1207 malum,
1223 1154 1347 1197 cum
1376 1137 1466 1197 ille
1512 1138 1710 1196 habeat
1761 1140 1817 1199 in
1859 1147 1911 1197 te

320 1224 576 1283 ﬁduciam
609 1226 789 1301 (Prov.
816 1225 920 1301 ιιι).
960 1249 978 1282 ι

397 1337 416 1370 ‹
455 1317 576 1373 Noli
606 1316 741 1375 velle
765 1318 984 1374 mentiri
1008 1334 1168 1376 omne
1198 1321 1537 1377 mendacium
1568 1340 1582 1377 :
1617 1321 1910 1378 assiduitas

323 1426 345 1463 ‹
390 1410 536 1467 enim
578 1410 719 1469 illius
769 1426 879 1465 non
928 1421 1012 1467 est
1057 1412 1219 1468 bona.
1278 1434 1296 1467 ι
1344 1413 1516 1471 Omne
1565 1415 1909 1472 mendacium

316 1500 541 1558 noxium
564 1507 666 1570 est,
698 1502 824 1575 quia
848 1511 1133 1577 peccatum
1169 1514 1269 1561 est.
1302 1504 1375 1562 Os
1405 1506 1549 1561 enim
1575 1508 1719 1578 quod
1758 1524 1910 1564 men-

317 1595 468 1663 titur,
505 1594 704 1653 occidit
750 1596 1020 1666 animam;
1071 1606 1126 1653 et
1153 1608 1357 1671 quanto
1390 1600 1514 1673 quis
1559 1600 1691 1657 illud
1717 1601 1903 1668 usitat,

314 1692 467 1741 tanto
518 1686 826 1760 graviorem
873 1688 1142 1745 sarcinam
1189 1699 1531 1765 peccatorum
1581 1694 1903 1750 accumulat.

314 1775 425 1853 sed
459 1777 587 1834 licet
614 1778 824 1835 diversa
875 1796 1075 1852 genera
1112 1783 1221 1838 sint
1256 1784 1684 1853 mendaciorum,
1727 1797 1906 1843 tamen

311 1849 548 1939 primum
600 1884 665 1926 ac
715 1849 949 1942 capitale
998 1879 1082 1928 est
1119 1873 1463 1930 mendacium
1510 1849 1774 1949 longeque
1825 1876 1897 1932 fu-

310 1959 586 2029 giendum,
616 1962 757 2037 quod
803 1961 864 2021 ﬁt
891 1964 945 2018 in
995 1961 1241 2019 doctrina
1279 1965 1554 2038 religionis

309 2050 655 2107 mendacium
685 2051 831 2108 nulla
854 2052 1163 2112 conditione
1188 2056 1478 2129 quisquam
1500 2056 1661 2113 debet
1688 2059 1903 2125 adduci,

306 2144 437 2214 quia
464 2156 562 2215 per
594 2146 699 2203 hoc
738 2149 1103 2205 certissimum
1155 2158 1241 2205 est
1290 2151 1565 2207 hominem
1600 2168 1631 2207 a
1669 2152 1781 2209 Deo
1824 2169 1911 2209 se-

304 2237 514 2306 parari.
577 2238 834 2312 Quisquis
880 2252 1060 2300 autem
1129 2244 1348 2316 aliquod
1402 2261 1571 2319 genus
1639 2247 1908 2302 mendacii

305 2331 454 2401 quod
488 2342 777 2403 peceatum
815 2349 923 2390 non
963 2336 1033 2391 sit
1060 2338 1366 2409 putaverit,
1414 2338 1644 2410 decipiet
1669 2342 1908 2412 scipsum

309 2422 559 2493 turpiter,
593 2441 719 2483 cum
763 2428 1052 2485 honestum
1103 2444 1162 2486 se
1212 2430 1555 2503 deceptorem
1611 2432 1910 2489 arbitratur

308 2512 562 2573 aliorum.

390 2631 409 2662 ι
430 2609 549 2667 Noli
573 2614 837 2671 verbosus
853 2629 973 2671 esse
992 2615 1047 2671 in
1072 2616 1417 2674 multitudine
1436 2619 1903 2692 presbyterorum,

314 2723 334 2755 ς
371 2714 425 2761 ει
449 2722 557 2762 non
578 2707 746 2765 iteres
774 2708 1083 2783 verbum‘in
1115 2718 1205 2767 tua
1235 2712 1502 2768 oratione.
1530 2732 1549 2764 ι
1581 2711 1717 2780 Quia
1748 2727 1908 2782 supe-

308 2793 424 2851 rius
467 2795 722 2865 diximus,
755 2799 983 2871 capitale
1026 2815 1148 2857 esse
1185 2802 1524 2858 mendacium
1556 2802 1610 2857 in
1657 2802 1905 2858 doctrina

307 2886 607 2960 religionis.
639 2892 897 2963 Quisquis
923 2893 1065 2949 hanc
1091 2895 1422 2952 sententiam
1450 2900 1773 2963 servaverit,
1802 2897 1907 2951 hoc

303 2989 413 3047 est,
443 2983 537 3054 qui
570 2982 874 3040 doctrinam
913 2987 1191 3044 seniorum
1237 2989 1411 3060 magis
1453 2988 1646 3044 devote
1694 2985 1901 3053 audire,

303 3088 471 3143 quam
522 3088 679 3132 suam
706 3077 1048 3150 impudenter
1088 3080 1335 3152 proferre
1383 3078 1678 3152 delegerit,
1702 3080 1770 3135 ab
1800 3081 1905 3136 hoc

303 3164 548 3233 periculo
578 3166 792 3240 longius
821 3171 946 3227 erit.
978 3171 1172 3228 Tutius
1196 3173 1343 3228 enim
1389 3181 1472 3228 est
1513 3173 1704 3228 audire
1740 3188 1903 3245 quam

303 3255 473 3329 loqui.
506 3257 661 3316 Unde
691 3259 928 3320 Jacobus
978 3264 1033 3319 in
1080 3265 1324 3336 Epistola
1369 3281 1466 3321 sua
1516 3267 1790 3332 admonet,
1824 3267 1904 3321 di-

302 3364 436 3405 cens
467 3368 479 3404 :
518 3369 538 3402 (
596 3350 681 3407 Sit
721 3362 903 3410 autem
957 3357 1136 3413 omnis
1176 3358 1341 3414 homo
1385 3354 1543 3413 velox
1574 3358 1643 3413 ad
1674 3357 1902 3413 audien—
1928 3333 1977 3398 ο

303 3438 457 3507 dum,
498 3442 684 3505 tardus
713 3453 895 3503 autem
923 3448 992 3504 ad
1013 3448 1361 3521 loquendum,
1381 3458 1436 3507 et
1461 3452 1647 3507 tardus
1667 3449 1735 3507 ad
1762 3450 1902 3505 iram

304 3530 453 3604 (Jac.
494 3533 555 3608 ι).
593 3556 611 3589 ι

382 3634 403 3672 α
440 3621 557 3679 Non
610 3626 789 3684 oderis
845 3629 1118 3688 laboriosa
1163 3646 1350 3704 opera,
1394 3639 1448 3688 et
1487 3631 1901 3689 rusticationem

308 3732 329 3765 ι
370 3713 439 3769 ab
465 3714 747 3776 Altissimo
787 3730 1052 3778 creatam.
1090 3744 1110 3777 ›
1149 3722 1277 3781 Utili
1327 3722 1500 3781 labori
1538 3726 1814 3793 insistere,
1847 3732 1902 3781 et

299 3804 635 3865 otiositatem
668 3810 875 3883 fugere,
908 3814 1175 3872 laudabile
1198 3825 1304 3883 est,
1334 3818 1461 3889 quia
1506 3819 1755 3875 otiositas
1794 3819 1901 3873 ini-

300 3898 447 3953 mica
474 3908 560 3955 est
578 3902 794 3960 animm.
827 3904 983 3962 Unde
1012 3914 1067 3961 et
1098 3906 1300 3964 Paulus
1324 3909 1901 3966 Thessalonicensibus

300 3990 541 4061 scripsit,
591 4002 654 4047 ut
700 4008 825 4051 cum
873 3997 1088 4054 silentio
1136 4009 1430 4070 operantes
1486 4016 1644 4057 suum
1702 4018 1900 4074 panem

298 4083 654 4153 manducent,
687 4086 792 4144 hoc
820 4089 1047 4159 addens,
1094 4092 1137 4148 si
1170 4094 1292 4164 quis
1322 4109 1430 4149 non
1468 4093 1633 4149 vellet
1661 4093 1900 4163 operari,

297 4190 402 4231 nec
450 4178 846 4249 manducaret,
876 4196 1034 4237 suum
1087 4186 1395 4255 exemplum
1443 4185 1524 4241 eis
1566 4200 1897 4259 proponens,

298 4271 559 4340 quoniam
603 4288 711 4329 non
739 4274 1014 4346 lnqulctus
1054 4277 1319 4334 fuitintcr
1348 4296 1463 4346 eos,
1497 4296 1674 4350 neque
1702 4295 1902 4351 panem

298 4358 471 4431 gratis
500 4362 568 4417 ab
598 4362 778 4434 aliquo
807 4368 1186 4436 manducavit,
1241 4369 1338 4426 sed
1368 4372 1424 4425 in
1456 4370 1642 4427 labore
1686 4380 1742 4427 et
1777 4371 1904 4427 fati-

298 4452 542 4523 gatione,
566 4464 729 4512 nocte
757 4467 812 4513 et
835 4461 922 4513 die
948 4477 1209 4530 operans,
1246 4480 1315 4519 ne
1341 4480 1669 4535 quemquam
1713 4480 1903 4519 eorum

298 4555 557 4615 gravaret
582 4545 669 4620 (ΙΙ
703 4547 884 4605 Thess.
926 4551 1020 4623 ιι).
1067 4551 1221 4619 Quod
1255 4559 1438 4607 autem
1490 4556 1903 4609 rusticationem

298 4635 432 4691 dicit
475 4639 543 4693 ab
571 4636 853 4697 Altissitno
889 4650 1154 4710 creatam,
1204 4642 1475 4715 signiﬁcat
1507 4644 1755 4715 peccanti
1804 4644 1903 4699 ho-

298 4726 434 4781 mini
453 4728 595 4785 hanc
623 4734 949 4789 sententiam
973 4736 1177 4801 datam,
1203 4744 1262 4790 ut
1288 4736 1475 4792 labore
1504 4750 1765 4791 manuum
1796 4736 1899 4791 sibi

295 4821 502 4876 victum
525 4834 796 4894 quaereret
826 4846 839 4882 :
866 4836 927 4883 ut
952 4837 1036 4883 est
1063 4828 1195 4883 illud
1216 4828 1521 4885 Geneseos:
1549 4848 1568 4881 ι
1598 4829 1656 4884 In
1680 4828 1894 4895 sudore,

297 4912 496 4983 inquit,
527 4916 709 4974 vultus
741 4920 817 4975 tui
858 4921 1097 4977 vesceris
1143 4936 1285 4992 pane
1311 4964 1326 4989 ,
1381 4923 1555 4979 donec
1603 4922 1897 4979 revertaris

296 5004 354 5060 in
384 5016 589 5064 terram
617 5010 684 5066 de
711 5027 815 5081 qua
847 5023 1094 5084 sumptus
1119 5029 1180 5071 es
1208 5028 1223 5070 :
1256 5017 1409 5088 quia-
1426 5015 1606 5088 pulvis
1634 5031 1716 5083 es,
1759 5023 1814 5072 et
1838 5015 1897 5071 in

295 5095 577 5166 pulverem
598 5105 892 5160 reverteris
920 5103 1071 5177 (Gen.
1111 5107 1218 5182 ιιι).
1254 5129 1273 5161 ι

374 5205 394 5236 ι
435 5187 555 5244 Non
608 5198 661 5246 te
714 5203 932 5264 reputes
974 5196 1030 5252 in
1074 5197 1419 5256 multitudine
1466 5199 1897 5271 indisciplinato—

302 5295 323 5329 ι
360 5294 512 5347 rum;
564 5295 837 5343 memento
880 5290 993 5357 ira},
1027 5292 1284 5362 quoniam
1321 5311 1429 5351 non
1459 5296 1715 5351 tardabit.
1750 5315 1769 5348 ι
1802 5295 1893 5350 In-

202 5458 211 5465 .
295 5370 673 5443 disciplinatos
729 5388 885 5434 vocat
932 5382 1203 5454 inquietos
1247 5394 1302 5441 et
1350 5386 1746 5454 inobedicntes,
1800 5387 1893 5458 qui

290 5468 583 5537 prmceptis
610 5468 707 5526 Dei
736 5471 958 5529 obedire
1003 5476 1194 5532 nolunt
1223 5496 1235 5532 :
1279 5478 1333 5534 in
1367 5495 1600 5550 quorum
1630 5480 1893 5537 societate

292 5563 607 5617 conversari
651 5565 1014 5635 periculosum
1046 5577 1144 5635 est,
1193 5570 1321 5641 quia
1368 5573 1561 5630 talibus
1609 5582 1757 5629 certa
1808 5587 1893 5628 re-

292 5652 603 5710 servabitur
640 5658 898 5728 vindicta,
929 5674 1093 5735 quam
1120 5662 1215 5719 irae
1244 5665 1464 5721 nomine
1510 5670 1808 5736 nuncupat,
1844 5664 1891 5721 si

291 5758 403 5800 non
460 5762 520 5803 se
569 5751 639 5805 ad
692 5752 974 5811 meliorem
1024 5755 1193 5812 vitam
1241 5759 1602 5815 correxerint.
1633 5758 1788 5815 Unde
1834 5758 1889 5813 in

292 5832 605 5895 Proverbiis
633 5843 894 5912 scriptum
919 5853 1004 5901 est
1054 5863 1069 5901 :
1117 5865 1136 5899 ι
1168 5846 1368 5904 Parata
1399 5858 1526 5905 sunt
1554 5830 1891 5906 derisoribus

289 5924 513 6001 judicia,
534 5939 591 5988 et
618 5933 798 5992 mallei
825 5938 1192 6006 percutientes
1221 5940 1516 6001 stultorum
1549 5943 1731 6001 corda.
1762 5943 1887 6000 Sic-

1925 4694 1981 4756 D

2016 694 2162 745 eum,
2186 686 2373 749 peccat
2404 676 2459 732 in
2497 677 2734 731 animam
2774 692 2926 732 suam
2957 673 3139 748 (Prov.
3179 677 3316 749 xxx).
3367 697 3386 731 ι

2092 792 2112 826 ι
2149 772 2382 828 Humilia
2430 771 2587 826 valde
2645 770 2893 841 spiritum
2936 781 3090 826 tuum
3126 788 3140 825 :
3174 771 3431 842 quoniam
3484 773 3602 826 vin-

2022 885 2040 916 ι
2078 864 2220 920 dicta
2265 863 2448 918 carnis
2474 860 2627 932 impii
2668 861 2808 931 ignis
2839 868 2895 915 et
2916 860 3136 916 vermis.
3178 880 3197 913 ι
3249 859 3402 917 Sicut
3427 861 3605 917 omnis

2011 952 2220 1030 peccati
2246 954 2459 1011 initium
2499 962 2585 1009 est
2634 952 2910 1022 superbia,
2942 953 3018 1007 ita
3058 949 3274 1007 initium
3327 953 3606 1023 sapientia

2011 1045 2288 1101 humilitas
2337 1053 2394 1101 et
2444 1044 2610 1100 timor
2660 1043 2777 1099 Dei.
2836 1042 3035 1099 Beatus
3088 1044 3231 1100 enim
3293 1045 3457 1100 homo
3511 1042 3605 1115 qni

2011 1148 2224 1209 semper
2267 1136 2495 1208 pavidus
2540 1141 2624 1190 est
2649 1132 2688 1207 l:
2739 1134 2995 1205 quoniam
3043 1151 3064 1185 ‹
3114 1135 3209 1205 qui
3263 1149 3323 1191 se
3373 1136 3602 1201 exaltat,

2010 1230 2413 1297 humiliabitur;
2454 1240 2509 1286 et
2555 1228 2648 1300 qui
2690 1244 2749 1284 se
2781 1228 3054 1293 humiliat,
3086 1229 3418 1284 exaltabitur
3448 1228 3602 1301 (Luc.

2010 1334 2134 1391 xw,
2185 1322 2376 1395 xvm).
2415 1342 2434 1375 ›
2471 1321 2724 1378 Vindicta
2768 1321 2948 1376 carnis
2993 1321 3142 1391 impii
3189 1322 3331 1392 ignis
3385 1328 3441 1375 et
3493 1335 3607 1374 ver-

2010 1431 2161 1484 mes,
2208 1414 2334 1486 quia
2383 1429 2511 1470 caro
2569 1423 2955 1485 peccatorum,
2991 1427 3112 1484 quae
3164 1412 3377 1467 luxuria
3422 1411 3608 1468 aliine-

2007 1507 2100 1564 bat
2136 1508 2190 1562 in
2240 1506 2461 1572 mundo,
2491 1506 2653 1563 simul
2706 1521 2830 1562 cum
2863 1506 3041 1561 anima
3092 1507 3271 1576 poenis
3309 1506 3527 1561 additur
3553 1507 3608 1562 in

2009 1597 2216 1667 futuro,
2237 1608 2293 1655 et
2326 1598 2450 1672 igne
2479 1599 2816 1655 cruciabitur
2833 1598 3111 1671 gehennae.
3134 1598 3386 1655 Vermem
3428 1608 3607 1654 autem

2011 1702 2065 1750 et
2090 1694 2268 1765 ignem
2293 1692 2345 1746 in
2377 1693 2622 1765 gehenna
2645 1708 2764 1748 esse
2793 1693 2907 1763 ipse
2938 1691 3200 1748 Dominus
3218 1699 3610 1749 commemorat

2011 1783 2065 1839 in
2113 1783 2444 1857 Evangelia,
2495 1784 2727 1841 dicens:
2784 1800 2803 1836 ι
2852 1784 2920 1840 Ει
2964 1784 3010 1840 si
3056 1784 3504 1841 scandalizaverit
3557 1793 3609 1839 te

2010 1890 2202 1931 manus
2242 1885 2358 1942 tua,
2386 1875 2643 1933 abscinde
2666 1875 2857 1930 illam:
2892 1876 3095 1931 bonum
3115 1883 3202 1930 est
3247 1875 3345 1930 tibi
3378 1874 3607 1930 debilem

1604 1985 1618 2021 :
1664 1969 1733 2024 ad
1761 1969 1904 2039 quod
1932 1962 1981 2025 B
2010 1966 2235 2023 introire
2286 1967 2342 2021 in
2388 1967 2553 2023 vitam
2573 2009 2589 2032 ,
2618 1983 2781 2038 quam
2811 1968 2947 2023 duas
2982 1980 3177 2022 manus
3208 1966 3498 2021 habentem
3532 1965 3614 2020 ire

2010 2059 2066 2115 in
2116 2060 2442 2131 gehennam,
2478 2059 2534 2114 in
2574 2058 2753 2127 ignem
2795 2056 3310 2129 inexstinguibiiem,
3346 2055 3436 2110 ubi
3487 2069 3611 2109 ver-

2010 2153 2115 2207 mis
2143 2168 2333 2208 eorum
2379 2168 2485 2207 non
2514 2152 2764 2218 moritur,
2805 2159 2859 2206 et
2905 2151 3045 2223 ignis
3090 2164 3201 2205 non
3245 2148 3611 2219 exstinguitur

2012 2243 2207 2318 (Marc.
2235 2246 2334 2316 ιιι).
2376 2264 2394 2297 ›
2448 2245 2505 2299 In
2530 2257 2717 2299 verme
2765 2242 3105 2314 putredinem
3137 2241 3429 2309 gehennae.
3469 2238 3611 2293 sicut

2012 2340 2065 2393 in
2099 2340 2221 2409 igne
2246 2339 2495 2393 ardorem
2524 2338 2803 2408 designat;
2846 2337 2961 2392 sive
3003 2350 3245 2390 vermem
3271 2333 3403 2389 dicit
3430 2347 3610 2388 seram

2011 2430 2276 2488 scelerum
2306 2429 2740 2501 pmnitudinem,
2792 2444 2912 2499 quae
2951 2441 3232 2499 nunquam
3261 2426 3316 2481 in
3368 2434 3610 2480 tormen-

2008 2525 2082 2580 tis
2126 2522 2521 2580 conscientiam
2570 2521 2895 2578 aiiiictorum
2946 2522 3198 2576 mordere
3249 2517 3501 2584 cessabit,
3551 2528 3612 2571 ut

2008 2615 2149 2689 ignis
2173 2616 2245 2672 sit
2276 2630 2441 2685 poena
2472 2616 2811 2671 extrinsecus
2842 2608 3092 2680 saeviens,
3124 2612 3327 2669 vermis
3351 2610 3506 2667 dolor
3529 2608 3611 2664 in-

2010 2708 2181 2765 terius
2204 2722 2490 2765 accusans.

2088 2818 2107 2853 ι
2139 2800 2257 2856 Noli
2284 2798 2635 2871 praevaricari
2664 2798 2717 2854 in
2765 2798 3001 2853 amicum
3044 2795 3331 2867 pecuniam
3361 2792 3613 2849 dili‘eren-

2016 2910 2035 2944 ι
2071 2900 2205 2959 tem,
2238 2907 2415 2963 neque
2443 2891 2667 2947 fratrem
2694 2889 3080 2946 charissimum
3100 2903 3235 2943 auro
3259 2886 3552 2958 spreveris.
3586 2905 3605 2938 ι

2008 2984 2159 3041 Multi
2200 2984 2483 3057 perierunt
2542 2991 2767 3056 propter
2810 2983 3119 3047 avaritiam,
3156 2988 3212 3037 et
3261 2980 3612 3052 cupiditatem

2008 3062 2580 3136 terrenarum'rerum
2632 3078 2896 3133 habentes
2949 3076 3298 3147 proximum,
3356 3074 3459 3129 hoc
3504 3079 3608 3138 est,

2008 3171 2302 3239 hominem,
2336 3172 2430 3244 qui
2481 3171 2549 3227 ad
2603 3170 2894 3242 imaginem
2939 3167 3036 3223 Dei
3088 3166 3341 3223 conditus
3380 3173 3483 3231 est,
3515 3179 3610 3220 ne-

2006 3263 2308 3335 glexerunt.
2356 3262 2483 3318 Ideo
2532 3260 2691 3317 docet
2739 3269 2800 3315 ut
2842 3258 3018 3331 magis
3069 3258 3255 3329 diligat
3302 3256 3609 3328 proximum

2009 3368 2174 3426 quam
2213 3354 2457 3424 pecuniae
2506 3354 2846 3410 thesaurum.
2883 3370 2903 3403 ι
2941 3350 3117 3406 Radix
3167 3348 3311 3404 enim
3366 3348 3609 3403 omnium

2007 3448 2274 3509 maiorum
2324 3457 2410 3504 est
2443 3448 2750 3520 cupiditas,
2802 3460 2963 3517 quam
3013 3442 3234 3515 quidam
3288 3448 3610 3512 appetentes

2007 3547 2332 3597 erraverunt
2358 3554 2388 3595 a
2420 3540 2548 3608 ilde,
2570 3548 2625 3595 et
2650 3539 3002 3594 inseruerunt
3031 3549 3090 3591 se
3117 3532 3397 3589 doloribus
3428 3530 3611 3586 multis

2007 3631 2074 3705 (Ι
2115 3630 2250 3687 Tim.
2281 3631 2380 3706 vr).
2419 3652 2438 3684 ι
2474 3632 2541 3687 Ει
2583 3632 2801 3698 merito,
2845 3628 2973 3701 quia
3005 3628 3292 3683 dilectione
3335 3625 3452 3689 Dei,
3489 3638 3610 3693 qua:

2007 3726 2411 3782 ﬁrmamentum
2455 3734 2539 3782 est
2575 3726 2821 3795 justitim,
2847 3722 3219 3793 perdiderunt.
3271 3717 3613 3788 Quapropter

2006 3817 2243 3873 Joannes
2290 3815 2564 3882 hortatur,
2620 3816 2850 3871 dicens:
2891 3831 2909 3862 ιι
2947 3809 3124 3867 Nolite
3176 3809 3400 3882 diligere
3450 3824 3611 3862 mun-

2006 3910 2158 3976 dum,
2193 3924 2369 3980 neque
2395 3924 2459 3964 ea
2493 3923 2611 3979 quae
2656 3906 2708 3962 in
2755 3906 2956 3960 mundo
3002 3911 3147 3959 "sunt.
3197 3902 3254 3958 Si
3283 3902 3405 3973 quis
3434 3900 3610 3971 diligit

2004 4003 2288 4070 mundum,
2322 4018 2428 4058 non
2460 4012 2543 4058 est
2572 4002 2813 4058 Charitas
2843 4000 3018 4055 Patris
3040 3999 3093 4053 in
3118 4012 3183 4053 eo
3206 3997 3259 4070 (I
3287 3994 3549 4067 Jommt).
3583 4014 3602 4046 ι

2004 4094 2072 4151 Ει
2098 4098 2227 4153 item
2264 4116 2274 4151 :
2315 4118 2333 4149 ς
2364 4098 2466 4166 Qui
2506 4096 2779 4163 habuerit,
2805 4094 3002 4164 inquit,
3027 4089 3387 4148 substantiam
3420 4087 3604 4143 mundi

2006 4197 2060 4241 et
2084 4186 2283 4241 viderit
2325 4186 2551 4242 fratrem
2584 4201 2741 4241 suum
2786 4197 3011 4240 necesse
3038 4183 3259 4247 habere,
3308 4187 3363 4235 et
3400 4178 3594 4234 clause-

2004 4279 2077 4334 rit
2111 4280 2323 4337 viscera
2370 4284 2479 4334 sua'
2516 4280 2712 4344 abeo,
2744 4277 3017 4348 quomodo
3065 4275 3303 4330 charitas
3350 4272 3443 4327 Dei
3492 4286 3607 4325 ma-

2005 4379 2100 4426 net
2129 4371 2181 4425 in
2229 4371 2330 4426 eo?
2360 4370 2411 4442 (1
2441 4369 2604 4425 Joan.
2628 4367 2733 4440 ιιι.)
2762 4368 2863 4436 Qui
2894 4375 3117 4438 prepter
3138 4366 3399 4439 [amicum
3435 4362 3607 4433 negli-

2006 4461 2084 4534 git
2114 4463 2369 4517 danmum
2391 4504 2405 4529 ,
2432 4460 2615 4531 justus
2665 4468 2780 4528 est;
2813 4468 2869 4515 et
2895 4459 2987 4529 qui
3020 4458 3135 4514 odit
3181 4471 3429 4522 munera,
3461 4454 3607 4510 vivet

2008 4552 2193 4624 (Prov.
2224 4566 2318 4613 ΧΠ,
2364 4553 2475 4623 xv).
2510 4570 2528 4602 ι

2084 4662 2102 4694 ε
2132 4641 2251 4697 Noli
2285 4642 2563 4699 discedere
2584 4658 2615 4698 a
2644 4641 2870 4699 muliere
2911 4650 3125 4699 sensata
3157 4648 3213 4697 et
3235 4639 3410 4709 bona,
3441 4655 3606 4712 quam

2016 4751 2035 4785 ι
2073 4735 2298 4790 sortitus
2343 4751 2402 4791 es
2433 4737 2485 4791 in
2517 4736 2716 4791 timore
2746 4734 2864 4791 Dei.
2902 4755 2921 4789 ι
2956 4734 3269 4791 Secundum
3322 4734 3606 4789 historiam

2010 4824 2187 4880 fmdus
2231 4825 2465 4897 conjugii
2502 4826 2827 4881 servandum
2882 4825 3059 4891 docet,
3092 4842 3159 4880 ne
3187 4823 3345 4879 facile
3373 4824 3605 4880 disrum-

2006 4923 2189 4986 patur,
2221 4915 2375 4987 juxta
2422 4915 2552 4970 illud
2587 4916 3001 4989 evangelicum:
3039 4934 3057 4966 ι
3087 4914 3240 4982 Quod
3284 4915 3428 4968 Deus
3475 4928 3604 4967 con-

2000 5009 2178 5081 ]uxit,
2205 5010 2368 5064 homo
2400 5025 2505 5064 non
2553 5018 2774 5080 separet
2815 5009 3032 5081 (Matm.
3063 5006 3201 5078 xxx).
3239 5024 3258 5058 ι
3303 5005 3401 5062 Vel
3430 5005 3603 5075 magis

1996 5101 2155 5173 juxta
2185 5103 2519 5176 allegoriam,
2547 5122 2580 5159 a
2609 5105 2867 5161 societate
2899 5101 3153 5159 Ecclesia
3170 5098 3384 5157 ﬁdelem
3415 5115 3603 5169 quem-

2001 5195 2133 5253 libet
2157 5199 2409 5267 prohibet
2434 5199 2734 5264 discedere,
2764 5198 2891 5269 quia
2915 5206 3134 5268 pactum
3159 5194 3303 5265 quod
3335 5210 3458 5251 cum
3488 5195 3599 5250 Deo

2001 5292 2056 5349 in
2089 5292 2416 5364 baptismate
2455 5293 2677 5365 pepigit,
2729 5292 2953 5347 omnino
2998 5304 3218 5346 necesse
3258 5296 3341 5345 est
3382 5295 3439 5343 ut
3483 5294 3601 5345 ser-

2000 5393 2125 5451 vet,
2172 5384 2429 5454 quoniam
2480 5398 2675 5456 magna
2705 5383 3074 5439 remuneratio
3120 5389 3379 5452 sequetur
3404 5379 3593 5445 illum,

2000 5477 2092 5548 qui
2121 5492 2265 5532 verae
2281 5475 2556 5548 religionis
2582 5477 2720 5532 [idus
2748 5485 2832 5531 est
2850 5483 3160 5531 exsecutor.
3187 5474 3343 5531 Unde
3371 5471 3597 5544 subjun-

2000 5570 2165 5641 gitur.

2077 5684 2095 5716 ι
2133 5662 2322 5721 Gratia
2369 5660 2515 5718 enim
2548 5660 2890 5719 verecundia:
2930 5659 3075 5718 illius
3120 5675 3287 5733 super
3322 5673 3535 5716 aurum.
3565 5677 3587 5713 ι

1996 5789 2066 5799 -
2094 5776 2111 5809 ι
2150 5758 2289 5826 Quia
2315 5755 2505 5813 oculus
2527 5772 2635 5812 non
2660 5756 2816 5823 vidit,
2838 5771 2942 5811 nec
2972 5755 3121 5811 auris
3147 5753 3374 5818 audivit,
3406 5765 3507 5807 nec
3535 5748 3592 5806 in

1997 5866 2092 5905 cor
2112 5850 2349 5905 hominis
2384 5848 2662 5916 ascendit,
2688 5865 2809 5919 qua:
2830 5846 3160 5921 prasparavit
3186 5848 3328 5901 Deus
3368 5844 3454 5899 his
3492 5841 3590 5914 qui

1994 5940 2224 6014 diligunt
2268 5941 2420 5998 illum
2469 5941 2533 6013 (Ι
2562 5940 2682 5998 Cor.
2726 5940 2812 6014 ιι).
2853 5961 2872 5994 ι
2908 5940 3071 5997 Potes
3120 5940 3260 5995 hanc
3298 5934 3588 5992 mulierem
