4030 6488
476 409 585 471 807

1118 406 1180 464 B.
1219 402 1478 463 RAeBANi
1511 400 1734 461 HAURI
1764 398 2071 459 ARCHIEP.

2182 396 2440 459 OGUNT.
2477 392 2767 454 OPERUM
2804 392 2985 452 PARS
3019 392 3063 449 Ι.

476 525 800 601 sapientiam
823 521 1123 595 intelligere
1142 537 1422 580 sacrarum
1449 519 1880 594 Scripturarum,
1900 532 2066 590 quam
2090 521 2148 583 Α
2169 522 2354 572 tamen
2391 512 2615 585 aequalis
2641 519 2728 568 est
2770 510 3069 567 secundum
3110 514 3323 565 natura;
3346 506 3779 580 proprietatem.

477 618 827 694 Evangelium
855 618 1209 690 margaritam
1239 616 1536 688 pretiosam
1558 620 1837 683 nuncupat
1854 652 1869 679 ,
1900 627 2065 683 quam

477 714 783 787 negotiator
808 710 1105 784 spiritualis
1130 711 1261 766 dum
1300 708 1591 774 invenerit,
1623 706 1760 763 abiit
1784 712 1840 762 et
1879 703 2067 761 vendi-

475 808 559 864 dit
587 807 771 864 omnia
808 821 930 877 quaa
950 804 1155 872 habuit,
1185 813 1240 860 et
1262 804 1394 861 emit
1430 802 1600 858 illam.
1646 801 1724 856 De
1753 800 1858 855 hac
1879 807 1936 856 et
1963 798 2067 856 Ec-

474 902 755 960 clesiastes
779 901 857 956 ait
889 918 903 955 :
933 918 954 952 ι
988 899 1122 957 Vive
1158 897 1326 954 vitam
1351 912 1479 954 cum
1514 894 1742 952 muliere
1766 909 1929 964 quam
1978 891 2066 948 di-

475 993 675 1061 lexisti,
705 992 959 1050 omnibus
982 991 1174 1048 diebus
1219 987 1477 1045 vanitatis
1504 994 1631 1055 tum,
1657 985 1751 1057 qui
1798 985 1908 1041 dati
1939 992 2068 1040 sunt

381 1142 393 1152 ,
475 1084 575 1141 tibi
612 1083 713 1140 sub
753 1083 869 1140 sole
907 1081 1107 1154 (Eccle.
1137 1079 1239 1153 ιιι).
1280 1100 1301 1134 ›
1342 1078 1679 1151 Sapientiam
1738 1091 1969 1148 sequere
2013 1082 2069 1130 et

472 1176 760 1234 scientiam
797 1173 1222 1246 Scripturarum,
1265 1180 1322 1229 et
1348 1171 1491 1227 hanc
1520 1169 1618 1227 tibi
1670 1169 1726 1225 in
1756 1168 2067 1242 conjugium

475 1269 690 1341 copula.
731 1269 858 1325 Dies
886 1275 1070 1324 autem
1096 1266 1377 1329 vanitatis,
1407 1265 1522 1322 dies
1564 1259 1725 1334 hujus
1763 1262 1947 1318 seculi
1997 1261 2068 1317 si-

476 1364 719 1435 gnificat.
758 1364 837 1418 De
863 1361 1060 1433 quibus
1098 1359 1390 1432 Apostolus
1432 1374 1541 1414 non
1592 1364 1755 1413 tacet.
1783 1354 1939 1424 Quod
1969 1370 2067 1410 au-

478 1460 588 1507 tem
635 1452 751 1507 ait:
786 1470 807 1504 t
840 1451 975 1509 Vive
1018 1451 1190 1507 vitam
1243 1465 1369 1507 cum
1426 1448 1689 1515 muliere,
1748 1467 1768 1501 ι
1817 1446 2069 1518 ambigue

476 1544 679 1600 dictum
705 1552 791 1600 est
818 1562 833 1599 :
865 1543 982 1600 sive
1006 1543 1128 1599 vive
1151 1550 1210 1599 et
1240 1541 1609 1613 contemplare
1630 1541 1822 1608 vitam,
1849 1547 1905 1595 et
1932 1539 2067 1611 ipse,

474 1642 534 1690 et
551 1650 688 1691 uxor
714 1642 806 1690 tua
830 1642 1033 1691 tecum.
1065 1632 1185 1690 Non
1213 1634 1360 1690 enim
1385 1632 1594 1705 poteris
1617 1631 1736 1687 sine
1775 1629 1871 1686 tali
1898 1643 2071 1685 uxore

475 1727 657 1784 salvus
678 1728 885 1795 vivere,
922 1726 1008 1783 vel
1040 1727 1223 1783 videre
1252 1726 1459 1793 vitam;
1489 1734 1546 1782 et
1573 1724 1800 1797 pulchre
1824 1722 2070 1796 praecipit

473 1828 537 1877 ut
554 1821 611 1876 in
634 1821 826 1878 diebus
855 1820 1112 1877 vanitatis
1155 1827 1379 1887 nostrae,
1404 1832 1592 1875 veram
1617 1818 1783 1873 vitam
1805 1857 1822 1886 ,
1849 1825 1906 1873 et
1944 1830 2070 1872 cum

2166 610 2321 680 Quod
2349 618 2406 667 et
2453 608 2655 665 Paulus
2683 606 2945 674 ostendit,
2974 606 3199 662 dicens:
3229 624 3248 657 ι
3280 604 3411 663 Sive
3458 605 3631 671 servi,
3656 604 3788 660 sive

2164 702 2344 770 liberi,
2392 717 2562 758 unum
2619 715 2808 757 sumus
2864 699 2922 755 in
2967 698 3185 756 Christo
3206 695 3258 772 (ι
3298 696 3425 753 Cor.
3454 696 3579 769 vn-).
3630 716 3655 751 ι
3707 696 3788 752 Et

2166 797 2296 855 item
2325 815 2339 853 :
2372 817 2392 849 ‹
2442 796 2645 853 Servus
2677 801 2900 853 vocatus
2926 809 2987 851 es
3017 807 3033 848 :
3065 808 3176 849 non
3204 793 3278 849 sit
3305 791 3405 849 tibi
3454 806 3643 857 curae,
3678 787 3787 845 sed

2166 892 2222 948 et
2246 891 2293 948 si
2319 897 2472 962 potes
2499 890 2639 948 liber
2676 888 2826 957 fieri,
2851 888 3024 962 magis
3060 895 3238 945 utere.
3265 887 3369 954 Qui
3394 886 3546 942 enim
3573 886 3637 941 in
3669 884 3788 941 Do—

2165 984 2316 1039 mino
2342 990 2572 1040 vocatus
2609 989 2693 1038 est
2728 996 2940 1049 servus,
2981 980 3211 1037 libertus
3258 988 3345 1035 est
3393 976 3617 1034 Domini
3652 992 3669 1029 :
3706 976 3791 1031 si-

2166 1075 2369 1131 militer
2418 1074 2513 1146 qui
2563 1073 2706 1132 liber
2730 1082 2957 1130 vocatus
3008 1080 3122 1139 est,
3160 1086 3351 1128 servus
3393 1079 3481 1128 est
3539 1066 3788 1127 Christi.

2166 1166 2348 1225 Pretio
2366 1168 2534 1240 empti
2561 1168 2714 1234 estis,
2746 1166 2915 1225 nolite
2940 1165 3059 1223 fieri
3088 1167 3229 1223 servi
3261 1166 3570 1222 hominum.
3594 1162 3791 1221 Unus~

2167 1259 2397 1331 quisque
2424 1260 2481 1316 in
2500 1276 2611 1331 quo
2630 1267 2856 1317 vocatus
2875 1267 2979 1328 est,
2997 1259 3216 1328 fratres,
3247 1259 3304 1315 in
3323 1260 3429 1317 hoc
3450 1265 3792 1331 permaneat

2168 1351 2308 1422 apud
2349 1352 2538 1408 Deum.
2575 1372 2594 1405 ι

2244 1461 2263 1494 ‹
2296 1441 2503 1500 Pecora
2538 1442 2636 1499 tibi
2660 1444 2824 1503 sunt?
2859 1445 3080 1501 attende
3104 1442 3240 1507 illis;
3275 1451 3333 1501 et
3356 1443 3404 1500 si
3437 1449 3573 1500 sunt
3594 1440 3789 1508 utilia,

2176 1553 2197 1587 ι
2231 1546 2585 1606 perseverent
2612 1538 2756 1601 apud
2802 1546 2876 1595 te.
2915 1558 2935 1590 ι
2965 1536 3171 1594 Pecora
3200 1551 3297 1595 eos
3341 1535 3617 1610 appellat,
3654 1550 3795 1607 pro-

2170 1638 2293 1700 pter
2319 1630 2725 1701 simplicitatem
2768 1630 2971 1687 mcntis
3010 1638 3175 1702 atque
3198 1629 3569 1685 humilitatem
3610 1628 3795 1698 :quia

2171 1722 2315 1779 sicut
2358 1735 2528 1793 pecus
2565 1723 2635 1778 ad
2673 1721 2881 1779 domini
2920 1722 3001 1779 sui
3024 1736 3123 1793 per
3142 1722 3323 1778 omnia
3353 1720 3674 1793 subjectum
3690 1722 3799 1787 Iest

2170 1814 2531 1882 voluntatem,
2561 1816 2635 1870 ita
2672 1824 2727 1872 et
2772 1830 2965 1872 servus
2989 1815 3165 1873 bonus
3191 1828 3406 1885 semper
3447 1814 3515 1871 ad
3563 1812 3797 1870 Domini

475 1916 743 1986 sapientia
776 1931 1003 1973 uxorem
1028 1931 1370 1987 quaeramus;
1403 1916 1522 1972 haec
1551 1915 1699 1971 enim
1724 1930 1854 1986 pars
1882 1921 2068 1970 nostra
2096 1909 2146 1970 B
2173 1908 2255 1964 sui
2286 1916 2514 1980 paratus
2546 1917 2632 1965 est
2659 1909 2974 1965 utilitatem.
3008 1908 3163 1965 Unde
3202 1924 3313 1964 non
3341 1914 3594 1963 meretur
3645 1904 3798 1961 indi-

475 2014 582 2073 est,
597 2016 652 2062 et
677 2007 767 2063 hic
790 2007 993 2065 laboris
1020 2007 1250 2076 fructus,
1277 2008 1322 2063 si
1346 2007 1403 2063 in
1424 2006 1527 2064 hac
1556 2006 1669 2063 vita
1692 2006 1973 2063 umbratili
2002 2006 2080 2062 vi-

478 2104 592 2154 tam
619 2107 880 2156 aeternam
904 2099 1153 2156 invenire
1171 2099 1473 2157 valeamus.

1072 2191 1301 2249 CAPUT
1340 2191 1474 2248 Vill.

890 2281 971 2339 De
1011 2298 1157 2338 servo
1206 2283 1339 2338 bona
1381 2292 1431 2338 et
1481 2280 1648 2352 ﬁdeli.

482 2428 485 2429 ν
551 2394 573 2429 ι
606 2374 726 2433 Νοιι
751 2374 918 2434 licitas
942 2390 1159 2432 servum
1181 2376 1238 2432 in
1265 2375 1501 2433 veritate
1528 2384 1866 2447 operantem,
1895 2390 2075 2449 neque

481 2485 501 2520 ι
533 2467 934 2524 mercenarium
980 2466 1202 2524 dantem
1243 2467 1484 2523 animam
1539 2483 1716 2524 suam.
1752 2488 1773 2522 ι
1804 2469 2075 2527 Admonet

477 2559 760 2631 Sapientia
783 2568 843 2616 ut
865 2561 1191 2617 modestiam
1210 2569 1267 2616 et
1284 2561 1559 2632 aequitatis
1591 2561 1835 2634 regulam
1858 2564 1913 2618 in
1944 2563 2073 2620 sub-

475 2650 605 2708 ditis
642 2652 848 2709 nostris
891 2666 1298 2709 conservemus.
1329 2651 1448 2708 Non
1486 2652 1633 2709 enim
1664 2652 1822 2709 decet
1865 2662 1924 2709 ut
1951 2668 2071 2710 ser-

473 2756 577 2798 vus
623 2743 851 2799 devotus
901 2751 957 2800 et
1000 2744 1142 2800 bene
1188 2758 1443 2814 operans,
1472 2751 1698 2815 propter
1726 2743 2069 2801 insolentiam

474 2831 688 2890 Domini
717 2835 802 2891 sui
848 2834 1179 2892 calumniam
1231 2835 1499 2907 patiatur;
1526 2848 1706 2906 neque
1748 2843 1813 2891 ut
1864 2848 2073 2892 merce-

472 2926 663 2982 narius
689 2926 871 2985 debita
903 2926 1107 2984 laboris
1158 2926 1245 2983 sui
1296 2926 1549 2983 mercede
1601 2925 1914 2994 fraudetur,
1943 2926 2070 2997 quia

473 3015 666 3087 legalis
689 3027 746 3073 et
772 3017 1067 3090 apostolica
1119 3016 1279 3074 lectio
1309 3017 1596 3089 evidenter
1629 3017 1807 3085 docet,
1836 3027 1898 3073 ut
1942 3032 2073 3072 una-

474 3122 702 3180 quaeque
723 3124 958 3180 persona
984 3124 1108 3167 cum
1153 3110 1414 3181 aequitate
1441 3117 1727 3166 tractetur.
1760 3109 1897 3165 Nam
1932 3109 2073 3166 Pau-

472 3196 559 3253 lus
582 3199 654 3254 ad
676 3198 860 3255 Titum
887 3200 1135 3258 scribens
1146 3200 1304 3271 jubet
1331 3214 1520 3257 servos
1550 3200 1785 3257 dominis
1806 3201 1920 3258 suis
1944 3200 2071 3257 sub-

2180 2014 2287 2071 gne
2315 1998 2497 2068 abjici,
2534 2000 2630 2056 sed
2662 2014 2786 2056 cum
2806 1999 2956 2056 omni
2977 1998 3259 2071 diligentia
3288 1997 3588 2056 reservari.

2255 2112 2274 2145 t
2308 2092 2433 2150 Filii
2456 2093 2554 2149 tibi
2577 2095 2744 2150 sunt?
2771 2094 2926 2151 erudi
2966 2094 3109 2161 illos,
3147 2103 3204 2150 et
3225 2110 3386 2151 curva
3426 2094 3551 2151 illos
3595 2110 3624 2149 a
3658 2107 3801 2163 poe-

2180 2205 2203 2240 t
2244 2186 2371 2243 ritia
2425 2185 2661 2245 illorum.
2714 2207 2733 2239 ι
2792 2186 2905 2243 Hac
2956 2188 3226 2244 sententia
3273 2186 3513 2259 qualiter
3567 2185 3802 2242 servilis

2174 2278 2419 2337 conditio
2475 2278 2766 2337 nutrienda
2808 2280 2914 2347 sit,
2967 2290 3157 2349 aperte
3218 2288 3582 2337 monstratur.
3629 2277 3799 2335 Μιε-

2175 2381 2297 2428 ctus
2323 2386 2456 2444 ergo
2484 2372 2719 2428 ﬁliorum
2754 2384 2976 2444 propter
2999 2372 3091 2442 jus
3130 2380 3343 2428 natura:
3375 2372 3597 2428 fovendi
3618 2380 3797 2438 sunt;

2174 2465 2269 2521 sed
2298 2464 2585 2535 disciplina
2639 2464 2863 2522 fortiore
2905 2472 3130 2536 propter
3165 2464 3581 2521 instabilitatem
3628 2478 3798 2519 men-

2177 2557 2247 2614 tis
2288 2557 2565 2614 domandi.
2608 2556 2759 2615 Unde
2802 2562 2855 2613 in
2906 2557 3301 2628 posterioribus
3341 2557 3499 2613 istius
3535 2554 3668 2610 libri
3715 2553 3796 2609 di-

2173 2649 2316 2704 citur
2345 2667 2360 2703 :
2399 2667 2419 2701 ι
2454 2648 2695 2715 Cibaria,
2722 2658 2779 2705 et
2805 2650 2979 2721 virga,
3008 2658 3064 2706 et
3087 2664 3247 2714 onus,
3272 2647 3429 2704 asino
3455 2666 3469 2701 :
3496 2645 3690 2716 panis,
3738 2652 3803 2699 et

2174 2743 2497 2815 disciplina,
2546 2753 2603 2802 et
2650 2760 2819 2815 opus,
2852 2759 3049 2824 servo.‘
3067 2746 3341 2815 Operatur
3370 2758 3425 2796 in
3468 2737 3799 2808 disciplina.

2173 2847 2230 2895 et
2255 2836 2451 2909 quaerit
2483 2837 2827 2907 requiescere
2858 2854 2872 2892 :
2900 2836 3020 2892 laxa
3053 2848 3249 2892 manus
3273 2833 3373 2900 illi,
3395 2839 3453 2890 et
3480 2832 3687 2905 quaerit
3725 2829 3799 2885 ιι-

2174 2931 2444 2989 bertatem
2469 2929 2671 3001 (Eccle.
2694 2930 2918 3003 xxxiii).
2964 2950 2983 2982 ›

2253 3043 2272 3078 ‹
2315 3026 2463 3082 Filiae
2492 3026 2585 3083 tibi
2618 3037 2779 3091 sunt,
2827 3039 2981 3082 serva
3030 3037 3230 3093 corpus
3274 3021 3527 3086 illarum,
3578 3028 3635 3074 et
3677 3034 3798 3072 non

2183 3135 2203 3169 ‹
2247 3117 2502 3174 ostendas
2550 3117 2781 3174 hilarem
2825 3116 3020 3173 faciem
3062 3122 3209 3171 tuam
3254 3114 3321 3170 ad
3372 3113 3513 3168 illas.
3568 3131 3589 3163 ι
3630 3110 3802 3165 Sicut

2176 3210 2427 3279 superius
2477 3210 2647 3265 bonos
2702 3209 2969 3265 servosin
3014 3207 3133 3265 loco
3175 3202 3414 3263 filiorum
3440 3204 3649 3261 habere
3694 3203 3795 3258 do—

472 3287 617 3345 ditos
643 3304 789 3356 esse,
804 3290 863 3345 in
888 3291 1142 3347 omnibus
1165 3289 1464 3361 placentes,
1478 3305 1588 3347 non
1610 3291 2069 3362 contradicentes,

2182 3302 2313 3367 cuit,
2331 3302 2411 3357 sic
2433 3308 2488 3356 et
2506 3316 2654 3357 nunc
2674 3299 2900 3357 ancxllas
2920 3299 2976 3356 in
2997 3299 3117 3358 loco
3135 3299 3365 3355 filiarum
3383 3294 3798 3363 habereiubet;

471 3396 584 3438 non
609 3380 946 3451 frandantes,
977 3383 1074 3439 sed
1095 3382 1153 3439 in
1179 3383 1435 3440 omnibus
1456 3382 1621 3441 fidem
1665 3385 1863 3441 bonam
1889 3397 2073 3442 osten-

470 3474 685 3541 dentes,
715 3481 778 3529 ut
804 3474 1108 3531 doctrinam
1137 3473 1440 3532 Salvatoris
1470 3475 1569 3533 Dei
1592 3476 1767 3542 nostri
1793 3487 1993 3534 ornent
2017 3477 2073 3534 in

470 3566 726 3623 omnibus
760 3566 891 3638 (Tit.
924 3569 1009 3640 ιι).
1038 3569 1187 3625 idem
1232 3570 1290 3624 in
1320 3570 1562 3640 Epistola
1602 3572 1670 3626 ad
1700 3572 2070 3639 Colossenses,

471 3666 763 3731 postquam
795 3671 986 3713 servos
1010 3659 1217 3727 docuit,
1246 3669 1308 3715 ut
1336 3661 1596 3718 obediant
1621 3677 1721 3733 per
1767 3664 1948 3719 omnia
1978 3664 2074 3719 do-

471 3750 640 3809 minis
687 3750 1000 3807 carnalibus
1051 3766 1161 3807 non
1209 3751 1278 3806 ad
1321 3754 1540 3808 oculum
1586 3756 1889 3812 servientes
1917 3757 2075 3826 quasi

473 3841 789 3901 hominibus
833 3842 1135 3914 placentes,
1165 3842 1262 3899 sed
1290 3842 1344 3898 in
1385 3842 1734 3915 simplicitate
1760 3846 1965 3914 cordis,
2014 3848 2072 3903 tis

472 3944 687 3993 mentes
724 3936 919 4005 Deum,
947 3936 1181 3994 dominis
1206 3937 1490 4009 praecepit,
1512 3937 1701 3995 dicens
1731 3958 1745 3995 :
1782 3957 1802 3992 ι
1835 3940 2067 4008 Domini,

472 4029 622 4102 quod
641 4026 852 4098 justum
893 4036 979 4085 est
1006 4035 1065 4084 et
1086 4043 1302 4099 mquum
1351 4029 1527 4085 servis
1553 4040 1855 4102 praestate:
1898 4033 2076 4089 scien-

477 4108 724 4192 tésqnod
752 4128 807 4175 et
833 4131 932 4177 vos
973 4119 1264 4175 Dominum
1293 4119 1509 4177 habetis
1556 4120 1616 4176 in
1658 4120 1799 4178 etelo
1846 4121 2071 4194 (Calais.

474 4212 582 4286 ιιι).
608 4233 628 4269 ι
649 4213 754 4282 Qui
775 4213 924 4271 enim
940 4211 1194 4283 injuriam
1218 4210 1618 4284 facit,'recipiet
1644 4213 1699 4269 id
1717 4215 1861 4286 quod
1888 4215 2075 4287 inique

473 4304 676 4378 gessit;
721 4312 910 4363 etnon
938 4313 1023 4362 est
1055 4318 1415 4376 personarum
1439 4305 1683 4376 acceptio
1710 4307 1852 4379 apud
1877 4306 2071 4363 Deum.

472 4396 554 4452 De
598 4396 952 4452 mercenariis
983 4411 1113 4452 vero
1150 4396 1207 4451 in
1253 4396 1676 4453 Deuteronomio
1700 4397 1776 4451 ila
1806 4396 2075 4455 Dominus

474 4488 736 4545 mandat:
773 4506 793 4539 ‹
848 4485 969 4543 Non
1017 4485 1242 4565 negabis
1289 4488 1600 4541 mercedem
1639 4487 1967 4555 indigentis,
2020 4498 2076 4544 et

473 4579 730 4653 pauperis
758 4577 952 4654 fratris
981 4577 1059 4633 tui
1086 4576 1202 4633 sive
1239 4575 1480 4643 advenae,
1528 4576 1622 4648 qui
1673 4586 1851 4634 tecum
1891 4590 2076 4634 mora-

2174 3395 2272 3451 sed
2314 3401 2499 3452 tamen
2538 3410 2665 3451 cum
2699 3394 2982 3466 disciplina
3004 3436 3018 3459 ,
3048 3394 3190 3451 sicut
3236 3392 3329 3448 lilii
3367 3389 3604 3447 habendi
3634 3395 3798 3449 sunt,

2171 3486 2400 3557 proinde
2441 3485 2567 3543 alibi
2599 3486 2862 3558 scriptum
2893 3494 2977 3543 est
3010 3505 3023 3540 :
3059 3505 3079 3538 ‹
3128 3485 3293 3542 Laeta
3341 3483 3541 3549 tilium,
3594 3491 3650 3537 et
3682 3496 3798 3551 pa-

2174 3586 2393 3633 ventem
2420 3587 2475 3633 te
2496 3576 2658 3634 faciet
2683 3595 2696 3632 :
2725 3577 2848 3634 lude
2872 3593 2998 3634 cum
3024 3593 3111 3645 eo,
3128 3589 3180 3634 et
3203 3576 3550 3635 contristabit
3570 3583 3646 3629 te.
3663 3571 3797 3628 Non

2175 3668 2422 3725 arridens
2449 3668 2546 3731 illi,
2565 3684 2636 3725 ne
2658 3668 2866 3738 doleas,
2892 3681 2950 3726 et
2979 3671 3032 3725 in
3062 3670 3361 3730 novissimo
3388 3670 3796 3738 obstupmcant

2177 3760 2369 3817 dentes
2397 3759 2472 3816 tui
2506 3759 2699 3833 (Eucti.
2730 3763 2885 3833 xxx).

2798 3860 3029 3918 CAPUT
3067 3860 3158 3916 IX.

2470 3952 2550 4007 De
2575 3952 2882 4023 parentibus
2917 3951 3244 4007 honorandi:
3270 3966 3303 4004 α
3329 3949 3479 4018 ﬁliis.

2255 4060 2273 4094 ι
2312 4041 2489 4099 Trade
2517 4041 2710 4109 ﬁliam,
2739 4052 2797 4098 et
2828 4041 3033 4114 grande
3060 4055 3197 4111 opus
3227 4038 3451 4103 feceris,
3484 4045 3541 4094 et
3574 4037 3800 4094 homini

2181 4157 2202 4191 ι
2248 4146 2470 4196 sensato
2496 4140 2566 4194 da
2593 4138 2759 4194 illam.
2793 4157 2814 4191 ι
2843 4136 3008 4193 'l‘radi
3044 4134 3213 4199 tiliam
3233 4134 3407 4204 jubet,
3430 4142 3488 4188 et
3512 4131 3803 4203 subjicere

2177 4230 2545 4297 matrimonio,
2575 4246 2645 4287 ne
2669 4229 2813 4286 forte
2840 4227 3089 4285 lasciviat
3116 4227 3172 4283 in
3198 4225 3361 4282 domo
3392 4234 3711 4296 parentum,
3740 4234 3803 4279 et

2176 4334 2399 4381 corruat
2440 4323 2686 4381 libidine.
2724 4323 2926 4393 Sicque
2962 4320 3170 4394 grande
3194 4335 3354 4391 opus,
3383 4319 3488 4374 hoc
3513 4328 3601 4374 est
3632 4319 3795 4382 utile,

2178 4415 2308 4471 dicit
2334 4425 2636 4485 peractum.
2684 4413 2822 4481 Quia
2851 4412 3047 4468 melius
3078 4420 3162 4467 est
3188 4419 3250 4465 ut
3292 4410 3396 4467 sub
3436 4411 3685 4465 custodia
3737 4420 3797 4465 et

2178 4505 2462 4572 disciplina
2515 4506 2615 4556 viri
2663 4510 2883 4557 maneat
2922 4510 3172 4569 servata,
3204 4517 3367 4573 quam
3401 4503 3457 4557 in
3485 4502 3654 4558 domo
3692 4518 3797 4572 pa—

2180 4603 2428 4658 rentum,
2481 4607 2604 4649 cum
2641 4593 2755 4665 jam
2807 4593 3156 4663 superadulta
3206 4605 3331 4660 est,
3380 4594 3797 4650 contaminctur

476 4682 566 4729 tur
602 4673 659 4727 in
685 4681 852 4739 terra.
869 4678 925 4727 et
949 4671 1095 4726 intra
1116 4677 1303 4740 portas
1336 4677 1458 4725 tuas
1484 4677 1604 4736 est;
1646 4672 1741 4727 sed
1769 4671 1960 4727 eadem
1985 4669 2075 4727 die
2099 4638 2153 4702 ί)
2178 4638 2443 4754 neglecta.
2491 4681 2597 4739 Sed
2631 4638 2690 4738 ιῖι
2714 4683 2820 4739 hoc
2863 4638 3076 4741 f'acilius
3114 4685 3287 4756 possit
3314 4638 3545 4754 ’ρει-ηοξ,
3573 4684 3789 4740 homini

476 4762 671 4821 reddes
704 4764 756 4820 ei
788 4761 1074 4834 praamium
1122 4760 1326 4817 laboris
1353 4761 1439 4817 sui
1470 4769 1600 4817 ante
1626 4760 1758 4817 solis
1793 4777 2069 4829 occasum,

474 4857 604 4928 quia
630 4870 837 4928 pauper
890 4862 998 4922 est,
1025 4861 1166 4911 eteo
1198 4861 1469 4910 sustentat
1490 4854 1731 4910 animam
1779 4870 1934 4910 suam
1952 4896 1967 4922 ,
2002 4869 2073 4912 ne

473 4947 676 5004 clamet
699 4954 889 5004 contra
937 4955 992 5003 te
1041 4945 1111 5002 ad
1137 4944 1449 5013 Dominum,
1495 4954 1554 5002 et
1578 4953 1865 5018 reputctur
1893 4946 1990 5005 tibi
2015 4947 2070 5004 in

475 5047 763 5112 peccatum
791 5038 974 5112 (Deut.
1004 5036 1181 5112 xxrv).

552 5151 572 5186 ι
612 5132 817 5190 Servus
849 5140 1103 5190 sensatus
1154 5131 1228 5189 sit
1266 5132 1368 5190 tibi
1416 5131 1649 5189 dilectus
1698 5133 1855 5204 quasi
1892 5134 2072 5190 anima

486 5248 504 5283 ι
547 5237 640 5286 tua
670 5246 684 5283 :
713 5243 823 5285 non
863 5226 1157 5285 defraudes
1175 5226 1326 5282 illum
1354 5226 1626 5295 libertate,
1651 5241 1829 5297 neque
1857 5227 2074 5299 inopem

484 5342 504 5378 ι
539 5323 885 5394 derelinquas
934 5323 1105 5379 illum.
1141 5342 1161 5375 ι
1194 5319 1427 5393 Dignum
1477 5328 1561 5376 est
1606 5329 1666 5376 ut
1722 5335 1915 5377 servus
1960 5322 2076 5378 sive

477 5417 774 5490 discipulus
796 5417 1105 5489 intelligens
1130 5425 1188 5473 et
1224 5414 1521 5472 benevolus
1546 5414 1839 5472 dilectione
1870 5415 2075 5472 domini

478 5511 561 5568 sui
601 5526 708 5567 non
733 5518 942 5576 careat,
963 5523 1065 5565 nec
1093 5508 1338 5581 privetur
1364 5516 1637 5580 potestate
1664 5523 1908 5580 congrua
1935 5509 2075 5566 bene

475 5603 770 5678 operandi,
797 5616 976 5673 neque
1016 5599 1278 5657 violentia
1333 5600 1615 5657 servitutis
1665 5616 1961 5673 oppressus
2006 5604 2076 5659 ad

475 5698 719 5771 inepiam
764 5698 1110 5769 perducatur.
1165 5693 1273 5751 Sed
1324 5702 1386 5750 ut
1435 5695 1705 5768 condigna
1761 5696 2075 5769 provisione

478 5790 536 5847 iu
570 5788 827 5847 omnibus
872 5788 924 5845 ei
961 5794 1304 5859 procuretur,
1350 5797 1409 5845 et
1448 5795 1510 5844 ut
1559 5787 1732 5846 frater
1785 5797 2071 5848 tractetur.

455 5879 622 5972 ﬂQuia
663 5880 790 5940 licet
828 5894 927 5953 per
990 5879 1355 5940 conditionem
1411 5880 1639 5939 inferior
1666 5883 1749 5962 sit
1796 5883 2074 5955 servilem,

2174 4774 2413 4840 seusalo,
2443 4774 2547 4830 hoc
2580 4782 2674 4830 'cst
2715 4772 3002 4846 prudenti,
3036 4783 3093 4829 et
3136 4783 3360 4830 strenuo
3406 4774 3635 4830 mandat
3664 4788 3789 4829 eam

2179 4866 2412 4923 tradere.
2457 4865 2534 4922 Ita
2572 4866 2717 4923 enim
2756 4865 3098 4923 solummodo
3139 4874 3355 4923 servata
3387 4866 3511 4921 erit.
3547 4866 3689 4934 Quia
3724 4874 3792 4921 ut

2173 4958 2232 5014 in
2260 4958 2569 5017 Proverbiis
2590 4959 2855 5030 scriptum
2877 4966 2961 5015 est
2984 4976 2998 5013 :
3023 4976 3042 5009 ι
3073 4956 3177 5025 Qui
3207 4958 3459 5029 graditur
3479 4958 3784 5029 sapienter,

2173 5049 2278 5107 iste
2307 5050 2624 5107 salvabitur.
2653 5051 2757 5119 Qui
2788 5060 2971 5107 autent
2998 5048 3171 5104 nutrit
3195 5057 3397 5117 scorta,
3431 5050 3627 5122 perdet
3656 5052 3785 5108 sub-

2177 5143 2434 5199 stantiam
2457 5141 2641 5214 (Prov.
2676 5142 2892 5215 xxvm).

2255 5254 2274 5287 ι
2308 5235 2499 5292 Mulier
2530 5236 2577 5292 si
2608 5244 2692 5293 est
2718 5236 2820 5293 tibi
2848 5236 3148 5293 secundum
3190 5236 3430 5292 animam
3477 5243 3651 5303 tuam,
3674 5251 3781 5291 non

2181 5344 2203 5379 ι
2243 5325 2500 5397 projicias
2540 5327 2722 5394 illam;
2765 5337 2821 5383 et
2863 5328 3050 5384 odibili
3096 5343 3206 5385 non
3255 5328 3451 5385 credas
3482 5336 3539 5383 te
3578 5329 3632 5385 in
3666 5338 3782 5385 toto

2183 5440 2203 5474 ι
2244 5421 2428 5477 corde.
2450 5442 2470 5475 ι
2503 5421 2603 5476 Hic
2640 5420 2792 5477 locus
2832 5420 2959 5476 licet
2988 5420 3237 5477 videatur
3263 5421 3651 5483 commendare
3676 5437 3779 5493 pu-

2178 5512 2419 5570 dicitiam
2467 5509 2828 5584 coniugalem,
2859 5519 2917 5567 ut
2944 5511 3060 5584 ipsa
3097 5511 3215 5569 sola
3256 5511 3498 5585 legitime
3543 5521 3777 5574 retenta.

2176 5613 2466 5677 spernatur
2485 5604 2663 5661 omnis
2689 5604 3041 5662 meretricum
3065 5613 3122 5660 et
3160 5605 3587 5661 concubinarum
3613 5597 3778 5672 fetor,

2177 5708 2416 5755 attamen
2467 5697 2660 5755 altiore
2701 5714 2863 5756 sensu
2904 5715 3003 5756 nos
3042 5699 3318 5766 admonet,
3350 5706 3412 5753 ut
3449 5697 3778 5755 catholicam

2179 5789 2341 5848 fidem
2366 5806 2489 5848 cum
2517 5806 2648 5846 vera
2681 5791 2963 5864 religione,
2986 5807 3149 5864 quam
3180 5793 3417 5862 primum
3443 5798 3566 5862 post
3592 5789 3774 5860 bapti-

2178 5883 2283 5944 smi
2328 5884 2734 5956 perceptionem
2776 5885 2963 5965 sortiti
2995 5900 3206 5953 sumus,
3238 5883 3469 5942 ﬁrmiter
3500 5887 3770 5952 tenentes,
