4030 6468
259 405 368 465 809

1155 406 1511 468 COMMENT.
1551 407 1622 465 IN
1658 395 2279 466 ECCLESIASTICUM.
2316 404 2555 463 —-'I.IB.
2595 405 2662 464 II.

3441 406 3555 472 810

257 531 478 577 omnem
508 515 888 574 hmreticorum
916 517 1202 588 perﬁdiam
1242 521 1460 591 penitus
1499 535 1844 592 spernamus.
1874 520 1931 583 Α
1953 533 2062 576 non
2091 517 2271 575 differt
2294 517 2543 576 conferre
2560 517 2818 576 Ecclesiae
2837 519 3121 577 ministris.
3151 521 3230 578 De
3249 536 3358 594 quo
3376 531 3434 580 et
3451 538 3546 584 se-

259 614 338 668 De
366 627 476 684 quo
500 618 555 666 et
577 610 636 665 in
662 609 972 666 Proverbiis
999 609 1278 682 Sapientia
1321 615 1592 679 hortatur,
1622 612 1808 668 dicens
1835 630 1849 666 :

265 724 283 755 ι
322 703 447 769 Fili,
476 703 602 760 audi
635 718 746 770 me,
771 711 828 759 et
854 704 1074 760 attende
1102 704 1282 760 verbis
1313 705 1425 760 oris
1477 706 1601 769 mei,
1637 720 1706 760 ne
1731 705 1857 760 abs-

262 796 512 852 trahatur
556 809 711 851 mens
756 801 847 848 tua
902 794 959 848 in
1002 794 1107 850 viis
1147 794 1312 861 illius,
1344 811 1522 866 neque
1569 795 1858 866 decipiaris

260 887 471 948 semitis
499 885 635 957 ejus.
667 885 864 942 Multos
893 885 1038 941 enim
1075 885 1390 942 vulneratos
1420 887 1638 958 dejecit,
1664 893 1720 942 et
1741 885 1856 942 for-

262 980 459 1036 tissimi
479 980 679 1051 quique
701 977 976 1035 interfecti
998 987 1126 1035 sunt
1145 980 1215 1035 ab
1237 995 1322 1036 ea.
1348 979 1462 1036 Viae
1482 979 1642 1036 inferi
1667 980 1861 1037 domus

259 1071 400 1142 ejus,
432 1077 780 1142 penetrantes
805 1069 1064 1124 interiora
1094 1070 1285 1126 mortis
1311 1068 1498 1142 (Prov.
1525 1069 1642 1143 vn).
1669 1089 1691 1124 ›

339 1183 359 1216 ι
395 1163 612 1220 Honora
657 1170 1090 1234 patrem.tuum,
1118 1172 1174 1218 et
1220 1163 1482 1234 gemitum
1522 1163 1717 1219 matris
1751 1171 1860 1218 tuae

267 1277 286 1309 ι
331 1271 402 1312 ne
424 1253 787 1320 obliviscaris;
821 1263 1094 1310 memento
1147 1255 1400 1324 quoniam
1453 1255 1559 1311 nisi
1599 1271 1696 1326 per
1739 1255 1860 1310 illos

267 1374 286 1406 c
331 1361 490 1408 natus
528 1366 637 1406 non
682 1348 911 1415 fuisses;
944 1358 998 1404 et
1032 1349 1275 1406 retribue
1320 1350 1457 1416 illis,
1491 1351 1762 1421 quomodo
1803 1358 1861 1405 et

267 1463 285 1496 ι
332 1443 409 1498 illi
439 1442 557 1498 tibi.
583 1462 601 1494 ι
639 1440 848 1512 Saepius
881 1441 1227 1497 commendat
1254 1441 1516 1498 honorem
1545 1450 1854 1514 parentum,

257 1535 515 1606 quoniam
546 1533 678 1588 illud
705 1533 1030 1604 mandatum,
1055 1533 1290 1604 primum
1329 1542 1414 1590 est
1459 1535 1516 1589 in
1558 1534 1856 1605 repromis-

257 1626 430 1680 sione.
477 1621 634 1680 Uudc
672 1631 728 1678 et
763 1622 966 1678 Paulus
1009 1623 1166 1679 docet
1210 1621 1438 1690 viduas,
1473 1638 1593 1693 quae
1630 1623 1773 1679 ﬁlios
1803 1632 1859 1680 ct

259 1725 485 1787 nepotes
515 1715 738 1781 habent,
767 1724 827 1770 ut
853 1715 1064 1770 discant
1086 1712 1328 1786 primum’
1347 1716 1567 1772 domum
1593 1731 1747 1773 suam
1774 1731 1858 1772 re-

258 1826 389 1882 gcre
414 1851 429 1876 ,
481 1817 537 1864 et
584 1815 826 1863 mutuam
868 1809 1044 1863 vicem
1095 1808 1325 1864 reddere
1361 1809 1681 1879 parentibus
1710 1828 1722 1862 :
1750 1810 1855 1865 hoc

1957 611 2146 682 quitur
2173 629 2188 665 :

2033 723 2052 756 ι
2089 702 2167 758 Da
2210 702 2318 759 illis
2352 713 2563 775 partem
2602 705 2743 762 sicut
2770 706 3086 764 mandatum
3115 718 3199 766 est
3227 711 3325 766 tmi
3353 709 3548 782 primi-

1962 818 1982 852 ‹
2027 799 2228 854 tiarum
2256 807 2313 855 et
2333 801 2696 872 purgationis,
2727 811 2783 856 et
2815 804 2882 858 de
2907 804 3232 876 negligentia
3263 817 3354 861 tua
3383 822 3554 879 purga

1964 910 1985 943 ι
2025 899 2079 946 te
2105 906 2228 947 cum
2270 893 2477 963 paucis.
2505 911 2524 945 ι
2551 892 2923 949 Primitiarum
2947 905 3000 950 et
3031 895 3364 952 decimarum
3393 906 3558 968 atque

1959 983 2291 1039 oblationum
2329 983 2668 1039 diversarum
2710 985 3030 1051 oblationes,
3061 1003 3180 1058 quae
3209 987 3471 1043 Dominus
3500 989 3559 1043 in

1959 1074 2078 1148 lege
2094 1075 2258 1146 jussit
2281 1075 2489 1144 offerri,
2522 1077 2589 1132 ad
2613 1079 2956 1133 sacerdotum
2985 1088 3042 1133 et
3069 1078 3356 1134 levitarum
3397 1097 3557 1136 usum

1957 1169 2323 1239 pertinebant.
2371 1169 2597 1226 Dicente
2645 1171 2874 1226 Domino
2920 1172 2987 1225 ad
3023 1171 3205 1227 Aaron
3243 1182 3298 1228 et
3322 1173 3389 1226 ad
3419 1173 3560 1228 ﬁlios

1958 1261 2112 1333 ejus:
2145 1281 2163 1313 ι
2203 1261 2403 1319 Omnes
2447 1263 2719 1334 primitias
2767 1265 3096 1333 sanctuarii,
3139 1280 3277 1334 quas
3323 1263 3562 1320 offerunt

1957 1351 2054 1406 ﬁlii
2083 1352 2246 1408 Israel
2278 1353 2533 1419 Domino,
2570 1355 2668 1410 tibi
2700 1357 2823 1410 dedi
2853 1366 2908 1412 et
2935 1357 3060 1412 ﬁliis
3098 1373 3164 1413 ac
3200 1357 3414 1412 ﬁliabus
3451 1358 3559 1414 tuis

1951 1439 2076 1510 jure
2101 1451 2384 1513 perpetuo.
2415 1443 2643 1500 Pactum
2686 1446 2814 1502 salis
2841 1456 2926 1502 est
2951 1447 3342 1517 sempiternum
3372 1463 3560 1504 coram

1957 1531 2188 1590 Domino
2216 1535 2312 1591 tibi
2343 1551 2408 1591 ac
2447 1535 2574 1592 ﬁliis
2609 1537 2734 1593 tuis.
2769 1538 3023 1609 Dixitque
3053 1538 3316 1595 Dominus
3351 1539 3420 1594 ad
3445 1539 3557 1593 Aa-

1958 1641 2059 1682 ron
2086 1646 2100 1680 :
2125 1626 2185 1680 In
2218 1635 2367 1682 terra
2393 1643 2585 1685 eorum
2608 1630 2743 1685 nihil
2771 1632 3138 1702 possidebitis,
3164 1650 3265 1689 nec
3291 1633 3562 1689 habebitis

1956 1728 2169 1788 partem
2191 1721 2336 1776 inter
2360 1736 2473 1777 eos.
2508 1722 2621 1793 Ego
2641 1739 2771 1792 pars
2790 1733 2845 1779 et
2869 1725 3160 1782 hmreditas
3185 1735 3278 1781 tua
3306 1727 3360 1780 in
3383 1726 3561 1782 medio

1957 1807 2192 1864 ﬁliorum
2222 1808 2418 1876 Israel;
2450 1811 2577 1868 ﬁliis
2597 1823 2781 1870 autem
2801 1815 2933 1871 Levi
2955 1817 3076 1872 dedi
3105 1833 3296 1873 omnes
3321 1819 3560 1874 decimas

258 1904 408 1959 enim
443 1909 726 1972 acceptum
753 1908 838 1956 est
863 1915 1049 1956 coram
1074 1899 1205 1956 Deo.
1236 1900 1408 1957 Aliter
1432 1909 1614 1956 autem
1639 1917 1654 1956 :
1683 1901 1854 1956 Deum
1881 1895 1932 1962 B
1958 1898 2174 1956 lsraelis
2200 1903 2256 1957 in
2282 1905 2682 1972 possessionem
2703 1922 2802 1977 pro
2829 1907 3157 1975 ministerio,
3183 1925 3290 1982 quo
3316 1911 3563 1966 serviunt

256 1994 480 2053 Patrem
509 2007 656 2052 recta
683 1995 813 2061 ﬁde,
838 2004 895 2051 et
917 1997 1076 2052 bonis
1103 1997 1358 2066 operibus
1386 1998 1662 2054 honorare
1687 1998 1852 2054 debe—

256 2104 413 2156 mus;
445 2097 502 2144 et
542 2089 801 2161 gemitum
843 2088 1036 2144 matris
1079 2088 1360 2156 Ecclesiae,
1389 2107 1510 2162 qua:
1539 2107 1639 2148 nos
1665 2102 1855 2163 partu-

256 2181 450 2238 riendo
489 2181 721 2237 multum
772 2180 1068 2248 laboravit,
1115 2197 1226 2238 non
1276 2183 1546 2252 oblivisci,
1599 2186 1857 2256 quoniam

258 2288 393 2340 non,
423 2272 531 2328 nisi
563 2287 664 2343 per
710 2270 855 2338 illos,
883 2271 1181 2328 Christiani
1223 2272 1535 2339 fuissemus,
1563 2284 1620 2331 et
1659 2276 1718 2332 in
1757 2293 1858 2333 nu-

259 2379 414 2420 mero
441 2362 678 2418 ﬁliorum
712 2361 810 2418 Dei
837 2378 945 2418 non
993 2373 1451 2434 computaremur.
1485 2364 1680 2423 Omnia
1709 2367 1857 2424 enim

257 2454 402 2510 bona
421 2452 568 2523 justa
597 2461 653 2510 et
689 2457 904 2520 sancta,
929 2469 1052 2524 quae
1080 2454 1237 2511 nobis
1275 2455 1544 2524 fecerunt,
1571 2473 1698 2514 cum
1725 2475 1858 2531 gra-

260 2548 462 2602 tiarum
510 2547 725 2602 actione
770 2545 1035 2616 recipere,
1057 2555 1112 2602 et
1145 2548 1360 2604 laudem
1403 2551 1728 2621 condignam
1752 2552 1858 2609 illis

261 2638 468 2694 referre
496 2639 777 2696 debemus.
811 2637 914 2694 Cui
935 2639 1103 2696 etiam
1139 2643 1323 2700 sensui
1349 2645 1634 2716 sequentia
1661 2645 1856 2702 viden-

262 2739 352 2788 tur
373 2732 670 2804 astipulari.

885 2880 1112 2938 CAPUT
1149 2881 1220 2935 Χ.

263 2984 343 3040 De
397 2987 580 3045 timore
623 2989 724 3046 Dei
776 3001 838 3064 et
880 2993 1239 3047 sacerdotibus
1285 2991 1643 3060 honorandis,
1682 2993 1860 3064 eisque

756 3063 1019 3133 primitias
1044 3064 1359 3133 offerendas.

343 3212 364 3246 α
397 3195 456 3250 1n
481 3204 614 3263 tota,
649 3198 845 3270 inquit,
876 3200 1058 3254 anima
1088 3208 1180 3256 tua
1209 3199 1341 3256 time
1369 3200 1560 3265 Deum,
1591 3207 1647 3256 et
1676 3213 1859 3255 sacer-

266 3305 288 3340 ι
331 3288 486 3344 dotes
530 3289 674 3346 illius
718 3265 1026 3358 sanctiﬁca,
1058 3293 1114 3347 in
1143 3292 1292 3349 omni
1331 3293 1532 3347 virtute
1576 3301 1667 3347 tua
1699 3289 1862 3362 dilige
1887 3265 1936 3328 Ο

269 3397 290 3432 α
334 3395 456 3435 eum
484 3383 576 3452 qui
609 3391 665 3438 te
708 3381 839 3439 fecit
863 3402 876 3438 :
899 3392 955 3440 et
995 3384 1274 3440 ministros
1314 3385 1433 3456 ejus
1472 3399 1582 3440 non
1629 3381 1862 3438 derelin-

270 3489 290 3522 ι
333 3487 488 3541 quas.
513 3493 532 3526 ι
565 3475 841 3531 Timorem
864 3491 994 3548 ergo
1022 3485 1188 3548 atque
1212 3492 1458 3533 amorem
1484 3477 1580 3532 Dei
1609 3476 1665 3531 in
1691 3477 1862 3532 hono-

264 3560 536 3619 riﬁcentia
580 3567 953 3623 ministrorum
995 3569 1110 3639 ejus
1150 3571 1382 3640 probare
1411 3569 1701 3633 debemus;
1733 3569 1862 3639 quia

261 3653 381 3724 ipse
418 3655 553 3710 dixit
581 3657 636 3712 in
663 3658 992 3731 Evangelio:
1029 3681 1047 3712 ι
1086 3660 1190 3729 Qui
1231 3677 1326 3717 vos
1367 3662 1620 3727 honorat,
1649 3676 1738 3716 me
1766 3661 1863 3715 ho-

260 3755 452 3813 norat;
480 3757 535 3825 et
563 3750 655 3820 qui
681 3767 778 3806 vos
805 3753 1018 3823 recipit,
1052 3768 1140 3809 me
1171 3754 1397 3825 recipit;
1431 3754 1524 3823 qui
1556 3760 1738 3808 autem
1763 3768 1863 3808 vos

259 3838 486 3907 spernit,
511 3822 605 3895 'me
637 3843 844 3913 spernit
867 3822 1086 3915 (Matth.
1111 3843 1190 3916 ι).
1215 3864 1234 3897 ›
1270 3822 1380 3901 Sed
1406 3822 1534 3917 quia
1562 3846 1736 3900 honor
1760 3843 1862 3899 ali-

261 3929 478 3997 quando
542 3933 926 3988 necessitatum
981 3936 1360 4005 praebitionem
1419 3945 1478 3993 et
1545 3936 1863 3994 solatiorum

260 4019 505 4076 subsidia
536 4021 827 4092 signiﬁcat,
855 4025 1134 4099 subjungit
1163 4045 1176 4080 :

339 4129 360 4163 ι
395 4111 614 4170 Honora
656 4115 828 4172 Deum
857 4132 925 4172 ex
951 4125 1065 4173 tota
1099 4119 1282 4176 anima
1328 4128 1440 4188 tua,
1467 4130 1525 4178 et
1563 4122 1864 4180 nonoriﬁca

267 4221 288 4255 ι
326 4205 660 4272 sacerdotes,
697 4216 753 4262 et
793 4223 962 4281 purga
991 4218 1047 4266 te
1073 4226 1196 4266 cum
1226 4211 1487 4270 brachiis.
1511 4232 1531 4266 ›
1565 4212 1720 4270 Unde
1761 4213 1865 4268 Do-

262 4295 444 4350 minus
478 4297 756 4368 discipulis
789 4301 904 4356 suis
951 4303 1065 4357 ait:
1099 4321 1117 4354 ‹
1159 4303 1363 4377 Dignus
1407 4305 1552 4362 enim
1580 4306 1864 4376 operarius

262 4387 386 4442 cibo
419 4403 538 4442 suo.
593 4389 653 4442 In
693 4406 1073 4463 quamcunque
1119 4395 1396 4452 civitatem
1443 4405 1537 4452 aut
1579 4397 1864 4452 castellum

263 4478 621 4545 intraveritis,
650 4479 986 4552 interrogate
1025 4486 1148 4552 quis
1173 4486 1226 4537 in
1252 4503 1317 4540 ea
1343 4489 1538 4556 dignus
1569 4489 1642 4540 sit
1667 4507 1680 4541 :
1704 4497 1760 4543 et
1788 4488 1863 4547 ibi

264 4578 484 4626 manete
524 4571 697 4627 donec
722 4573 930 4627 exeatis
961 4571 1178 4645 (Matth.
1213 4575 1296 4645 χ).
1323 4596 1341 4628 ι
1375 4575 1513 4631 Hinc
1541 4584 1598 4632 et
1625 4575 1859 4647 Aposto-

265 4657 350 4713 lus
371 4658 445 4713 ait
469 4676 482 4712 :
513 4678 532 4711 ‹
568 4659 928 4718 Laborantem
971 4664 1265 4735 agricolam
1293 4674 1506 4735 oportet
1531 4667 1767 4738 primum
1795 4667 1861 4723 de

265 4747 533 4805 fructibus
574 4753 856 4824 percipere
888 4753 949 4826 (I
998 4753 1132 4810 Tim.
1172 4755 1265 4828 ιι).
1289 4777 1308 4808 ι
1343 4757 1412 4812 Et
1451 4758 1617 4814 item:
1648 4777 1666 4810 ‹
1705 4756 1859 4826 Quis,

265 4841 462 4910 inquit,
487 4843 687 4899 militat
722 4845 835 4900 suis
867 4846 1149 4916 stipendiis
1177 4849 1456 4919 unquam?
1495 4849 1626 4918 Quis
1654 4851 1863 4919 plantat

266 4931 502 4998 vineam,
545 4943 598 4988 et
644 4934 852 4991 fructus
885 4935 1002 5006 ejus
1044 4953 1153 4992 non
1199 4938 1344 4994 edit?
1371 4939 1503 5007 Quis
1533 4942 1710 5011 pascit
1743 4959 1865 5014 gre-

267 5037 414 5092 gem,
444 5029 500 5077 et
525 5023 590 5077 de
622 5023 760 5080 lacte
785 5027 965 5099 gregis
992 5043 1100 5083 non
1136 5029 1428 5084 manducat
1459 5029 1513 5103 (Ι
1542 5030 1664 5086 Cor.
1694 5033 1808 5105 1x)?
1837 5053 1856 5087 ›

267 5106 335 5166 Et
371 5120 497 5182 post
534 5127 705 5182 pauca
734 5132 747 5170 :
774 5115 832 5172 Si
859 5133 981 5185 nos,
1016 5119 1111 5186 ait,
1141 5121 1295 5177 vobis
1326 5123 1592 5192 spiritalia
1631 5125 1866 5181 semina-

268 5204 466 5271 vimus,
493 5220 746 5276 magnum
793 5217 877 5264 est
906 5207 952 5264 si
983 5209 1222 5265 carnalia
1273 5221 1453 5269 vestra
1499 5217 1806 5271 metamus?
1839 5235 1859 5269 ι

269 5293 338 5349 Et
387 5311 602 5350 rursum
633 5317 644 5350 :
678 5317 695 5348 ι
739 5296 967 5354 Nescitis
989 5340 1012 5366 ,
1035 5301 1246 5372 inquit,
1279 5306 1538 5374 quoniam
1569 5305 1662 5377 qui
1691 5306 1748 5361 in
1771 5323 1863 5365 sa-

269 5389 453 5444 crario
481 5399 796 5460 operantur,
817 5406 938 5462 qua:
961 5393 1027 5449 de
1051 5396 1292 5452 sacrario
1314 5405 1441 5452 sunt
1467 5400 1668 5455 edunt?
1691 5409 1745 5457 et
1773 5403 1867 5473 qui

271 5480 434 5536 altari
458 5482 790 5551 deserviunt,
817 5499 941 5540 cum
982 5485 1142 5542 altari
1171 5489 1536 5562 participant?
1565 5492 1644 5548 Ita
1673 5502 1730 5548 et
1757 5494 1863 5551 Do-

271 5571 456 5628 minus
494 5573 762 5630 ordinavit
791 5575 877 5631 his
909 5576 1002 5647 qui
1027 5576 1378 5649 Evangelium
1423 5583 1768 5651 annuntiant,
1804 5585 1870 5640 de

273 5659 568 5740 Evangelio
605 5667 789 5724 vivere
817 5666 1029 5742 (Ibid.).
1052 5689 1072 5722 ›
1118 5668 1322 5743 Purgat
1365 5688 1424 5728 se
1454 5689 1580 5730 cum
1609 5677 1866 5744 brachiis,

215 5799 221 5804 ί
275 5759 369 5830 qui
394 5761 461 5816 dc
486 5760 673 5816 labore
710 5777 968 5816 manuum
1006 5777 1228 5818 suarum
1258 5763 1654 5838 cleemosynam
1683 5770 1870 5826 tribuit

276 5854 488 5929 egenis,
514 5862 570 5911 et
600 5853 667 5909 de
695 5851 957 5908 fructibus
985 5855 1097 5909 suis
1141 5856 1379 5915 decimas
1409 5867 1573 5931 atque
1599 5863 1867 5934 primitias

642 5944 917 6006 Punct.
964 5945 1130 6010 CIX.

1961 1990 2096 2045 mihi
2126 1991 2181 2046 in
2214 1992 2564 2050 tabernaculo
2609 1995 2832 2052 fmderis
2850 2038 2866 2064 ,
2895 2007 2956 2052 ut
2985 2015 3093 2055 non
3132 1999 3393 2055 accedant
3417 1999 3564 2055 ultra

1960 2081 2058 2137 ﬁlii
2100 2082 2267 2139 Israel
2297 2085 2366 2140 ad
2395 2087 2826 2153 tabernaculum,
2854 2103 2956 2144 nec
3002 2090 3345 2145 committant
3372 2105 3564 2160 pecca-

1961 2184 2076 2232 tum
2108 2173 2472 2243 mortiferum,
2498 2177 2627 2234 solis
2656 2177 2782 2235 ﬁliis
2809 2179 2939 2236 Levi
2969 2180 3102 2235 mihi
3130 2182 3182 2236 in
3211 2182 3565 2238 tabernaculo

1960 2267 2344 2335 scrvientibus,
2359 2276 2415 2324 et
2432 2269 2778 2341 portantibus
2798 2283 3021 2342 peccata
3041 2270 3243 2342 populi,
3258 2271 3566 2342 legitimum

1961 2360 2354 2431 sempiternum
2402 2361 2508 2417 erit
2554 2363 2610 2417 in
2658 2363 3102 2433 generationibus
3151 2365 3368 2420 vestris.
3419 2363 3567 2420 Nihil

1963 2451 2112 2508 aliud
2162 2453 2541 2523 possidebunt,
2593 2455 2930 2512 decimarum
2977 2456 3252 2512 oblatione
3301 2459 3567 2523 contenti,

1962 2559 2099 2614 quas
2121 2544 2176 2598 in
2200 2560 2333 2601 usus
2352 2561 2542 2602 eorum
2565 2556 2621 2601 et
2646 2549 2954 2604 necessaria
2981 2548 3562 2622 separavi(Num.v).»
3597 2615 3612 2628 ς

1962 2634 2172 2702 Quibus
2195 2651 2303 2692 non
2330 2637 2506 2692 solum
2530 2639 2896 2709 primitiarum
2918 2649 2972 2695 et
2993 2642 3325 2696 decimarum
3348 2643 3570 2698 donatio

1962 2727 2209 2800 delegata
2255 2739 2362 2796 est,
2394 2731 2492 2786 sed
2540 2731 2707 2786 etiam
2756 2731 3060 2787 hostiarum
3108 2743 3163 2789 et
3201 2735 3570 2801 victimarum,

1961 2837 2084 2894 quae
2108 2823 2338 2878 Domino
2363 2822 2734 2879 offerebantur
2755 2825 2810 2879 in
2839 2825 2957 2894 ejus
2983 2841 3114 2881 usus
3137 2841 3432 2881 concessus
3461 2834 3565 2880 est.

1964 2913 2120 2970 Unde
2166 2915 2316 2979 dicit,
2349 2923 2406 2969 et
2449 2915 2852 2984 primitiarum,
2877 2925 2932 2971 et
2978 2917 3315 2987 purgationis
3357 2924 3570 2986 partem

1962 3007 2230 3062 ministris
2284 3006 2382 3062 Dei
2422 3007 2678 3062 dandam.
2737 3007 2872 3075 Quia
2921 3008 3025 3078 ipsi
3076 3017 3302 3078 peccata
3349 3017 3571 3079 portant

1960 3096 2145 3167 populi
2214 3103 2269 3152 et
2318 3104 2480 3152 orant
2531 3112 2631 3168 pro
2684 3096 2787 3153 eis.
2839 3097 2998 3165 Quod
3052 3108 3237 3154 autem
3285 3099 3569 3170 subjungi—

1966 3195 2057 3244 tur
2088 3207 2101 3244 :

2043 3301 2061 3332 ι
2101 3280 2169 3336 Ει
2199 3282 2266 3336 de
2307 3282 2634 3354 negligentia
2683 3289 2777 3336 tua
2810 3295 2981 3352 purga
3030 3288 3085 3336 te
3133 3296 3258 3335 cum
3303 3292 3513 3350 paucis,
3545 3299 3565 3332 ι

1965 3371 2204 3428 ostendit
2229 3373 2374 3442 quod
2405 3373 2632 3439 oblatio,
2665 3387 2786 3443 quae
2809 3387 2878 3427 ex
2909 3371 3102 3427 humili
3143 3378 3329 3427 mente
3349 3379 3406 3426 et
3433 3384 3573 3441 pura

1965 3463 2255 3519 dilectione
2288 3463 2400 3519 Deo
2448 3463 2698 3532 oﬁ‘ertur,
2746 3465 2871 3521 licet
2916 3480 3085 3534 parva
3127 3465 3199 3520 sit
3243 3463 3572 3534 quantitate,

1965 3553 2262 3609 multorum
2309 3554 2632 3611 delictorum
2685 3556 3045 3626 negligentias
3085 3563 3300 3626 purgat.
3358 3554 3435 3609 De
3464 3568 3576 3623 quo

1965 3645 2228 3715 scriptum
2257 3655 2378 3702 est:
2408 3664 2427 3696 (
2459 3645 2713 3702 Charitas
2743 3649 2922 3717 operit
2945 3646 3348 3702 multitudinem
3373 3660 3572 3714 pecca-

1967 3743 2146 3789 torum
2198 3735 2247 3806 (l
2282 3733 2430 3789 Petr.
2476 3736 2576 3806 IV).
2601 3755 2623 3788 ι
2675 3737 2744 3790 Ει
2791 3735 3080 3792 Psalmista
3107 3751 3122 3790 :
3151 3756 3170 3788 ί
3205 3735 3570 3803 Sacriﬁcium,

1965 3829 2162 3900 inquit,
2190 3831 2302 3886 Deo
2338 3830 2565 3900 spiritus
2595 3832 3016 3897 contribulatus,
3047 3847 3144 3887 cor
3173 3832 3472 3887 contritum
3516 3842 3574 3885 et

1963 3922 2327 3986 humiliatum,
2362 3922 2531 3990 Deus,
2559 3938 2667 3978 non
2693 3925 2958 3994 despicies
2982 3922 3154 3996 (Psat.
3181 3922 3258 3993 ι).
3279 3943 3298 3974 ›
3334 3923 3487 3978 Unde
3516 3923 3571 3976 in

1963 4015 2259 4088 Evangelia
2288 4017 2404 4086 ipse
2425 4017 2686 4073 Dominus
2709 4019 2814 4074 duo
2841 4018 3197 4073 :erisminuta
3231 4015 3570 4088 pauperculae

1964 4105 2143 4161 viduae
2192 4120 2301 4161 non
2356 4108 2590 4175 sorevit,
2641 4108 2737 4164 sed
2790 4115 3067 4179 gratanter
3113 4106 3324 4175 accepit
3370 4104 3568 4178 (Marc.

1964 4213 2044 4252 ιιι
2066 4197 2085 4270 )

2044 4310 2062 4342 ‹
2105 4291 2302 4346 Datum
2340 4291 2693 4348 brachiorum
2725 4299 2941 4348 tuorum
2963 4331 2978 4357 ,
3007 4299 3064 4347 et
3090 4292 3418 4348 sacriﬁcium
3447 4306 3572 4345 san-

1971 4403 1993 4436 ‹
2036 4385 2383 4440 ctiﬁcationis
2425 4385 2624 4441 offeres
2664 4385 2894 4440 Domino
2925 4393 2982 4440 et
3026 4385 3182 4440 initia
3229 4393 3564 4449 sanctorum,

1972 4497 1992 4530 ι
2039 4488 2094 4532 et
2139 4480 2364 4547 pauperi
2410 4480 2630 4548 porrige
2680 4494 2905 4532 manum
2953 4487 3125 4545 tuam,
3155 4487 3213 4533 ut
3255 4479 3571 4549 perﬁciatur

1974 4586 1993 4619 ι
2037 4568 2373 4638 propitiatio,
2401 4578 2456 4624 et
2493 4569 2800 4626 benedictio
2848 4579 2938 4624 tua
2967 4589 2978 4624 :
3007 4570 3180 4642 gratia
3221 4571 3331 4626 dati
3361 4570 3414 4624 in
3442 4584 3570 4624 con-

1967 4669 2155 4731 spectu
2185 4661 2364 4718 omnis
2391 4662 2642 4719 viventis.
2676 4683 2696 4716 ι
2739 4662 2894 4719 Sicut
2918 4663 3168 4734 superius
3200 4679 3298 4734 per
3322 4662 3568 4718 collatio-

1968 4769 2093 4809 nem
2123 4754 2482 4822 oblationum,
2509 4771 2631 4826 qua:
2670 4757 2940 4812 ministris
2969 4758 3064 4812 Dei
3092 4757 3413 4818 offeruntur,
3442 4769 3571 4822 pur-

1968 4845 2244 4914 galionem
2291 4846 2581 4915 spopondit
2628 4847 3018 4911 offerentibus,
3065 4849 3144 4901 ita
3185 4855 3242 4901 et
3284 4861 3429 4900 nunc
3474 4859 3571 4912 per

1969 4937 2437 5008 eleemosynarum
2484 4939 2857 5009 largitionem,
2907 4953 3026 5008 qua:
3079 4954 3144 4992 ex
3189 4937 3337 5006 justo
3382 4936 3570 4991 labore

1967 5031 2300 5101 pauperibus
2323 5033 2657 5099 tribuuntur,
2684 5033 2895 5089 veniam
2924 5038 3294 5102 peccatorum,
3322 5038 3376 5084 et
3403 5029 3570 5084 bene-

1967 5122 2224 5179 dictionis
2252 5124 2487 5195 gratiam
2520 5123 2770 5195 benignis
2799 5130 2852 5178 et
2877 5121 3318 5177 misericordibus
3347 5119 3568 5189 promit-

1969 5214 2053 5268 tit.
2084 5212 2222 5280 Quia
2248 5215 2389 5269 sicut
2416 5229 2556 5284 aqua
2578 5213 2874 5282 exstinguit
2897 5211 3096 5281 ignem,
3123 5211 3197 5264 ita
3225 5209 3565 5279 cleemosyna

1968 5305 2266 5376 exstinguit
2286 5313 2590 5376 peccatum.
2620 5291 2774 5359 Unde
2801 5302 2917 5372 ipsa
2941 5299 3153 5355 Veritas
3191 5299 3246 5353 in
3274 5298 3568 5371 Evangelio

1969 5398 2046 5454 ait
2071 5416 2084 5452 :
2119 5416 2138 5449 ι
2171 5399 2306 5454 Date
2330 5398 2751 5469 eleemosynam,
2780 5403 2834 5450 et
2861 5409 2989 5450 ecce
3014 5394 3196 5450 omnia
3217 5395 3420 5450 munda
3441 5399 3571 5450 sunt

1972 5491 2129 5547 vobis
2150 5490 2303 5562 (Luc.
2333 5492 2432 5563 χι).
2455 5490 2629 5545 «Sane
2659 5489 2941 5544 sciendum
2961 5487 3106 5558 quod
3133 5487 3229 5558 qui
3257 5486 3569 5542 sceleratis-

1972 5583 2111 5637 sime
2139 5583 2349 5647 vivunt,
2381 5597 2481 5637 nec
2509 5588 2704 5634 curant
2731 5579 2898 5634 talem
2931 5579 3100 5632 vitam
3126 5591 3415 5648 moresque
3447 5589 3570 5629 cor—

1971 5672 2172 5744 rigere,
2207 5679 2263 5727 et
2303 5671 2444 5726 inter
2473 5671 2590 5741 ipsa
2617 5669 2858 5726 facinora
2896 5677 2952 5723 et
2985 5667 3186 5739 ﬂagitia
3213 5683 3311 5722 sua
3335 5666 3569 5722 eleemo-

1971 5781 2136 5841 Synas
2161 5767 2506 5838 frequentare
2539 5781 2646 5822 non
2672 5774 2910 5831 cessant,
2940 5761 3146 5819 frustra
3174 5761 3250 5817 illi
3281 5759 3384 5816 sibi
3413 5757 3566 5812 blan-

1972 5863 2222 5929 diuntur;
2251 5860 2508 5932 quoniam
2528 5860 2790 5935 Dominus
2811 5859 2914 5914 ait:
2937 5878 2956 5910 ι
2983 5857 3119 5912 Date
3140 5856 3564 5923 cleemosynam,
3658 5932 3665 5939 '
