4030 6478
483 450 585 511 8H

1127 438 1189 498 Β.
1229 436 1482 497 RABANl
1518 424 1740 490 MAURI
1780 422 2103 484 meum.
2143 410 2455 481 mecm.
2496 408 2787 477 omni!
2820 408 3004 471 rans
3026 403 3071 469 ι.

477 576 536 626 et
560 580 688 623 erce
726 558 914 620 omnia
956 555 1158 616 munda
1190 564 1315 614 sunt
1341 556 1513 612 vobis.
1535 574 1555 608 ι
1587 551 1703 608 Hoc
1729 548 1873 606 enim
1900 558 2061 617 quam
2089 547 2143 609 Α
2165 540 2295 614 quid
2321 512 2709 601 admonuisset,
2734 536 2797 589 et
2831 528 2963 602 quid
2996 525 3100 599 ipsi
3143 523 3329 581 licere
3348 534 3457 578 non
3477 527 3765 587 curarent,

476 658 585 717 late
608 662 793 730 pateat
823 669 934 711 non
965 611 1417 723 intelligunt,sed
1440 656 1503 703 ut
1526 644 1857 716 intelligant,
1884 611 2061 694 atten-
2164 611 2233 693 ne
2261 634 2409 691 illum
2430 634 2688 705 putarent
2716 637 2909 684 eorum
2935 621 3311 691 eleemosynam
3337 614 3628 687 ignorare:
3651 611 3770 670 Sed

2215 726 2257 730 --
2418 725 2470 730 --
2564 722 2577 730 .
2698 718 2733 730 .-
2812 714 2868 730 η.
2902 711 3095 730 ξμμμμ
3145 728 3157 730 ,
3197 706 3482 730 ..μ-,ημ-
3515 704 3767 730 _,,____.,

476 734 824 824 dant‘quibus
847 746 1063 817 dixerit.
1080 744 1291 817 Nempe
1314 743 1369 798 in
1390 738 1682 813 Evangelia
1700 737 1781 793 sic
1803 733 2065 803 scriptum

2172 746 2191 781 ι
2214 726 2308 783 Va:
2351 704 2524 790 vobis,
2563 718 2758 791 inquit,
2808 711 3115 771 Pharisteis.
3143 728 3166 763 ι
3197 706 3485 779 Tanquam
3512 704 3767 760 diceret:

474 855 596 904 eet:
629 794 821 900 ξόυω
860 794 1457 912 ἰωπυωαυτῖωέᾉῶ
1663 830 1881 903 quidam
1913 794 2064 883 l’ha—
2166 821 2278 893 Ego
2328 818 2547 891 quidem
2584 807 2897 871 oommonui
2921 820 3020 861 vos
3056 803 3455 871 eleemosynam
3504 794 3771 860 dandam,

474 936 689 1004 risaaus,
710 943 773 991 ut
798 932 1093 1011 pranderet
1118 931 1259 1001 apud
1284 944 1362 984 se.
1399 929 1468 984 Et
1491 928 1769 1000 ingressus
1796 919 2063 979 recubuit.

475 1026 785 1084 Pharisaeus
825 1032 1007 1080 autem
1054 1021 1221 1093 coepit
1270 1021 1412 1075 intra
1456 1034 1515 1075 se
1560 1024 1819 1089 reputans
1866 1012 2066 1078 dicere,

476 1135 644 1191 quare
675 1134 781 1175 non
810 1117 1116 1187 baptizatus
1146 1119 1290 1169 esset
1317 1118 1443 1168 ante
1465 1109 1771 1182 prandium.
1802 1105 1870 1161 Et
1900 1103 1976 1159 ait
2001 1100 2071 1157 ad

474 1210 626 1266 illum
652 1209 915 1265 Dominus
940 1224 954 1261 :
979 1205 1134 1261 Nunc
1162 1220 1259 1261 vos
1281 1202 1546 1259 Pharismi
1577 1201 1723 1274 quod
1745 1197 1951 1255 deforis
1989 1200 2072 1251 est

473 1301 662 1359 caiicis
710 1309 767 1357 et
814 1297 983 1356 catini
1032 1296 1309 1354 mundatis
1333 1314 1346 1351 :
1369 1296 1515 1368 quod
1563 1303 1746 1350 autem
1794 1293 1941 1348 intus
1987 1294 2073 1345 est

473 1405 738 1461 vestrum,
785 1392 1000 1464 plenum
1045 1398 1131 1448 est
1174 1390 1365 1461 rapina
1409 1396 1466 1445 et
1504 1387 1815 1461 iniquitate.
1874 1382 2069 1447 Stulte,

476 1504 658 1546 nonne
682 1488 774 1559 qui
816 1484 944 1551 fecit
985 1484 1041 1545 id
1085 1484 1231 1557 quod
1269 1480 1472 1547 deforis
1507 1489 1623 1549 est,
1655 1478 1819 1536 etiam
1850 1475 1905 1531 id
1930 1472 2077 1546 quod

475 1578 542 1645 de
575 1580 719 1639 intus
747 1589 831 1636 est
863 1578 1026 1637 fecit?
1056 1579 1446 1641 Verumtamen
1474 1573 1621 1648 quod
1652 1576 1921 1645 superest,
1949 1567 2073 1623 date

472 1674 896 1746 eleemosynam,
921 1680 976 1729 et
996 1687 1122 1728 ecce
1144 1670 1325 1726 omnia
1353 1666 1553 1730 munda
1581 1670 1710 1722 sunt
1733 1661 1887 1719 vobis
1917 1657 2069 1734 (Luc.

474 1764 573 1840 ιιι).
598 1785 633 1853 ι⁷
651 1764 802 1821 Itane
834 1764 938 1821 hoc
964 1761 1292 1819 intellecturi
1327 1774 1539 1826 sumus,
1568 1765 1631 1815 ut
1648 1753 1941 1817 Phariszeis
1966 1766 2077 1813 non

473 1848 801 1913 habentibus
842 1854 1003 1911 iidem
1046 1853 1272 1921 Christi,
1307 1850 1473 1908 etiam
1500 1850 1679 1906 sinon
1709 1846 1764 1903 in
1794 1861 1923 1909 eum
1957 1859 2075 1900 cre-

476 1949 735 2016 diderint,
757 1963 859 2005 nec
882 1947 1058 2003 renati
1079 1917 1282 2003 fuerint
1302 1961 1369 2001 ex
1395 1959 1537 2016 aqua
1561 1949 1616 1999 et
1634 1940 1839 2019 Spiritu
1861 1946 2069 2006 sancto,
2101 1917 2151 1978 Β

473 2041 678 2097 munda
728 2039 839 2095 sint
881 2040 1059 2095 omnia
1087 2054 1102 2095 :
1129 2046 1339 2093 tantum
1367 2037 1413 2091 si
1440 2036 1813 2107 eleemosynas
1843 2030 2077 2097 dederit,

473 2130 615 2187 sicut
643 2129 733 2186 isti
763 2145 856 2186 eas
881 2129 1087 2187 dandas
1108 2129 1347 2205 putant?
1374 2146 1499 2193 cum
1528 2128 1641 2184 sint
1667 2123 1930 2186 immundi
1954 2138 2075 2177 om-

473 2237 591 2289 nes,
616 2234 753 2293 quos
776 2237 884 2281 non
912 2222 1141 2278 mundat
1162 2222 1296 2277 ﬁdes
1318 2220 1546 2279 Christi.
1575 2219 1653 2274 De
1680 2232 1787 2288 qua
1817 2214 2078 2289 scriptum

472 2323 593 2373 est:
617 2313 883 2373 Mundans
924 2315 1031 2373 iide
1077 2316 1241 2373 corda
1269 2331 1483 2372 eorum.
1515 2333 1534 2366 ›
1568 2312 1638 2372 Ει
1663 2311 1810 2367 dicat
1842 2308 2075 2383 Aposto—

412 2448 419 2457 .
472 2406 595 2464 ius:
627 2426 647 2460 ι
676 2408 978 2466 Immundis
1018 2416 1202 2465 autem
1233 2415 1289 2463 et
1319 2404 1627 2467 infidelibus
1654 2400 1791 2461 nihil
1814 2407 1898 2456 est
1924 2415 2071 2463 mun-

475 2503 628 2570 dum,
661 2503 759 2561 sed
783 2502 988 2575 polluta
1014 2513 1142 2559 sunt
1170 2517 1359 2558 eorum
1390 2506 1448 2557 et
1491 2514 1667 2565 mens,
1703 2504 1758 2553 et
1799 2493 2079 2551 conscien-

444 2600 552 2657 ἐἰει
569 2600 708 2675 (Act.
732 2598 847 2677 xv).
873 2623 892 2655 ι
913 2600 1194 2671 Quomodo
1216 2613 1346 2671 ergo
1364 2596 1546 2655 omnia
1566 2592 1859 2651 Pharisaeis
1880 2589 2084 2655 munda

476 2701 679 2763 essent,
712 2693 758 2750 si
780 2693 1153 2767 cleemosynas
1183 2690 1400 2757 darent,
1429 2696 1485 2744 et
1512 2685 1702 2745 ﬁdeles
1732 2699 1840 2739 non
1863 2680 2083 2741 essent?

474 2785 582 2843 Aut
606 2787 879 2859 quomodo
911 2784 1098 2843 ﬁdeles
1123 2793 1329 2851 essent,
1358 2782 1405 2839 si
1436 2781 1489 2836 in
1523 2779 1803 2837 Christum
1832 2774 2079 2841 credere,

476 2885 639 2955 atque
686 2878 743 2934 in
784 2874 905 2954 ejus
948 2879 1125 2955 gratia
1166 2873 1382 2932 renasci
1429 2869 1762 2929 noluissent?
1800 2868 1870 2923 Et.
1898 2877 2085 2929 tamen

472 2983 667 3026 verum
703 2978 789 3028 est
816 2971 961 3044 quod
984 2969 1275 3025 audierunt
1298 2986 1315 3033 :o
1342 2986 1361 3019 ι
1399 2965 1537 3021 Date
1576 2963 2002 3031 eleemosynam,
2030 2960 2086 3010 et

476 3077 605 3120 ecce
644 3064 827 3131 omnia
860 3064 1067 3120 munda
1101 3072 1226 3127 sunt
1268 3060 1444 3121 vobis.
1478 3080 1496 3111 )
1538 3056 1642 3126 Qui
1669 3055 1815 3113 enim
1849 3051 1963 3106 vult
1996 3066 2085 3104 or-

477 3152 665 3212 dinate
710 3154 842 3211 dare
881 3154 1301 3225 eleemosynam,
1327 3168 1359 3206 a
1394 3150 1577 3221 seipso
1618 3144 1779 3202 debet
1818 3140 2080 3211 incipere,

477 3340 893 3411 misericordiae;
919 3342 1315 3414 verissimeque
1359 3338 1565 3396 dictum
1612 3343 1737 3391 est:
1770 3352 1787 3385 ι
1827 3331 2085 3387 Miserere

478 3437 674 3495 animae
701 3444 808 3493 tuae
836 3435 1059 3507 placens
1092 3436 1204 3491 Deo
1231 3432 1434 3507 (Eccle.
1470 3428 1604 3503 xxx)
1630 3446 1643 3482 :
1673 3447 1691 3481 ι
1720 3434 1943 3504 prepter
1982 3423 2087 3478 hoc

478 3528 839 3593 renascimur,
864 3534 926 3583 ut
953 3526 1072 3582 Deo
1105 3525 1441 3601 placeamus,
1478 3521 1568 3579 cui
1604 3518 1801 3581 merito
1840 3513 2092 3587 displicet

481 3621 627 3693 quod
667 3618 943 3675 nascendo
989 3618 1383 3674 contraximus.
1423 3614 1551 3670 Haec
1596 3612 1745 3669 enim
1781 3618 1869 3671 est,
1910 3608 2088 3681 prima

482 3710 851 3780 eleemosyna,
876 3723 1041 3779 quam
1066 3708 1227 3765 nobis
1265 3707 1535 3771 dedimus,
1571 3702 1833 3774 quoniam
1852 3708 2090 3755 nosmet-

481 3802 632 3874 ipsos
674 3800 908 3857 miseros
936 3814 1037 3871 per
1065 3797 1378 3855 miserantis
1406 3794 1504 3850 Dei
1540 3791 1972 3851 misericordiam
2005 3805 2092 3844 re-

483 3890 1031 3966 quisivimusjustum
1054 3888 1320 3961 judicium
1347 3885 1463 3956 ejus
1487 3884 1831 3951 conﬁtentes,
1857 3874 1964 3955 quo
1992 3879 2091 3934 mi-

481 3984 591 4045 seri
630 3982 807 4040 effecti
857 3999 1064 4039 sumus.
1115 3980 1194 4035 De
1221 3994 1329 4050 quo
1355 3977 1487 4033 dicit
1520 3974 1814 4046 Apostolus
1841 3992 1855 4029 :
1887 3991 1905 4025 ‹
1940 3969 2093 4026 Judi-

484 4075 632 4132 cium
659 4074 881 4153 quidem
905 4089 974 4128 ex
1002 4087 1113 4129 uno
1134 4071 1193 4129 in
1214 4066 1719 4127 condemnationem
1742 4063 1922 4137 (Rom.
1946 4061 2033 4133 v);
2066 4081 2085 4115 ι

483 4175 541 4222 et
573 4181 781 4238 magnae
808 4164 1067 4221 cbaritati
1090 4162 1209 4233 ejus
1230 4160 1434 4233 gratias
1457 4166 1698 4231 agentes,
1723 4157 1789 4212 de
1816 4170 1921 4225 qua
1948 4154 2094 4212 idem

487 4643 675 4689 nostra
721 4630 945 4687 miseria
977 4626 1309 4700 judicantes,
1342 4630 1397 4679 et
1443 4621 1496 4676 in
1543 4619 1641 4675 Dei
1681 4616 1949 4673 charitate
1987 4626 2096 4683 qua
2121 4649 2178 4711 Β

487 4723 709 4779 donavit
759 4722 873 4794 ipse
914 4738 973 4779 se
1022 4719 1329 4792 diligentes,
1380 4712 1469 4786 pie
1518 4718 1771 4781 recteque
1820 4707 2091 4771 vivamus,

488 4816 634 4888 quod
657 4814 923 4885 judicium
958 4822 1012 4871 et
1042 4810 1369 4867 charitatcm
1398 4804 1494 4860 Dei
1520 4818 1642 4860 cum
1666 4798 1927 4857 Pharismi
1956 4812 2095 4867 prm-

489 4907 758 4973 tcrirent,
817 4905 1159 4963 decimabant
1212 4909 1392 4955 tamen
1444 4903 1668 4969 prOpter
1719 4893 2095 4962 eleemosynas

493 5016 629 5071 quas
655 4997 945 5063 faciebant,
975 4997 1141 5052 etiam
1170 5006 1397 5071 quaeque
1424 4986 1789 5043 minutissima
1819 4983 2096 5039 fructuum

494 5109 747 5161 suorum;
777 5101 834 5153 et
860 5091 981 5147 ideo
1014 5106 1123 5145 non
1168 5087 1372 5143 dabant
1415 5083 1819 5154 eleemosynam
1850 5093 1885 5132 a
1912 5091 1971 5133 se
2013 5076 2097 5131 in-

496 5182 774 5255 cipientes,
807 5196 1102 5252 secumque
1145 5178 1297 5251 prius
1333 5173 1762 5231 misericordiam
1796 5168 2093 5235 facientes;

496 5282 718 5343 propter
757 5289 921 5345 quem
948 5271 1255 5330 dilectionis
1290 5268 1538 5326 ordinem
1563 5265 1766 5322 dictum
1793 5270 1915 5319 est:
1949 5278 1967 5313 ι
1999 5261 2092 5316 Di-

498 5360 602 5431 lige
623 5363 929 5431 proximum
950 5373 1102 5420 tuum
1124 5364 1263 5419 sicut
1286 5361 1516 5433 teipsum
1542 5355 1735 5431 (Marc.
1765 5351 1891 5426 xu).
1915 5372 1933 5403 ι
1959 5350 2096 5407 Cum

500 5468 629 5525 ergo.
678 5453 1011 5525 increpasset
1058 5472 1173 5523 eos,
1200 5455 1502 5511 forinsecus
1545 5464 1603 5506 se
1648 5448 1922 5511 lavabant,
1952 5445 2099 5500 intus

502 5551 682 5605 autem
729 5545 915 5615 rapina
954 5554 1008 5602 et
1057 5547 1341 5617 iniquitate
1392 5541 1535 5615 pleni
1578 5547 1763 5604 erant;
1799 5527 2100 5591 admonens

2166 886 2264 989 per
2287 886 2451 985 quam
2496 908 2650 966 vobis
2692 903 2891 962 munda
2934 904 3062 957 sunt
3098 894 3314 961 omnia;
3343 892 3440 948 sed
3465 904 3553 948 va
3590 886 3774 953 vobis,

2169 977 2259 1079 qui
2291 977 2574 1071 decimatis
2599 1004 2860 1061 ruentam,
2893 998 2951 1048 et
2975 996 3176 1053 rutam,
3206 992 3263 1042 et
3281 996 3446 1041 omne
3481 979 3606 1041 olus
3630 995 3649 1033 :
3671 977 3780 1032 hu

2169 1101 2314 1158 enim
2339 1096 2465 1153 novi
2489 1093 2864 1161 eleemosynas
2887 1089 3116 1145 vestras,
3146 1092 3219 1134 ne
3241 1078 3311 1132 de
3338 1074 3445 1129 illis
3481 1085 3575 1127 me
3622 1081 3781 1129 nilne

2170 1209 2267 1250 vos
2304 1188 2650 1248 admonuisse
2696 1176 3067 1243 arbitremini;
3100 1180 3157 1229 et
3188 1167 3482 1243 prateritis
3499 1163 3778 1237 judicium

2172 1296 2228 1343 et
2252 1281 2573 1341 charitatem
2601 1272 2721 1342 Dei,
2748 1288 2856 1345 qua
2887 1269 3230 1336 eleemosyna
3273 1258 3497 1332 possitis
3521 1258 3596 1312 ab
3622 1254 3780 1311 omni

2172 1378 2583 1450 inquinamento
2625 1366 2886 1426 interiore
2928 1357 3213 1422 mandari,
3261 1360 3325 1409 ut
3371 1352 3533 1409 vobis
3569 1346 3785 1405 munda

2173 1438 2353 1527 essent
2376 1476 2431 1523 et
2459 1478 2711 1536 corpora,
2740 1473 2863 1533 quae
2888 1454 3106 1519 lavatis,
3137 1452 3244 1507 hoe
3270 1455 3355 1505 est
3388 1445 3538 1501 enim
3566 1438 3786 1502 omnia,

2173 1570 2230 1620 et
2250 1560 2511 1618 interiora
2538 1532 2763 1613 scilicet
2779 1559 2836 1607 et
2862 1547 3157 1606 exteriora.
3204 1541 3361 1599 Sient
3383 1537 3515 1594 alibi
3543 1532 3784 1606 legitur:

2180 1675 2200 1710 ι
2235 1653 2488 1709 Mundate
2510 1664 2631 1721 quae
2657 1648 2806 1703 intus
2846 1649 2993 1708 sunt,
3018 1646 3075 1696 et
3106 1650 3228 1707 quae
3259 1631 3393 1688 foris
3420 1635 3553 1685 sunt
3578 1624 3788 1681 munda

2175 1752 2365 1802 erunt:
2396 1763 2414 1797 ι
2443 1715 2546 1799 sed
2576 1755 2643 1796 ne
2672 1740 2805 1795 istas
2832 1734 3226 1803 eieemosynas,
3255 1738 3377 1795 qua:
3406 1720 3548 1776 ﬁunt
3570 1718 3641 1772 de
3670 1715 3787 1771 tru-

2178 1838 2353 1895 ctlbus
2403 1842 2593 1899 terrae,
2641 1829 2916 1906 respuisse
2965 1823 3284 1880 videretur:
3313 1835 3335 1869 ι
3370 1813 3533 1877 limo,
3576 1808 3790 1879 inquit,

2178 1931 2418 2004 oportuit
2454 1897 2656 1992 facere,
2681 1897 2946 1994 judicium
2993 1922 3049 1971 et
3088 1910 3414 1971 cbaritatem
3446 1903 3548 1961 Dei
3578 1908 3675 1956 :et
3702 1897 3795 1954 illa

2178 1991 2290 2084 non
2316 2024 2566 2081 omittere
2594 1991 2811 2093 (Matth.
2840 2027 2976 2068 χχιιι
2998 2051 3014 2078 ,
3040 2016 3090 2064 et
3118 2005 3251 2062 Luc.
3272 2000 3377 2074 xi),
3407 2017 3429 2052 ι
3451 1997 3511 2053 id
3534 2002 3623 2051 est
3644 1991 3797 2048 elee-

2180 2130 2437 2190 mosynas
2464 2084 2736 2170 fructuum
2766 2114 3134 2162 terrenarum.
3174 2096 3294 2153 Non
3319 2105 3453 2163 ergo
3478 2102 3541 2190 se
3568 2084 3796 2147 fallant,

2182 2210 2273 2282 qui
2301 2177 2401 2280 per
2424 2206 2796 2274 eleemosynas
2822 2193 3123 2268 quamlibet
3146 2183 3489 2258 largissimas
3505 2177 3799 2233 fructum

2182 2318 2428 2371 suorum,
2469 2299 2559 2356 vel
2603 2273 2974 2367 cujuscunque
3017 2283 3268 2360 pecunia)
3314 2273 3709 2348 impunitatem
3742 2281 3803 2322 se

2181 2409 2365 2455 emere
2389 2358 2704 2449 existimarit
2734 2388 2791 2443 in
2823 2358 3128 2441 facinorum
3148 2366 3158 2378 ’
3176 2368 3525 2431 immunitate
3554 2377 3625 2419 ne
3646 2358 3803 2431 ﬂagi‘

2183 2452 2385 2546 tiornm
2413 2482 2653 2559 nequitia
2677 2471 3085 2554 permanendo.‘
3112 2461 3448 2524 Nousoium
3482 2455 3642 2515 enim
3680 2452 3803 2507 hac

2182 2582 2421 2646 faciunt,
2456 2547 2551 2633 sed
2584 2577 2658 2631 ita
2679 2547 2953 2642 diligunt,
2998 2569 3062 2619 ut
3108 2561 3167 2617 in
3213 2558 3295 2614 eis
3340 2564 3564 2646 semper
3608 2547 3806 2615 ομωι

2185 2640 2428 2748 (tantum
2478 2670 2523 2725 si
2572 2640 3086 2739 possint—impune)
3129 2648 3378 2708 versari:
3406 2662 3427 2696 ι
3460 2640 3571 2710 Qui
3614 2646 3804 2748 an?

2184 2726 2359 2836 diligit
2400 2726 2771 2831 iniquiiatem,
2803 2726 2929 2808 odit
2967 2726 3205 2805 animam
3235 2752 3419 2803 suam;
3452 2742 3511 2789 et
3553 2729 3652 2801 qui
3686 2726 3805 2783 odit

2186 2858 2423 2913 animam
2443 2866 2622 2917 suam,
2645 2863 2753 2903 non
2773 2852 2859 2900 est
2884 2843 2941 2901 in
2963 2854 3088 2897 eam
3111 2831 3447 2897 misericors,
3477 2823 3575 2882 sed
3604 2818 3802 2879 crude-

2344 2908 2625 3023 Diligcndo
2645 2953 2766 2994 eam
2799 2933 2999 3015 quippe
3028 2925 3331 2985 secundum
3373 2914 3663 3023 saeculum,
3687 2908 3804 2965 odit

2186 3057 2308 3099 eam
2336 3003 2635 3095 secundum
2658 3003 2851 3093 Dauni.
2977 3037 3111 3097 ergo
3132 3012 3369 3079 velletei
3399 3010 3531 3065 dare
3562 3003 3806 3060 eleemo-

2188 3145 2402 3205 synam,
2432 3142 2532 3197 per
2573 3136 2739 3193 quam
2786 3116 2990 3174 munda
3031 3092 3216 3168 essent
3255 3104 3334 3162 illi
3360 3098 3569 3163 omnia,
3594 3092 3807 3151 odisset

2486 3513 2499 3550 :
2533 3448 2961 3549 ("misericordia
3005 3448 3128 3552 ejus
3165 3448 3467 3550 pmveniel
3504 3479 3599 3524 me
3626 3457 3807 3535 (Pani.

2192 3589 2418 3663 Lxxxv).
2444 3607 2462 3640 ι

2819 3664 3050 3726 CAPUT
3086 3659 3180 3717 XI.

2253 3772 2362 3830 Pro
2392 3768 2652 3842 defunctis
2676 3775 2735 3821 ut
2762 3758 3057 3820 consolatio
3081 3752 3349 3809 tribuatur
3381 3739 3745 3842 plorartibu.

2272 3818 2654 3920 ι’ἑίῖίιᾙὲὶᾶᾇ
2851 3848 3145 3923 prohibeas
3191 3841 3444 3914 gratiam.
3492 3818 3621 3889 Non
3662 3826 3813 3888 denis

2203 3979 2225 4013 ι
2268 3958 2604 4032 plorantibus
2628 3954 2682 4009 in
2709 3945 3103 4009 consolatione,
3121 3947 3320 3997 etcum
3346 3928 3663 4002 lugentibus
3687 3938 3812 3978 amo

2205 4071 2224 4104 ι
2264 4022 2410 4106 bula.
2445 4068 2464 4101 ι
2496 4045 2650 4114 Quod
2677 4043 2745 4098 ad
2775 4040 3249 4107 eleemosynarum
3295 4022 3655 4081 donationem
3688 4029 3814 4087 perv

2199 4146 2375 4200 tincat
2400 4109 2679 4211 hoc-quod
2704 4134 2981 4207 scpuitura
3028 4123 3258 4184 mortuis
3282 4116 3582 4191 praebetur,
3610 4109 3812 4165 Tobias

2204 4700 2390 4750 menta
2418 4687 2717 4762 pmbebat,
2747 4690 2803 4738 et
2830 4677 3065 4736 mortuis
3111 4680 3277 4742 atque
3320 4663 3520 4721 occisis
3562 4657 3808 4729 sepulto.

2206 4800 2325 4841 ram
2370 4760 2633 4839 sollicitus
2681 4772 2991 4832 exhibebat.
3029 4764 3137 4823 Sed
3175 4763 3223 4817 si
3264 4764 3537 4817 mortuam
3586 4760 3810 4805 carne-

2204 4880 2547 4947 eleemosyna
2592 4880 2677 4929 est
2719 4867 2979 4944 sepelire,
3011 4861 3183 4935 multo
3215 4854 3388 4926 magis
3414 4848 3701 4905 hominem
3728 4842 3808 4895 γι.

2205 4985 2335 5025 vum
2361 4966 2414 5022 in
2444 4935 2799 5020 iribulatione
2839 4950 3108 5013 consolari
3150 4957 3315 5017 atque
3355 4938 3564 4997 solatiis
3610 4935 3808 4990 subve—
3843 4969 3855 4985 .

2206 5061 2346 5117 nire.
2380 5056 2532 5114 Unde
2559 5052 2758 5108 Paulus
2798 5049 2871 5104 ait
2896 5060 2911 5101 :
2941 5067 2958 5098 ‹
2991 5042 3233 5100 Gaudete
3273 5049 3395 5091 cum
3422 5027 3805 5103 gaudentibus.

2204 5154 2332 5210 iiete
2374 5165 2498 5207 cum
2544 5145 2797 5202 flentibus
2825 5140 2997 5214 (Rom.
3028 5132 3148 5206 xu).
3174 5150 3194 5184 ι
3231 5127 3387 5197 Quod
3418 5132 3474 5181 et
3516 5138 3577 5179 se
3615 5120 3809 5176 fecisse

2207 5250 2500 5301 attestatur
2525 5282 2540 5307 ,
2570 5238 2799 5293 dicens:
2831 5251 2851 5284 ‹
2888 5229 3021 5299 Quis
3069 5224 3405 5283 inlinuntur,
3454 5221 3512 5272 et
3553 5226 3660 5284 ego
3701 5220 3803 5264 non

2207 5332 2492 5394 inﬁrmor?
2552 5329 2687 5398 Quis
2732 5321 3162 5383 scandalizatur,
3207 5321 3263 5370 et
3299 5325 3400 5383 ego
3437 5321 3546 5362 non
3588 5299 3750 5357 uror?
3781 5315 3800 5347 ι

2206 5430 2406 5487 Factus
2426 5443 2549 5484 sum
2566 5394 2834 5485 inﬁrmus,
2857 5425 2919 5473 ut
2940 5413 3185 5471 inﬁrmos
3200 5404 3579 5464 iucrifaeerem
3595 5413 3610 5451 :
3626 5394 3803 5487 omnia

2210 5524 2463 5580 omnibus
2510 5518 2687 5573 factus
2735 5479 2874 5577 sum,
2907 5516 2968 5563 ut
3001 5517 3192 5562 omnes
3236 5500 3473 5556 iacerem
3507 5490 3690 5549 salvos
3721 5479 3806 5554 (ΙΙ

502 5601 1239 5709 ᾳιιιιιιιύίιωιῶεὲιιιοεςιιιῖιιι,
1272 5601 1438 5707 quam
1462 5632 1563 5688 sibi
1589 5601 1758 5686 homo
1781 5627 1960 5694 debet,
1989 5625 2103 5698 pri-
2212 5614 2336 5670 Cor.
2372 5611 2471 5685 ιι).
2501 5608 2655 5667 Unde
2683 5614 2737 5661 et
2765 5601 3049 5673 sequitur:

502 5731 667 5788 initus
713 5731 866 5799 dare,
906 5738 963 5789 et
1004 5728 1266 5791 interiora
1306 5726 1604 5781 mundare:
1632 5742 1651 5773 ‹
1686 5719 2100 5784 Verumtamen,

504 5823 700 5907 inquit,
741 5826 883 5898 quod
932 5829 1199 5896 superest,
1247 5820 1370 5875 date
1412 5816 1810 5886 eleemosynam
1830 5851 1844 5877 ,
1876 5819 1931 5865 et
1974 5823 2104 5865 ecce

496 5900 694 5974 .Omnia
738 5917 936 5974 munda
987 5923 1115 5981 sunt
1170 5910 1397 5984 vobis.)
1436 5904 1641 5962 Deinde
1688 5911 1749 5958 ut
1790 5899 2106 5958 ostenderet

2291 5724 2310 5757 ι
2347 5669 2464 5760 Non
2499 5710 2554 5758 te
2578 5700 2761 5772 pigeat
2786 5669 3007 5751 visitare
3043 5684 3319 5746 infirmum
3342 5725 3359 5752 ,
3385 5695 3455 5739 ex
3478 5675 3648 5772 bis‘in
3673 5669 3804 5772 diie-

2223 5820 2240 5853 ι
2288 5800 2467 5855 ctione
2506 5760 2829 5859 minaberis,
2864 5807 2887 5842 ι
2936 5781 3195 5842 Probatio
3237 5790 3455 5848 quoque

2506 5850 2590 5945 est
2614 5853 2827 5956 aperis.
2847 5876 2926 5936 De
2960 5889 3070 5955 quo
3090 5879 3146 5931 et
3169 5869 3406 5929 Joannes
3446 5863 3578 5921 dicit
3603 5879 3617 5917 :
3646 5878 3667 5911 ‹
3699 5850 3799 5923 Qui
