4030 6474
287 412 396 479 813

1180 422 1533 491 COMMENT.
1569 425 1638 483 ΙΝ
1674 422 2281 489 ECCLESIASTICUM.
2320 456 2344 468 -
2376 455 2391 468 -
2427 424 2557 482 LIB.
2596 424 2664 482 ll.

3386 449 3393 454 ·
3456 430 3562 487 814

283 533 541 595 habuerit
563 534 921 601 substantiam
946 538 1153 608 mundi,
1174 548 1229 595 et
1248 540 1442 598 viderit
1465 540 1691 599 fratrem
1720 554 1876 597 suum
1904 542 1957 615 ᾼ
1980 539 2248 595 convertit
2284 539 2472 620 utique
2514 538 2582 596 ad
2604 538 3016 610 perversitatem
3036 524 3248 612 iudicii,
3277 542 3405 613 quia
3434 560 3560 601 mu-

282 642 511 689 necesse
538 632 757 699 habere,
792 643 849 691 et
869 633 1127 695 clauserit
1155 634 1366 693 viscera
1394 650 1492 701 sua
1517 635 1585 690 ab
1613 650 1699 702 eo,
1735 650 1871 711 quo-
1979 646 2109 686 nera
2136 641 2409 688 excaecant
2447 633 2631 689 oculos
2673 634 3017 704 sapientium,
3052 642 3108 690 et
3143 643 3353 692 mutant
3399 640 3564 697 verba

281 723 449 787 modo,
472 723 709 791 charitas
736 724 835 787 Dei
862 734 1044 791 manet
1067 726 1123 785 in
1151 728 1252 782 eo?
1276 725 1451 791 Filioli
1475 727 1618 796 mei,
1646 743 1755 793 non
1794 728 1873 795 di-

277 812 512 891 ligamus
548 818 724 887 .verbo,
765 832 868 877 nec
915 818 1120 899 lingua,
1150 820 1246 877 sed
1274 836 1439 893 opere
1476 830 1532 877 et
1565 821 1813 887 veritate.
1844 842 1864 875 ι

278 904 393 971 Sed
419 906 545 979 quia
591 923 755 973 nemo.
796 917 978 985 potest
1009 910 1249 991 perfecte
1288 922 1580 995 peceatum
1608 914 1868 982 devitarc,

274 1008 333 1063 et
375 1000 629 1072 operibus
668 999 901 1079 iustitiae,
938 1003 1241 1075 deservire,
1287 1006 1397 1073 nisi
1444 1008 1543 1085 qui
1581 1015 1763 1079 sperat
1809 1024 1869 1069 se

1967 719 2260 793 justorum.
2291 722 2524 783 Proinde
2550 725 2810 783 Dominus
2834 726 3085 791 hortatur
3105 741 3299 783 cavere
3325 729 3392 783 ab
3414 731 3562 786 omni

1973 814 2216 881 avaritia,
2244 824 2299 870 et
2330 816 2485 872 docet
2511 817 2805 886 discipulos
2830 832 2978 882 suos,
3004 818 3188 876 dicens
3218 837 3231 874 :
3265 838 3285 872 ι
3320 819 3565 880 Audistis

1971 905 2097 977 quia
2131 908 2333 964 dictum
2372 920 2457 962 est
2482 927 2495 962 :
2523 908 2752 973 Oculum
2790 924 2890 989 pro
2918 911 3102 978 oculo,
3134 919 3188 968 et
3215 913 3434 970 dentem
3460 930 3564 988 pro

1970 998 2148 1055 dente.
2171 1000 2284 1072 Ego
2314 1009 2494 1057 autem
2519 1002 2639 1057 dico
2665 1001 2819 1058 vobis
2846 1018 2952 1061 non
2980 1005 3234 1065 resistere
3265 1007 3439 1078 malo;
3466 1010 3561 1066 sed

274 1090 520 1162 quotidie
540 1092 610 1159 de
636 1091 739 1153 hoc
761 1094 967 1163 mundo,
986 1096 1239 1170 migrare.
1271 1096 1375 1171 Qui
1396 1100 1542 1167 enim
1562 1101 1870 1163 considerat
1969 1091 2017 1148 si
2049 1092 2171 1164 quis
2199 1100 2253 1147 te
2280 1092 2610 1167 percusserit
2653 1093 2708 1148 in
2740 1094 3019 1151 dexteram
3064 1098 3338 1153 maxillam
3377 1107 3557 1168 tuam,

272 1181 456 1275 qualis
494 1191 581 1245 est
625 1184 683 1249 in
730 1194 930 1254 ιιιοιιθ,
957 1202 1170 1267 semper
1220 1188 1281 1255 fit
1329 1189 1549 1257 timidus
1585 1191 1641 1257 in
1682 1208 1866 1275 opera-

270 1272 444 1340 tione,
476 1283 639 1347 atque
667 1279 815 1345 unde
839 1277 899 1345 in
916 1280 1086 1347 oculis
1114 1279 1364 1351 suisjain
1384 1283 1544 1353 quasi
1573 1300 1685 1351 non
1708 1272 1860 1352 vivit,

268 1362 348 1417 nil
369 1366 514 1434 quod
542 1367 739 1421 transit
768 1369 989 1439 appetit,
1021 1371 1232 1426 cunctis
1257 1373 1539 1441 praesentis
1572 1374 1698 1435 vita:
1719 1374 1862 1441 desi-

267 1454 437 1522 deriis
463 1458 814 1533 contradicit.
836 1469 897 1530 et
930 1476 1071 1544 nene,
1112 1471 1390 1531 mortuum
1431 1480 1499 1531 se.
1529 1466 1858 1533 considerat.

265 1549 398 1623 quia
424 1552 751 1615 moriturum
785 1552 1009 1622 mittith
1050 1556 1285 1642 ignorat,
1309 1558 1560 1627 Perfecta
1582 1561 1731 1629 enim
1750 1561 1862 1629 vita

162 1714 171 1719 κ
265 1650 352 1699 est
391 1644 584 1707 mortis
629 1645 885 1716 imitatio.
909 1662 1079 1718 quam
1120 1649 1247 1717 dum
1287 1650 1422 1733 iusti
1468 1650 1701 1721 sollicite
1737 1666 1861 1736 per-

262 1745 463 1806 agunt,
496 1736 779 1807 culparum
816 1738 1038 1823 laqueos
1079 1741 1339 1813 evadunt,
1380 1742 1533 1813 Unde
1579 1742 1859 1832 subiungi-

262 2026 284 2062 ι
329 2017 446 2076 tua,
476 2020 531 2067 et
560 2011 615 2071 in
642 2022 905 2082 mternum
927 2032 1034 2081 non
1067 2017 1341 2089 peccabis...
1362 2038 1381 2075 ι
1415 2019 1531 2075 Hoc
1568 2028 1752 2087 tamen
1786 2020 1853 2081 de

255 2103 408 2169 omni
447 2115 674 2174 peccato
714 2123 823 2173 non
848 2109 983 2175 dicit
1005 2127 1021 2176 ξ
1043 2096 1170 2193 quia
1197 2131 1215 2163 ι
1246 2129 1356 2181 pan
1387 2122 1472 2179 est
1497 2112 1659 2179 homo
1688 2129 1853 2185 super

256 2202 463 2255 terram
487 2199 587 2288 qui
618 2199 783 2267 faciat
805 2202 1026 2271 bonum.
1057 2212 1113 2275 et
1152 2221 1263 2269 non
1290 2216 1496 2288 peccet.
1523 2227 1543 2260 ι
1578 2208 1645 2275 Ει
1688 2206 1853 2277 Joan-

379 2306 393 2342 :
425 2306 446 2353 ς
473 2287 533 2344 Si
567 2290 898 2360 dixerimus,
925 2294 1125 2375 inquit,
1153 2297 1281 2385 quia
1303 2287 1590 2371 peccatum
1617 2316 1724 2365 non
1752 2300 1853 2367 ha-

252 2377 471 2447 bemus,
495 2381 600 2455 ipsi
636 2400 736 2441 nes
767 2386 1077 2453 seducimus
1100 2429 1116 2455 ,
1141 2377 1201 2457 ei
1223 2391 1428 2459 veritas
1453 2392 1511 2463 in.
1535 2393 1693 2451 nobis
1738 2409 1851 2465 non,

252 2481 341 2535 est
383 2472 437 2544 (ι
475 2474 635 2531 Joan.
664 2476 726 2548 ι).
747 2497 769 2531 ι
802 2477 911 2535 Sed
939 2480 1005 2541 de
1035 2495 1275 2552 quonam
1315 2484 1425 2551 huc,
1465 2482 1581 2549 vult
1623 2492 1851 2567 peccato

252 2565 516 2639 intelligi?
556 2569 756 2640 Utique
800 2573 867 2627 de
894 2589 962 2629 eo
985 2574 1129 2643 quod
1171 2576 1319 2632 ducit
1352 2576 1422 2630 ad
1466 2565 1719 2645 mortem.
1770 2577 1848 2646 De

250 2675 363 2735 quo
407 2663 644 2735 Joannes
673 2670 807 2735 dicit
831 2689 846 2737 :.
874 2691 893 2726 ι
923 2671 1113 2741 Omnis
1157 2674 1253 2744 qui
1293 2681 1455 2743 natus
1491 2682 1577 2745 est
1604 2691 1673 2733 ex
1702 2673 1842 2742 Deo,

249 2768 360 2810 non
386 2755 519 2813 facit
548 2770 854 2830 peccatum,
881 2765 1007 2835 quia
1041 2780 1227 2827 semen
1251 2763 1368 2839 eius
1398 2766 1456 2833 in
1484 2766 1607 2844 ipse
1638 2774 1845 2837 manet,

246 2853 303 2902 et
331 2864 439 2909 non
467 2860 646 2920 potest
670 2868 914 2924 peccare,
944 2856 1073 2928 quia
1092 2873 1160 2923 ex
1183 2857 1294 2919 Deo
1319 2866 1478 2926 natus
1500 2866 1583 2923 est
1603 2855 1651 2933 (1
1674 2856 1843 2925 [σαμε

245 2939 352 3013 ιιι).
378 2961 399 2999 ι
424 2941 580 3011 Quod
605 2946 699 3014 ait,
723 2967 745 3011 ς
770 2950 863 3030 qui
901 2958 1062 3019 natus
1086 2959 1171 3015 est
1195 2967 1262 3009 ex
1305 2951 1437 3019 Deo,
1460 2966 1570 3019 non
1592 2960 1841 3029 peccaui

244 3038 457 3093 certum
499 3037 771 3106 quoddam
815 3051 1097 3113 peccatum
1124 3044 1413 3121 intelligit,
1439 3045 1584 3119 quad
1610 3061 1721 3115 non,
1740 3061 1846 3123 pqr.

246 3130 354 3181 test
398 3127 686 3192 admittere
713 3134 899 3201 homo.
927 3137 1020 3208 qui
1045 3152 1115 3203 ea
1142 3137 1256 3195 Deo
1284 3146 1443 3203 natus
1486 3146 1602 3207 est;
1638 3147 1692 3209 et
1736 3138 1847 3211 tale.

241 3228 526 3285 peccatum
570 3230 654 3278 est
698 3223 848 3292 illud.
873 3234 933 3287 ut
970 3228 1017 3285 si
1055 3229 1344 3300 quisquam
1386 3230 1493 3301 hoe
1535 3230 1843 3307 admisetib

242 3309 530 3369 conﬁrmet
561 3287 777 3385 caetera1
896 3321 1020 3391 quis
1055 3287 1236 3385 ξιέιθιὶι
1266 3287 1373 3392 hii-0.
1866 3287 1919 3362 Ο

241 3403 420 3461 solvat
459 3416 671 3469 caetera.
718 3411 1032 3478 Mandatum
1059 3418 1205 3483 enim
1234 3416 1437 3485 Christi
1457 3457 1475 3485 ι
1504 3416 1725 3487 WW3
1746 3431 1841 3479 να·

242 3501 402 3553 eatur
427 3513 441 3553 :
465 3512 561 3569 per
584 3501 724 3569 hanc
751 3503 1099 3567 dilectionem
1135 3517 1361 3578 peccata
1384 3509 1690 3577 animum.
1723 3509 1844 3579 hee

225 3586 291 3643 ἐἰ
321 3602 433 3651 neu
464 3598 725 3663 teneatur,
750 3606 807 3657 et
829 3614 993 3670 grave
1018 3610 1307 3673 peccatum
1331 3610 1437 3671 est.
1462 3611 1519 3667 et
1547 3602 1703 3669 radix
1728 3617 1842 3673 titti-

241 3693 396 3741 ῐιιυω
414 3694 779 3753 limitarem.

843 3782 1073 3845 CAPUT
1120 3785 1236 3849 ΧΠ,

602 3868 730 3932 Nae
762 3870 1077 3944 litigandum
1103 3893 1225 3941 eum
1244 3885 1466 3949 patente,

317 3956 466 4051 (Car.
492 3962 635 4033 vm.)
669 3982 688 4017 ‹
724 3963 841 4021 Non
880 3967 1058 4038 litiges
1086 3985 1213 4029 cum
1241 3971 1465 4033 homine
1498 3979 1743 4051 ροιειιιθι
1769 3986 1845 4027 ηθ

247 4065 268 4098 ι
313 4046 454 4107 forte
480 4050 686 4113 incidas
713 4055 769 4113 in
797 4072 991 4117 manus
1016 4059 1177 4123 illius.
1204 4080 1222 4113 ι
1251 4046 1534 4125 Hominem
1558 4071 1841 4133 potentem

243 4137 473 4197 forsitan
508 4142 597 4200 hic
626 4148 919 4216 superbum
962 4149 1074 4211 Nlt
1105 4150 1356 4224 intelligi.
1388 4153 1651 4217 adversus
1675 4156 1845 4224 quem

242 4234 575 4291 contendere
599 4253 708 4293 non
740 4248 823 4296 est
850 4241 997 4303 utile.
1047 4242 1206 4303 Unde
1246 4245 1302 4303 in
1340 4246 1650 4311 Proverbiis
1698 4246 1838 4313 seri-

242 4330 396 4394 ptum
433 4336 517 4381 est
543 4346 557 4381 :
588 4346 612 4382 s
639 4330 718 4386 Ne
766 4335 1097 4403 respondeas
1140 4337 1311 4396 stulto
1348 4337 1508 4407 juxta
1550 4338 1840 4408 stultitiam

244 4432 419 4484 suam,
448 4434 517 4475 ne
541 4419 793 4480 elﬁciaris
820 4427 867 4479 ei
895 4427 1089 4485 similis
1110 4429 1293 4500 (Prov.
1321 4432 1493 4505 xm).
1520 4452 1541 4489 ι
1572 4432 1721 4492 Inter
1745 4448 1842 4505 su-

245 4512 441 4580 perbos
483 4513 630 4569 enim
679 4530 892 4586 semper
929 4517 1111 4589 jurgia
1157 4527 1303 4575 sunt.
1367 4520 1602 4579 Servum
1656 4531 1840 4589 autem

247 4598 461 4656 Domini
488 4617 597 4659 non
627 4615 839 4676 oportet
863 4607 1095 4679 litigare,
1125 4610 1219 4665 sed
1248 4618 1593 4669 mansuetum
1619 4627 1740 4672 esse
1768 4611 1843 4671 ad

245 4707 456 4760 omnes,
486 4696 791 4766 docibilem,
820 4701 1147 4769 patientem,
1178 4719 1302 4759 eum
1344 4704 1617 4762 modestia
1661 4707 1839 4763 corri-

246 4786 481 4855 pientem
512 4792 604 4861 qui
632 4794 889 4848 resistunt
910 4795 1128 4851 veritati

324 4896 342 4929 ι
371 4878 488 4936 Non
509 4884 807 4940 contendas
827 4900 950 4940 cum
970 4886 1087 4941 viro
1105 4886 1391 4958 locuplete,
1406 4904 1483 4944 ne
1498 4889 1641 4945 forte
1653 4898 1842 4949 contra

252 4985 273 5020 ι
316 4972 609 5028 constituet
634 4974 783 5031 litem
814 4977 948 5033 tibi:
976 4978 1173 5035 multos
1209 4981 1354 5035 enim
1385 4981 1622 5051 perdidit
1647 4998 1842 5037 aurum

252 5079 273 5112 ι
319 5071 484 5131 atque
520 5076 839 5138 argentum:
864 5080 919 5125 et
943 5086 1117 5142 usque
1158 5074 1226 5127 ad
1252 5088 1348 5128 cor
1372 5089 1564 5145 regum
1593 5074 1845 5130 extendit

252 5173 273 5206 ‹
318 5163 375 5211 et
397 5160 683 5214 convertit.
706 5179 725 5213 ι
760 5160 1131 5219 Periculosum
1158 5174 1244 5221 est
1271 5182 1401 5237 ergo
1442 5182 1566 5222 cum
1594 5182 1660 5224 eo
1693 5168 1845 5224 litem

248 5261 410 5318 agere
439 5249 531 5319 qui
559 5253 789 5308 terrenis
826 5252 994 5310 lucris
1019 5262 1182 5326 atque
1204 5257 1447 5312 avaritiae
1474 5259 1699 5314 aestibus
1721 5274 1850 5329 pro-

247 5342 413 5399 batur
435 5344 721 5413 anhelare;
750 5347 875 5416 quia
902 5348 1028 5404 inde
1062 5350 1314 5405 oriuntur
1356 5352 1594 5419 invidias,
1621 5360 1850 5409 conton-

250 5435 453 5501 tiones,
499 5436 714 5504 odium,
758 5439 1142 5507 homicidium,
1184 5450 1241 5496 et
1290 5450 1486 5497 caetera
1537 5442 1846 5513 huiusmodi

248 5524 451 5597 ﬂagitia
491 5543 613 5599 quae
648 5539 897 5602 mergunt
922 5532 1168 5588 homines
1196 5534 1251 5588 in
1275 5534 1557 5590 interitum
1586 5543 1642 5589 et
1665 5536 1845 5606 perdi-

248 5617 474 5673 tionem.
507 5639 525 5671 ι
559 5621 735 5678 Radix
764 5638 996 5694 namque
1017 5625 1262 5681 omnium
1290 5626 1554 5683 malorum
1580 5634 1670 5685 est
1693 5628 1845 5699 cupi-

249 5708 392 5764 ditas
416 5727 429 5764 :
454 5725 617 5781 quam
660 5715 879 5784 quidam
926 5726 1242 5788 appetentes
1283 5729 1605 5777 erraverunt
1642 5736 1674 5776 a
1715 5722 1842 5788 fide,

248 5807 307 5857 et
331 5800 679 5860 inseruerunt
709 5821 767 5861 se
796 5807 1072 5864 doloribus
1100 5809 1284 5867 multis
1309 5810 1363 5882 (Ι
1392 5810 1529 5867 Tim.
1560 5811 1657 5885 vt).
1680 5833 1699 5866 ι
1733 5812 1846 5870 Nec

253 5910 363 5951 non
389 5904 445 5952 et
470 5898 636 5954 corda
686 5916 871 5968 regum
920 5904 1181 5969 eiusmodi
1216 5906 1385 5970 pestis
1414 5920 1556 5973 saepe
1601 5907 1891 5971 polluctus..-

394 1919 455 1985 ιιι
482 1921 735 1983 omnibus
757 1924 1011 1997 operibus
1058 1926 1169 1987 tuis,
1211 1942 1516 1995 memorare
1554 1942 1855 1997 uerissime
1881 1912 1931 1985 Β

1869 4651 1925 4715 D

1966 1184 2147 1257 praebe
2176 1184 2255 1241 illi
2279 1193 2335 1249 et
2359 1185 2606 1241 alteram.
2661 1186 2732 1243 Et
2773 1187 2824 1242 ei
2860 1188 2957 1261 qui
2995 1190 3111 1255 vult
3139 1198 3318 1246 tecum
3354 1190 3561 1262 judicio

1967 1278 2328 1346 contendere,
2356 1287 2412 1335 et
2458 1279 2700 1345 tunicam
2748 1288 2894 1347 tuam
2940 1266 3160 1352 tollere,
3191 1285 3403 1349 dimitte
3430 1287 3481 1343 ei
3505 1296 3561 1343 et

1965 1372 2221 1447 pallium;
2249 1383 2308 1439 et
2331 1373 2642 1447 quicunque
2681 1384 2733 1430 te
2775 1376 3138 1445 angariaverit
3167 1377 3314 1447 mille
3342 1394 3555 1451 passus,

1964 1452 2102 1523 vade
2128 1480 2253 1529 cum
2290 1463 2382 1529 illo
2408 1472 2469 1532 et
2505 1464 2611 1530 alia
2642 1464 2768 1521 duo.
2810 1465 2912 1535 Qui
2957 1467 3091 1549 petit
3117 1477 3230 1525 ate
3250 1509 3264 1533 ,
3287 1468 3355 1523 da
3384 1468 3468 1535 ei;
3503 1476 3561 1525 et

1962 1556 2169 1625 volenti
2196 1556 2431 1623 mutuari
2462 1572 2494 1623 a
2525 1563 2578 1613 te
2606 1572 2675 1623 ne
2703 1558 2970 1625 averteris
2995 1557 3209 1632 (Matth.
3238 1559 3315 1639 ν).
3354 1579 3374 1613 ι

2040 1666 2061 1711 ς
2099 1647 2218 1703 Non
2243 1648 2427 1719 litiges,
2460 1663 2585 1717 cum
2621 1647 2842 1705 homine
2870 1648 3131 1723 linguato,
3164 1658 3219 1706 et
3243 1667 3349 1705 non
3375 1658 3554 1715 strues

1966 1758 1989 1801 ί
2029 1738 2086 1795 in
2110 1739 2291 1811 ignem
2317 1741 2459 1801 illius
2481 1739 2647 1813 ligna.
2688 1738 2807 1795 Non
2833 1741 3203 1807 communices
3230 1742 3436 1811 homini
3473 1744 3555 1799 in-

1967 1851 1990 1897 ς
2034 1833 2215 1909 docto,
2242 1847 2311 1889 ne
2336 1833 2475 1897 male
2502 1833 2568 1901 de
2595 1832 2853 1904 progenie
2884 1841 2974 1899 tua
3008 1834 3276 1909 loquatur.
3300 1856 3320 1888 ι
3349 1835 3551 1891 Contra

1958 1939 2084 1981 eum
2113 1906 2215 1996 qui
2236 1925 2563 1991 indiscretus
2598 1934 2681 1991 est
2715 1925 2917 1991 verbis,
2948 1906 3171 1981 stultum
3208 1936 3296 1993 est,
3327 1936 3552 1983 conten—

1955 2019 2105 2087 dere,
2136 2019 2229 2083 ιιιιί
2271 2035 2377 2087 non
2423 2019 2589 2086 ratio,
2616 2019 2711 2075 sed
2740 2019 2895 2075 furor
2925 2020 3253 2075 dominatur.
3289 2019 3552 2087 Similiter

1954 2118 2009 2171 et
2031 2126 2155 2166 eum
2188 2110 2517 2180 imprudenti
2561 2110 2842 2189 disputare
2880 2111 3069 2167 inutile
3094 2120 3202 2189 est,
3219 2112 3345 2185 quia
3374 2112 3550 2169 facilis

1954 2212 2038 2267 est
2089 2205 2157 2261 ad
2202 2203 2589 2277 proferendum
2633 2204 3035 2271 contumeliam.
3094 2203 3231 2275 Nam
3287 2206 3401 2275 haec
3441 2206 3547 2275 duo

1953 2297 2262 2365 testimonia
2296 2297 2427 2369 licet
2459 2298 2529 2359 ad
2565 2313 2755 2365 omnes
2778 2298 3107 2369 pertineant,
3151 2297 3467 2381 insipientes
3494 2304 3549 2352 et

1950 2392 2337 2474 praviloquos,
2384 2401 2565 2459 tamen
2616 2391 2928 2462 specialiter
2975 2392 3230 2461 videntur
3289 2393 3547 2461 denotare

1952 2483 2260 2551 hmreticos,
2282 2483 2348 2551 de
2382 2483 2577 2555 quibus
2598 2482 2727 2538 alibi
2754 2484 3017 2559 scriptum
3042 2492 3127 2548 est
3144 2502 3197 2553 τε(
3229 2483 3340 2553 Sub
3365 2483 3545 2565 lingua

1952 2591 2143 2645 eorum
2168 2575 2323 2645 labor
2342 2585 2397 2631 et
2418 2576 2590 2643 dolor,
2621 2583 2676 2630 et
2704 2591 2972 2647 venenum
2998 2576 3247 2657 aspidum
3267 2576 3366 2630 sub
3387 2574 3546 2643 labiis

1951 2682 2141 2735 eorum
2166 2664 2340 2739 (Psal.
2367 2664 2552 2741 11111).)
2580 2664 2818 2734 Quorum
2840 2682 2903 2722 os
2926 2665 3304 2735 maledictione
3324 2672 3381 2720 et
3403 2680 3548 2718 ama-

1950 2757 2189 2829 ritudine
2229 2757 2451 2829 plenum
2475 2740 2579 2833 est,
2609 2756 2827 2815 veloces
2865 2758 3031 2828 pedes
3055 2771 3249 2825 eorum
3271 2755 3341 2827 ad
3375 2754 3547 2823 effun-

1951 2850 2185 2923 dentium
2235 2852 2574 2925 sanguinem.
2623 2849 2759 2909 Cum
2788 2851 2875 2917 bis
2911 2866 3041 2922 ergo
3089 2849 3455 2921 sermocinari;
3491 2857 3545 2903 et

1951 2942 2356 3009 communicare
2379 2942 2747 3027 perniciosum
2768 2932 2874 3008 est,
2899 2941 3026 3012 quia
3052 2939 3256 3013 polluta
3282 2948 3366 3007 est
3392 2954 3545 3009 mens

1950 3047 2139 3087 eorum
2165 3042 2220 3087 et
2246 3033 2599 3100 conscientia,
2625 3042 2680 3089 et
2702 3049 2880 3105 sermo
2906 3048 3095 3103 eorum
3121 3040 3181 3087 ut
3206 3047 3405 3087 cancer
3426 3046 3543 3086 ser-

1989 3127 2028 3180 it
2052 3141 2067 3179 :
2092 3135 2434 3196 errantes,et
2458 3127 2515 3182 in
2543 3142 2787 3199 errorem
2808 3128 3103 3183 mittentes.
3140 3126 3294 3182 Unde
3316 3125 3546 3196 Aposto—

1989 3141 2028 3180 ιι
2052 3141 2067 3179 :
2092 3141 2362 3196 errantes,
2377 3141 2434 3182 et
2458 3143 2515 3182 tn
2543 3142 2787 3199 errorem
2808 3141 3103 3183 mittentes.
3144 3141 3294 3182 unde
3316 3141 3540 3196 Aposw-

1947 3141 2035 3273 fus
2049 3215 2205 3286 jubet
2226 3218 2418 3273 stultas
2429 3226 2483 3273 et
2497 3219 2615 3274 sine
2627 3218 2911 3290 disciplina
2927 3217 3254 3291 quaestiones
3270 3214 3540 3279 devitarc;

1945 3308 2199 3379 similiter
2224 3318 2280 3375 et
2307 3308 2537 3395 profana
2556 3318 2612 3371 et
2634 3310 2989 3382 inaniloquia,
3016 3324 3136 3387 qua;
3162 3308 3395 3377 multum
3420 3321 3548 3378 pro-

1945 3403 2133 3469 ﬁciant
2158 3401 2227 3469 ad
2252 3402 2617 3479 impietatem;
2648 3412 2704 3458 et
2732 3400 2855 3455 Tito
2884 3400 3122 3471 scripsit,
3146 3408 3205 3473 ut
3232 3399 3547 3471 haereticum

1946 3496 2227 3563 hominem
2256 3503 2383 3579 post,
2418 3510 2582 3567 unum,
2611 3502 2667 3555 et
2696 3491 2990 3553 secundam
3028 3492 3425 3562 correptionem
3454 3491 3547 3561 de-

1946 3590 2165 3656 vitaret,
2194 3589 2377 3659 sciens
2395 3589 2526 3669 quia
2557 3588 2853 3655 subversus
2882 3594 2988 3663 est,
3011 3586 3107 3657 qui
3134 3583 3398 3655 eiusmodi
3426 3591 3542 3653 est,

1946 3690 2003 3743 et
2035 3681 2265 3759 deliquit
2314 3682 2539 3759 propria
2571 3680 2783 3761 judicio,
2833 3681 3229 3745 condemnatus
3276 3676 3402 3751 (Tit.
3438 3674 3544 3749 ιιι).

1943 3776 2052 3847 iste
2083 3776 2231 3847 enim
2257 3778 2322 3839 de
2353 3775 2614 3851 progenie
2638 3782 2826 3835 nostra
2864 3774 3009 3841 male
3043 3773 3305 3844 loquitur,
3329 3771 3548 3843 quando

1942 3869 2289 3939 biasphemat
2331 3867 2703 3933 Christianam
2760 3866 3078 3939 religionem
3122 3873 3179 3919 et
3219 3863 3546 3933 catholicam

1944 3963 2142 4033 iidem;
2176 3964 2272 4033 sed
2305 3962 2436 4023 solis
2470 3961 2806 4035 blasphemis
2840 3978 2938 4030 sua
2982 3969 3146 4025 necet
3185 3958 3543 4028 blasphemia,

1945 4061 2074 4131 quia
2113 4059 2297 4125 omnia
2350 4058 2551 4121 munda
2593 4055 2833 4125 mundis,
2860 4053 3228 4133 coinquinatis
3272 4059 3455 4117 autem
3494 4056 3550 4107 et

1946 4152 2257 4213 inﬁdelibus
2303 4150 2440 4206 nihil
2493 4150 2775 4215 mundum,
2845 4146 3189 4215 Confitentur.
3227 4144 3449 4223 quidem
3489 4158 3549 4201 se

1946 4259 2109 4303 nosse
2133 4244 2327 4307 Deum,
2344 4242 2504 4311 factis
2524 4248 2705 4303 autem
2728 4248 2952 4307 negant,
2968 4253 3093 4307 cunt
3115 4238 3225 4301 sint
3248 4233 3548 4303 abominati

1945 4346 2003 4399 et
2027 4335 2396 4400 incredibiles,
2418 4342 2476 4397 et
2502 4333 2572 4399 ad
2593 4347 2753 4395 omne
2776 4346 2912 4403 opus
2934 4330 3137 4401 bonum
3165 4327 3402 4405 reprobi.

2023 4447 2042 4483 ι
2078 4426 2159 4484 Ne
2177 4423 2445 4495 deSpicias
2474 4421 2752 4491 hominem
2780 4426 3117 4487 avertentem
3144 4432 3202 4475 se
3228 4432 3260 4483 a
3296 4424 3545 4494 peccato,

1952 4541 1971 4577 ι
2011 4533 2188 4587 neque
2230 4518 2568 4584 impmpcres
2606 4512 2693 4577 ei;
2722 4518 2996 4569 memento
3043 4508 3302 4583 quoniam
3357 4522 3547 4564 omnes
3590 4514 3605 4600 ξ

1955 4629 1974 4664 ι
2012 4610 2069 4665 in
2096 4605 2441 4677 correptione
2468 4618 2675 4669 sumus.
2721 4623 2741 4663 ι
2780 4601 2950 4673 Magis
2978 4601 3239 4661 condecet
3277 4599 3546 4656 Christia—
3587 4602 3607 4621 ί

1956 4719 2086 4763 num
2132 4700 2370 4771 compati
2425 4698 2674 4770 proximo
2693 4737 2710 4765 ,
2741 4711 2908 4768 quam
2956 4696 3325 4771 improperare
3372 4694 3548 4771 lapso,

1955 4798 2082 4866 quia
2127 4795 2397 4851 incertum
2443 4800 2529 4853 est
2575 4791 2717 4861 apud
2774 4804 3215 4861 unumquemque
3270 4789 3337 4857 ad
3387 4802 3550 4858 quem

1956 4889 2121 4943 ﬁnem
2150 4886 2414 4956 perducat
2465 4892 2619 4943 actus
2672 4897 2831 4948 suos,
2862 4896 2965 4949 nec
3010 4881 3151 4935 scire
3190 4878 3391 4950 poterit
3421 4876 3551 4947 quid

1958 4980 2062 5036 sibi
2118 4986 2348 5033 ventura
2392 4976 2569 5047 pariet
2625 4975 2757 5037 dies.
2816 4972 2968 5039 Unde
3012 4972 3212 5033 Paulus
3249 4977 3549 5039 praemonet

1958 5071 2193 5126 dicens:
2229 5086 2248 5125 ι
2281 5067 2469 5138 Itaque
2516 5066 2608 5136 qui
2636 5081 2695 5123 se
2743 5064 3019 5131 existimat
3063 5069 3230 5137 stare,
3274 5060 3455 5129 videat,
3480 5074 3546 5119 ne

1956 5161 2117 5219 cadat
2150 5159 2204 5233 (1
2232 5157 2358 5215 Cor.
2384 5158 2520 5231 x).'.t
2572 5159 2641 5221 Et
2678 5158 2848 5217 item:
2895 5172 2913 5205 ι
2951 5152 3030 5219 Tu
3083 5162 3302 5227 autem,
3346 5150 3546 5225 inquit,

1955 5255 2090 5326 quid
2133 5251 2347 5322 iudicas
2386 5251 2613 5323 fratrem
2662 5247 2966 5317 tuumiaut
3018 5252 3076 5309 tu
3119 5258 3290 5317 quare
3336 5242 3549 5319 spernis

1955 5346 2182 5404 fratrem
2209 5347 2396 5402 tuum?
2435 5343 2638 5407 Omnes
2665 5342 2811 5403 enim
2848 5338 3113 5401 stabimus
3150 5344 3278 5409 ante
3314 5335 3551 5405 tribunal

1953 5441 2164 5498 ﬂbristi
2202 5439 2384 5513 (Rom.
2423 5438 2560 5510 xw).
2599 5456 2617 5495 ι
2664 5434 2849 5503 Itaque
2884 5432 3258 5502 unusquisque
3298 5437 3562 5500 nostrum.

1956 5550 2059 5598 pro
2088 5548 2149 5589 se
2167 5533 2437 5589 rationem
2466 5530 2656 5588 reddet
2675 5529 2805 5585 Deo.
2846 5525 2985 5582 llinc
3004 5533 3089 5583 est
3117 5523 3261 5595 quod
3288 5521 3549 5593 Dominus

1958 5628 2157 5698 legitur
2187 5627 2243 5681 in
2283 5622 2576 5695 Evangelia
2602 5621 2919 5692 publicanos
2962 5627 3019 5676 et
3055 5626 3373 5688 peccatores
3400 5627 3549 5685 rece-

1958 5720 2129 5790 pisse,
2158 5724 2215 5772 et
2240 5714 2598 5772 manducasse
2642 5728 2764 5771 cum
2795 5711 2937 5777 illis;
2970 5720 3026 5779 et
3051 5710 3334 5783 mulierem
3375 5718 3549 5777 mere-

1960 5814 2154 5869 tricem
2182 5825 2306 5867 cum
2331 5807 2587 5878 lacrymis
2611 5807 2780 5877 pedes
2806 5805 2924 5876 eius
2951 5805 3219 5876 rigentem
3248 5818 3277 5857 a
3307 5797 3549 5871 peccatis

1958 5905 2263 5964 absolvisse
2293 5920 2305 5956 :
2334 5900 2427 5969 qui
2446 5908 2504 5956 et
2525 5898 2814 5957 Pharisreis
2829 5895 3293 5959 nturtnurautibus
3321 5904 3547 5962 respuu-
