  <div class='ocr_page' id='page_1' title='image "/cluster/home/n/w/nwhite01/storage/ocr_20150623/109/hvd.32044015466857/411.png"; bbox 0 0 4030 6478; ppageno 0'>
   <div class='ocr_carea' id='block_1_1' title="bbox 510 481 620 545">
    <p class='ocr_par' dir='ltr' id='par_1_1' title="bbox 510 481 620 545">
     <span class='ocr_line' id='line_1_1' title="bbox 510 481 620 545; baseline -0.055 0"><span class='ocrx_word' id='word_1_1' title='bbox 510 481 620 545; x_wconf 75' lang='grc'><strong>815</strong></span> 
     </span>
    </p>
   </div>
   <div class='ocr_carea' id='block_1_2' title="bbox 1146 458 3073 554">
    <p class='ocr_par' dir='ltr' id='par_1_2' title="bbox 1146 458 3073 554">
     <span class='ocr_line' id='line_1_2' title="bbox 1146 458 3073 554; baseline -0.011 -21"><span class='ocrx_word' id='word_1_2' title='bbox 1146 479 1208 533; x_wconf 90' lang='grc' dir='ltr'><strong>Β.</strong></span> <span class='ocrx_word' id='word_1_3' title='bbox 1247 477 1499 532; x_wconf 82' lang='lat' dir='ltr'><strong>RABANI</strong></span> <span class='ocrx_word' id='word_1_4' title='bbox 1535 472 1756 530; x_wconf 85' lang='lat' dir='ltr'><strong>MAURI</strong></span> <span class='ocrx_word' id='word_1_5' title='bbox 1791 468 2109 527; x_wconf 80' lang='lat' dir='ltr'><strong>ARCHIEP.</strong></span> <span class='ocrx_word' id='word_1_6' title='bbox 2150 467 2458 554; x_wconf 77' lang='lat' dir='ltr'><strong>MQGUNT.</strong></span> <span class='ocrx_word' id='word_1_7' title='bbox 2496 463 2780 526; x_wconf 80' lang='lat' dir='ltr'><strong>OPERUM</strong></span> <span class='ocrx_word' id='word_1_8' title='bbox 2813 459 2994 519; x_wconf 81' lang='lat' dir='ltr'><strong>PARS</strong></span> <span class='ocrx_word' id='word_1_9' title='bbox 3030 458 3073 512; x_wconf 85' lang='grc' dir='ltr'><strong>Ι.</strong></span> 
     </span>
    </p>
   </div>
   <div class='ocr_carea' id='block_1_3' title="bbox 3654 447 3768 507">
    <p class='ocr_par' dir='ltr' id='par_1_3' title="bbox 3654 447 3768 507">
     <span class='ocr_line' id='line_1_3' title="bbox 3654 447 3768 507; baseline 0.018 -3"><span class='ocrx_word' id='word_1_10' title='bbox 3654 447 3768 507; x_wconf 77' lang='grc'><strong>816</strong></span> 
     </span>
    </p>
   </div>
   <div class='ocr_carea' id='block_1_4' title="bbox 506 569 3771 657">
    <p class='ocr_par' dir='ltr' id='par_1_4' title="bbox 506 569 3771 657">
     <span class='ocr_line' id='line_1_4' title="bbox 506 569 3771 657; baseline -0.01 -3"><span class='ocrx_word' id='word_1_11' title='bbox 506 599 584 654; x_wconf 87' lang='lat' dir='ltr'><strong>dit</strong></span> <span class='ocrx_word' id='word_1_12' title='bbox 612 613 625 650; x_wconf 92' lang='lat'>:</span> <span class='ocrx_word' id='word_1_13' title='bbox 661 612 680 645; x_wconf 71' lang='grc' dir='ltr'><strong>ι</strong></span> <span class='ocrx_word' id='word_1_14' title='bbox 710 593 912 648; x_wconf 88' lang='lat' dir='ltr'><strong>Euntes</strong></span> <span class='ocrx_word' id='word_1_15' title='bbox 953 589 1142 645; x_wconf 79' lang='lat' dir='ltr'><strong>discite</strong></span> <span class='ocrx_word' id='word_1_16' title='bbox 1171 589 1298 657; x_wconf 88' lang='lat' dir='ltr'><strong>quid</strong></span> <span class='ocrx_word' id='word_1_17' title='bbox 1347 589 1439 652; x_wconf 89' lang='lat' dir='ltr'><strong>sit,</strong></span> <span class='ocrx_word' id='word_1_18' title='bbox 1483 583 1904 641; x_wconf 87' lang='lat' dir='ltr'><strong>Misericordiam</strong></span> <span class='ocrx_word' id='word_1_19' title='bbox 1952 583 2075 639; x_wconf 86' lang='lat' dir='ltr'><strong>volo</strong></span> <span class='ocrx_word' id='word_1_20' title='bbox 2102 589 2155 649; x_wconf 85' lang='grc' dir='ltr'><strong>Α</strong></span> <span class='ocrx_word' id='word_1_21' title='bbox 2179 594 2235 639; x_wconf 90' lang='lat' dir='ltr'><strong>et</strong></span> <span class='ocrx_word' id='word_1_22' title='bbox 2268 583 2527 639; x_wconf 70' lang='lat' dir='ltr'><strong>doctrinae</strong></span> <span class='ocrx_word' id='word_1_23' title='bbox 2561 601 2576 637; x_wconf 89' lang='lat'><strong>:</strong></span> <span class='ocrx_word' id='word_1_24' title='bbox 2603 583 2744 637; x_wconf 90' lang='lat' dir='ltr'><strong>insta</strong></span> <span class='ocrx_word' id='word_1_25' title='bbox 2771 581 2824 634; x_wconf 91' lang='lat' dir='ltr'><strong>in</strong></span> <span class='ocrx_word' id='word_1_26' title='bbox 2861 578 2986 633; x_wconf 88' lang='lat' dir='ltr'><strong>illis.</strong></span> <span class='ocrx_word' id='word_1_27' title='bbox 3013 574 3125 628; x_wconf 84' lang='lat' dir='ltr'><strong>Hoc</strong></span> <span class='ocrx_word' id='word_1_28' title='bbox 3149 571 3294 626; x_wconf 89' lang='lat' dir='ltr'><strong>enim</strong></span> <span class='ocrx_word' id='word_1_29' title='bbox 3334 569 3565 633; x_wconf 81' lang='lat' dir='ltr'><strong>faciens,</strong></span> <span class='ocrx_word' id='word_1_30' title='bbox 3590 578 3651 624; x_wconf 87' lang='lat' dir='ltr'><strong>et</strong></span> <span class='ocrx_word' id='word_1_31' title='bbox 3681 578 3771 622; x_wconf 82' lang='lat' dir='ltr'><strong>te-</strong></span> 
     </span>
    </p>
   </div>
   <div class='ocr_carea' id='block_1_5' title="bbox 505 672 2074 742">
    <p class='ocr_par' dir='ltr' id='par_1_5' title="bbox 505 672 2074 742">
     <span class='ocr_line' id='line_1_5' title="bbox 505 672 2074 742; baseline -0.01 0"><span class='ocrx_word' id='word_1_32' title='bbox 505 696 560 742; x_wconf 90' lang='lat' dir='ltr'><strong>et</strong></span> <span class='ocrx_word' id='word_1_33' title='bbox 595 701 702 740; x_wconf 90' lang='lat' dir='ltr'><strong>non</strong></span> <span class='ocrx_word' id='word_1_34' title='bbox 747 681 1113 739; x_wconf 75' lang='lat' dir='ltr'><strong>sacrificium:</strong></span> <span class='ocrx_word' id='word_1_35' title='bbox 1161 694 1268 733; x_wconf 91' lang='lat' dir='ltr'><strong>non</strong></span> <span class='ocrx_word' id='word_1_36' title='bbox 1297 679 1441 732; x_wconf 86' lang='lat' dir='ltr'><strong>enim</strong></span> <span class='ocrx_word' id='word_1_37' title='bbox 1489 677 1611 731; x_wconf 86' lang='lat' dir='ltr'><strong>veni</strong></span> <span class='ocrx_word' id='word_1_38' title='bbox 1642 689 1837 730; x_wconf 87' lang='lat' dir='ltr'><strong>vocare</strong></span> <span class='ocrx_word' id='word_1_39' title='bbox 1879 672 2074 740; x_wconf 89' lang='lat' dir='ltr'><strong>justos,</strong></span> 
     </span>
    </p>
   </div>
   <div class='ocr_carea' id='block_1_6' title="bbox 504 763 2078 844">
    <p class='ocr_par' dir='ltr' id='par_1_6' title="bbox 504 763 2078 844">
     <span class='ocr_line' id='line_1_6' title="bbox 504 763 2078 844; baseline -0.009 -14"><span class='ocrx_word' id='word_1_40' title='bbox 504 775 598 831; x_wconf 90' lang='lat' dir='ltr'><strong>sed</strong></span> <span class='ocrx_word' id='word_1_41' title='bbox 644 781 954 844; x_wconf 87' lang='lat' dir='ltr'><strong>peccatores</strong></span> <span class='ocrx_word' id='word_1_42' title='bbox 984 768 1197 840; x_wconf 82' lang='lat' dir='ltr'><strong>(Matth.</strong></span> <span class='ocrx_word' id='word_1_43' title='bbox 1233 768 1331 837; x_wconf 73' lang='grc' dir='ltr'><strong>ιχ).</strong></span> <span class='ocrx_word' id='word_1_44' title='bbox 1367 787 1386 819; x_wconf 85' lang='grc'><strong>›</strong></span> <span class='ocrx_word' id='word_1_45' title='bbox 1422 767 1490 822; x_wconf 85' lang='grc' dir='ltr'><strong>Ει</strong></span> <span class='ocrx_word' id='word_1_46' title='bbox 1531 766 1694 821; x_wconf 88' lang='lat' dir='ltr'><strong>alibi:</strong></span> <span class='ocrx_word' id='word_1_47' title='bbox 1751 783 1772 816; x_wconf 88' lang='grc'><em>‹</em></span> <span class='ocrx_word' id='word_1_48' title='bbox 1813 763 2078 820; x_wconf 85' lang='lat' dir='ltr'><strong>Gaudium</strong></span> 
     </span>
    </p>
   </div>
   <div class='ocr_carea' id='block_1_7' title="bbox 504 859 2081 936">
    <p class='ocr_par' dir='ltr' id='par_1_7' title="bbox 504 859 2081 936">
     <span class='ocr_line' id='line_1_7' title="bbox 504 859 2081 936; baseline -0.005 -17"><span class='ocrx_word' id='word_1_49' title='bbox 504 877 607 931; x_wconf 85' lang='lat' dir='ltr'><strong>est,</strong></span> <span class='ocrx_word' id='word_1_50' title='bbox 636 867 830 936; x_wconf 93' lang='lat' dir='ltr'><strong>inquit,</strong></span> <span class='ocrx_word' id='word_1_51' title='bbox 871 865 928 919; x_wconf 92' lang='lat' dir='ltr'><strong>in</strong></span> <span class='ocrx_word' id='word_1_52' title='bbox 965 863 1118 918; x_wconf 65' lang='lat' dir='ltr'><strong>caalis</strong></span> <span class='ocrx_word' id='word_1_53' title='bbox 1147 877 1310 931; x_wconf 92' lang='lat' dir='ltr'><strong>super</strong></span> <span class='ocrx_word' id='word_1_54' title='bbox 1335 876 1443 915; x_wconf 88' lang='lat' dir='ltr'><strong>uno</strong></span> <span class='ocrx_word' id='word_1_55' title='bbox 1481 868 1766 931; x_wconf 81' lang='lat' dir='ltr'><strong>peccatore</strong></span> <span class='ocrx_word' id='word_1_56' title='bbox 1809 859 2081 929; x_wconf 86' lang='lat' dir='ltr'><strong>poeniten-</strong></span> 
     </span>
    </p>
   </div>
   <div class='ocr_carea' id='block_1_8' title="bbox 505 945 2078 1023">
    <p class='ocr_par' dir='ltr' id='par_1_8' title="bbox 505 945 2078 1023">
     <span class='ocr_line' id='line_1_8' title="bbox 505 945 2078 1023; baseline -0.005 -15"><span class='ocrx_word' id='word_1_57' title='bbox 505 956 640 1010; x_wconf 90' lang='lat' dir='ltr'><strong>tiam</strong></span> <span class='ocrx_word' id='word_1_58' title='bbox 678 962 887 1023; x_wconf 79' lang='lat' dir='ltr'><strong>agente,</strong></span> <span class='ocrx_word' id='word_1_59' title='bbox 926 967 1091 1021; x_wconf 91' lang='lat' dir='ltr'><strong>quam</strong></span> <span class='ocrx_word' id='word_1_60' title='bbox 1129 965 1290 1019; x_wconf 84' lang='lat' dir='ltr'><strong>super</strong></span> <span class='ocrx_word' id='word_1_61' title='bbox 1335 949 1625 1020; x_wconf 82' lang='lat' dir='ltr'><strong>nonaginta</strong></span> <span class='ocrx_word' id='word_1_62' title='bbox 1653 963 1845 1002; x_wconf 87' lang='lat' dir='ltr'><strong>novem</strong></span> <span class='ocrx_word' id='word_1_63' title='bbox 1884 945 2078 1015; x_wconf 85' lang='lat' dir='ltr'><strong>justos,</strong></span> 
     </span>
    </p>
   </div>
   <div class='ocr_carea' id='block_1_9' title="bbox 504 1040 1720 1117">
    <p class='ocr_par' dir='ltr' id='par_1_9' title="bbox 504 1040 1720 1117">
     <span class='ocr_line' id='line_1_9' title="bbox 504 1040 1720 1117; baseline -0.007 -17"><span class='ocrx_word' id='word_1_64' title='bbox 504 1048 594 1117; x_wconf 85' lang='lat' dir='ltr'><strong>qui</strong></span> <span class='ocrx_word' id='word_1_65' title='bbox 621 1063 726 1101; x_wconf 89' lang='lat' dir='ltr'><strong>non</strong></span> <span class='ocrx_word' id='word_1_66' title='bbox 749 1046 988 1115; x_wconf 80' lang='lat' dir='ltr'><strong>indigent</strong></span> <span class='ocrx_word' id='word_1_67' title='bbox 1011 1043 1331 1113; x_wconf 75' lang='lat' dir='ltr'><strong>ptenitentia</strong></span> <span class='ocrx_word' id='word_1_68' title='bbox 1359 1042 1513 1113; x_wconf 85' lang='lat' dir='ltr'><strong>(Luc.</strong></span> <span class='ocrx_word' id='word_1_69' title='bbox 1544 1040 1658 1113; x_wconf 79' lang='lat' dir='ltr'><strong>xv).</strong></span> <span class='ocrx_word' id='word_1_70' title='bbox 1702 1060 1720 1092; x_wconf 85' lang='grc'><strong>›</strong></span> 
     </span>
    </p>
   </div>
   <div class='ocr_carea' id='block_1_10' title="bbox 581 1133 2083 1207">
    <p class='ocr_par' dir='ltr' id='par_1_10' title="bbox 581 1133 2083 1207">
     <span class='ocr_line' id='line_1_10' title="bbox 581 1133 2083 1207; baseline -0.004 -19"><span class='ocrx_word' id='word_1_71' title='bbox 581 1157 598 1188; x_wconf 75' lang='grc' dir='ltr'><strong>ι</strong></span> <span class='ocrx_word' id='word_1_72' title='bbox 632 1138 710 1192; x_wconf 87' lang='lat' dir='ltr'><strong>Ne</strong></span> <span class='ocrx_word' id='word_1_73' title='bbox 730 1152 955 1207; x_wconf 88' lang='lat' dir='ltr'><strong>spernas</strong></span> <span class='ocrx_word' id='word_1_74' title='bbox 981 1135 1255 1190; x_wconf 88' lang='lat' dir='ltr'><strong>hominem</strong></span> <span class='ocrx_word' id='word_1_75' title='bbox 1287 1135 1342 1188; x_wconf 90' lang='lat' dir='ltr'><strong>in</strong></span> <span class='ocrx_word' id='word_1_76' title='bbox 1371 1150 1468 1188; x_wconf 87' lang='lat' dir='ltr'><strong>sua</strong></span> <span class='ocrx_word' id='word_1_77' title='bbox 1498 1141 1717 1188; x_wconf 90' lang='lat' dir='ltr'><strong>senecta</strong></span> <span class='ocrx_word' id='word_1_78' title='bbox 1743 1150 1756 1184; x_wconf 88' lang='lat'>:</span> <span class='ocrx_word' id='word_1_79' title='bbox 1794 1133 1994 1186; x_wconf 89' lang='lat' dir='ltr'><strong>etenim</strong></span> <span class='ocrx_word' id='word_1_80' title='bbox 2015 1145 2083 1184; x_wconf 80' lang='lat' dir='ltr'><strong>ex</strong></span> 
     </span>
    </p>
   </div>
   <div class='ocr_carea' id='block_1_11' title="bbox 504 1222 2078 1286">
    <p class='ocr_par' dir='ltr' id='par_1_11' title="bbox 504 1222 2078 1286">
     <span class='ocr_line' id='line_1_11' title="bbox 504 1222 2078 1286; baseline -0.006 -2"><span class='ocrx_word' id='word_1_81' title='bbox 504 1230 662 1286; x_wconf 87' lang='lat' dir='ltr'><strong>nobis</strong></span> <span class='ocrx_word' id='word_1_82' title='bbox 689 1236 998 1284; x_wconf 88' lang='lat' dir='ltr'><strong>senescunt.</strong></span> <span class='ocrx_word' id='word_1_83' title='bbox 1031 1246 1049 1278; x_wconf 86' lang='grc'><strong>›</strong></span> <span class='ocrx_word' id='word_1_84' title='bbox 1084 1225 1198 1281; x_wconf 89' lang='lat' dir='ltr'><strong>Hoc</strong></span> <span class='ocrx_word' id='word_1_85' title='bbox 1217 1225 1567 1280; x_wconf 88' lang='lat' dir='ltr'><strong>considerans</strong></span> <span class='ocrx_word' id='word_1_86' title='bbox 1595 1223 1951 1278; x_wconf 83' lang='lat' dir='ltr'><strong>Ecclesiastes</strong></span> <span class='ocrx_word' id='word_1_87' title='bbox 1973 1222 2078 1275; x_wconf 90' lang='lat' dir='ltr'><strong>ait:</strong></span> 
     </span>
    </p>
   </div>
   <div class='ocr_carea' id='block_1_12' title="bbox 509 1309 2076 1382">
    <p class='ocr_par' dir='ltr' id='par_1_12' title="bbox 509 1309 2076 1382">
     <span class='ocr_line' id='line_1_12' title="bbox 509 1309 2076 1382; baseline -0.008 -11"><span class='ocrx_word' id='word_1_88' title='bbox 509 1341 528 1371; x_wconf 74' lang='grc' dir='ltr'><strong>ι</strong></span> <span class='ocrx_word' id='word_1_89' title='bbox 570 1319 791 1374; x_wconf 83' lang='lat' dir='ltr'><strong>Vanitas</strong></span> <span class='ocrx_word' id='word_1_90' title='bbox 815 1317 1117 1372; x_wconf 88' lang='lat' dir='ltr'><strong>vanitatum</strong></span> <span class='ocrx_word' id='word_1_91' title='bbox 1157 1324 1212 1369; x_wconf 90' lang='lat' dir='ltr'><strong>et</strong></span> <span class='ocrx_word' id='word_1_92' title='bbox 1241 1315 1422 1370; x_wconf 87' lang='lat' dir='ltr'><strong>omnia</strong></span> <span class='ocrx_word' id='word_1_93' title='bbox 1463 1312 1678 1366; x_wconf 82' lang='lat' dir='ltr'><strong>vanitas</strong></span> <span class='ocrx_word' id='word_1_94' title='bbox 1707 1310 1934 1382; x_wconf 84' lang='lat' dir='ltr'><strong>(Eccles.</strong></span> <span class='ocrx_word' id='word_1_95' title='bbox 1959 1309 2020 1377; x_wconf 84' lang='lat'><strong>1).</strong></span> <span class='ocrx_word' id='word_1_96' title='bbox 2058 1326 2076 1358; x_wconf 85' lang='grc'><strong>›</strong></span> 
     </span>
    </p>
   </div>
   <div class='ocr_carea' id='block_1_13' title="bbox 499 1404 2084 1480">
    <p class='ocr_par' dir='ltr' id='par_1_13' title="bbox 499 1404 2084 1480">
     <span class='ocr_line' id='line_1_13' title="bbox 499 1404 2084 1480; baseline -0.009 -10"><span class='ocrx_word' id='word_1_97' title='bbox 499 1415 571 1469; x_wconf 89' lang='lat' dir='ltr'><strong>Et</strong></span> <span class='ocrx_word' id='word_1_98' title='bbox 594 1415 722 1469; x_wconf 83' lang='lat' dir='ltr'><strong>item</strong></span> <span class='ocrx_word' id='word_1_99' title='bbox 755 1412 947 1477; x_wconf 79' lang='lat' dir='ltr'><strong>:Vidi,</strong></span> <span class='ocrx_word' id='word_1_100' title='bbox 980 1411 1190 1480; x_wconf 89' lang='lat' dir='ltr'><strong>inquit,</strong></span> <span class='ocrx_word' id='word_1_101' title='bbox 1225 1424 1343 1479; x_wconf 77' lang='lat' dir='ltr'><strong>quae</strong></span> <span class='ocrx_word' id='word_1_102' title='bbox 1384 1407 1521 1462; x_wconf 88' lang='lat' dir='ltr'><strong>fiunt</strong></span> <span class='ocrx_word' id='word_1_103' title='bbox 1559 1406 1658 1461; x_wconf 88' lang='lat' dir='ltr'><strong>sub</strong></span> <span class='ocrx_word' id='word_1_104' title='bbox 1704 1404 1817 1459; x_wconf 90' lang='lat' dir='ltr'><strong>sole</strong></span> <span class='ocrx_word' id='word_1_105' title='bbox 1843 1422 1855 1457; x_wconf 90' lang='lat'><strong>:</strong></span> <span class='ocrx_word' id='word_1_106' title='bbox 1882 1410 1937 1457; x_wconf 91' lang='lat' dir='ltr'><strong>et</strong></span> <span class='ocrx_word' id='word_1_107' title='bbox 1958 1417 2084 1456; x_wconf 90' lang='lat' dir='ltr'><strong>ecce</strong></span> 
     </span>
    </p>
   </div>
   <div class='ocr_carea' id='block_1_14' title="bbox 501 1495 2085 1570">
    <p class='ocr_par' dir='ltr' id='par_1_14' title="bbox 501 1495 2085 1570">
     <span class='ocr_line' id='line_1_14' title="bbox 501 1495 2085 1570; baseline -0.009 -9"><span class='ocrx_word' id='word_1_108' title='bbox 501 1507 756 1561; x_wconf 87' lang='lat' dir='ltr'><strong>universa</strong></span> <span class='ocrx_word' id='word_1_109' title='bbox 804 1503 1017 1558; x_wconf 83' lang='lat' dir='ltr'><strong>vanitas</strong></span> <span class='ocrx_word' id='word_1_110' title='bbox 1067 1511 1122 1556; x_wconf 90' lang='lat' dir='ltr'><strong>et</strong></span> <span class='ocrx_word' id='word_1_111' title='bbox 1173 1501 1389 1555; x_wconf 84' lang='lat' dir='ltr'><strong>afllictio</strong></span> <span class='ocrx_word' id='word_1_112' title='bbox 1419 1499 1638 1570; x_wconf 88' lang='lat' dir='ltr'><strong>spiritus</strong></span> <span class='ocrx_word' id='word_1_113' title='bbox 1689 1495 1903 1568; x_wconf 75' lang='lat' dir='ltr'><strong>(Ibid.).</strong></span> <span class='ocrx_word' id='word_1_114' title='bbox 1951 1515 1970 1547; x_wconf 72' lang='grc' dir='ltr'><strong>ι</strong></span> <span class='ocrx_word' id='word_1_115' title='bbox 2017 1495 2085 1548; x_wconf 88' lang='lat' dir='ltr'><strong>Et</strong></span> 
     </span>
    </p>
   </div>
   <div class='ocr_carea' id='block_1_15' title="bbox 498 1587 2086 1667">
    <p class='ocr_par' dir='ltr' id='par_1_15' title="bbox 498 1587 2086 1667">
     <span class='ocr_line' id='line_1_15' title="bbox 498 1587 2086 1667; baseline -0.009 -15"><span class='ocrx_word' id='word_1_116' title='bbox 498 1605 624 1667; x_wconf 88' lang='lat' dir='ltr'><strong>post</strong></span> <span class='ocrx_word' id='word_1_117' title='bbox 674 1596 949 1666; x_wconf 89' lang='lat' dir='ltr'><strong>aliquanta</strong></span> <span class='ocrx_word' id='word_1_118' title='bbox 985 1612 999 1648; x_wconf 91' lang='lat'><strong>:</strong></span> <span class='ocrx_word' id='word_1_119' title='bbox 1038 1612 1057 1644; x_wconf 76' lang='grc' dir='ltr'><strong>ι</strong></span> <span class='ocrx_word' id='word_1_120' title='bbox 1094 1591 1313 1657; x_wconf 87' lang='lat' dir='ltr'><strong>Omnia,</strong></span> <span class='ocrx_word' id='word_1_121' title='bbox 1358 1591 1454 1656; x_wconf 89' lang='lat' dir='ltr'><strong>ait,</strong></span> <span class='ocrx_word' id='word_1_122' title='bbox 1502 1597 1716 1659; x_wconf 86' lang='lat' dir='ltr'><strong>tempus</strong></span> <span class='ocrx_word' id='word_1_123' title='bbox 1754 1587 1975 1650; x_wconf 87' lang='lat' dir='ltr'><strong>habent,</strong></span> <span class='ocrx_word' id='word_1_124' title='bbox 2030 1593 2086 1639; x_wconf 93' lang='lat' dir='ltr'><strong>et</strong></span> 
     </span>
    </p>
   </div>
   <div class='ocr_carea' id='block_1_16' title="bbox 501 1678 2084 1759">
    <p class='ocr_par' dir='ltr' id='par_1_16' title="bbox 501 1678 2084 1759">
     <span class='ocr_line' id='line_1_16' title="bbox 501 1678 2084 1759; baseline -0.007 -14"><span class='ocrx_word' id='word_1_125' title='bbox 501 1691 615 1745; x_wconf 87' lang='lat' dir='ltr'><strong>suis</strong></span> <span class='ocrx_word' id='word_1_126' title='bbox 672 1689 862 1759; x_wconf 87' lang='lat' dir='ltr'><strong>spatiis</strong></span> <span class='ocrx_word' id='word_1_127' title='bbox 915 1693 1200 1740; x_wconf 89' lang='lat' dir='ltr'><strong>transeunt</strong></span> <span class='ocrx_word' id='word_1_128' title='bbox 1254 1683 1505 1737; x_wconf 89' lang='lat' dir='ltr'><strong>universa</strong></span> <span class='ocrx_word' id='word_1_129' title='bbox 1561 1683 1659 1737; x_wconf 90' lang='lat' dir='ltr'><strong>sub</strong></span> <span class='ocrx_word' id='word_1_130' title='bbox 1707 1681 1863 1736; x_wconf 86' lang='lat' dir='ltr'><strong>coelo.</strong></span> <span class='ocrx_word' id='word_1_131' title='bbox 1897 1701 1914 1731; x_wconf 74' lang='grc' dir='ltr'><strong>ι</strong></span> <span class='ocrx_word' id='word_1_132' title='bbox 1947 1678 2084 1734; x_wconf 82' lang='lat' dir='ltr'><strong>Hinc</strong></span> 
     </span>
    </p>
   </div>
   <div class='ocr_carea' id='block_1_17' title="bbox 497 1771 2081 1848">
    <p class='ocr_par' dir='ltr' id='par_1_17' title="bbox 497 1771 2081 1848">
     <span class='ocr_line' id='line_1_17' title="bbox 497 1771 2081 1848; baseline -0.008 -12"><span class='ocrx_word' id='word_1_133' title='bbox 497 1782 690 1836; x_wconf 88' lang='lat' dir='ltr'><strong>beatus</strong></span> <span class='ocrx_word' id='word_1_134' title='bbox 712 1787 921 1848; x_wconf 88' lang='lat' dir='ltr'><strong>martyr</strong></span> <span class='ocrx_word' id='word_1_135' title='bbox 960 1776 1260 1847; x_wconf 87' lang='lat' dir='ltr'><strong>Cyprianus</strong></span> <span class='ocrx_word' id='word_1_136' title='bbox 1305 1774 1360 1828; x_wconf 91' lang='lat' dir='ltr'><strong>in</strong></span> <span class='ocrx_word' id='word_1_137' title='bbox 1390 1773 1527 1827; x_wconf 88' lang='lat' dir='ltr'><strong>libro</strong></span> <span class='ocrx_word' id='word_1_138' title='bbox 1570 1772 1639 1826; x_wconf 91' lang='lat' dir='ltr'><strong>ad</strong></span> <span class='ocrx_word' id='word_1_139' title='bbox 1675 1771 2081 1826; x_wconf 87' lang='lat' dir='ltr'><strong>Demetrianum</strong></span> 
     </span>
    </p>
   </div>
   <div class='ocr_carea' id='block_1_18' title="bbox 2178 656 3770 746">
    <p class='ocr_par' dir='ltr' id='par_1_18' title="bbox 2178 656 3770 746">
     <span class='ocr_line' id='line_1_18' title="bbox 2178 656 3770 746; baseline -0.011 -15"><span class='ocrx_word' id='word_1_140' title='bbox 2178 677 2467 746; x_wconf 90' lang='lat' dir='ltr'><strong>metipsum</strong></span> <span class='ocrx_word' id='word_1_141' title='bbox 2516 673 2725 729; x_wconf 88' lang='lat' dir='ltr'><strong>salvum</strong></span> <span class='ocrx_word' id='word_1_142' title='bbox 2753 670 2941 733; x_wconf 85' lang='lat' dir='ltr'><strong>facies,</strong></span> <span class='ocrx_word' id='word_1_143' title='bbox 2971 677 3028 722; x_wconf 91' lang='lat' dir='ltr'><strong>et</strong></span> <span class='ocrx_word' id='word_1_144' title='bbox 3065 680 3159 722; x_wconf 91' lang='lat' dir='ltr'><strong>eos</strong></span> <span class='ocrx_word' id='word_1_145' title='bbox 3184 663 3276 733; x_wconf 90' lang='lat' dir='ltr'><strong>qui</strong></span> <span class='ocrx_word' id='word_1_146' title='bbox 3328 670 3384 716; x_wconf 87' lang='lat' dir='ltr'><strong>te</strong></span> <span class='ocrx_word' id='word_1_147' title='bbox 3411 660 3642 714; x_wconf 88' lang='lat' dir='ltr'><strong>audiunt</strong></span> <span class='ocrx_word' id='word_1_148' title='bbox 3671 656 3770 729; x_wconf 82' lang='lat' dir='ltr'><strong>(II</strong></span> 
     </span>
    </p>
   </div>
   <div class='ocr_carea' id='block_1_19' title="bbox 2181 752 3772 837">
    <p class='ocr_par' dir='ltr' id='par_1_19' title="bbox 2181 752 3772 837">
     <span class='ocr_line' id='line_1_19' title="bbox 2181 752 3772 837; baseline -0.011 -16"><span class='ocrx_word' id='word_1_149' title='bbox 2181 767 2315 822; x_wconf 81' lang='lat' dir='ltr'><strong>Tim.</strong></span> <span class='ocrx_word' id='word_1_150' title='bbox 2341 766 2436 837; x_wconf 79' lang='grc' dir='ltr'><strong>ιν).</strong></span> <span class='ocrx_word' id='word_1_151' title='bbox 2478 787 2498 819; x_wconf 77' lang='grc' dir='ltr'><strong>ι</strong></span> <span class='ocrx_word' id='word_1_152' title='bbox 2532 765 2668 820; x_wconf 90' lang='lat' dir='ltr'><strong>Boni</strong></span> <span class='ocrx_word' id='word_1_153' title='bbox 2717 763 2862 816; x_wconf 89' lang='lat' dir='ltr'><strong>enim</strong></span> <span class='ocrx_word' id='word_1_154' title='bbox 2913 758 3158 830; x_wconf 80' lang='lat' dir='ltr'><strong>magistri</strong></span> <span class='ocrx_word' id='word_1_155' title='bbox 3195 772 3301 810; x_wconf 90' lang='lat' dir='ltr'><strong>non</strong></span> <span class='ocrx_word' id='word_1_156' title='bbox 3356 753 3505 808; x_wconf 89' lang='lat' dir='ltr'><strong>aliud</strong></span> <span class='ocrx_word' id='word_1_157' title='bbox 3560 752 3772 806; x_wconf 77' lang='lat' dir='ltr'><strong>docent</strong></span> 
     </span>
    </p>
   </div>
   <div class='ocr_carea' id='block_1_20' title="bbox 2180 848 3769 930">
    <p class='ocr_par' dir='ltr' id='par_1_20' title="bbox 2180 848 3769 930">
     <span class='ocr_line' id='line_1_20' title="bbox 2180 848 3769 930; baseline -0.011 -16"><span class='ocrx_word' id='word_1_158' title='bbox 2180 875 2340 930; x_wconf 90' lang='lat' dir='ltr'><strong>quam</strong></span> <span class='ocrx_word' id='word_1_159' title='bbox 2371 859 2514 928; x_wconf 93' lang='lat' dir='ltr'><strong>quod</strong></span> <span class='ocrx_word' id='word_1_160' title='bbox 2540 857 2644 928; x_wconf 92' lang='lat' dir='ltr'><strong>ipsi</strong></span> <span class='ocrx_word' id='word_1_161' title='bbox 2687 873 2718 910; x_wconf 92' lang='lat' dir='ltr'><strong>a</strong></span> <span class='ocrx_word' id='word_1_162' title='bbox 2741 855 2899 910; x_wconf 89' lang='lat' dir='ltr'><strong>bonis</strong></span> <span class='ocrx_word' id='word_1_163' title='bbox 2924 848 3349 924; x_wconf 66' lang='lat' dir='ltr'><strong>praeceptoribus</strong></span> <span class='ocrx_word' id='word_1_164' title='bbox 3370 852 3769 918; x_wconf 84' lang='lat' dir='ltr'><strong>perceperunt,</strong></span> 
     </span>
    </p>
   </div>
   <div class='ocr_carea' id='block_1_21' title="bbox 2181 936 3773 1021">
    <p class='ocr_par' dir='ltr' id='par_1_21' title="bbox 2181 936 3773 1021">
     <span class='ocr_line' id='line_1_21' title="bbox 2181 936 3773 1021; baseline -0.011 -15"><span class='ocrx_word' id='word_1_165' title='bbox 2181 952 2323 1021; x_wconf 91' lang='lat' dir='ltr'><strong>quod</strong></span> <span class='ocrx_word' id='word_1_166' title='bbox 2360 949 2523 1004; x_wconf 90' lang='lat' dir='ltr'><strong>etiam</strong></span> <span class='ocrx_word' id='word_1_167' title='bbox 2561 963 2591 1002; x_wconf 91' lang='lat' dir='ltr'><strong>a</strong></span> <span class='ocrx_word' id='word_1_168' title='bbox 2622 961 2833 1002; x_wconf 89' lang='lat' dir='ltr'><strong>summo</strong></span> <span class='ocrx_word' id='word_1_169' title='bbox 2876 942 3241 1012; x_wconf 77' lang='lat' dir='ltr'><strong>magistroad</strong></span> <span class='ocrx_word' id='word_1_170' title='bbox 3277 955 3468 996; x_wconf 90' lang='lat' dir='ltr'><strong>eorum</strong></span> <span class='ocrx_word' id='word_1_171' title='bbox 3510 936 3773 992; x_wconf 83' lang='lat' dir='ltr'><strong>notitiam</strong></span> 
     </span>
    </p>
   </div>
   <div class='ocr_carea' id='block_1_22' title="bbox 2179 1027 3772 1112">
    <p class='ocr_par' dir='ltr' id='par_1_22' title="bbox 2179 1027 3772 1112">
     <span class='ocr_line' id='line_1_22' title="bbox 2179 1027 3772 1112; baseline -0.009 -16"><span class='ocrx_word' id='word_1_172' title='bbox 2179 1040 2445 1112; x_wconf 88' lang='lat' dir='ltr'><strong>pervenit.</strong></span> <span class='ocrx_word' id='word_1_173' title='bbox 2479 1038 2632 1093; x_wconf 88' lang='lat' dir='ltr'><strong>Sicut</strong></span> <span class='ocrx_word' id='word_1_174' title='bbox 2651 1036 3010 1092; x_wconf 83' lang='lat' dir='ltr'><strong>Ecetesiastes</strong></span> <span class='ocrx_word' id='word_1_175' title='bbox 3033 1033 3289 1098; x_wconf 87' lang='lat' dir='ltr'><strong>ostendit,</strong></span> <span class='ocrx_word' id='word_1_176' title='bbox 3305 1033 3492 1087; x_wconf 89' lang='lat' dir='ltr'><strong>dicens</strong></span> <span class='ocrx_word' id='word_1_177' title='bbox 3518 1048 3563 1084; x_wconf 66' lang='lat' dir='ltr'><strong>:t</strong></span> <span class='ocrx_word' id='word_1_178' title='bbox 3585 1027 3772 1083; x_wconf 79' lang='lat' dir='ltr'><strong>Verba</strong></span> 
     </span>
    </p>
   </div>
   <div class='ocr_carea' id='block_1_23' title="bbox 2183 1117 3775 1202">
    <p class='ocr_par' dir='ltr' id='par_1_23' title="bbox 2183 1117 3775 1202">
     <span class='ocr_line' id='line_1_23' title="bbox 2183 1117 3775 1202; baseline -0.011 -15"><span class='ocrx_word' id='word_1_179' title='bbox 2183 1131 2501 1202; x_wconf 89' lang='lat' dir='ltr'><strong>sapientium</strong></span> <span class='ocrx_word' id='word_1_180' title='bbox 2539 1137 2600 1183; x_wconf 90' lang='lat' dir='ltr'><strong>ut</strong></span> <span class='ocrx_word' id='word_1_181' title='bbox 2640 1126 2862 1188; x_wconf 89' lang='lat' dir='ltr'><strong>stimuli,</strong></span> <span class='ocrx_word' id='word_1_182' title='bbox 2891 1133 2944 1180; x_wconf 91' lang='lat' dir='ltr'><strong>et</strong></span> <span class='ocrx_word' id='word_1_183' title='bbox 2964 1124 3120 1194; x_wconf 90' lang='lat' dir='ltr'><strong>quasi</strong></span> <span class='ocrx_word' id='word_1_184' title='bbox 3149 1123 3287 1177; x_wconf 89' lang='lat' dir='ltr'><strong>clavi</strong></span> <span class='ocrx_word' id='word_1_185' title='bbox 3317 1123 3374 1176; x_wconf 91' lang='lat' dir='ltr'><strong>in</strong></span> <span class='ocrx_word' id='word_1_186' title='bbox 3401 1122 3570 1175; x_wconf 90' lang='lat' dir='ltr'><strong>altum</strong></span> <span class='ocrx_word' id='word_1_187' title='bbox 3600 1117 3775 1173; x_wconf 76' lang='lat' dir='ltr'><strong>deﬁxi</strong></span> 
     </span>
    </p>
   </div>
   <div class='ocr_carea' id='block_1_24' title="bbox 2183 1208 3776 1294">
    <p class='ocr_par' dir='ltr' id='par_1_24' title="bbox 2183 1208 3776 1294">
     <span class='ocr_line' id='line_1_24' title="bbox 2183 1208 3776 1294; baseline -0.01 -19"><span class='ocrx_word' id='word_1_188' title='bbox 2183 1221 2381 1294; x_wconf 87' lang='lat' dir='ltr'><strong>(Eccle.</strong></span> <span class='ocrx_word' id='word_1_189' title='bbox 2409 1220 2509 1290; x_wconf 85' lang='lat' dir='ltr'><strong>xu)</strong></span> <span class='ocrx_word' id='word_1_190' title='bbox 2540 1233 2555 1272; x_wconf 91' lang='lat'><strong>:</strong></span> <span class='ocrx_word' id='word_1_191' title='bbox 2582 1239 2600 1271; x_wconf 76' lang='grc' dir='ltr'><strong>ι</strong></span> <span class='ocrx_word' id='word_1_192' title='bbox 2635 1233 2754 1289; x_wconf 64' lang='lat' dir='ltr'><strong>qua:</strong></span> <span class='ocrx_word' id='word_1_193' title='bbox 2779 1231 2876 1287; x_wconf 91' lang='lat' dir='ltr'><strong>per</strong></span> <span class='ocrx_word' id='word_1_194' title='bbox 2899 1214 3288 1285; x_wconf 90' lang='lat' dir='ltr'><strong>magistrorum</strong></span> <span class='ocrx_word' id='word_1_195' title='bbox 3315 1211 3609 1268; x_wconf 89' lang='lat' dir='ltr'><strong>consilium</strong></span> <span class='ocrx_word' id='word_1_196' title='bbox 3643 1208 3776 1261; x_wconf 84' lang='lat' dir='ltr'><strong>data</strong></span> 
     </span>
    </p>
   </div>
   <div class='ocr_carea' id='block_1_25' title="bbox 2184 1303 3782 1385">
    <p class='ocr_par' dir='ltr' id='par_1_25' title="bbox 2184 1303 3782 1385">
     <span class='ocr_line' id='line_1_25' title="bbox 2184 1303 3782 1385; baseline -0.011 -16"><span class='ocrx_word' id='word_1_197' title='bbox 2184 1323 2309 1370; x_wconf 90' lang='lat' dir='ltr'><strong>sunt</strong></span> <span class='ocrx_word' id='word_1_198' title='bbox 2339 1331 2370 1368; x_wconf 90' lang='lat' dir='ltr'><strong>a</strong></span> <span class='ocrx_word' id='word_1_199' title='bbox 2396 1322 2614 1385; x_wconf 90' lang='lat' dir='ltr'><strong>pastore</strong></span> <span class='ocrx_word' id='word_1_200' title='bbox 2639 1325 2765 1365; x_wconf 92' lang='lat' dir='ltr'><strong>uno.</strong></span> <span class='ocrx_word' id='word_1_201' title='bbox 2809 1308 2944 1364; x_wconf 87' lang='lat' dir='ltr'><strong>Hinc</strong></span> <span class='ocrx_word' id='word_1_202' title='bbox 2982 1315 3038 1362; x_wconf 91' lang='lat' dir='ltr'><strong>et</strong></span> <span class='ocrx_word' id='word_1_203' title='bbox 3080 1307 3195 1363; x_wconf 85' lang='lat' dir='ltr'><strong>iosa</strong></span> <span class='ocrx_word' id='word_1_204' title='bbox 3223 1304 3485 1374; x_wconf 85' lang='lat' dir='ltr'><strong>sapientia</strong></span> <span class='ocrx_word' id='word_1_205' title='bbox 3513 1303 3782 1357; x_wconf 82' lang='lat' dir='ltr'><strong>hortatur</strong></span> 
     </span>
    </p>
   </div>
   <div class='ocr_carea' id='block_1_26' title="bbox 2185 1405 2631 1468">
    <p class='ocr_par' dir='ltr' id='par_1_26' title="bbox 2185 1405 2631 1468">
     <span class='ocr_line' id='line_1_26' title="bbox 2185 1405 2631 1468; baseline -0.004 -8"><span class='ocrx_word' id='word_1_206' title='bbox 2185 1406 2377 1468; x_wconf 90' lang='lat' dir='ltr'><strong>adhuc,</strong></span> <span class='ocrx_word' id='word_1_207' title='bbox 2402 1405 2590 1461; x_wconf 89' lang='lat' dir='ltr'><strong>dicens</strong></span> <span class='ocrx_word' id='word_1_208' title='bbox 2617 1422 2631 1458; x_wconf 88' lang='lat'>:</span> 
     </span>
    </p>
   </div>
   <div class='ocr_carea' id='block_1_27' title="bbox 2259 1485 3777 1566">
    <p class='ocr_par' dir='ltr' id='par_1_27' title="bbox 2259 1485 3777 1566">
     <span class='ocr_line' id='line_1_27' title="bbox 2259 1485 3777 1566; baseline -0.007 -17"><span class='ocrx_word' id='word_1_209' title='bbox 2259 1517 2278 1549; x_wconf 77' lang='grc' dir='ltr'><strong>ι</strong></span> <span class='ocrx_word' id='word_1_210' title='bbox 2306 1497 2423 1553; x_wconf 84' lang='grc' dir='ltr'><strong>Νοιι</strong></span> <span class='ocrx_word' id='word_1_211' title='bbox 2462 1505 2515 1552; x_wconf 90' lang='lat' dir='ltr'><strong>te</strong></span> <span class='ocrx_word' id='word_1_212' title='bbox 2542 1503 2829 1566; x_wconf 67' lang='lat' dir='ltr'><strong>praetereat</strong></span> <span class='ocrx_word' id='word_1_213' title='bbox 2865 1491 3106 1550; x_wconf 89' lang='lat' dir='ltr'><strong>narratio</strong></span> <span class='ocrx_word' id='word_1_214' title='bbox 3144 1490 3449 1554; x_wconf 88' lang='lat' dir='ltr'><strong>seniorum;</strong></span> <span class='ocrx_word' id='word_1_215' title='bbox 3489 1485 3596 1557; x_wconf 90' lang='lat' dir='ltr'><strong>ipsi</strong></span> <span class='ocrx_word' id='word_1_216' title='bbox 3622 1486 3777 1540; x_wconf 88' lang='lat' dir='ltr'><strong>enim</strong></span> 
     </span>
    </p>
   </div>
   <div class='ocr_carea' id='block_1_28' title="bbox 2189 1578 3780 1660">
    <p class='ocr_par' dir='ltr' id='par_1_28' title="bbox 2189 1578 3780 1660">
     <span class='ocr_line' id='line_1_28' title="bbox 2189 1578 3780 1660; baseline -0.008 -17"><span class='ocrx_word' id='word_1_217' title='bbox 2189 1610 2210 1643; x_wconf 85' lang='grc'><strong><em>‹</em></strong></span> <span class='ocrx_word' id='word_1_218' title='bbox 2235 1591 2543 1647; x_wconf 89' lang='lat' dir='ltr'><strong>didicerunt</strong></span> <span class='ocrx_word' id='word_1_219' title='bbox 2570 1605 2600 1643; x_wconf 90' lang='lat' dir='ltr'><strong>a</strong></span> <span class='ocrx_word' id='word_1_220' title='bbox 2623 1588 2871 1660; x_wconf 90' lang='lat' dir='ltr'><strong>patribus</strong></span> <span class='ocrx_word' id='word_1_221' title='bbox 2897 1586 3009 1642; x_wconf 93' lang='lat' dir='ltr'><strong>suis</strong></span> <span class='ocrx_word' id='word_1_222' title='bbox 3029 1601 3041 1639; x_wconf 91' lang='lat'>:</span> <span class='ocrx_word' id='word_1_223' title='bbox 3061 1584 3317 1656; x_wconf 90' lang='lat' dir='ltr'><strong>quoniam</strong></span> <span class='ocrx_word' id='word_1_224' title='bbox 3346 1581 3412 1635; x_wconf 92' lang='lat' dir='ltr'><strong>ab</strong></span> <span class='ocrx_word' id='word_1_225' title='bbox 3435 1580 3573 1651; x_wconf 91' lang='lat' dir='ltr'><strong>ipsis</strong></span> <span class='ocrx_word' id='word_1_226' title='bbox 3593 1578 3780 1632; x_wconf 83' lang='lat' dir='ltr'><strong>disces</strong></span> 
     </span>
    </p>
   </div>
   <div class='ocr_carea' id='block_1_29' title="bbox 2190 1674 3778 1750">
    <p class='ocr_par' dir='ltr' id='par_1_29' title="bbox 2190 1674 3778 1750">
     <span class='ocr_line' id='line_1_29' title="bbox 2190 1674 3778 1750; baseline -0.008 -14"><span class='ocrx_word' id='word_1_227' title='bbox 2190 1703 2209 1736; x_wconf 73' lang='grc' dir='ltr'><strong>ε</strong></span> <span class='ocrx_word' id='word_1_228' title='bbox 2247 1682 2602 1748; x_wconf 89' lang='lat' dir='ltr'><strong>intellectum,</strong></span> <span class='ocrx_word' id='word_1_229' title='bbox 2650 1689 2708 1736; x_wconf 90' lang='lat' dir='ltr'><strong>et</strong></span> <span class='ocrx_word' id='word_1_230' title='bbox 2736 1681 2794 1735; x_wconf 92' lang='lat' dir='ltr'><strong>in</strong></span> <span class='ocrx_word' id='word_1_231' title='bbox 2841 1688 3085 1750; x_wconf 88' lang='lat' dir='ltr'><strong>tempore</strong></span> <span class='ocrx_word' id='word_1_232' title='bbox 3110 1674 3451 1732; x_wconf 88' lang='lat' dir='ltr'><strong>necessitatis</strong></span> <span class='ocrx_word' id='word_1_233' title='bbox 3499 1674 3637 1728; x_wconf 89' lang='lat' dir='ltr'><strong>dare</strong></span> <span class='ocrx_word' id='word_1_234' title='bbox 3687 1686 3778 1725; x_wconf 75' lang='lat' dir='ltr'><strong>re-</strong></span> 
     </span>
    </p>
   </div>
   <div class='ocr_carea' id='block_1_30' title="bbox 2189 1763 3777 1846">
    <p class='ocr_par' dir='ltr' id='par_1_30' title="bbox 2189 1763 3777 1846">
     <span class='ocr_line' id='line_1_30' title="bbox 2189 1763 3777 1846; baseline -0.008 -18"><span class='ocrx_word' id='word_1_235' title='bbox 2189 1795 2208 1828; x_wconf 78' lang='grc'><strong>(</strong></span> <span class='ocrx_word' id='word_1_236' title='bbox 2243 1790 2518 1846; x_wconf 90' lang='lat' dir='ltr'><strong>sponsum.</strong></span> <span class='ocrx_word' id='word_1_237' title='bbox 2574 1792 2594 1826; x_wconf 74' lang='grc' dir='ltr'><strong>ι</strong></span> <span class='ocrx_word' id='word_1_238' title='bbox 2651 1772 2743 1828; x_wconf 91' lang='lat' dir='ltr'><strong>Sic</strong></span> <span class='ocrx_word' id='word_1_239' title='bbox 2794 1780 2850 1826; x_wconf 90' lang='lat' dir='ltr'><strong>et</strong></span> <span class='ocrx_word' id='word_1_240' title='bbox 2901 1768 3178 1839; x_wconf 90' lang='lat' dir='ltr'><strong>apostolus</strong></span> <span class='ocrx_word' id='word_1_241' title='bbox 3227 1765 3421 1822; x_wconf 86' lang='lat' dir='ltr'><strong>Petrus</strong></span> <span class='ocrx_word' id='word_1_242' title='bbox 3485 1763 3777 1827; x_wconf 86' lang='lat' dir='ltr'><strong>admonet,</strong></span> 
     </span>
    </p>
   </div>
   <div class='ocr_carea' id='block_1_31' title="bbox 501 1853 3778 1939">
    <p class='ocr_par' dir='ltr' id='par_1_31' title="bbox 501 1853 3778 1939">
     <span class='ocr_line' id='line_1_31' title="bbox 501 1853 3778 1939; baseline -0.007 -11"><span class='ocrx_word' id='word_1_243' title='bbox 501 1873 569 1927; x_wconf 93' lang='lat' dir='ltr'><strong>de</strong></span> <span class='ocrx_word' id='word_1_244' title='bbox 629 1870 957 1928; x_wconf 83' lang='lat' dir='ltr'><strong>mortalitate</strong></span> <span class='ocrx_word' id='word_1_245' title='bbox 1015 1873 1287 1939; x_wconf 81' lang='lat' dir='ltr'><strong>eleganter</strong></span> <span class='ocrx_word' id='word_1_246' title='bbox 1348 1865 1518 1920; x_wconf 75' lang='lat' dir='ltr'><strong>dixit:</strong></span> <span class='ocrx_word' id='word_1_247' title='bbox 1585 1883 1603 1916; x_wconf 86' lang='grc'><strong>‹</strong></span> <span class='ocrx_word' id='word_1_248' title='bbox 1639 1863 1765 1920; x_wconf 68' lang='grc' dir='ltr'><strong>ΙΙωο</strong></span> <span class='ocrx_word' id='word_1_249' title='bbox 1815 1864 2083 1920; x_wconf 81' lang='lat' dir='ltr'><strong>sententia</strong></span> <span class='ocrx_word' id='word_1_250' title='bbox 2111 1937 2140 1939; x_wconf 72' lang='lat'><strong><em>_</em></strong></span> <span class='ocrx_word' id='word_1_251' title='bbox 2183 1866 2412 1922; x_wconf 89' lang='lat' dir='ltr'><strong>dicens:</strong></span> <span class='ocrx_word' id='word_1_252' title='bbox 2451 1883 2470 1916; x_wconf 87' lang='grc'><strong><em>‹</em></strong></span> <span class='ocrx_word' id='word_1_253' title='bbox 2496 1863 2978 1918; x_wconf 88' lang='lat' dir='ltr'><strong>Dominumautem</strong></span> <span class='ocrx_word' id='word_1_254' title='bbox 3005 1857 3188 1914; x_wconf 72' lang='lat' dir='ltr'><strong>Iesum</strong></span> <span class='ocrx_word' id='word_1_255' title='bbox 3214 1854 3492 1910; x_wconf 83' lang='lat' dir='ltr'><strong>Christum</strong></span> <span class='ocrx_word' id='word_1_256' title='bbox 3519 1853 3778 1908; x_wconf 85' lang='lat' dir='ltr'><strong>sanctiﬁ-</strong></span> 
     </span>
    </p>
   </div>
   <div class='ocr_carea' id='block_1_32' title="bbox 498 1937 3782 2026">
    <p class='ocr_par' dir='ltr' id='par_1_32' title="bbox 498 1937 3782 2026">
     <span class='ocr_line' id='line_1_32' title="bbox 498 1937 3782 2026; baseline -0.012 -6"><span class='ocrx_word' id='word_1_257' title='bbox 498 1965 701 2020; x_wconf 86' lang='lat' dir='ltr'><strong>mundo</strong></span> <span class='ocrx_word' id='word_1_258' title='bbox 726 1964 852 2019; x_wconf 90' lang='lat' dir='ltr'><strong>data</strong></span> <span class='ocrx_word' id='word_1_259' title='bbox 878 1971 993 2026; x_wconf 86' lang='lat' dir='ltr'><strong>est;</strong></span> <span class='ocrx_word' id='word_1_260' title='bbox 1018 1937 1134 2014; x_wconf 83' lang='lat' dir='ltr'><strong>haec</strong></span> <span class='ocrx_word' id='word_1_261' title='bbox 1161 1959 1259 2014; x_wconf 89' lang='lat' dir='ltr'><strong>Dei</strong></span> <span class='ocrx_word' id='word_1_262' title='bbox 1288 1959 1373 2012; x_wconf 85' lang='lat' dir='ltr'><strong>lex</strong></span> <span class='ocrx_word' id='word_1_263' title='bbox 1407 1965 1508 2022; x_wconf 90' lang='lat' dir='ltr'><strong>est,</strong></span> <span class='ocrx_word' id='word_1_264' title='bbox 1540 1964 1600 2011; x_wconf 92' lang='lat' dir='ltr'><strong>ut</strong></span> <span class='ocrx_word' id='word_1_265' title='bbox 1627 1957 1810 2011; x_wconf 92' lang='lat' dir='ltr'><strong>omnia</strong></span> <span class='ocrx_word' id='word_1_266' title='bbox 1839 1963 1960 2012; x_wconf 87' lang='lat' dir='ltr'><strong>orta</strong></span> <span class='ocrx_word' id='word_1_267' title='bbox 1990 1971 2082 2010; x_wconf 86' lang='lat' dir='ltr'><strong>oc-</strong></span> <span class='ocrx_word' id='word_1_268' title='bbox 2109 1937 2156 1996; x_wconf 81' lang='grc' dir='ltr'><strong>Β</strong></span> <span class='ocrx_word' id='word_1_269' title='bbox 2185 1969 2304 2014; x_wconf 90' lang='lat' dir='ltr'><strong>cate</strong></span> <span class='ocrx_word' id='word_1_270' title='bbox 2333 1957 2390 2012; x_wconf 83' lang='lat' dir='ltr'><strong>in</strong></span> <span class='ocrx_word' id='word_1_271' title='bbox 2417 1954 2670 2012; x_wconf 86' lang='lat' dir='ltr'><strong>cordibus</strong></span> <span class='ocrx_word' id='word_1_272' title='bbox 2699 1953 2916 2015; x_wconf 87' lang='lat' dir='ltr'><strong>vestris,</strong></span> <span class='ocrx_word' id='word_1_273' title='bbox 2949 1949 3126 2018; x_wconf 87' lang='lat' dir='ltr'><strong>parati</strong></span> <span class='ocrx_word' id='word_1_274' title='bbox 3175 1961 3388 2016; x_wconf 87' lang='lat' dir='ltr'><strong>semper</strong></span> <span class='ocrx_word' id='word_1_275' title='bbox 3429 1945 3499 1999; x_wconf 87' lang='lat' dir='ltr'><strong>ad</strong></span> <span class='ocrx_word' id='word_1_276' title='bbox 3550 1943 3782 1999; x_wconf 66' lang='lat' dir='ltr'><strong>satisfa-</strong></span> 
     </span>
    </p>
   </div>
   <div class='ocr_carea' id='block_1_33' title="bbox 499 2049 2082 2122">
    <p class='ocr_par' dir='ltr' id='par_1_33' title="bbox 499 2049 2082 2122">
     <span class='ocr_line' id='line_1_33' title="bbox 499 2049 2082 2122; baseline -0.005 -10"><span class='ocrx_word' id='word_1_277' title='bbox 499 2057 705 2122; x_wconf 90' lang='lat' dir='ltr'><strong>cidant,</strong></span> <span class='ocrx_word' id='word_1_278' title='bbox 733 2065 789 2112; x_wconf 91' lang='lat' dir='ltr'><strong>et</strong></span> <span class='ocrx_word' id='word_1_279' title='bbox 811 2064 968 2110; x_wconf 90' lang='lat' dir='ltr'><strong>aucta</strong></span> <span class='ocrx_word' id='word_1_280' title='bbox 995 2061 1308 2117; x_wconf 89' lang='lat' dir='ltr'><strong>senescant,</strong></span> <span class='ocrx_word' id='word_1_281' title='bbox 1340 2061 1395 2108; x_wconf 92' lang='lat' dir='ltr'><strong>et</strong></span> <span class='ocrx_word' id='word_1_282' title='bbox 1431 2050 1778 2106; x_wconf 89' lang='lat' dir='ltr'><strong>inﬁrmentur</strong></span> <span class='ocrx_word' id='word_1_283' title='bbox 1812 2049 1993 2115; x_wconf 82' lang='lat' dir='ltr'><strong>fortia,</strong></span> <span class='ocrx_word' id='word_1_284' title='bbox 2027 2058 2082 2105; x_wconf 90' lang='lat' dir='ltr'><strong>et</strong></span> 
     </span>
    </p>
   </div>
   <div class='ocr_carea' id='block_1_34' title="bbox 495 2141 2082 2219">
    <p class='ocr_par' dir='ltr' id='par_1_34' title="bbox 495 2141 2082 2219">
     <span class='ocr_line' id='line_1_34' title="bbox 495 2141 2082 2219; baseline -0.004 -18"><span class='ocrx_word' id='word_1_285' title='bbox 495 2162 690 2219; x_wconf 86' lang='lat' dir='ltr'><strong>magna</strong></span> <span class='ocrx_word' id='word_1_286' title='bbox 715 2147 1045 2202; x_wconf 87' lang='lat' dir='ltr'><strong>minuantur.</strong></span> <span class='ocrx_word' id='word_1_287' title='bbox 1087 2164 1105 2196; x_wconf 86' lang='grc'>›</span> <span class='ocrx_word' id='word_1_288' title='bbox 1136 2143 1273 2198; x_wconf 81' lang='lat' dir='ltr'><strong>Nam</strong></span> <span class='ocrx_word' id='word_1_289' title='bbox 1300 2158 1424 2198; x_wconf 86' lang='lat' dir='ltr'><strong>eum</strong></span> <span class='ocrx_word' id='word_1_290' title='bbox 1453 2142 1579 2197; x_wconf 92' lang='lat' dir='ltr'><strong>olim</strong></span> <span class='ocrx_word' id='word_1_291' title='bbox 1619 2141 1761 2195; x_wconf 90' lang='lat' dir='ltr'><strong>ultra</strong></span> <span class='ocrx_word' id='word_1_292' title='bbox 1801 2141 2082 2211; x_wconf 88' lang='lat' dir='ltr'><strong>octingen-</strong></span> 
     </span>
    </p>
   </div>
   <div class='ocr_carea' id='block_1_35' title="bbox 497 2232 2081 2310">
    <p class='ocr_par' dir='ltr' id='par_1_35' title="bbox 497 2232 2081 2310">
     <span class='ocr_line' id='line_1_35' title="bbox 497 2232 2081 2310; baseline -0.004 -17"><span class='ocrx_word' id='word_1_293' title='bbox 497 2248 580 2296; x_wconf 90' lang='lat' dir='ltr'><strong>tos</strong></span> <span class='ocrx_word' id='word_1_294' title='bbox 607 2246 662 2294; x_wconf 89' lang='lat' dir='ltr'><strong>et</strong></span> <span class='ocrx_word' id='word_1_295' title='bbox 685 2247 983 2310; x_wconf 81' lang='lat' dir='ltr'><strong>nongentos</strong></span> <span class='ocrx_word' id='word_1_296' title='bbox 1011 2251 1180 2292; x_wconf 90' lang='lat' dir='ltr'><strong>annos</strong></span> <span class='ocrx_word' id='word_1_297' title='bbox 1216 2235 1327 2289; x_wconf 90' lang='lat' dir='ltr'><strong>vita</strong></span> <span class='ocrx_word' id='word_1_298' title='bbox 1357 2234 1639 2289; x_wconf 89' lang='lat' dir='ltr'><strong>hominum</strong></span> <span class='ocrx_word' id='word_1_299' title='bbox 1679 2232 1917 2302; x_wconf 66' lang='lat' dir='ltr'><strong>longaeva</strong></span> <span class='ocrx_word' id='word_1_300' title='bbox 1950 2246 2081 2301; x_wconf 91' lang='lat' dir='ltr'><strong>pro-</strong></span> 
     </span>
    </p>
   </div>
   <div class='ocr_carea' id='block_1_36' title="bbox 495 2325 2081 2398">
    <p class='ocr_par' dir='ltr' id='par_1_36' title="bbox 495 2325 2081 2398">
     <span class='ocr_line' id='line_1_36' title="bbox 495 2325 2081 2398; baseline -0.006 -12"><span class='ocrx_word' id='word_1_301' title='bbox 495 2331 732 2397; x_wconf 88' lang='lat' dir='ltr'><strong>cederet,</strong></span> <span class='ocrx_word' id='word_1_302' title='bbox 753 2330 843 2384; x_wconf 82' lang='lat' dir='ltr'><strong>vix</strong></span> <span class='ocrx_word' id='word_1_303' title='bbox 869 2344 1014 2384; x_wconf 89' lang='lat' dir='ltr'><strong>nunc</strong></span> <span class='ocrx_word' id='word_1_304' title='bbox 1057 2328 1231 2398; x_wconf 82' lang='lat' dir='ltr'><strong>possit</strong></span> <span class='ocrx_word' id='word_1_305' title='bbox 1274 2327 1342 2382; x_wconf 89' lang='lat' dir='ltr'><strong>ad</strong></span> <span class='ocrx_word' id='word_1_306' title='bbox 1375 2325 1748 2382; x_wconf 88' lang='lat' dir='ltr'><strong>centenarium</strong></span> <span class='ocrx_word' id='word_1_307' title='bbox 1792 2338 2081 2378; x_wconf 91' lang='lat' dir='ltr'><strong>numerum</strong></span> 
     </span>
    </p>
   </div>
   <div class='ocr_carea' id='block_1_37' title="bbox 494 2415 2085 2492">
    <p class='ocr_par' dir='ltr' id='par_1_37' title="bbox 494 2415 2085 2492">
     <span class='ocr_line' id='line_1_37' title="bbox 494 2415 2085 2492; baseline -0.004 -16"><span class='ocrx_word' id='word_1_308' title='bbox 494 2421 795 2492; x_wconf 87' lang='lat' dir='ltr'><strong>pervenire.</strong></span> <span class='ocrx_word' id='word_1_309' title='bbox 825 2418 1005 2476; x_wconf 87' lang='lat' dir='ltr'><strong>Canos</strong></span> <span class='ocrx_word' id='word_1_310' title='bbox 1023 2419 1272 2474; x_wconf 89' lang='lat' dir='ltr'><strong>videmus</strong></span> <span class='ocrx_word' id='word_1_311' title='bbox 1311 2418 1368 2473; x_wconf 92' lang='lat' dir='ltr'><strong>in</strong></span> <span class='ocrx_word' id='word_1_312' title='bbox 1388 2418 1592 2488; x_wconf 90' lang='lat' dir='ltr'><strong>pueris,</strong></span> <span class='ocrx_word' id='word_1_313' title='bbox 1617 2415 1794 2486; x_wconf 90' lang='lat' dir='ltr'><strong>capilli</strong></span> <span class='ocrx_word' id='word_1_314' title='bbox 1825 2416 2085 2472; x_wconf 85' lang='lat' dir='ltr'><strong>deficiunt</strong></span> 
     </span>
    </p>
   </div>
   <div class='ocr_carea' id='block_1_38' title="bbox 497 2509 2079 2588">
    <p class='ocr_par' dir='ltr' id='par_1_38' title="bbox 497 2509 2079 2588">
     <span class='ocr_line' id='line_1_38' title="bbox 497 2509 2079 2588; baseline -0.004 -18"><span class='ocrx_word' id='word_1_315' title='bbox 497 2524 787 2588; x_wconf 88' lang='lat' dir='ltr'><strong>antequam</strong></span> <span class='ocrx_word' id='word_1_316' title='bbox 809 2523 1088 2581; x_wconf 86' lang='lat' dir='ltr'><strong>crescant;</strong></span> <span class='ocrx_word' id='word_1_317' title='bbox 1120 2529 1221 2569; x_wconf 91' lang='lat' dir='ltr'><strong>nec</strong></span> <span class='ocrx_word' id='word_1_318' title='bbox 1245 2522 1376 2568; x_wconf 74' lang='lat' dir='ltr'><strong>tetas</strong></span> <span class='ocrx_word' id='word_1_319' title='bbox 1415 2513 1471 2567; x_wconf 92' lang='lat' dir='ltr'><strong>in</strong></span> <span class='ocrx_word' id='word_1_320' title='bbox 1499 2519 1832 2567; x_wconf 89' lang='lat' dir='ltr'><strong>senectutem</strong></span> <span class='ocrx_word' id='word_1_321' title='bbox 1859 2509 2079 2577; x_wconf 89' lang='lat' dir='ltr'><strong>desinit,</strong></span> 
     </span>
    </p>
   </div>
   <div class='ocr_carea' id='block_1_39' title="bbox 495 2602 2083 2679">
    <p class='ocr_par' dir='ltr' id='par_1_39' title="bbox 495 2602 2083 2679">
     <span class='ocr_line' id='line_1_39' title="bbox 495 2602 2083 2679; baseline -0.005 -14"><span class='ocrx_word' id='word_1_322' title='bbox 495 2609 590 2665; x_wconf 91' lang='lat' dir='ltr'><strong>sed</strong></span> <span class='ocrx_word' id='word_1_323' title='bbox 641 2609 831 2679; x_wconf 88' lang='lat' dir='ltr'><strong>incipit</strong></span> <span class='ocrx_word' id='word_1_324' title='bbox 857 2625 890 2663; x_wconf 89' lang='lat' dir='ltr'><strong>a</strong></span> <span class='ocrx_word' id='word_1_325' title='bbox 929 2615 1248 2664; x_wconf 90' lang='lat' dir='ltr'><strong>senectute:</strong></span> <span class='ocrx_word' id='word_1_326' title='bbox 1283 2607 1361 2661; x_wconf 91' lang='lat' dir='ltr'><strong>sic</strong></span> <span class='ocrx_word' id='word_1_327' title='bbox 1410 2606 1466 2660; x_wconf 93' lang='lat' dir='ltr'><strong>in</strong></span> <span class='ocrx_word' id='word_1_328' title='bbox 1511 2615 1634 2661; x_wconf 91' lang='lat' dir='ltr'><strong>ortu</strong></span> <span class='ocrx_word' id='word_1_329' title='bbox 1683 2621 1782 2660; x_wconf 88' lang='lat' dir='ltr'><strong>suo</strong></span> <span class='ocrx_word' id='word_1_330' title='bbox 1823 2602 1892 2659; x_wconf 91' lang='lat' dir='ltr'><strong>ad</strong></span> <span class='ocrx_word' id='word_1_331' title='bbox 1917 2604 2083 2659; x_wconf 88' lang='lat' dir='ltr'><strong>finem</strong></span> 
     </span>
    </p>
   </div>
   <div class='ocr_carea' id='block_1_40' title="bbox 494 2692 2080 2768">
    <p class='ocr_par' dir='ltr' id='par_1_40' title="bbox 494 2692 2080 2768">
     <span class='ocr_line' id='line_1_40' title="bbox 494 2692 2080 2768; baseline -0.004 -15"><span class='ocrx_word' id='word_1_332' title='bbox 494 2698 750 2753; x_wconf 88' lang='lat' dir='ltr'><strong>nativitas</strong></span> <span class='ocrx_word' id='word_1_333' title='bbox 793 2706 1071 2768; x_wconf 90' lang='lat' dir='ltr'><strong>properat.</strong></span> <span class='ocrx_word' id='word_1_334' title='bbox 1109 2695 1200 2752; x_wconf 91' lang='lat' dir='ltr'><strong>Sic</strong></span> <span class='ocrx_word' id='word_1_335' title='bbox 1245 2696 1604 2765; x_wconf 89' lang='lat' dir='ltr'><strong>quodcunque</strong></span> <span class='ocrx_word' id='word_1_336' title='bbox 1646 2710 1789 2749; x_wconf 91' lang='lat' dir='ltr'><strong>nunc</strong></span> <span class='ocrx_word' id='word_1_337' title='bbox 1817 2692 2080 2759; x_wconf 90' lang='lat' dir='ltr'><strong>nascitur,</strong></span> 
     </span>
    </p>
   </div>
   <div class='ocr_carea' id='block_1_41' title="bbox 494 2780 2083 2857">
    <p class='ocr_par' dir='ltr' id='par_1_41' title="bbox 494 2780 2083 2857">
     <span class='ocr_line' id='line_1_41' title="bbox 494 2780 2083 2857; baseline -0.006 -15"><span class='ocrx_word' id='word_1_338' title='bbox 494 2787 680 2842; x_wconf 88' lang='lat' dir='ltr'><strong>mundi</strong></span> <span class='ocrx_word' id='word_1_339' title='bbox 701 2787 871 2857; x_wconf 92' lang='lat' dir='ltr'><strong>ipsius</strong></span> <span class='ocrx_word' id='word_1_340' title='bbox 889 2794 1167 2842; x_wconf 89' lang='lat' dir='ltr'><strong>senectute</strong></span> <span class='ocrx_word' id='word_1_341' title='bbox 1189 2787 1496 2856; x_wconf 89' lang='lat' dir='ltr'><strong>degenerat,</strong></span> <span class='ocrx_word' id='word_1_342' title='bbox 1525 2785 1602 2838; x_wconf 91' lang='lat' dir='ltr'><strong>ita</strong></span> <span class='ocrx_word' id='word_1_343' title='bbox 1631 2791 1693 2837; x_wconf 91' lang='lat' dir='ltr'><strong>ut</strong></span> <span class='ocrx_word' id='word_1_344' title='bbox 1710 2796 1870 2837; x_wconf 90' lang='lat' dir='ltr'><strong>nemo</strong></span> <span class='ocrx_word' id='word_1_345' title='bbox 1891 2780 2083 2836; x_wconf 89' lang='lat' dir='ltr'><strong>mirari</strong></span> 
     </span>
    </p>
   </div>
   <div class='ocr_carea' id='block_1_42' title="bbox 493 2874 2083 2952">
    <p class='ocr_par' dir='ltr' id='par_1_42' title="bbox 493 2874 2083 2952">
     <span class='ocr_line' id='line_1_42' title="bbox 493 2874 2083 2952; baseline -0.004 -16"><span class='ocrx_word' id='word_1_346' title='bbox 493 2880 686 2936; x_wconf 88' lang='lat' dir='ltr'><strong>debeat</strong></span> <span class='ocrx_word' id='word_1_347' title='bbox 713 2880 923 2952; x_wconf 88' lang='lat' dir='ltr'><strong>singula</strong></span> <span class='ocrx_word' id='word_1_348' title='bbox 971 2881 1025 2934; x_wconf 92' lang='lat' dir='ltr'><strong>in</strong></span> <span class='ocrx_word' id='word_1_349' title='bbox 1075 2880 1277 2935; x_wconf 87' lang='lat' dir='ltr'><strong>mundo</strong></span> <span class='ocrx_word' id='word_1_350' title='bbox 1329 2878 1561 2949; x_wconf 88' lang='lat' dir='ltr'><strong>coepisse</strong></span> <span class='ocrx_word' id='word_1_351' title='bbox 1607 2875 1836 2932; x_wconf 82' lang='lat' dir='ltr'><strong>deficere</strong></span> <span class='ocrx_word' id='word_1_352' title='bbox 1864 2874 2083 2946; x_wconf 89' lang='lat' dir='ltr'><strong>quando</strong></span> 
     </span>
    </p>
   </div>
   <div class='ocr_carea' id='block_1_43' title="bbox 494 2968 2045 3047">
    <p class='ocr_par' dir='ltr' id='par_1_43' title="bbox 494 2968 2045 3047">
     <span class='ocr_line' id='line_1_43' title="bbox 494 2968 2045 3047; baseline -0.004 -18"><span class='ocrx_word' id='word_1_353' title='bbox 494 2982 638 3030; x_wconf 88' lang='lat' dir='ltr'><strong>totus</strong></span> <span class='ocrx_word' id='word_1_354' title='bbox 661 2974 903 3046; x_wconf 74' lang='lat' dir='ltr'><strong>ipseiam</strong></span> <span class='ocrx_word' id='word_1_355' title='bbox 914 2975 1145 3030; x_wconf 88' lang='lat' dir='ltr'><strong>mundus</strong></span> <span class='ocrx_word' id='word_1_356' title='bbox 1167 2973 1224 3029; x_wconf 92' lang='lat' dir='ltr'><strong>in</strong></span> <span class='ocrx_word' id='word_1_357' title='bbox 1257 2972 1562 3029; x_wconf 86' lang='lat' dir='ltr'><strong>defectione</strong></span> <span class='ocrx_word' id='word_1_358' title='bbox 1587 2970 1659 3027; x_wconf 89' lang='lat' dir='ltr'><strong>sit</strong></span> <span class='ocrx_word' id='word_1_359' title='bbox 1682 2978 1738 3027; x_wconf 90' lang='lat' dir='ltr'><strong>et</strong></span> <span class='ocrx_word' id='word_1_360' title='bbox 1762 2971 1817 3025; x_wconf 91' lang='lat' dir='ltr'><strong>in</strong></span> <span class='ocrx_word' id='word_1_361' title='bbox 1840 2968 1970 3024; x_wconf 91' lang='lat' dir='ltr'><strong>ﬁne.</strong></span> <span class='ocrx_word' id='word_1_362' title='bbox 2008 3044 2016 3047; x_wconf 87' lang='lat'>_</span> <span class='ocrx_word' id='word_1_363' title='bbox 2042 3043 2045 3046; x_wconf 20' lang='lat'>.</span> 
     </span>
    </p>
   </div>
   <div class='ocr_carea' id='block_1_44' title="bbox 1084 3086 1486 3143">
    <p class='ocr_par' dir='ltr' id='par_1_44' title="bbox 1084 3086 1486 3143">
     <span class='ocr_line' id='line_1_44' title="bbox 1084 3086 1486 3143; baseline -0.005 -1"><span class='ocrx_word' id='word_1_364' title='bbox 1084 3086 1310 3143; x_wconf 84' lang='lat' dir='ltr'><strong>CAPUT</strong></span> <span class='ocrx_word' id='word_1_365' title='bbox 1350 3086 1486 3141; x_wconf 81' lang='lat' dir='ltr'><strong>XIII.</strong></span> 
     </span>
    </p>
   </div>
   <div class='ocr_carea' id='block_1_45' title="bbox 491 3170 2083 3260">
    <p class='ocr_par' dir='ltr' id='par_1_45' title="bbox 491 3170 2083 3260">
     <span class='ocr_line' id='line_1_45' title="bbox 491 3170 2083 3260; baseline -0.003 -28"><span class='ocrx_word' id='word_1_366' title='bbox 491 3177 571 3232; x_wconf 88' lang='lat' dir='ltr'><strong>De</strong></span> <span class='ocrx_word' id='word_1_367' title='bbox 597 3187 803 3233; x_wconf 82' lang='lat' dir='ltr'><strong>mortuo</strong></span> <span class='ocrx_word' id='word_1_368' title='bbox 817 3178 1032 3234; x_wconf 75' lang='lat' dir='ltr'><strong>inimico</strong></span> <span class='ocrx_word' id='word_1_369' title='bbox 1058 3195 1164 3232; x_wconf 82' lang='lat' dir='ltr'><strong>non</strong></span> <span class='ocrx_word' id='word_1_370' title='bbox 1187 3195 1297 3234; x_wconf 80' lang='lat' dir='ltr'><strong>esse</strong></span> <span class='ocrx_word' id='word_1_371' title='bbox 1310 3176 1668 3260; x_wconf 62' lang='lat' dir='ltr'><strong>gaudendum,</strong></span> <span class='ocrx_word' id='word_1_372' title='bbox 1697 3177 1917 3232; x_wconf 78' lang='lat' dir='ltr'><strong>scientes</strong></span> <span class='ocrx_word' id='word_1_373' title='bbox 1941 3170 2083 3246; x_wconf 83' lang='lat' dir='ltr'><strong>quod</strong></span> 
     </span>
    </p>
   </div>
   <div class='ocr_carea' id='block_1_46' title="bbox 1031 3265 1520 3304">
    <p class='ocr_par' dir='ltr' id='par_1_46' title="bbox 1031 3265 1520 3304">
     <span class='ocr_line' id='line_1_46' title="bbox 1031 3265 1520 3304; baseline -0.002 -1"><span class='ocrx_word' id='word_1_374' title='bbox 1031 3266 1207 3304; x_wconf 83' lang='lat' dir='ltr'><strong>omnes</strong></span> <span class='ocrx_word' id='word_1_375' title='bbox 1246 3266 1294 3301; x_wconf 89' lang='lat' dir='ltr'><strong>m</strong></span> <span class='ocrx_word' id='word_1_376' title='bbox 1303 3265 1431 3302; x_wconf 73' lang='lat' dir='ltr'><strong>Oﬂm</strong></span> <span class='ocrx_word' id='word_1_377' title='bbox 1440 3265 1520 3302; x_wconf 84' lang='lat' dir='ltr'><strong>ur.</strong></span> 
     </span>
    </p>
   </div>
   <div class='ocr_carea' id='block_1_47' title="bbox 567 3337 2075 3410">
    <p class='ocr_par' dir='ltr' id='par_1_47' title="bbox 567 3337 2075 3410">
     <span class='ocr_line' id='line_1_47' title="bbox 567 3337 2075 3410; baseline 0.001 -20"><span class='ocrx_word' id='word_1_378' title='bbox 567 3357 588 3390; x_wconf 78' lang='grc' dir='ltr'><strong>ι</strong></span> <span class='ocrx_word' id='word_1_379' title='bbox 622 3337 744 3394; x_wconf 88' lang='lat' dir='ltr'><strong>Noli</strong></span> <span class='ocrx_word' id='word_1_380' title='bbox 791 3339 858 3395; x_wconf 91' lang='lat' dir='ltr'><strong>de</strong></span> <span class='ocrx_word' id='word_1_381' title='bbox 909 3347 1124 3394; x_wconf 89' lang='lat' dir='ltr'><strong>mortuo</strong></span> <span class='ocrx_word' id='word_1_382' title='bbox 1162 3338 1384 3393; x_wconf 91' lang='lat' dir='ltr'><strong>inimico</strong></span> <span class='ocrx_word' id='word_1_383' title='bbox 1441 3347 1534 3393; x_wconf 93' lang='lat' dir='ltr'><strong>tuo</strong></span> <span class='ocrx_word' id='word_1_384' title='bbox 1583 3339 1839 3410; x_wconf 86' lang='lat' dir='ltr'><strong>gaudere,</strong></span> <span class='ocrx_word' id='word_1_385' title='bbox 1893 3337 2075 3394; x_wconf 89' lang='lat' dir='ltr'><strong>sciens</strong></span> 
     </span>
    </p>
   </div>
   <div class='ocr_carea' id='block_1_48' title="bbox 497 3431 2078 3503">
    <p class='ocr_par' dir='ltr' id='par_1_48' title="bbox 497 3431 2078 3503">
     <span class='ocr_line' id='line_1_48' title="bbox 497 3431 2078 3503; baseline -0.001 -18"><span class='ocrx_word' id='word_1_386' title='bbox 497 3451 518 3485; x_wconf 72' lang='grc' dir='ltr'><strong>ι</strong></span> <span class='ocrx_word' id='word_1_387' title='bbox 559 3433 816 3503; x_wconf 88' lang='lat' dir='ltr'><strong>quoniam</strong></span> <span class='ocrx_word' id='word_1_388' title='bbox 835 3447 1025 3488; x_wconf 91' lang='lat' dir='ltr'><strong>omnes</strong></span> <span class='ocrx_word' id='word_1_389' title='bbox 1051 3431 1318 3486; x_wconf 90' lang='lat' dir='ltr'><strong>morimur</strong></span> <span class='ocrx_word' id='word_1_390' title='bbox 1347 3450 1360 3484; x_wconf 87' lang='lat'><strong>:</strong></span> <span class='ocrx_word' id='word_1_391' title='bbox 1383 3439 1439 3486; x_wconf 91' lang='lat' dir='ltr'><strong>et</strong></span> <span class='ocrx_word' id='word_1_392' title='bbox 1467 3431 1522 3485; x_wconf 90' lang='lat' dir='ltr'><strong>in</strong></span> <span class='ocrx_word' id='word_1_393' title='bbox 1548 3433 1800 3503; x_wconf 76' lang='lat' dir='ltr'><strong>gaudium</strong></span> <span class='ocrx_word' id='word_1_394' title='bbox 1823 3431 2078 3486; x_wconf 91' lang='lat' dir='ltr'><strong>nolumus</strong></span> 
     </span>
    </p>
   </div>
   <div class='ocr_carea' id='block_1_49' title="bbox 498 3520 2077 3588">
    <p class='ocr_par' dir='ltr' id='par_1_49' title="bbox 498 3520 2077 3588">
     <span class='ocr_line' id='line_1_49' title="bbox 498 3520 2077 3588; baseline -0.001 -12"><span class='ocrx_word' id='word_1_395' title='bbox 498 3542 518 3576; x_wconf 75' lang='grc' dir='ltr'><strong>ι</strong></span> <span class='ocrx_word' id='word_1_396' title='bbox 553 3524 757 3578; x_wconf 89' lang='lat' dir='ltr'><strong>venire.</strong></span> <span class='ocrx_word' id='word_1_397' title='bbox 806 3542 824 3574; x_wconf 85' lang='grc'><strong>›</strong></span> <span class='ocrx_word' id='word_1_398' title='bbox 860 3523 1225 3588; x_wconf 89' lang='lat' dir='ltr'><strong>Subauditur,</strong></span> <span class='ocrx_word' id='word_1_399' title='bbox 1266 3521 1611 3577; x_wconf 89' lang='lat' dir='ltr'><strong>inimicorum</strong></span> <span class='ocrx_word' id='word_1_400' title='bbox 1644 3530 1974 3578; x_wconf 89' lang='lat' dir='ltr'><strong>nostrorum.</strong></span> <span class='ocrx_word' id='word_1_401' title='bbox 2019 3520 2077 3576; x_wconf 92' lang='lat' dir='ltr'><strong>Si</strong></span> 
     </span>
    </p>
   </div>
   <div class='ocr_carea' id='block_1_50' title="bbox 492 3610 2080 3684">
    <p class='ocr_par' dir='ltr' id='par_1_50' title="bbox 492 3610 2080 3684">
     <span class='ocr_line' id='line_1_50' title="bbox 492 3610 2080 3684; baseline -0.001 -17"><span class='ocrx_word' id='word_1_402' title='bbox 492 3614 640 3667; x_wconf 89' lang='lat' dir='ltr'><strong>enim</strong></span> <span class='ocrx_word' id='word_1_403' title='bbox 679 3613 974 3668; x_wconf 88' lang='lat' dir='ltr'><strong>secundum</strong></span> <span class='ocrx_word' id='word_1_404' title='bbox 1002 3612 1216 3666; x_wconf 91' lang='lat' dir='ltr'><strong>Domini</strong></span> <span class='ocrx_word' id='word_1_405' title='bbox 1244 3611 1560 3667; x_wconf 89' lang='lat' dir='ltr'><strong>mandatum</strong></span> <span class='ocrx_word' id='word_1_406' title='bbox 1595 3612 1869 3684; x_wconf 84' lang='lat' dir='ltr'><strong>diligimus</strong></span> <span class='ocrx_word' id='word_1_407' title='bbox 1899 3610 2080 3666; x_wconf 90' lang='lat' dir='ltr'><strong>inimi-</strong></span> 
     </span>
    </p>
   </div>
   <div class='ocr_carea' id='block_1_51' title="bbox 497 3701 2078 3770">
    <p class='ocr_par' dir='ltr' id='par_1_51' title="bbox 497 3701 2078 3770">
     <span class='ocr_line' id='line_1_51' title="bbox 497 3701 2078 3770; baseline -0.003 -11"><span class='ocrx_word' id='word_1_408' title='bbox 497 3719 590 3759; x_wconf 91' lang='lat' dir='ltr'><strong>cos</strong></span> <span class='ocrx_word' id='word_1_409' title='bbox 613 3710 848 3768; x_wconf 90' lang='lat' dir='ltr'><strong>nostros,</strong></span> <span class='ocrx_word' id='word_1_410' title='bbox 885 3709 942 3757; x_wconf 90' lang='lat' dir='ltr'><strong>et</strong></span> <span class='ocrx_word' id='word_1_411' title='bbox 985 3703 1121 3756; x_wconf 89' lang='lat' dir='ltr'><strong>bene</strong></span> <span class='ocrx_word' id='word_1_412' title='bbox 1175 3701 1401 3756; x_wconf 87' lang='lat' dir='ltr'><strong>facimus</strong></span> <span class='ocrx_word' id='word_1_413' title='bbox 1434 3703 1523 3757; x_wconf 89' lang='lat' dir='ltr'><strong>his</strong></span> <span class='ocrx_word' id='word_1_414' title='bbox 1560 3703 1652 3770; x_wconf 90' lang='lat' dir='ltr'><strong>qui</strong></span> <span class='ocrx_word' id='word_1_415' title='bbox 1699 3702 1930 3757; x_wconf 88' lang='lat' dir='ltr'><strong>oderunt</strong></span> <span class='ocrx_word' id='word_1_416' title='bbox 1954 3715 2078 3765; x_wconf 89' lang='lat' dir='ltr'><strong>nos,</strong></span> 
     </span>
    </p>
   </div>
   <div class='ocr_carea' id='block_1_52' title="bbox 495 3790 2085 3863">
    <p class='ocr_par' dir='ltr' id='par_1_52' title="bbox 495 3790 2085 3863">
     <span class='ocr_line' id='line_1_52' title="bbox 495 3790 2085 3863; baseline -0.003 -12"><span class='ocrx_word' id='word_1_417' title='bbox 495 3796 644 3851; x_wconf 88' lang='lat' dir='ltr'><strong>nullo</strong></span> <span class='ocrx_word' id='word_1_418' title='bbox 695 3794 854 3851; x_wconf 90' lang='lat' dir='ltr'><strong>modo</strong></span> <span class='ocrx_word' id='word_1_419' title='bbox 894 3793 963 3849; x_wconf 89' lang='lat' dir='ltr'><strong>de</strong></span> <span class='ocrx_word' id='word_1_420' title='bbox 1015 3807 1202 3848; x_wconf 86' lang='lat' dir='ltr'><strong>eorum</strong></span> <span class='ocrx_word' id='word_1_421' title='bbox 1239 3807 1370 3848; x_wconf 86' lang='lat' dir='ltr'><strong>casu</strong></span> <span class='ocrx_word' id='word_1_422' title='bbox 1419 3807 1709 3863; x_wconf 83' lang='lat' dir='ltr'><strong>possumus</strong></span> <span class='ocrx_word' id='word_1_423' title='bbox 1764 3790 1952 3846; x_wconf 70' lang='lat' dir='ltr'><strong>laetari.</strong></span> <span class='ocrx_word' id='word_1_424' title='bbox 2005 3790 2085 3846; x_wconf 89' lang='lat' dir='ltr'><strong>De</strong></span> 
     </span>
    </p>
   </div>
   <div class='ocr_carea' id='block_1_53' title="bbox 498 3882 2086 3958">
    <p class='ocr_par' dir='ltr' id='par_1_53' title="bbox 498 3882 2086 3958">
     <span class='ocr_line' id='line_1_53' title="bbox 498 3882 2086 3958; baseline -0.004 -16"><span class='ocrx_word' id='word_1_425' title='bbox 498 3903 607 3958; x_wconf 88' lang='lat' dir='ltr'><strong>quo</strong></span> <span class='ocrx_word' id='word_1_426' title='bbox 647 3895 703 3942; x_wconf 92' lang='lat' dir='ltr'><strong>et</strong></span> <span class='ocrx_word' id='word_1_427' title='bbox 738 3885 866 3941; x_wconf 88' lang='lat' dir='ltr'><strong>alibi</strong></span> <span class='ocrx_word' id='word_1_428' title='bbox 921 3883 1202 3954; x_wconf 89' lang='lat' dir='ltr'><strong>Scriptura</strong></span> <span class='ocrx_word' id='word_1_429' title='bbox 1249 3900 1348 3940; x_wconf 91' lang='lat' dir='ltr'><strong>nos</strong></span> <span class='ocrx_word' id='word_1_430' title='bbox 1392 3885 1663 3954; x_wconf 88' lang='lat' dir='ltr'><strong>prohibet,</strong></span> <span class='ocrx_word' id='word_1_431' title='bbox 1697 3885 1916 3939; x_wconf 91' lang='lat' dir='ltr'><strong>dicens:</strong></span> <span class='ocrx_word' id='word_1_432' title='bbox 1952 3901 1972 3934; x_wconf 83' lang='lat'><strong>(</strong></span> <span class='ocrx_word' id='word_1_433' title='bbox 2003 3882 2086 3936; x_wconf 82' lang='lat' dir='ltr'><strong>Ne</strong></span> 
     </span>
    </p>
   </div>
   <div class='ocr_carea' id='block_1_54' title="bbox 497 3975 2084 4047">
    <p class='ocr_par' dir='ltr' id='par_1_54' title="bbox 497 3975 2084 4047">
     <span class='ocr_line' id='line_1_54' title="bbox 497 3975 2084 4047; baseline -0.001 -16"><span class='ocrx_word' id='word_1_434' title='bbox 497 3979 698 4034; x_wconf 68' lang='lat' dir='ltr'><strong>laeteris</strong></span> <span class='ocrx_word' id='word_1_435' title='bbox 721 3978 777 4031; x_wconf 89' lang='lat' dir='ltr'><strong>in</strong></span> <span class='ocrx_word' id='word_1_436' title='bbox 799 3976 1020 4031; x_wconf 89' lang='lat' dir='ltr'><strong>alterius</strong></span> <span class='ocrx_word' id='word_1_437' title='bbox 1044 3990 1174 4031; x_wconf 90' lang='lat' dir='ltr'><strong>casu</strong></span> <span class='ocrx_word' id='word_1_438' title='bbox 1191 3976 1371 4046; x_wconf 86' lang='lat' dir='ltr'><strong>(Prov.</strong></span> <span class='ocrx_word' id='word_1_439' title='bbox 1396 3975 1556 4047; x_wconf 82' lang='lat' dir='ltr'><strong>xvn),</strong></span> <span class='ocrx_word' id='word_1_440' title='bbox 1589 3995 1607 4027; x_wconf 77' lang='grc' dir='ltr'><strong>ι</strong></span> <span class='ocrx_word' id='word_1_441' title='bbox 1639 3977 1732 4030; x_wconf 92' lang='lat' dir='ltr'><strong>sed</strong></span> <span class='ocrx_word' id='word_1_442' title='bbox 1755 3989 1946 4030; x_wconf 90' lang='lat' dir='ltr'><strong>eorum</strong></span> <span class='ocrx_word' id='word_1_443' title='bbox 1964 3975 2084 4030; x_wconf 88' lang='lat' dir='ltr'><strong>vice</strong></span> 
     </span>
    </p>
   </div>
   <div class='ocr_carea' id='block_1_55' title="bbox 500 4055 2084 4134">
    <p class='ocr_par' dir='ltr' id='par_1_55' title="bbox 500 4055 2084 4134">
     <span class='ocr_line' id='line_1_55' title="bbox 500 4055 2084 4134; baseline -0.001 -7"><span class='ocrx_word' id='word_1_444' title='bbox 500 4069 868 4134; x_wconf 88' lang='lat' dir='ltr'><strong>condolentes,</strong></span> <span class='ocrx_word' id='word_1_445' title='bbox 925 4070 1066 4124; x_wconf 91' lang='lat' dir='ltr'><strong>sicut</strong></span> <span class='ocrx_word' id='word_1_446' title='bbox 1105 4078 1354 4126; x_wconf 88' lang='lat' dir='ltr'><strong>nostram</strong></span> <span class='ocrx_word' id='word_1_447' title='bbox 1403 4071 1480 4125; x_wconf 90' lang='lat' dir='ltr'><strong>ita</strong></span> <span class='ocrx_word' id='word_1_448' title='bbox 1507 4078 1562 4126; x_wconf 89' lang='lat' dir='ltr'><strong>et</strong></span> <span class='ocrx_word' id='word_1_449' title='bbox 1608 4055 1825 4126; x_wconf 86' lang='lat' dir='ltr'><strong>illorum</strong></span> <span class='ocrx_word' id='word_1_450' title='bbox 1869 4071 2084 4125; x_wconf 90' lang='lat' dir='ltr'><strong>ruinam</strong></span> 
     </span>
    </p>
   </div>
   <div class='ocr_carea' id='block_1_56' title="bbox 503 4159 2086 4217">
    <p class='ocr_par' dir='ltr' id='par_1_56' title="bbox 503 4159 2086 4217">
     <span class='ocr_line' id='line_1_56' title="bbox 503 4159 2086 4217; baseline 0 -1"><span class='ocrx_word' id='word_1_451' title='bbox 503 4159 780 4216; x_wconf 89' lang='lat' dir='ltr'><strong>deflemus.</strong></span> <span class='ocrx_word' id='word_1_452' title='bbox 810 4159 997 4216; x_wconf 78' lang='lat' dir='ltr'><strong>Mortis</strong></span> <span class='ocrx_word' id='word_1_453' title='bbox 1041 4162 1188 4217; x_wconf 91' lang='lat' dir='ltr'><strong>enim</strong></span> <span class='ocrx_word' id='word_1_454' title='bbox 1222 4177 1448 4217; x_wconf 88' lang='lat' dir='ltr'><strong>occasus</strong></span> <span class='ocrx_word' id='word_1_455' title='bbox 1491 4161 1740 4216; x_wconf 90' lang='lat' dir='ltr'><strong>omnibus</strong></span> <span class='ocrx_word' id='word_1_456' title='bbox 1783 4161 2086 4217; x_wconf 90' lang='lat' dir='ltr'><strong>communis</strong></span> 
     </span>
    </p>
   </div>
   <div class='ocr_carea' id='block_1_57' title="bbox 501 4251 2084 4323">
    <p class='ocr_par' dir='ltr' id='par_1_57' title="bbox 501 4251 2084 4323">
     <span class='ocr_line' id='line_1_57' title="bbox 501 4251 2084 4323; baseline 0 -17"><span class='ocrx_word' id='word_1_457' title='bbox 501 4260 617 4317; x_wconf 88' lang='lat' dir='ltr'><strong>est;</strong></span> <span class='ocrx_word' id='word_1_458' title='bbox 663 4261 719 4306; x_wconf 90' lang='lat' dir='ltr'><strong>et</strong></span> <span class='ocrx_word' id='word_1_459' title='bbox 742 4251 864 4307; x_wconf 89' lang='lat' dir='ltr'><strong>ideo</strong></span> <span class='ocrx_word' id='word_1_460' title='bbox 911 4251 1052 4308; x_wconf 90' lang='lat' dir='ltr'><strong>sicut</strong></span> <span class='ocrx_word' id='word_1_461' title='bbox 1090 4268 1189 4308; x_wconf 92' lang='lat' dir='ltr'><strong>nos</strong></span> <span class='ocrx_word' id='word_1_462' title='bbox 1230 4252 1478 4308; x_wconf 91' lang='lat' dir='ltr'><strong>nolumus</strong></span> <span class='ocrx_word' id='word_1_463' title='bbox 1520 4253 1576 4306; x_wconf 93' lang='lat' dir='ltr'><strong>in</strong></span> <span class='ocrx_word' id='word_1_464' title='bbox 1606 4252 1859 4323; x_wconf 80' lang='lat' dir='ltr'><strong>gaudium</strong></span> <span class='ocrx_word' id='word_1_465' title='bbox 1902 4252 2084 4307; x_wconf 91' lang='lat' dir='ltr'><strong>inimi-</strong></span> 
     </span>
    </p>
   </div>
   <div class='ocr_carea' id='block_1_58' title="bbox 503 4343 2087 4412">
    <p class='ocr_par' dir='ltr' id='par_1_58' title="bbox 503 4343 2087 4412">
     <span class='ocr_line' id='line_1_58' title="bbox 503 4343 2087 4412; baseline -0.003 -12"><span class='ocrx_word' id='word_1_466' title='bbox 503 4359 692 4400; x_wconf 90' lang='lat' dir='ltr'><strong>corum</strong></span> <span class='ocrx_word' id='word_1_467' title='bbox 740 4353 1052 4401; x_wconf 91' lang='lat' dir='ltr'><strong>nostrorum</strong></span> <span class='ocrx_word' id='word_1_468' title='bbox 1106 4345 1367 4410; x_wconf 90' lang='lat' dir='ltr'><strong>incidere,</strong></span> <span class='ocrx_word' id='word_1_469' title='bbox 1418 4345 1495 4399; x_wconf 91' lang='lat' dir='ltr'><strong>ita</strong></span> <span class='ocrx_word' id='word_1_470' title='bbox 1531 4358 1632 4398; x_wconf 91' lang='lat' dir='ltr'><strong>nec</strong></span> <span class='ocrx_word' id='word_1_471' title='bbox 1661 4343 1763 4412; x_wconf 91' lang='lat' dir='ltr'><strong>ipsi</strong></span> <span class='ocrx_word' id='word_1_472' title='bbox 1803 4343 1870 4398; x_wconf 90' lang='lat' dir='ltr'><strong>de</strong></span> <span class='ocrx_word' id='word_1_473' title='bbox 1898 4358 2087 4398; x_wconf 91' lang='lat' dir='ltr'><strong>eorum</strong></span> 
     </span>
    </p>
   </div>
   <div class='ocr_carea' id='block_1_59' title="bbox 503 4433 2089 4504">
    <p class='ocr_par' dir='ltr' id='par_1_59' title="bbox 503 4433 2089 4504">
     <span class='ocr_line' id='line_1_59' title="bbox 503 4433 2089 4504; baseline -0.004 -13"><span class='ocrx_word' id='word_1_474' title='bbox 503 4435 727 4491; x_wconf 87' lang='lat' dir='ltr'><strong>interitu</strong></span> <span class='ocrx_word' id='word_1_475' title='bbox 745 4435 1003 4490; x_wconf 89' lang='lat' dir='ltr'><strong>debemus</strong></span> <span class='ocrx_word' id='word_1_476' title='bbox 1019 4435 1282 4504; x_wconf 83' lang='lat' dir='ltr'><strong>gaudere;</strong></span> <span class='ocrx_word' id='word_1_477' title='bbox 1306 4434 1402 4489; x_wconf 90' lang='lat' dir='ltr'><strong>sed</strong></span> <span class='ocrx_word' id='word_1_478' title='bbox 1415 4433 1559 4488; x_wconf 91' lang='lat' dir='ltr'><strong>illius</strong></span> <span class='ocrx_word' id='word_1_479' title='bbox 1573 4434 1856 4488; x_wconf 86' lang='lat' dir='ltr'><strong>sententiae</strong></span> <span class='ocrx_word' id='word_1_480' title='bbox 1871 4447 2089 4502; x_wconf 90' lang='lat' dir='ltr'><strong>semper</strong></span> 
     </span>
    </p>
   </div>
   <div class='ocr_carea' id='block_1_60' title="bbox 506 4522 2088 4593">
    <p class='ocr_par' dir='ltr' id='par_1_60' title="bbox 506 4522 2088 4593">
     <span class='ocr_line' id='line_1_60' title="bbox 506 4522 2088 4593; baseline -0.005 -12"><span class='ocrx_word' id='word_1_481' title='bbox 506 4541 776 4583; x_wconf 88' lang='lat' dir='ltr'><strong>memores</strong></span> <span class='ocrx_word' id='word_1_482' title='bbox 824 4541 945 4581; x_wconf 90' lang='lat' dir='ltr'><strong>esse</strong></span> <span class='ocrx_word' id='word_1_483' title='bbox 973 4565 990 4590; x_wconf 93' lang='lat'><strong>,</strong></span> <span class='ocrx_word' id='word_1_484' title='bbox 1021 4540 1128 4593; x_wconf 90' lang='lat' dir='ltr'><strong>qua</strong></span> <span class='ocrx_word' id='word_1_485' title='bbox 1174 4524 1378 4577; x_wconf 90' lang='lat' dir='ltr'><strong>dictum</strong></span> <span class='ocrx_word' id='word_1_486' title='bbox 1408 4530 1529 4578; x_wconf 87' lang='lat' dir='ltr'><strong>est:</strong></span> <span class='ocrx_word' id='word_1_487' title='bbox 1570 4541 1588 4574; x_wconf 74' lang='grc' dir='ltr'><strong>ι</strong></span> <span class='ocrx_word' id='word_1_488' title='bbox 1627 4523 1782 4588; x_wconf 85' lang='lat' dir='ltr'><strong>Quod</strong></span> <span class='ocrx_word' id='word_1_489' title='bbox 1827 4522 1925 4575; x_wconf 88' lang='lat' dir='ltr'><strong>tibi</strong></span> <span class='ocrx_word' id='word_1_490' title='bbox 1968 4522 2088 4574; x_wconf 84' lang='lat' dir='ltr'><strong>ﬁeri</strong></span> 
     </span>
    </p>
   </div>
   <div class='ocr_carea' id='block_1_61' title="bbox 2182 2035 3780 2118">
    <p class='ocr_par' dir='ltr' id='par_1_61' title="bbox 2182 2035 3780 2118">
     <span class='ocr_line' id='line_1_61' title="bbox 2182 2035 3780 2118; baseline -0.013 -9"><span class='ocrx_word' id='word_1_491' title='bbox 2182 2052 2416 2109; x_wconf 90' lang='lat' dir='ltr'><strong>ctionem</strong></span> <span class='ocrx_word' id='word_1_492' title='bbox 2437 2049 2583 2104; x_wconf 93' lang='lat' dir='ltr'><strong>omni</strong></span> <span class='ocrx_word' id='word_1_493' title='bbox 2611 2047 2854 2118; x_wconf 92' lang='lat' dir='ltr'><strong>poscenti</strong></span> <span class='ocrx_word' id='word_1_494' title='bbox 2882 2059 2977 2100; x_wconf 89' lang='lat' dir='ltr'><strong>vos</strong></span> <span class='ocrx_word' id='word_1_495' title='bbox 3017 2043 3283 2098; x_wconf 87' lang='lat' dir='ltr'><strong>rationem</strong></span> <span class='ocrx_word' id='word_1_496' title='bbox 3326 2040 3390 2094; x_wconf 91' lang='lat' dir='ltr'><strong>de</strong></span> <span class='ocrx_word' id='word_1_497' title='bbox 3424 2053 3509 2104; x_wconf 92' lang='lat' dir='ltr'><strong>ea,</strong></span> <span class='ocrx_word' id='word_1_498' title='bbox 3551 2051 3678 2106; x_wconf 82' lang='lat' dir='ltr'><strong>quae</strong></span> <span class='ocrx_word' id='word_1_499' title='bbox 3721 2035 3780 2089; x_wconf 90' lang='lat' dir='ltr'><strong>in</strong></span> 
     </span>
    </p>
   </div>
   <div class='ocr_carea' id='block_1_62' title="bbox 2181 2130 3782 2212">
    <p class='ocr_par' dir='ltr' id='par_1_62' title="bbox 2181 2130 3782 2212">
     <span class='ocr_line' id='line_1_62' title="bbox 2181 2130 3782 2212; baseline -0.012 -12"><span class='ocrx_word' id='word_1_500' title='bbox 2181 2145 2357 2209; x_wconf 89' lang='lat' dir='ltr'><strong>vobis,</strong></span> <span class='ocrx_word' id='word_1_501' title='bbox 2390 2151 2473 2198; x_wconf 92' lang='lat' dir='ltr'><strong>est</strong></span> <span class='ocrx_word' id='word_1_502' title='bbox 2499 2156 2593 2212; x_wconf 87' lang='lat' dir='ltr'><strong>spe</strong></span> <span class='ocrx_word' id='word_1_503' title='bbox 2619 2139 2681 2212; x_wconf 91' lang='grc' dir='ltr'><strong>(Ι</strong></span> <span class='ocrx_word' id='word_1_504' title='bbox 2709 2137 2832 2194; x_wconf 84' lang='lat' dir='ltr'><strong>Pet.</strong></span> <span class='ocrx_word' id='word_1_505' title='bbox 2857 2137 2974 2210; x_wconf 90' lang='grc' dir='ltr'><strong>ιιι).</strong></span> <span class='ocrx_word' id='word_1_506' title='bbox 3013 2156 3031 2188; x_wconf 74' lang='grc' dir='ltr'><strong>ι</strong></span> <span class='ocrx_word' id='word_1_507' title='bbox 3058 2133 3330 2190; x_wconf 90' lang='lat' dir='ltr'><strong>Condecet</strong></span> <span class='ocrx_word' id='word_1_508' title='bbox 3367 2130 3512 2187; x_wconf 92' lang='lat' dir='ltr'><strong>enim</strong></span> <span class='ocrx_word' id='word_1_509' title='bbox 3552 2143 3782 2183; x_wconf 74' lang='lat' dir='ltr'><strong>servum</strong></span> 
     </span>
    </p>
   </div>
   <div class='ocr_carea' id='block_1_63' title="bbox 2183 2223 3785 2305">
    <p class='ocr_par' dir='ltr' id='par_1_63' title="bbox 2183 2223 3785 2305">
     <span class='ocr_line' id='line_1_63' title="bbox 2183 2223 3785 2305; baseline -0.01 -16"><span class='ocrx_word' id='word_1_510' title='bbox 2183 2235 2278 2289; x_wconf 87' lang='lat' dir='ltr'><strong>Dei</strong></span> <span class='ocrx_word' id='word_1_511' title='bbox 2308 2233 2594 2305; x_wconf 83' lang='lat' dir='ltr'><strong>diligenter</strong></span> <span class='ocrx_word' id='word_1_512' title='bbox 2625 2240 2681 2286; x_wconf 91' lang='lat' dir='ltr'><strong>et</strong></span> <span class='ocrx_word' id='word_1_513' title='bbox 2721 2237 2876 2286; x_wconf 88' lang='lat' dir='ltr'><strong>caute</strong></span> <span class='ocrx_word' id='word_1_514' title='bbox 2910 2243 2974 2284; x_wconf 91' lang='lat' dir='ltr'><strong>ea</strong></span> <span class='ocrx_word' id='word_1_515' title='bbox 3014 2243 3047 2281; x_wconf 91' lang='lat' dir='ltr'><strong>a</strong></span> <span class='ocrx_word' id='word_1_516' title='bbox 3084 2225 3358 2296; x_wconf 85' lang='lat' dir='ltr'><strong>magistris</strong></span> <span class='ocrx_word' id='word_1_517' title='bbox 3379 2223 3620 2285; x_wconf 86' lang='lat' dir='ltr'><strong>discere,</strong></span> <span class='ocrx_word' id='word_1_518' title='bbox 3651 2233 3785 2290; x_wconf 82' lang='lat' dir='ltr'><strong>quae</strong></span> 
     </span>
    </p>
   </div>
   <div class='ocr_carea' id='block_1_64' title="bbox 2183 2312 3786 2397">
    <p class='ocr_par' dir='ltr' id='par_1_64' title="bbox 2183 2312 3786 2397">
     <span class='ocr_line' id='line_1_64' title="bbox 2183 2312 3786 2397; baseline -0.01 -17"><span class='ocrx_word' id='word_1_519' title='bbox 2183 2327 2299 2397; x_wconf 91' lang='lat' dir='ltr'><strong>ipse</strong></span> <span class='ocrx_word' id='word_1_520' title='bbox 2326 2324 2667 2396; x_wconf 86' lang='lat' dir='ltr'><strong>postmodum</strong></span> <span class='ocrx_word' id='word_1_521' title='bbox 2706 2321 2827 2377; x_wconf 90' lang='lat' dir='ltr'><strong>aliis</strong></span> <span class='ocrx_word' id='word_1_522' title='bbox 2848 2319 3141 2390; x_wconf 89' lang='lat' dir='ltr'><strong>prudenter</strong></span> <span class='ocrx_word' id='word_1_523' title='bbox 3176 2324 3233 2372; x_wconf 92' lang='lat' dir='ltr'><strong>et</strong></span> <span class='ocrx_word' id='word_1_524' title='bbox 3274 2315 3566 2371; x_wconf 89' lang='lat' dir='ltr'><strong>salubriter</strong></span> <span class='ocrx_word' id='word_1_525' title='bbox 3597 2312 3786 2382; x_wconf 86' lang='lat' dir='ltr'><strong>possit</strong></span> 
     </span>
    </p>
   </div>
   <div class='ocr_carea' id='block_1_65' title="bbox 2181 2401 3785 2489">
    <p class='ocr_par' dir='ltr' id='par_1_65' title="bbox 2181 2401 3785 2489">
     <span class='ocr_line' id='line_1_65' title="bbox 2181 2401 3785 2489; baseline -0.012 -15"><span class='ocrx_word' id='word_1_526' title='bbox 2181 2418 2451 2489; x_wconf 89' lang='lat' dir='ltr'><strong>proferre,</strong></span> <span class='ocrx_word' id='word_1_527' title='bbox 2477 2431 2547 2471; x_wconf 92' lang='lat' dir='ltr'><strong>ne</strong></span> <span class='ocrx_word' id='word_1_528' title='bbox 2567 2414 2728 2480; x_wconf 85' lang='lat' dir='ltr'><strong>forte,</strong></span> <span class='ocrx_word' id='word_1_529' title='bbox 2753 2413 2802 2468; x_wconf 88' lang='lat' dir='ltr'><strong>si</strong></span> <span class='ocrx_word' id='word_1_530' title='bbox 2829 2411 2920 2466; x_wconf 92' lang='lat' dir='ltr'><strong>ille</strong></span> <span class='ocrx_word' id='word_1_531' title='bbox 2947 2411 3098 2480; x_wconf 91' lang='lat' dir='ltr'><strong>prius</strong></span> <span class='ocrx_word' id='word_1_532' title='bbox 3127 2409 3282 2480; x_wconf 89' lang='lat' dir='ltr'><strong>piger</strong></span> <span class='ocrx_word' id='word_1_533' title='bbox 3316 2415 3373 2462; x_wconf 90' lang='lat' dir='ltr'><strong>et</strong></span> <span class='ocrx_word' id='word_1_534' title='bbox 3396 2408 3579 2478; x_wconf 87' lang='lat' dir='ltr'><strong>segnis</strong></span> <span class='ocrx_word' id='word_1_535' title='bbox 3604 2403 3683 2457; x_wconf 86' lang='lat' dir='ltr'><strong>sit</strong></span> <span class='ocrx_word' id='word_1_536' title='bbox 3709 2401 3785 2455; x_wconf 83' lang='lat' dir='ltr'><strong>ad</strong></span> 
     </span>
    </p>
   </div>
   <div class='ocr_carea' id='block_1_66' title="bbox 2182 2495 3784 2578">
    <p class='ocr_par' dir='ltr' id='par_1_66' title="bbox 2182 2495 3784 2578">
     <span class='ocr_line' id='line_1_66' title="bbox 2182 2495 3784 2578; baseline -0.012 -10"><span class='ocrx_word' id='word_1_537' title='bbox 2182 2509 2578 2574; x_wconf 89' lang='lat' dir='ltr'><strong>meditandum,</strong></span> <span class='ocrx_word' id='word_1_538' title='bbox 2605 2512 2792 2578; x_wconf 89' lang='lat' dir='ltr'><strong>postea</strong></span> <span class='ocrx_word' id='word_1_539' title='bbox 2831 2504 2952 2560; x_wconf 91' lang='lat' dir='ltr'><strong>aliis</strong></span> <span class='ocrx_word' id='word_1_540' title='bbox 2985 2503 3298 2559; x_wconf 90' lang='lat' dir='ltr'><strong>inveniatur</strong></span> <span class='ocrx_word' id='word_1_541' title='bbox 3326 2498 3531 2556; x_wconf 89' lang='lat' dir='ltr'><strong>inutilis</strong></span> <span class='ocrx_word' id='word_1_542' title='bbox 3561 2497 3631 2552; x_wconf 88' lang='lat' dir='ltr'><strong>ad</strong></span> <span class='ocrx_word' id='word_1_543' title='bbox 3671 2495 3784 2550; x_wconf 81' lang='lat' dir='ltr'><strong>do-</strong></span> 
     </span>
    </p>
   </div>
   <div class='ocr_carea' id='block_1_67' title="bbox 2183 2602 2439 2658">
    <p class='ocr_par' dir='ltr' id='par_1_67' title="bbox 2183 2602 2439 2658">
     <span class='ocr_line' id='line_1_67' title="bbox 2183 2602 2439 2658; baseline -0.012 0"><span class='ocrx_word' id='word_1_544' title='bbox 2183 2602 2439 2658; x_wconf 90' lang='lat' dir='ltr'><strong>cendum.</strong></span> 
     </span>
    </p>
   </div>
   <div class='ocr_carea' id='block_1_68' title="bbox 2261 2689 3785 2757">
    <p class='ocr_par' dir='ltr' id='par_1_68' title="bbox 2261 2689 3785 2757">
     <span class='ocr_line' id='line_1_68' title="bbox 2261 2689 3785 2757; baseline -0.009 -13"><span class='ocrx_word' id='word_1_545' title='bbox 2261 2712 2280 2744; x_wconf 88' lang='grc'><strong><em>‹</em></strong></span> <span class='ocrx_word' id='word_1_546' title='bbox 2303 2692 2383 2748; x_wconf 83' lang='lat' dir='ltr'><strong>Ne</strong></span> <span class='ocrx_word' id='word_1_547' title='bbox 2404 2691 2662 2747; x_wconf 89' lang='lat' dir='ltr'><strong>incendas</strong></span> <span class='ocrx_word' id='word_1_548' title='bbox 2690 2689 2957 2745; x_wconf 89' lang='lat' dir='ltr'><strong>carbones</strong></span> <span class='ocrx_word' id='word_1_549' title='bbox 2994 2691 3348 2757; x_wconf 88' lang='lat' dir='ltr'><strong>peccatorum</strong></span> <span class='ocrx_word' id='word_1_550' title='bbox 3379 2693 3613 2750; x_wconf 85' lang='lat' dir='ltr'><strong>arguens</strong></span> <span class='ocrx_word' id='word_1_551' title='bbox 3649 2691 3785 2738; x_wconf 84' lang='lat' dir='ltr'><strong>eos,</strong></span> 
     </span>
    </p>
   </div>
   <div class='ocr_carea' id='block_1_69' title="bbox 2190 2773 3781 2851">
    <p class='ocr_par' dir='ltr' id='par_1_69' title="bbox 2190 2773 3781 2851">
     <span class='ocr_line' id='line_1_69' title="bbox 2190 2773 3781 2851; baseline -0.012 -12"><span class='ocrx_word' id='word_1_552' title='bbox 2190 2805 2209 2839; x_wconf 85' lang='grc'><em>‹</em></span> <span class='ocrx_word' id='word_1_553' title='bbox 2246 2794 2304 2842; x_wconf 90' lang='lat' dir='ltr'><strong>et</strong></span> <span class='ocrx_word' id='word_1_554' title='bbox 2325 2800 2394 2841; x_wconf 90' lang='lat' dir='ltr'><strong>ne</strong></span> <span class='ocrx_word' id='word_1_555' title='bbox 2420 2784 2728 2841; x_wconf 89' lang='lat' dir='ltr'><strong>incendaris</strong></span> <span class='ocrx_word' id='word_1_556' title='bbox 2740 2779 2953 2837; x_wconf 85' lang='lat' dir='ltr'><strong>flamma</strong></span> <span class='ocrx_word' id='word_1_557' title='bbox 2972 2780 3111 2851; x_wconf 88' lang='lat' dir='ltr'><strong>ignis</strong></span> <span class='ocrx_word' id='word_1_558' title='bbox 3127 2785 3470 2849; x_wconf 88' lang='lat' dir='ltr'><strong>peccatorum</strong></span> <span class='ocrx_word' id='word_1_559' title='bbox 3484 2773 3732 2827; x_wconf 87' lang='lat' dir='ltr'><strong>illorum.</strong></span> <span class='ocrx_word' id='word_1_560' title='bbox 3763 2790 3781 2819; x_wconf 78' lang='grc' dir='ltr'><strong>ι</strong></span> 
     </span>
    </p>
   </div>
   <div class='ocr_carea' id='block_1_70' title="bbox 2185 2863 3784 2945">
    <p class='ocr_par' dir='ltr' id='par_1_70' title="bbox 2185 2863 3784 2945">
     <span class='ocr_line' id='line_1_70' title="bbox 2185 2863 3784 2945; baseline -0.013 -9"><span class='ocrx_word' id='word_1_561' title='bbox 2185 2879 2389 2936; x_wconf 87' lang='lat' dir='ltr'><strong>Cautus</strong></span> <span class='ocrx_word' id='word_1_562' title='bbox 2415 2893 2538 2934; x_wconf 91' lang='lat' dir='ltr'><strong>esse</strong></span> <span class='ocrx_word' id='word_1_563' title='bbox 2575 2876 2736 2932; x_wconf 90' lang='lat' dir='ltr'><strong>debet</strong></span> <span class='ocrx_word' id='word_1_564' title='bbox 2757 2875 2849 2945; x_wconf 90' lang='lat' dir='ltr'><strong>qui</strong></span> <span class='ocrx_word' id='word_1_565' title='bbox 2892 2872 3012 2926; x_wconf 87' lang='lat' dir='ltr'><strong>aliis</strong></span> <span class='ocrx_word' id='word_1_566' title='bbox 3056 2869 3398 2939; x_wconf 89' lang='lat' dir='ltr'><strong>disciplinam</strong></span> <span class='ocrx_word' id='word_1_567' title='bbox 3425 2863 3675 2925; x_wconf 85' lang='lat' dir='ltr'><strong>adhibet,</strong></span> <span class='ocrx_word' id='word_1_568' title='bbox 3707 2877 3784 2915; x_wconf 89' lang='lat' dir='ltr'><strong>ne</strong></span> 
     </span>
    </p>
   </div>
   <div class='ocr_carea' id='block_1_71' title="bbox 2185 2953 3790 3042">
    <p class='ocr_par' dir='ltr' id='par_1_71' title="bbox 2185 2953 3790 3042">
     <span class='ocr_line' id='line_1_71' title="bbox 2185 2953 3790 3042; baseline -0.015 -14"><span class='ocrx_word' id='word_1_569' title='bbox 2185 2973 2325 3028; x_wconf 88' lang='lat' dir='ltr'><strong>forte</strong></span> <span class='ocrx_word' id='word_1_570' title='bbox 2342 2986 2443 3042; x_wconf 90' lang='lat' dir='ltr'><strong>per</strong></span> <span class='ocrx_word' id='word_1_571' title='bbox 2471 2969 2808 3025; x_wconf 89' lang='lat' dir='ltr'><strong>nimietatem</strong></span> <span class='ocrx_word' id='word_1_572' title='bbox 2839 2961 3197 3033; x_wconf 91' lang='lat' dir='ltr'><strong>correptionis</strong></span> <span class='ocrx_word' id='word_1_573' title='bbox 3221 2959 3372 3030; x_wconf 84' lang='lat' dir='ltr'><strong>pejor</strong></span> <span class='ocrx_word' id='word_1_574' title='bbox 3396 2955 3495 3010; x_wconf 89' lang='lat' dir='ltr'><strong>fiat</strong></span> <span class='ocrx_word' id='word_1_575' title='bbox 3525 2953 3790 3009; x_wconf 85' lang='lat' dir='ltr'><strong>irritatus</strong></span> 
     </span>
    </p>
   </div>
   <div class='ocr_carea' id='block_1_72' title="bbox 2185 3051 3790 3131">
    <p class='ocr_par' dir='ltr' id='par_1_72' title="bbox 2185 3051 3790 3131">
     <span class='ocr_line' id='line_1_72' title="bbox 2185 3051 3790 3131; baseline -0.015 -10"><span class='ocrx_word' id='word_1_576' title='bbox 2185 3065 2401 3120; x_wconf 86' lang='lat' dir='ltr'><strong>animus</strong></span> <span class='ocrx_word' id='word_1_577' title='bbox 2456 3059 2820 3131; x_wconf 89' lang='lat' dir='ltr'><strong>delinquentis</strong></span> <span class='ocrx_word' id='word_1_578' title='bbox 2853 3097 2867 3122; x_wconf 94' lang='lat'><strong>,</strong></span> <span class='ocrx_word' id='word_1_579' title='bbox 2900 3056 2986 3112; x_wconf 88' lang='lat' dir='ltr'><strong>vel</strong></span> <span class='ocrx_word' id='word_1_580' title='bbox 3032 3068 3103 3109; x_wconf 86' lang='lat' dir='ltr'><strong>ne</strong></span> <span class='ocrx_word' id='word_1_581' title='bbox 3141 3053 3256 3124; x_wconf 90' lang='lat' dir='ltr'><strong>ipse</strong></span> <span class='ocrx_word' id='word_1_582' title='bbox 3306 3051 3466 3105; x_wconf 71' lang='lat' dir='ltr'><strong>laesus</strong></span> <span class='ocrx_word' id='word_1_583' title='bbox 3519 3055 3790 3115; x_wconf 75' lang='lat' dir='ltr'><strong>gravetur</strong></span> 
     </span>
    </p>
   </div>
   <div class='ocr_carea' id='block_1_73' title="bbox 2184 3139 3787 3228">
    <p class='ocr_par' dir='ltr' id='par_1_73' title="bbox 2184 3139 3787 3228">
     <span class='ocr_line' id='line_1_73' title="bbox 2184 3139 3787 3228; baseline -0.012 -18"><span class='ocrx_word' id='word_1_584' title='bbox 2184 3154 2426 3228; x_wconf 87' lang='lat' dir='ltr'><strong>peccatis</strong></span> <span class='ocrx_word' id='word_1_585' title='bbox 2454 3152 2663 3209; x_wconf 90' lang='lat' dir='ltr'><strong>alienis.</strong></span> <span class='ocrx_word' id='word_1_586' title='bbox 2715 3149 2870 3206; x_wconf 92' lang='lat' dir='ltr'><strong>Unde</strong></span> <span class='ocrx_word' id='word_1_587' title='bbox 2917 3146 3207 3219; x_wconf 88' lang='lat' dir='ltr'><strong>Apostolus</strong></span> <span class='ocrx_word' id='word_1_588' title='bbox 3233 3143 3452 3199; x_wconf 88' lang='lat' dir='ltr'><strong>Galatas</strong></span> <span class='ocrx_word' id='word_1_589' title='bbox 3495 3139 3787 3202; x_wconf 88' lang='lat' dir='ltr'><strong>admonet,</strong></span> 
     </span>
    </p>
   </div>
   <div class='ocr_carea' id='block_1_74' title="bbox 2187 3229 3792 3316">
    <p class='ocr_par' dir='ltr' id='par_1_74' title="bbox 2187 3229 3792 3316">
     <span class='ocr_line' id='line_1_74' title="bbox 2187 3229 3792 3316; baseline -0.012 -13"><span class='ocrx_word' id='word_1_590' title='bbox 2187 3257 2250 3304; x_wconf 91' lang='lat' dir='ltr'><strong>ut</strong></span> <span class='ocrx_word' id='word_1_591' title='bbox 2271 3247 2424 3303; x_wconf 90' lang='lat' dir='ltr'><strong>illum</strong></span> <span class='ocrx_word' id='word_1_592' title='bbox 2469 3245 2565 3316; x_wconf 90' lang='lat' dir='ltr'><strong>qui</strong></span> <span class='ocrx_word' id='word_1_593' title='bbox 2609 3248 3014 3314; x_wconf 77' lang='lat' dir='ltr'><strong>praeoccupatus</strong></span> <span class='ocrx_word' id='word_1_594' title='bbox 3043 3237 3205 3292; x_wconf 89' lang='lat' dir='ltr'><strong>fuerit</strong></span> <span class='ocrx_word' id='word_1_595' title='bbox 3251 3235 3430 3305; x_wconf 89' lang='lat' dir='ltr'><strong>aliquo</strong></span> <span class='ocrx_word' id='word_1_596' title='bbox 3456 3232 3684 3294; x_wconf 89' lang='lat' dir='ltr'><strong>delicto,</strong></span> <span class='ocrx_word' id='word_1_597' title='bbox 3731 3229 3792 3284; x_wconf 87' lang='lat' dir='ltr'><strong>hi</strong></span> 
     </span>
    </p>
   </div>
   <div class='ocr_carea' id='block_1_75' title="bbox 2188 3321 3786 3412">
    <p class='ocr_par' dir='ltr' id='par_1_75' title="bbox 2188 3321 3786 3412">
     <span class='ocr_line' id='line_1_75' title="bbox 2188 3321 3786 3412; baseline -0.013 -15"><span class='ocrx_word' id='word_1_598' title='bbox 2188 3341 2282 3412; x_wconf 89' lang='lat' dir='ltr'><strong>qui</strong></span> <span class='ocrx_word' id='word_1_599' title='bbox 2325 3337 2596 3411; x_wconf 88' lang='lat' dir='ltr'><strong>spiritales</strong></span> <span class='ocrx_word' id='word_1_600' title='bbox 2655 3345 2780 3392; x_wconf 89' lang='lat' dir='ltr'><strong>sunt</strong></span> <span class='ocrx_word' id='word_1_601' title='bbox 2825 3335 3096 3389; x_wconf 91' lang='lat' dir='ltr'><strong>instruant</strong></span> <span class='ocrx_word' id='word_1_602' title='bbox 3141 3331 3197 3384; x_wconf 93' lang='lat' dir='ltr'><strong>in</strong></span> <span class='ocrx_word' id='word_1_603' title='bbox 3236 3321 3436 3400; x_wconf 47' lang='lat' dir='ltr'><strong>&#39;spiritu</strong></span> <span class='ocrx_word' id='word_1_604' title='bbox 3484 3324 3738 3380; x_wconf 88' lang='lat' dir='ltr'><strong>lenitatis</strong></span> <span class='ocrx_word' id='word_1_605' title='bbox 3770 3365 3786 3388; x_wconf 87' lang='lat'><strong>,</strong></span> 
     </span>
    </p>
   </div>
   <div class='ocr_carea' id='block_1_76' title="bbox 2184 3416 3787 3498">
    <p class='ocr_par' dir='ltr' id='par_1_76' title="bbox 2184 3416 3787 3498">
     <span class='ocr_line' id='line_1_76' title="bbox 2184 3416 3787 3498; baseline -0.013 -10"><span class='ocrx_word' id='word_1_606' title='bbox 2184 3431 2592 3488; x_wconf 83' lang='lat' dir='ltr'><strong>considerantes</strong></span> <span class='ocrx_word' id='word_1_607' title='bbox 2619 3427 2844 3498; x_wconf 91' lang='lat' dir='ltr'><strong>seipsos,</strong></span> <span class='ocrx_word' id='word_1_608' title='bbox 2870 3439 2940 3479; x_wconf 92' lang='lat' dir='ltr'><strong>ne</strong></span> <span class='ocrx_word' id='word_1_609' title='bbox 2961 3432 3015 3480; x_wconf 92' lang='lat' dir='ltr'><strong>et</strong></span> <span class='ocrx_word' id='word_1_610' title='bbox 3037 3423 3140 3493; x_wconf 91' lang='lat' dir='ltr'><strong>ipsi</strong></span> <span class='ocrx_word' id='word_1_611' title='bbox 3168 3417 3657 3488; x_wconf 80' lang='lat' dir='ltr'><strong>tententur(Galat.</strong></span> <span class='ocrx_word' id='word_1_612' title='bbox 3676 3416 3787 3484; x_wconf 79' lang='lat' dir='ltr'><strong>vi).</strong></span> 
     </span>
    </p>
   </div>
   <div class='ocr_carea' id='block_1_77' title="bbox 2183 3505 3792 3580">
    <p class='ocr_par' dir='ltr' id='par_1_77' title="bbox 2183 3505 3792 3580">
     <span class='ocr_line' id='line_1_77' title="bbox 2183 3505 3792 3580; baseline -0.012 -2"><span class='ocrx_word' id='word_1_613' title='bbox 2183 3522 2323 3578; x_wconf 82' lang='lat' dir='ltr'><strong>Hinc</strong></span> <span class='ocrx_word' id='word_1_614' title='bbox 2375 3529 2433 3576; x_wconf 90' lang='lat' dir='ltr'><strong>et</strong></span> <span class='ocrx_word' id='word_1_615' title='bbox 2472 3519 2530 3574; x_wconf 90' lang='lat' dir='ltr'><strong>in</strong></span> <span class='ocrx_word' id='word_1_616' title='bbox 2557 3514 2975 3573; x_wconf 88' lang='lat' dir='ltr'><strong>Deuteronomio</strong></span> <span class='ocrx_word' id='word_1_617' title='bbox 3024 3512 3283 3567; x_wconf 81' lang='lat' dir='ltr'><strong>Dominus</strong></span> <span class='ocrx_word' id='word_1_618' title='bbox 3329 3509 3484 3580; x_wconf 87' lang='lat' dir='ltr'><strong>jubet</strong></span> <span class='ocrx_word' id='word_1_619' title='bbox 3531 3522 3658 3563; x_wconf 89' lang='lat' dir='ltr'><strong>eum</strong></span> <span class='ocrx_word' id='word_1_620' title='bbox 3687 3505 3792 3574; x_wconf 88' lang='lat' dir='ltr'><strong>qui</strong></span> 
     </span>
    </p>
   </div>
   <div class='ocr_carea' id='block_1_78' title="bbox 2185 3598 3772 3674">
    <p class='ocr_par' dir='ltr' id='par_1_78' title="bbox 2185 3598 3772 3674">
     <span class='ocr_line' id='line_1_78' title="bbox 2185 3598 3772 3674; baseline -0.011 -4"><span class='ocrx_word' id='word_1_621' title='bbox 2185 3630 2308 3670; x_wconf 89' lang='lat' dir='ltr'><strong>cum</strong></span> <span class='ocrx_word' id='word_1_622' title='bbox 2331 3613 2506 3668; x_wconf 90' lang='lat' dir='ltr'><strong>amico</strong></span> <span class='ocrx_word' id='word_1_623' title='bbox 2530 3612 2586 3665; x_wconf 89' lang='lat' dir='ltr'><strong>in</strong></span> <span class='ocrx_word' id='word_1_624' title='bbox 2615 3607 2803 3665; x_wconf 86' lang='lat' dir='ltr'><strong>silvam</strong></span> <span class='ocrx_word' id='word_1_625' title='bbox 2829 3607 2896 3660; x_wconf 89' lang='lat' dir='ltr'><strong>ad</strong></span> <span class='ocrx_word' id='word_1_626' title='bbox 2913 3605 3256 3660; x_wconf 90' lang='lat' dir='ltr'><strong>incidendum</strong></span> <span class='ocrx_word' id='word_1_627' title='bbox 3279 3603 3420 3674; x_wconf 87' lang='lat' dir='ltr'><strong>ligna</strong></span> <span class='ocrx_word' id='word_1_628' title='bbox 3447 3601 3593 3665; x_wconf 88' lang='lat' dir='ltr'><strong>ierit,</strong></span> <span class='ocrx_word' id='word_1_629' title='bbox 3624 3598 3672 3653; x_wconf 88' lang='lat' dir='ltr'><strong>si</strong></span> <span class='ocrx_word' id='word_1_630' title='bbox 3703 3613 3772 3653; x_wconf 84' lang='lat' dir='ltr'><strong>se</strong></span> 
     </span>
    </p>
   </div>
   <div class='ocr_carea' id='block_1_79' title="bbox 2186 3691 3796 3776">
    <p class='ocr_par' dir='ltr' id='par_1_79' title="bbox 2186 3691 3796 3776">
     <span class='ocr_line' id='line_1_79' title="bbox 2186 3691 3796 3776; baseline -0.013 -12"><span class='ocrx_word' id='word_1_631' title='bbox 2186 3707 2332 3764; x_wconf 91' lang='lat' dir='ltr'><strong>curis</strong></span> <span class='ocrx_word' id='word_1_632' title='bbox 2358 3703 2609 3776; x_wconf 77' lang='lat' dir='ltr'><strong>effugerit</strong></span> <span class='ocrx_word' id='word_1_633' title='bbox 2628 3715 2866 3766; x_wconf 89' lang='lat' dir='ltr'><strong>manum,</strong></span> <span class='ocrx_word' id='word_1_634' title='bbox 2895 3707 2951 3753; x_wconf 91' lang='lat' dir='ltr'><strong>et</strong></span> <span class='ocrx_word' id='word_1_635' title='bbox 2977 3695 3342 3752; x_wconf 85' lang='lat' dir='ltr'><strong>vulneraverit</strong></span> <span class='ocrx_word' id='word_1_636' title='bbox 3361 3693 3692 3765; x_wconf 78' lang='lat' dir='ltr'><strong>proximum,</strong></span> <span class='ocrx_word' id='word_1_637' title='bbox 3724 3691 3796 3754; x_wconf 71' lang='lat' dir='ltr'><strong>is,</strong></span> 
     </span>
    </p>
   </div>
   <div class='ocr_carea' id='block_1_80' title="bbox 2187 3784 3789 3871">
    <p class='ocr_par' dir='ltr' id='par_1_80' title="bbox 2187 3784 3789 3871">
     <span class='ocr_line' id='line_1_80' title="bbox 2187 3784 3789 3871; baseline -0.013 -15"><span class='ocrx_word' id='word_1_638' title='bbox 2187 3801 2278 3871; x_wconf 93' lang='lat' dir='ltr'><strong>qui</strong></span> <span class='ocrx_word' id='word_1_639' title='bbox 2325 3796 2594 3870; x_wconf 88' lang='lat' dir='ltr'><strong>percussit</strong></span> <span class='ocrx_word' id='word_1_640' title='bbox 2636 3790 3184 3866; x_wconf 81' lang='lat' dir='ltr'><strong>proximum,&#39;fugiat</strong></span> <span class='ocrx_word' id='word_1_641' title='bbox 3228 3789 3295 3843; x_wconf 90' lang='lat' dir='ltr'><strong>ad</strong></span> <span class='ocrx_word' id='word_1_642' title='bbox 3339 3801 3503 3840; x_wconf 88' lang='lat' dir='ltr'><strong>unam</strong></span> <span class='ocrx_word' id='word_1_643' title='bbox 3558 3784 3789 3838; x_wconf 89' lang='lat' dir='ltr'><strong>urbium</strong></span> 
     </span>
    </p>
   </div>
   <div class='ocr_carea' id='block_1_81' title="bbox 2189 3873 3789 3958">
    <p class='ocr_par' dir='ltr' id='par_1_81' title="bbox 2189 3873 3789 3958">
     <span class='ocr_line' id='line_1_81' title="bbox 2189 3873 3789 3958; baseline -0.012 -12"><span class='ocrx_word' id='word_1_644' title='bbox 2189 3892 2418 3955; x_wconf 89' lang='lat' dir='ltr'><strong>illarum,</strong></span> <span class='ocrx_word' id='word_1_645' title='bbox 2459 3902 2578 3958; x_wconf 66' lang='lat' dir='ltr'><strong>qua:</strong></span> <span class='ocrx_word' id='word_1_646' title='bbox 2600 3885 2804 3956; x_wconf 87' lang='lat' dir='ltr'><strong>refugis</strong></span> <span class='ocrx_word' id='word_1_647' title='bbox 2828 3884 3096 3953; x_wconf 65' lang='lat' dir='ltr'><strong>deputatae</strong></span> <span class='ocrx_word' id='word_1_648' title='bbox 3118 3886 3264 3943; x_wconf 88' lang='lat' dir='ltr'><strong>sunt,</strong></span> <span class='ocrx_word' id='word_1_649' title='bbox 3305 3885 3361 3934; x_wconf 90' lang='lat' dir='ltr'><strong>et</strong></span> <span class='ocrx_word' id='word_1_650' title='bbox 3399 3875 3474 3929; x_wconf 89' lang='lat' dir='ltr'><strong>ibi</strong></span> <span class='ocrx_word' id='word_1_651' title='bbox 3500 3875 3568 3928; x_wconf 90' lang='lat' dir='ltr'><strong>ab</strong></span> <span class='ocrx_word' id='word_1_652' title='bbox 3600 3873 3789 3927; x_wconf 86' lang='lat' dir='ltr'><strong>ultore</strong></span> 
     </span>
    </p>
   </div>
   <div class='ocr_carea' id='block_1_82' title="bbox 2189 3963 3792 4052">
    <p class='ocr_par' dir='ltr' id='par_1_82' title="bbox 2189 3963 3792 4052">
     <span class='ocr_line' id='line_1_82' title="bbox 2189 3963 3792 4052; baseline -0.014 -15"><span class='ocrx_word' id='word_1_653' title='bbox 2189 3981 2468 4052; x_wconf 88' lang='lat' dir='ltr'><strong>sanguinis</strong></span> <span class='ocrx_word' id='word_1_654' title='bbox 2518 3977 2753 4049; x_wconf 82' lang='lat' dir='ltr'><strong>proximi</strong></span> <span class='ocrx_word' id='word_1_655' title='bbox 2799 3975 3000 4029; x_wconf 65' lang='lat' dir='ltr'><strong>illaesus</strong></span> <span class='ocrx_word' id='word_1_656' title='bbox 3042 3978 3286 4026; x_wconf 88' lang='lat' dir='ltr'><strong>servetur</strong></span> <span class='ocrx_word' id='word_1_657' title='bbox 3317 3965 3493 4038; x_wconf 84' lang='lat' dir='ltr'><strong>(Deut.</strong></span> <span class='ocrx_word' id='word_1_658' title='bbox 3529 3965 3668 4034; x_wconf 75' lang='lat' dir='ltr'><strong>xxx).</strong></span> <span class='ocrx_word' id='word_1_659' title='bbox 3698 3963 3792 4016; x_wconf 76' lang='lat' dir='ltr'><strong>Ad</strong></span> 
     </span>
    </p>
   </div>
   <div class='ocr_carea' id='block_1_83' title="bbox 2189 4055 3792 4134">
    <p class='ocr_par' dir='ltr' id='par_1_83' title="bbox 2189 4055 3792 4134">
     <span class='ocr_line' id='line_1_83' title="bbox 2189 4055 3792 4134; baseline -0.014 -6"><span class='ocrx_word' id='word_1_660' title='bbox 2189 4074 2382 4128; x_wconf 88' lang='lat' dir='ltr'><strong>silvam</strong></span> <span class='ocrx_word' id='word_1_661' title='bbox 2416 4085 2540 4126; x_wconf 91' lang='lat' dir='ltr'><strong>cum</strong></span> <span class='ocrx_word' id='word_1_662' title='bbox 2566 4070 2742 4125; x_wconf 89' lang='lat' dir='ltr'><strong>amico</strong></span> <span class='ocrx_word' id='word_1_663' title='bbox 2779 4067 2940 4130; x_wconf 87' lang='lat' dir='ltr'><strong>imus,</strong></span> <span class='ocrx_word' id='word_1_664' title='bbox 2973 4063 3188 4134; x_wconf 90' lang='lat' dir='ltr'><strong>quoties</strong></span> <span class='ocrx_word' id='word_1_665' title='bbox 3213 4075 3336 4116; x_wconf 89' lang='lat' dir='ltr'><strong>cum</strong></span> <span class='ocrx_word' id='word_1_666' title='bbox 3361 4055 3604 4128; x_wconf 89' lang='lat' dir='ltr'><strong>quolibet</strong></span> <span class='ocrx_word' id='word_1_667' title='bbox 3656 4070 3792 4124; x_wconf 86' lang='lat' dir='ltr'><strong>pro—</strong></span> 
     </span>
    </p>
   </div>
   <div class='ocr_carea' id='block_1_84' title="bbox 2190 4145 3794 4218">
    <p class='ocr_par' dir='ltr' id='par_1_84' title="bbox 2190 4145 3794 4218">
     <span class='ocr_line' id='line_1_84' title="bbox 2190 4145 3794 4218; baseline -0.015 1"><span class='ocrx_word' id='word_1_668' title='bbox 2190 4164 2336 4218; x_wconf 83' lang='lat' dir='ltr'><strong>ximo</strong></span> <span class='ocrx_word' id='word_1_669' title='bbox 2377 4162 2446 4217; x_wconf 92' lang='lat' dir='ltr'><strong>ad</strong></span> <span class='ocrx_word' id='word_1_670' title='bbox 2497 4159 2751 4215; x_wconf 90' lang='lat' dir='ltr'><strong>intuenda</strong></span> <span class='ocrx_word' id='word_1_671' title='bbox 2798 4156 2993 4212; x_wconf 86' lang='lat' dir='ltr'><strong>delicta</strong></span> <span class='ocrx_word' id='word_1_672' title='bbox 3042 4160 3230 4208; x_wconf 89' lang='lat' dir='ltr'><strong>nostra</strong></span> <span class='ocrx_word' id='word_1_673' title='bbox 3281 4145 3691 4208; x_wconf 85' lang='lat' dir='ltr'><strong>convertimur;</strong></span> <span class='ocrx_word' id='word_1_674' title='bbox 3731 4151 3794 4196; x_wconf 88' lang='lat' dir='ltr'><strong>et</strong></span> 
     </span>
    </p>
   </div>
   <div class='ocr_carea' id='block_1_85' title="bbox 2193 4234 3786 4322">
    <p class='ocr_par' dir='ltr' id='par_1_85' title="bbox 2193 4234 3786 4322">
     <span class='ocr_line' id='line_1_85' title="bbox 2193 4234 3786 4322; baseline -0.016 -13"><span class='ocrx_word' id='word_1_675' title='bbox 2193 4251 2517 4322; x_wconf 88' lang='lat' dir='ltr'><strong>simpliciter</strong></span> <span class='ocrx_word' id='word_1_676' title='bbox 2563 4249 2710 4320; x_wconf 91' lang='lat' dir='ltr'><strong>ligna</strong></span> <span class='ocrx_word' id='word_1_677' title='bbox 2759 4246 3117 4309; x_wconf 90' lang='lat' dir='ltr'><strong>succidimus,</strong></span> <span class='ocrx_word' id='word_1_678' title='bbox 3178 4255 3302 4298; x_wconf 90' lang='lat' dir='ltr'><strong>cum</strong></span> <span class='ocrx_word' id='word_1_679' title='bbox 3346 4234 3786 4306; x_wconf 88' lang='lat' dir='ltr'><strong>delinquentium</strong></span> 
     </span>
    </p>
   </div>
   <div class='ocr_carea' id='block_1_86' title="bbox 2189 4329 3786 4416">
    <p class='ocr_par' dir='ltr' id='par_1_86' title="bbox 2189 4329 3786 4416">
     <span class='ocr_line' id='line_1_86' title="bbox 2189 4329 3786 4416; baseline -0.014 -18"><span class='ocrx_word' id='word_1_680' title='bbox 2189 4345 2320 4400; x_wconf 93' lang='lat' dir='ltr'><strong>vitia</strong></span> <span class='ocrx_word' id='word_1_681' title='bbox 2348 4345 2438 4416; x_wconf 88' lang='lat' dir='ltr'><strong>pia</strong></span> <span class='ocrx_word' id='word_1_682' title='bbox 2464 4340 2762 4399; x_wconf 89' lang='lat' dir='ltr'><strong>intentione</strong></span> <span class='ocrx_word' id='word_1_683' title='bbox 2809 4352 3149 4400; x_wconf 82' lang='lat' dir='ltr'><strong>resecamus;</strong></span> <span class='ocrx_word' id='word_1_684' title='bbox 3180 4334 3275 4389; x_wconf 91' lang='lat' dir='ltr'><strong>sed</strong></span> <span class='ocrx_word' id='word_1_685' title='bbox 3305 4329 3513 4387; x_wconf 89' lang='lat' dir='ltr'><strong>securis</strong></span> <span class='ocrx_word' id='word_1_686' title='bbox 3554 4341 3786 4380; x_wconf 89' lang='lat' dir='ltr'><strong>manum</strong></span> 
     </span>
    </p>
   </div>
   <div class='ocr_carea' id='block_1_87' title="bbox 2192 4425 3786 4506">
    <p class='ocr_par' dir='ltr' id='par_1_87' title="bbox 2192 4425 3786 4506">
     <span class='ocr_line' id='line_1_87' title="bbox 2192 4425 3786 4506; baseline -0.013 -17"><span class='ocrx_word' id='word_1_687' title='bbox 2192 4436 2346 4506; x_wconf 86' lang='lat' dir='ltr'><strong>fugit,</strong></span> <span class='ocrx_word' id='word_1_688' title='bbox 2377 4450 2501 4490; x_wconf 89' lang='lat' dir='ltr'><strong>eum</strong></span> <span class='ocrx_word' id='word_1_689' title='bbox 2555 4446 2675 4488; x_wconf 89' lang='lat' dir='ltr'><strong>sese</strong></span> <span class='ocrx_word' id='word_1_690' title='bbox 2710 4428 3007 4498; x_wconf 89' lang='lat' dir='ltr'><strong>increpatio</strong></span> <span class='ocrx_word' id='word_1_691' title='bbox 3049 4427 3170 4496; x_wconf 90' lang='lat' dir='ltr'><strong>plus</strong></span> <span class='ocrx_word' id='word_1_692' title='bbox 3223 4436 3386 4492; x_wconf 89' lang='lat' dir='ltr'><strong>quam</strong></span> <span class='ocrx_word' id='word_1_693' title='bbox 3433 4432 3662 4474; x_wconf 88' lang='lat' dir='ltr'><strong>necesse</strong></span> <span class='ocrx_word' id='word_1_694' title='bbox 3691 4425 3786 4469; x_wconf 77' lang='lat' dir='ltr'><strong>est</strong></span> 
     </span>
    </p>
   </div>
   <div class='ocr_carea' id='block_1_88' title="bbox 2193 4505 3784 4593">
    <p class='ocr_par' dir='ltr' id='par_1_88' title="bbox 2193 4505 3784 4593">
     <span class='ocr_line' id='line_1_88' title="bbox 2193 4505 3784 4593; baseline -0.013 -15"><span class='ocrx_word' id='word_1_695' title='bbox 2193 4505 2272 4579; x_wconf 17' lang='lat' dir='ltr'><strong>in,</strong></span> <span class='ocrx_word' id='word_1_696' title='bbox 2300 4525 2644 4593; x_wconf 85' lang='lat' dir='ltr'><strong>asperitatem</strong></span> <span class='ocrx_word' id='word_1_697' title='bbox 2684 4518 2972 4590; x_wconf 87' lang='lat' dir='ltr'><strong>pertrahit,</strong></span> <span class='ocrx_word' id='word_1_698' title='bbox 3009 4515 3320 4583; x_wconf 90' lang='lat' dir='ltr'><strong>ferrumque</strong></span> <span class='ocrx_word' id='word_1_699' title='bbox 3368 4511 3435 4565; x_wconf 89' lang='lat' dir='ltr'><strong>de</strong></span> <span class='ocrx_word' id='word_1_700' title='bbox 3485 4505 3784 4562; x_wconf 88' lang='lat' dir='ltr'><strong>manubrio</strong></span> 
     </span>
    </p>
   </div>
   <div class='ocr_carea' id='block_1_89' title="bbox 509 4595 3783 4711">
    <p class='ocr_par' dir='ltr' id='par_1_89' title="bbox 509 4595 3783 4711">
     <span class='ocr_line' id='line_1_89' title="bbox 509 4595 3783 4711; baseline -0.008 -38"><span class='ocrx_word' id='word_1_701' title='bbox 509 4636 619 4675; x_wconf 87' lang='lat' dir='ltr'><strong>non</strong></span> <span class='ocrx_word' id='word_1_702' title='bbox 646 4619 753 4680; x_wconf 90' lang='lat' dir='ltr'><strong>vis,</strong></span> <span class='ocrx_word' id='word_1_703' title='bbox 810 4617 963 4671; x_wconf 90' lang='lat' dir='ltr'><strong>alteri</strong></span> <span class='ocrx_word' id='word_1_704' title='bbox 1016 4629 1084 4669; x_wconf 88' lang='lat' dir='ltr'><strong>ne</strong></span> <span class='ocrx_word' id='word_1_705' title='bbox 1123 4611 1316 4669; x_wconf 86' lang='lat' dir='ltr'><strong>feceris</strong></span> <span class='ocrx_word' id='word_1_706' title='bbox 1347 4612 1498 4684; x_wconf 89' lang='lat' dir='ltr'><strong>(Tob.</strong></span> <span class='ocrx_word' id='word_1_707' title='bbox 1530 4612 1628 4684; x_wconf 82' lang='lat' dir='ltr'><strong>tv).</strong></span> <span class='ocrx_word' id='word_1_708' title='bbox 1660 4631 1678 4664; x_wconf 74' lang='grc' dir='ltr'><strong>ι</strong></span> <span class='ocrx_word' id='word_1_709' title='bbox 1716 4610 1826 4666; x_wconf 89' lang='lat' dir='ltr'><strong>Nec</strong></span> <span class='ocrx_word' id='word_1_710' title='bbox 1877 4626 1986 4666; x_wconf 92' lang='lat' dir='ltr'><strong>non</strong></span> <span class='ocrx_word' id='word_1_711' title='bbox 2035 4618 2090 4664; x_wconf 92' lang='lat' dir='ltr'><strong>et</strong></span> <span class='ocrx_word' id='word_1_712' title='bbox 2113 4652 2167 4711; x_wconf 69' lang='grc' dir='ltr'><strong><em>Β</em></strong></span> <span class='ocrx_word' id='word_1_713' title='bbox 2192 4615 2424 4686; x_wconf 81' lang='lat' dir='ltr'><strong>prosilit,</strong></span> <span class='ocrx_word' id='word_1_714' title='bbox 2453 4628 2576 4669; x_wconf 90' lang='lat' dir='ltr'><strong>cum</strong></span> <span class='ocrx_word' id='word_1_715' title='bbox 2606 4611 2672 4665; x_wconf 92' lang='lat' dir='ltr'><strong>de</strong></span> <span class='ocrx_word' id='word_1_716' title='bbox 2715 4607 3054 4678; x_wconf 80' lang='lat' dir='ltr'><strong>correptione</strong></span> <span class='ocrx_word' id='word_1_717' title='bbox 3102 4618 3281 4660; x_wconf 89' lang='lat' dir='ltr'><strong>sermo</strong></span> <span class='ocrx_word' id='word_1_718' title='bbox 3320 4599 3505 4657; x_wconf 90' lang='lat' dir='ltr'><strong>durior</strong></span> <span class='ocrx_word' id='word_1_719' title='bbox 3541 4595 3783 4657; x_wconf 78' lang='lat' dir='ltr'><strong>excedit,</strong></span> 
     </span>
     <span class='ocr_line' id='line_1_90' title="bbox 681 4691 3783 4711; baseline -0.002 0"><span class='ocrx_word' id='word_1_720' title='bbox 681 4709 705 4711; x_wconf 77' lang='lat'><strong><em>_</em></strong></span> <span class='ocrx_word' id='word_1_721' title='bbox 822 4709 829 4711; x_wconf 79' lang='lat'><strong><em>_</em></strong></span> <span class='ocrx_word' id='word_1_722' title='bbox 881 4709 887 4711; x_wconf 66' lang='lat'><strong>.</strong></span> <span class='ocrx_word' id='word_1_723' title='bbox 935 4709 942 4711; x_wconf 92' lang='lat'>_</span> <span class='ocrx_word' id='word_1_724' title='bbox 1212 4707 1221 4711; x_wconf 88' lang='lat'><strong><em>_</em></strong></span> <span class='ocrx_word' id='word_1_725' title='bbox 1441 4706 1451 4711; x_wconf 91' lang='lat'><strong>-</strong></span> <span class='ocrx_word' id='word_1_726' title='bbox 1621 4702 1652 4711; x_wconf 58' lang='grc' dir='ltr'><strong>Α</strong></span> <span class='ocrx_word' id='word_1_727' title='bbox 1759 4703 1770 4711; x_wconf 95' lang='grc'>.</span> <span class='ocrx_word' id='word_1_728' title='bbox 2371 4705 2382 4711; x_wconf 81' lang='grc'><strong>-</strong></span> <span class='ocrx_word' id='word_1_729' title='bbox 2720 4699 2752 4711; x_wconf 84' lang='grc'><strong>-.</strong></span> <span class='ocrx_word' id='word_1_730' title='bbox 3233 4694 3244 4705; x_wconf 96' lang='grc'><strong>.</strong></span> <span class='ocrx_word' id='word_1_731' title='bbox 3293 4691 3584 4711; x_wconf 39' lang='grc' dir='ltr'><strong>ωμη-η,</strong></span> 
     </span>
    </p>
   </div>
   <div class='ocr_carea' id='block_1_90' title="bbox 511 4702 2089 4777">
    <p class='ocr_par' dir='ltr' id='par_1_90' title="bbox 511 4702 2089 4777">
     <span class='ocr_line' id='line_1_91' title="bbox 511 4702 2089 4777; baseline -0.006 -12"><span class='ocrx_word' id='word_1_732' title='bbox 511 4711 654 4766; x_wconf 87' lang='lat' dir='ltr'><strong>illius</strong></span> <span class='ocrx_word' id='word_1_733' title='bbox 680 4709 948 4764; x_wconf 91' lang='lat' dir='ltr'><strong>Dominici</strong></span> <span class='ocrx_word' id='word_1_734' title='bbox 971 4707 1246 4777; x_wconf 62' lang='lat' dir='ltr'><strong>praecepti,</strong></span> <span class='ocrx_word' id='word_1_735' title='bbox 1266 4721 1374 4775; x_wconf 93' lang='lat' dir='ltr'><strong>quo</strong></span> <span class='ocrx_word' id='word_1_736' title='bbox 1403 4706 1480 4759; x_wconf 89' lang='lat' dir='ltr'><strong>ait</strong></span> <span class='ocrx_word' id='word_1_737' title='bbox 1510 4723 1523 4758; x_wconf 91' lang='lat'><strong>:</strong></span> <span class='ocrx_word' id='word_1_738' title='bbox 1563 4723 1582 4756; x_wconf 76' lang='grc' dir='ltr'><strong>ι</strong></span> <span class='ocrx_word' id='word_1_739' title='bbox 1613 4702 1807 4761; x_wconf 90' lang='lat' dir='ltr'><strong>Omnia</strong></span> <span class='ocrx_word' id='word_1_740' title='bbox 1835 4717 2089 4773; x_wconf 86' lang='lat' dir='ltr'><strong>quaecun-</strong></span> 
     </span>
    </p>
   </div>
   <div class='ocr_carea' id='block_1_91' title="bbox 507 4790 2090 4869">
    <p class='ocr_par' dir='ltr' id='par_1_91' title="bbox 507 4790 2090 4869">
     <span class='ocr_line' id='line_1_92' title="bbox 507 4790 2090 4869; baseline -0.006 -15"><span class='ocrx_word' id='word_1_741' title='bbox 507 4813 616 4869; x_wconf 91' lang='lat' dir='ltr'><strong>que</strong></span> <span class='ocrx_word' id='word_1_742' title='bbox 640 4797 805 4852; x_wconf 89' lang='lat' dir='ltr'><strong>vultis</strong></span> <span class='ocrx_word' id='word_1_743' title='bbox 829 4805 892 4851; x_wconf 91' lang='lat' dir='ltr'><strong>ut</strong></span> <span class='ocrx_word' id='word_1_744' title='bbox 918 4795 1122 4850; x_wconf 89' lang='lat' dir='ltr'><strong>faciant</strong></span> <span class='ocrx_word' id='word_1_745' title='bbox 1151 4794 1304 4849; x_wconf 91' lang='lat' dir='ltr'><strong>vobis</strong></span> <span class='ocrx_word' id='word_1_746' title='bbox 1347 4793 1613 4859; x_wconf 88' lang='lat' dir='ltr'><strong>homines,</strong></span> <span class='ocrx_word' id='word_1_747' title='bbox 1655 4791 1845 4848; x_wconf 88' lang='lat' dir='ltr'><strong>eadem</strong></span> <span class='ocrx_word' id='word_1_748' title='bbox 1888 4805 1984 4846; x_wconf 90' lang='lat' dir='ltr'><strong>vos</strong></span> <span class='ocrx_word' id='word_1_749' title='bbox 2010 4790 2090 4845; x_wconf 88' lang='lat' dir='ltr'><strong>fa-</strong></span> 
     </span>
    </p>
   </div>
   <div class='ocr_carea' id='block_1_92' title="bbox 511 4884 1481 4960">
    <p class='ocr_par' dir='ltr' id='par_1_92' title="bbox 511 4884 1481 4960">
     <span class='ocr_line' id='line_1_93' title="bbox 511 4884 1481 4960; baseline -0.009 -15"><span class='ocrx_word' id='word_1_750' title='bbox 511 4891 618 4946; x_wconf 90' lang='lat' dir='ltr'><strong>cite</strong></span> <span class='ocrx_word' id='word_1_751' title='bbox 646 4888 753 4945; x_wconf 87' lang='lat' dir='ltr'><strong>illis</strong></span> <span class='ocrx_word' id='word_1_752' title='bbox 781 4886 998 4960; x_wconf 76' lang='lat' dir='ltr'><strong>(Matth.</strong></span> <span class='ocrx_word' id='word_1_753' title='bbox 1023 4901 1137 4952; x_wconf 84' lang='lat' dir='ltr'><strong>vn;</strong></span> <span class='ocrx_word' id='word_1_754' title='bbox 1165 4884 1295 4939; x_wconf 86' lang='lat' dir='ltr'><strong>Luc.</strong></span> <span class='ocrx_word' id='word_1_755' title='bbox 1323 4884 1421 4955; x_wconf 78' lang='lat' dir='ltr'><strong>vi).</strong></span> <span class='ocrx_word' id='word_1_756' title='bbox 1461 4903 1481 4936; x_wconf 83' lang='grc'><strong>›</strong></span> 
     </span>
    </p>
   </div>
   <div class='ocr_carea' id='block_1_93' title="bbox 590 4974 2091 5048">
    <p class='ocr_par' dir='ltr' id='par_1_93' title="bbox 590 4974 2091 5048">
     <span class='ocr_line' id='line_1_94' title="bbox 590 4974 2091 5048; baseline -0.004 -16"><span class='ocrx_word' id='word_1_757' title='bbox 590 5002 607 5032; x_wconf 77' lang='grc' dir='ltr'><strong>ι</strong></span> <span class='ocrx_word' id='word_1_758' title='bbox 645 4980 724 5035; x_wconf 81' lang='lat' dir='ltr'><strong>Ne</strong></span> <span class='ocrx_word' id='word_1_759' title='bbox 770 4978 1036 5048; x_wconf 89' lang='lat' dir='ltr'><strong>despicias</strong></span> <span class='ocrx_word' id='word_1_760' title='bbox 1087 4976 1458 5031; x_wconf 89' lang='lat' dir='ltr'><strong>narrationem</strong></span> <span class='ocrx_word' id='word_1_761' title='bbox 1504 4974 1944 5045; x_wconf 87' lang='lat' dir='ltr'><strong>presbyterorum</strong></span> <span class='ocrx_word' id='word_1_762' title='bbox 2000 4986 2091 5027; x_wconf 87' lang='lat' dir='ltr'><strong>sa-</strong></span> 
     </span>
    </p>
   </div>
   <div class='ocr_carea' id='block_1_94' title="bbox 519 5066 2088 5144">
    <p class='ocr_par' dir='ltr' id='par_1_94' title="bbox 519 5066 2088 5144">
     <span class='ocr_line' id='line_1_95' title="bbox 519 5066 2088 5144; baseline -0.006 -18"><span class='ocrx_word' id='word_1_763' title='bbox 519 5096 538 5126; x_wconf 78' lang='grc' dir='ltr'><strong>ι</strong></span> <span class='ocrx_word' id='word_1_764' title='bbox 574 5073 871 5144; x_wconf 85' lang='lat' dir='ltr'><strong>pientium;</strong></span> <span class='ocrx_word' id='word_1_765' title='bbox 913 5078 970 5125; x_wconf 90' lang='lat' dir='ltr'><strong>et</strong></span> <span class='ocrx_word' id='word_1_766' title='bbox 1008 5070 1064 5125; x_wconf 93' lang='lat' dir='ltr'><strong>in</strong></span> <span class='ocrx_word' id='word_1_767' title='bbox 1104 5067 1413 5125; x_wconf 89' lang='lat' dir='ltr'><strong>Proverbiis</strong></span> <span class='ocrx_word' id='word_1_768' title='bbox 1470 5066 1685 5122; x_wconf 90' lang='lat' dir='ltr'><strong>illorum</strong></span> <span class='ocrx_word' id='word_1_769' title='bbox 1729 5078 2088 5129; x_wconf 88' lang='lat' dir='ltr'><strong>eonversare;</strong></span> 
     </span>
    </p>
   </div>
   <div class='ocr_carea' id='block_1_95' title="bbox 519 5156 2094 5236">
    <p class='ocr_par' dir='ltr' id='par_1_95' title="bbox 519 5156 2094 5236">
     <span class='ocr_line' id='line_1_96' title="bbox 519 5156 2094 5236; baseline -0.006 -18"><span class='ocrx_word' id='word_1_770' title='bbox 519 5187 536 5218; x_wconf 75' lang='grc' dir='ltr'><strong>ι</strong></span> <span class='ocrx_word' id='word_1_771' title='bbox 570 5167 637 5222; x_wconf 87' lang='lat' dir='ltr'><strong>ab</strong></span> <span class='ocrx_word' id='word_1_772' title='bbox 669 5167 799 5236; x_wconf 89' lang='lat' dir='ltr'><strong>ipsis</strong></span> <span class='ocrx_word' id='word_1_773' title='bbox 831 5163 976 5220; x_wconf 89' lang='lat' dir='ltr'><strong>enim</strong></span> <span class='ocrx_word' id='word_1_774' title='bbox 1024 5162 1201 5217; x_wconf 89' lang='lat' dir='ltr'><strong>disces</strong></span> <span class='ocrx_word' id='word_1_775' title='bbox 1239 5160 1560 5230; x_wconf 88' lang='lat' dir='ltr'><strong>sapientiam</strong></span> <span class='ocrx_word' id='word_1_776' title='bbox 1593 5167 1646 5212; x_wconf 93' lang='lat' dir='ltr'><strong>ct</strong></span> <span class='ocrx_word' id='word_1_777' title='bbox 1679 5157 1981 5214; x_wconf 88' lang='lat' dir='ltr'><strong>doctrinam</strong></span> <span class='ocrx_word' id='word_1_778' title='bbox 2011 5156 2094 5209; x_wconf 89' lang='lat' dir='ltr'><strong>in-</strong></span> 
     </span>
    </p>
   </div>
   <div class='ocr_carea' id='block_1_96' title="bbox 520 5249 2094 5326">
    <p class='ocr_par' dir='ltr' id='par_1_96' title="bbox 520 5249 2094 5326">
     <span class='ocr_line' id='line_1_97' title="bbox 520 5249 2094 5326; baseline -0.006 -14"><span class='ocrx_word' id='word_1_779' title='bbox 520 5280 538 5312; x_wconf 75' lang='grc' dir='ltr'><strong>ι</strong></span> <span class='ocrx_word' id='word_1_780' title='bbox 574 5257 839 5322; x_wconf 89' lang='lat' dir='ltr'><strong>tellectus,</strong></span> <span class='ocrx_word' id='word_1_781' title='bbox 867 5264 923 5310; x_wconf 90' lang='lat' dir='ltr'><strong>et</strong></span> <span class='ocrx_word' id='word_1_782' title='bbox 945 5255 1150 5312; x_wconf 90' lang='lat' dir='ltr'><strong>servire</strong></span> <span class='ocrx_word' id='word_1_783' title='bbox 1176 5253 1448 5326; x_wconf 88' lang='lat' dir='ltr'><strong>magnatis</strong></span> <span class='ocrx_word' id='word_1_784' title='bbox 1475 5253 1591 5308; x_wconf 90' lang='lat' dir='ltr'><strong>sine</strong></span> <span class='ocrx_word' id='word_1_785' title='bbox 1611 5251 1851 5322; x_wconf 89' lang='lat' dir='ltr'><strong>querela.</strong></span> <span class='ocrx_word' id='word_1_786' title='bbox 1879 5270 1896 5303; x_wconf 74' lang='grc' dir='ltr'><strong>ι</strong></span> <span class='ocrx_word' id='word_1_787' title='bbox 1929 5249 2094 5304; x_wconf 83' lang='lat' dir='ltr'><strong>Recte</strong></span> 
     </span>
    </p>
   </div>
   <div class='ocr_carea' id='block_1_97' title="bbox 515 5341 2098 5417">
    <p class='ocr_par' dir='ltr' id='par_1_97' title="bbox 515 5341 2098 5417">
     <span class='ocr_line' id='line_1_98' title="bbox 515 5341 2098 5417; baseline -0.005 -15"><span class='ocrx_word' id='word_1_788' title='bbox 515 5350 773 5404; x_wconf 86' lang='lat' dir='ltr'><strong>admonet</strong></span> <span class='ocrx_word' id='word_1_789' title='bbox 819 5347 1243 5404; x_wconf 89' lang='lat' dir='ltr'><strong>ecclesiasticum</strong></span> <span class='ocrx_word' id='word_1_790' title='bbox 1291 5345 1579 5417; x_wconf 90' lang='lat' dir='ltr'><strong>populum,</strong></span> <span class='ocrx_word' id='word_1_791' title='bbox 1632 5352 1693 5397; x_wconf 91' lang='lat' dir='ltr'><strong>ut</strong></span> <span class='ocrx_word' id='word_1_792' title='bbox 1737 5342 1982 5398; x_wconf 89' lang='lat' dir='ltr'><strong>subditus</strong></span> <span class='ocrx_word' id='word_1_793' title='bbox 2026 5341 2098 5396; x_wconf 87' lang='lat' dir='ltr'><strong>sit</strong></span> 
     </span>
    </p>
   </div>
   <div class='ocr_carea' id='block_1_98' title="bbox 467 5432 2096 5506">
    <p class='ocr_par' dir='ltr' id='par_1_98' title="bbox 467 5432 2096 5506">
     <span class='ocr_line' id='line_1_99' title="bbox 467 5432 2096 5506; baseline -0.007 -10"><span class='ocrx_word' id='word_1_794' title='bbox 467 5479 473 5484; x_wconf 83' lang='lat'>-</span> <span class='ocrx_word' id='word_1_795' title='bbox 517 5442 721 5496; x_wconf 89' lang='lat' dir='ltr'><strong>sanctis</strong></span> <span class='ocrx_word' id='word_1_796' title='bbox 753 5441 1084 5506; x_wconf 90' lang='lat' dir='ltr'><strong>doctoribus,</strong></span> <span class='ocrx_word' id='word_1_797' title='bbox 1115 5448 1170 5495; x_wconf 89' lang='lat' dir='ltr'><strong>et</strong></span> <span class='ocrx_word' id='word_1_798' title='bbox 1214 5437 1463 5494; x_wconf 90' lang='lat' dir='ltr'><strong>assiduus</strong></span> <span class='ocrx_word' id='word_1_799' title='bbox 1490 5443 1706 5491; x_wconf 88' lang='lat' dir='ltr'><strong>maneat</strong></span> <span class='ocrx_word' id='word_1_800' title='bbox 1759 5435 1813 5487; x_wconf 91' lang='lat' dir='ltr'><strong>in</strong></span> <span class='ocrx_word' id='word_1_801' title='bbox 1851 5432 2096 5487; x_wconf 91' lang='lat' dir='ltr'><strong>doctrina</strong></span> 
     </span>
    </p>
   </div>
   <div class='ocr_carea' id='block_1_99' title="bbox 517 5522 2094 5600">
    <p class='ocr_par' dir='ltr' id='par_1_99' title="bbox 517 5522 2094 5600">
     <span class='ocr_line' id='line_1_100' title="bbox 517 5522 2094 5600; baseline -0.007 -14"><span class='ocrx_word' id='word_1_802' title='bbox 517 5531 754 5597; x_wconf 88' lang='lat' dir='ltr'><strong>illorum,</strong></span> <span class='ocrx_word' id='word_1_803' title='bbox 786 5532 913 5600; x_wconf 88' lang='lat' dir='ltr'><strong>quia</strong></span> <span class='ocrx_word' id='word_1_804' title='bbox 946 5532 1069 5585; x_wconf 90' lang='lat' dir='ltr'><strong>inde</strong></span> <span class='ocrx_word' id='word_1_805' title='bbox 1107 5528 1384 5598; x_wconf 89' lang='lat' dir='ltr'><strong>perveniet</strong></span> <span class='ocrx_word' id='word_1_806' title='bbox 1411 5527 1479 5580; x_wconf 91' lang='lat' dir='ltr'><strong>ad</strong></span> <span class='ocrx_word' id='word_1_807' title='bbox 1513 5525 1848 5581; x_wconf 90' lang='lat' dir='ltr'><strong>intellectum</strong></span> <span class='ocrx_word' id='word_1_808' title='bbox 1877 5522 2094 5592; x_wconf 88' lang='lat' dir='ltr'><strong>sapien-</strong></span> 
     </span>
    </p>
   </div>
   <div class='ocr_carea' id='block_1_100' title="bbox 514 5611 2097 5689">
    <p class='ocr_par' dir='ltr' id='par_1_100' title="bbox 514 5611 2097 5689">
     <span class='ocr_line' id='line_1_101' title="bbox 514 5611 2097 5689; baseline -0.007 -11"><span class='ocrx_word' id='word_1_809' title='bbox 514 5624 638 5689; x_wconf 71' lang='lat' dir='ltr'><strong>tiae,</strong></span> <span class='ocrx_word' id='word_1_810' title='bbox 686 5630 742 5677; x_wconf 90' lang='lat' dir='ltr'><strong>et</strong></span> <span class='ocrx_word' id='word_1_811' title='bbox 782 5623 849 5676; x_wconf 90' lang='lat' dir='ltr'><strong>ad</strong></span> <span class='ocrx_word' id='word_1_812' title='bbox 907 5619 1269 5683; x_wconf 82' lang='lat' dir='ltr'><strong>moralitatem</strong></span> <span class='ocrx_word' id='word_1_813' title='bbox 1319 5615 1635 5685; x_wconf 66' lang='lat' dir='ltr'><strong>disciplinae.</strong></span> <span class='ocrx_word' id='word_1_814' title='bbox 1691 5613 1847 5670; x_wconf 89' lang='lat' dir='ltr'><strong>Unde</strong></span> <span class='ocrx_word' id='word_1_815' title='bbox 1895 5611 2097 5667; x_wconf 87' lang='lat' dir='ltr'><strong>Paulus</strong></span> 
     </span>
    </p>
   </div>
   <div class='ocr_carea' id='block_1_101' title="bbox 515 5705 2100 5783">
    <p class='ocr_par' dir='ltr' id='par_1_101' title="bbox 515 5705 2100 5783">
     <span class='ocr_line' id='line_1_102' title="bbox 515 5705 2100 5783; baseline -0.006 -15"><span class='ocrx_word' id='word_1_816' title='bbox 515 5713 804 5770; x_wconf 86' lang='lat' dir='ltr'><strong>Timotheo</strong></span> <span class='ocrx_word' id='word_1_817' title='bbox 829 5709 1124 5783; x_wconf 70' lang='lat' dir='ltr'><strong>praecepit,</strong></span> <span class='ocrx_word' id='word_1_818' title='bbox 1150 5708 1334 5763; x_wconf 85' lang='lat' dir='ltr'><strong>dicens</strong></span> <span class='ocrx_word' id='word_1_819' title='bbox 1369 5724 1381 5760; x_wconf 93' lang='lat'><strong>:</strong></span> <span class='ocrx_word' id='word_1_820' title='bbox 1419 5727 1436 5758; x_wconf 76' lang='grc' dir='ltr'><strong>ι</strong></span> <span class='ocrx_word' id='word_1_821' title='bbox 1484 5706 1620 5761; x_wconf 92' lang='lat' dir='ltr'><strong>Dum</strong></span> <span class='ocrx_word' id='word_1_822' title='bbox 1663 5706 1842 5772; x_wconf 90' lang='lat' dir='ltr'><strong>venio,</strong></span> <span class='ocrx_word' id='word_1_823' title='bbox 1879 5705 2100 5760; x_wconf 88' lang='lat' dir='ltr'><strong>attende</strong></span> 
     </span>
    </p>
   </div>
   <div class='ocr_carea' id='block_1_102' title="bbox 519 5800 2102 5872">
    <p class='ocr_par' dir='ltr' id='par_1_102' title="bbox 519 5800 2102 5872">
     <span class='ocr_line' id='line_1_103' title="bbox 519 5800 2102 5872; baseline -0.006 -12"><span class='ocrx_word' id='word_1_824' title='bbox 519 5807 737 5863; x_wconf 88' lang='lat' dir='ltr'><strong>lectioni</strong></span> <span class='ocrx_word' id='word_1_825' title='bbox 765 5847 780 5872; x_wconf 97' lang='lat'><strong>,</strong></span> <span class='ocrx_word' id='word_1_826' title='bbox 829 5801 1191 5860; x_wconf 82' lang='lat' dir='ltr'><strong>exhortationi</strong></span> <span class='ocrx_word' id='word_1_827' title='bbox 1239 5809 1293 5855; x_wconf 89' lang='lat' dir='ltr'><strong>et</strong></span> <span class='ocrx_word' id='word_1_828' title='bbox 1331 5801 1618 5865; x_wconf 76' lang='lat' dir='ltr'><strong>doctrinm;</strong></span> <span class='ocrx_word' id='word_1_829' title='bbox 1654 5801 1706 5853; x_wconf 89' lang='lat' dir='ltr'><strong>in</strong></span> <span class='ocrx_word' id='word_1_830' title='bbox 1739 5800 1822 5854; x_wconf 89' lang='lat' dir='ltr'><strong>his</strong></span> <span class='ocrx_word' id='word_1_831' title='bbox 1849 5807 1966 5854; x_wconf 91' lang='lat' dir='ltr'><strong>esto</strong></span> <span class='ocrx_word' id='word_1_832' title='bbox 2000 5840 2014 5863; x_wconf 94' lang='lat'><strong>,</strong></span> <span class='ocrx_word' id='word_1_833' title='bbox 2044 5805 2102 5852; x_wconf 92' lang='lat' dir='ltr'><strong>ut</strong></span> 
     </span>
    </p>
   </div>
   <div class='ocr_carea' id='block_1_103' title="bbox 522 5889 2100 5966">
    <p class='ocr_par' dir='ltr' id='par_1_103' title="bbox 522 5889 2100 5966">
     <span class='ocr_line' id='line_1_104' title="bbox 522 5889 2100 5966; baseline -0.004 -14"><span class='ocrx_word' id='word_1_834' title='bbox 522 5897 799 5966; x_wconf 85' lang='lat' dir='ltr'><strong>profectus</strong></span> <span class='ocrx_word' id='word_1_835' title='bbox 827 5905 951 5951; x_wconf 84' lang='lat' dir='ltr'><strong>tuus</strong></span> <span class='ocrx_word' id='word_1_836' title='bbox 971 5893 1292 5951; x_wconf 85' lang='lat' dir='ltr'><strong>manifestus</strong></span> <span class='ocrx_word' id='word_1_837' title='bbox 1314 5893 1385 5949; x_wconf 85' lang='lat' dir='ltr'><strong>sit</strong></span> <span class='ocrx_word' id='word_1_838' title='bbox 1423 5894 1692 5950; x_wconf 83' lang='lat' dir='ltr'><strong>omnibus.</strong></span> <span class='ocrx_word' id='word_1_839' title='bbox 1733 5893 1966 5948; x_wconf 86' lang='lat' dir='ltr'><strong>Attende</strong></span> <span class='ocrx_word' id='word_1_840' title='bbox 2001 5889 2100 5946; x_wconf 87' lang='lat' dir='ltr'><strong>tibi</strong></span> 
     </span>
    </p>
   </div>
   <div class='ocr_carea' id='block_1_104' title="bbox 2199 4691 3785 4772">
    <p class='ocr_par' dir='ltr' id='par_1_104' title="bbox 2199 4691 3785 4772">
     <span class='ocr_line' id='line_1_105' title="bbox 2199 4691 3785 4772; baseline -0.015 -12"><span class='ocrx_word' id='word_1_841' title='bbox 2199 4714 2254 4760; x_wconf 91' lang='lat' dir='ltr'><strong>et</strong></span> <span class='ocrx_word' id='word_1_842' title='bbox 2280 4705 2510 4760; x_wconf 90' lang='lat' dir='ltr'><strong>amicum</strong></span> <span class='ocrx_word' id='word_1_843' title='bbox 2546 4699 2854 4772; x_wconf 90' lang='lat' dir='ltr'><strong>percutiens</strong></span> <span class='ocrx_word' id='word_1_844' title='bbox 2888 4697 3104 4761; x_wconf 90' lang='lat' dir='ltr'><strong>occidit,</strong></span> <span class='ocrx_word' id='word_1_845' title='bbox 3155 4694 3249 4764; x_wconf 91' lang='lat' dir='ltr'><strong>qui</strong></span> <span class='ocrx_word' id='word_1_846' title='bbox 3286 4691 3588 4746; x_wconf 89' lang='lat' dir='ltr'><strong>auditorem</strong></span> <span class='ocrx_word' id='word_1_847' title='bbox 3623 4701 3785 4741; x_wconf 86' lang='lat' dir='ltr'><strong>suum</strong></span> 
     </span>
    </p>
   </div>
   <div class='ocr_carea' id='block_1_105' title="bbox 2199 4775 3781 4869">
    <p class='ocr_par' dir='ltr' id='par_1_105' title="bbox 2199 4775 3781 4869">
     <span class='ocr_line' id='line_1_106' title="bbox 2199 4775 3781 4869; baseline -0.016 -17"><span class='ocrx_word' id='word_1_848' title='bbox 2199 4797 2408 4869; x_wconf 90' lang='lat' dir='ltr'><strong>prolata</strong></span> <span class='ocrx_word' id='word_1_849' title='bbox 2461 4791 2780 4849; x_wconf 84' lang='lat' dir='ltr'><strong>contumelia</strong></span> <span class='ocrx_word' id='word_1_850' title='bbox 2815 4789 2884 4842; x_wconf 92' lang='lat' dir='ltr'><strong>ab</strong></span> <span class='ocrx_word' id='word_1_851' title='bbox 2911 4787 3117 4859; x_wconf 53' lang='lat' dir='ltr'><strong>.spiritu</strong></span> <span class='ocrx_word' id='word_1_852' title='bbox 3163 4781 3464 4838; x_wconf 89' lang='lat' dir='ltr'><strong>dilectionis</strong></span> <span class='ocrx_word' id='word_1_853' title='bbox 3499 4775 3781 4832; x_wconf 80' lang='lat' dir='ltr'><strong>interficit.</strong></span> 
     </span>
    </p>
   </div>
   <div class='ocr_carea' id='block_1_106' title="bbox 2199 4866 3782 4957">
    <p class='ocr_par' dir='ltr' id='par_1_106' title="bbox 2199 4866 3782 4957">
     <span class='ocr_line' id='line_1_107' title="bbox 2199 4866 3782 4957; baseline -0.016 -13"><span class='ocrx_word' id='word_1_854' title='bbox 2199 4866 2447 4957; x_wconf 61' lang='lat' dir='ltr'><strong>Correpti</strong></span> <span class='ocrx_word' id='word_1_855' title='bbox 2479 4897 2714 4952; x_wconf 89' lang='lat' dir='ltr'><strong>namque</strong></span> <span class='ocrx_word' id='word_1_856' title='bbox 2757 4892 2911 4934; x_wconf 90' lang='lat' dir='ltr'><strong>mens</strong></span> <span class='ocrx_word' id='word_1_857' title='bbox 2959 4881 3180 4946; x_wconf 86' lang='lat' dir='ltr'><strong>repente</strong></span> <span class='ocrx_word' id='word_1_858' title='bbox 3233 4872 3298 4928; x_wconf 92' lang='lat' dir='ltr'><strong>ad</strong></span> <span class='ocrx_word' id='word_1_859' title='bbox 3337 4869 3519 4926; x_wconf 90' lang='lat' dir='ltr'><strong>odium</strong></span> <span class='ocrx_word' id='word_1_860' title='bbox 3545 4866 3782 4957; x_wconf 89' lang='lat' dir='ltr'><strong>proruit,</strong></span> 
     </span>
    </p>
   </div>
   <div class='ocr_carea' id='block_1_107' title="bbox 2199 4956 3786 5035">
    <p class='ocr_par' dir='ltr' id='par_1_107' title="bbox 2199 4956 3786 5035">
     <span class='ocr_line' id='line_1_108' title="bbox 2199 4956 3786 5035; baseline -0.015 -3"><span class='ocrx_word' id='word_1_861' title='bbox 2199 4977 2246 5032; x_wconf 90' lang='lat' dir='ltr'><strong>si</strong></span> <span class='ocrx_word' id='word_1_862' title='bbox 2271 4956 2412 5030; x_wconf 87' lang='lat' dir='ltr'><strong>hanc</strong></span> <span class='ocrx_word' id='word_1_863' title='bbox 2462 4971 2818 5027; x_wconf 89' lang='lat' dir='ltr'><strong>immoderata</strong></span> <span class='ocrx_word' id='word_1_864' title='bbox 2872 4964 3167 5035; x_wconf 90' lang='lat' dir='ltr'><strong>increpatio</strong></span> <span class='ocrx_word' id='word_1_865' title='bbox 3214 4962 3335 5033; x_wconf 91' lang='lat' dir='ltr'><strong>plus</strong></span> <span class='ocrx_word' id='word_1_866' title='bbox 3373 4973 3539 5028; x_wconf 89' lang='lat' dir='ltr'><strong>quam</strong></span> <span class='ocrx_word' id='word_1_867' title='bbox 3596 4956 3786 5010; x_wconf 87' lang='lat' dir='ltr'><strong>debuit</strong></span> 
     </span>
    </p>
   </div>
   <div class='ocr_carea' id='block_1_108' title="bbox 2199 5049 3782 5131">
    <p class='ocr_par' dir='ltr' id='par_1_108' title="bbox 2199 5049 3782 5131">
     <span class='ocr_line' id='line_1_109' title="bbox 2199 5049 3782 5131; baseline -0.015 -9"><span class='ocrx_word' id='word_1_868' title='bbox 2199 5066 2421 5122; x_wconf 90' lang='lat' dir='ltr'><strong>addicit.</strong></span> <span class='ocrx_word' id='word_1_869' title='bbox 2454 5063 2560 5118; x_wconf 90' lang='lat' dir='ltr'><strong>Sed</strong></span> <span class='ocrx_word' id='word_1_870' title='bbox 2598 5063 2646 5117; x_wconf 90' lang='lat' dir='ltr'><strong>is</strong></span> <span class='ocrx_word' id='word_1_871' title='bbox 2669 5061 2762 5131; x_wconf 89' lang='lat' dir='ltr'><strong>qui</strong></span> <span class='ocrx_word' id='word_1_872' title='bbox 2791 5061 3006 5114; x_wconf 90' lang='lat' dir='ltr'><strong>incaute</strong></span> <span class='ocrx_word' id='word_1_873' title='bbox 3049 5055 3252 5127; x_wconf 90' lang='lat' dir='ltr'><strong>lignum</strong></span> <span class='ocrx_word' id='word_1_874' title='bbox 3270 5049 3544 5123; x_wconf 58' lang='lat' dir='ltr'><strong>spercutit,</strong></span> <span class='ocrx_word' id='word_1_875' title='bbox 3575 5056 3632 5104; x_wconf 88' lang='lat' dir='ltr'><strong>et</strong></span> <span class='ocrx_word' id='word_1_876' title='bbox 3652 5062 3782 5118; x_wconf 85' lang='lat' dir='ltr'><strong>pro-</strong></span> 
     </span>
    </p>
   </div>
   <div class='ocr_carea' id='block_1_109' title="bbox 2198 5142 3783 5231">
    <p class='ocr_par' dir='ltr' id='par_1_109' title="bbox 2198 5142 3783 5231">
     <span class='ocr_line' id='line_1_110' title="bbox 2198 5142 3783 5231; baseline -0.016 -12"><span class='ocrx_word' id='word_1_877' title='bbox 2198 5165 2405 5219; x_wconf 83' lang='lat' dir='ltr'><strong>ximum</strong></span> <span class='ocrx_word' id='word_1_878' title='bbox 2433 5159 2747 5231; x_wconf 82' lang='lat' dir='ltr'><strong>exstinguit,</strong></span> <span class='ocrx_word' id='word_1_879' title='bbox 2774 5159 2840 5212; x_wconf 89' lang='lat' dir='ltr'><strong>ad</strong></span> <span class='ocrx_word' id='word_1_880' title='bbox 2873 5164 2984 5211; x_wconf 90' lang='lat' dir='ltr'><strong>tres</strong></span> <span class='ocrx_word' id='word_1_881' title='bbox 3014 5165 3239 5209; x_wconf 87' lang='lat' dir='ltr'><strong>necesse</strong></span> <span class='ocrx_word' id='word_1_882' title='bbox 3274 5157 3357 5205; x_wconf 90' lang='lat' dir='ltr'><strong>est</strong></span> <span class='ocrx_word' id='word_1_883' title='bbox 3379 5148 3544 5202; x_wconf 89' lang='lat' dir='ltr'><strong>urbes</strong></span> <span class='ocrx_word' id='word_1_884' title='bbox 3586 5142 3783 5213; x_wconf 87' lang='lat' dir='ltr'><strong>fugiat,</strong></span> 
     </span>
    </p>
   </div>
   <div class='ocr_carea' id='block_1_110' title="bbox 2201 5235 3783 5310">
    <p class='ocr_par' dir='ltr' id='par_1_110' title="bbox 2201 5235 3783 5310">
     <span class='ocr_line' id='line_1_111' title="bbox 2201 5235 3783 5310; baseline -0.015 0"><span class='ocrx_word' id='word_1_885' title='bbox 2201 5263 2261 5310; x_wconf 92' lang='lat' dir='ltr'><strong>ut</strong></span> <span class='ocrx_word' id='word_1_886' title='bbox 2281 5255 2336 5310; x_wconf 90' lang='lat' dir='ltr'><strong>in</strong></span> <span class='ocrx_word' id='word_1_887' title='bbox 2358 5268 2465 5308; x_wconf 86' lang='lat' dir='ltr'><strong>una</strong></span> <span class='ocrx_word' id='word_1_888' title='bbox 2489 5266 2678 5306; x_wconf 89' lang='lat' dir='ltr'><strong>earum</strong></span> <span class='ocrx_word' id='word_1_889' title='bbox 2703 5249 2954 5304; x_wconf 90' lang='lat' dir='ltr'><strong>defensus</strong></span> <span class='ocrx_word' id='word_1_890' title='bbox 2974 5245 3142 5300; x_wconf 86' lang='lat' dir='ltr'><strong>vivat.</strong></span> <span class='ocrx_word' id='word_1_891' title='bbox 3176 5239 3312 5309; x_wconf 83' lang='lat' dir='ltr'><strong>Quia</strong></span> <span class='ocrx_word' id='word_1_892' title='bbox 3347 5240 3392 5294; x_wconf 93' lang='lat' dir='ltr'><strong>si</strong></span> <span class='ocrx_word' id='word_1_893' title='bbox 3425 5237 3492 5292; x_wconf 90' lang='lat' dir='ltr'><strong>ad</strong></span> <span class='ocrx_word' id='word_1_894' title='bbox 3510 5235 3783 5307; x_wconf 74' lang='lat' dir='ltr'><strong>poeniten-</strong></span> 
     </span>
    </p>
   </div>
   <div class='ocr_carea' id='block_1_111' title="bbox 2202 5326 3782 5398">
    <p class='ocr_par' dir='ltr' id='par_1_111' title="bbox 2202 5326 3782 5398">
     <span class='ocr_line' id='line_1_112' title="bbox 2202 5326 3782 5398; baseline -0.013 0"><span class='ocrx_word' id='word_1_895' title='bbox 2202 5344 2292 5398; x_wconf 82' lang='lat' dir='ltr'><strong>tiae</strong></span> <span class='ocrx_word' id='word_1_896' title='bbox 2315 5343 2554 5398; x_wconf 87' lang='lat' dir='ltr'><strong>lamenta</strong></span> <span class='ocrx_word' id='word_1_897' title='bbox 2579 5352 2868 5395; x_wconf 89' lang='lat' dir='ltr'><strong>conversus</strong></span> <span class='ocrx_word' id='word_1_898' title='bbox 2884 5335 2939 5390; x_wconf 91' lang='lat' dir='ltr'><strong>in</strong></span> <span class='ocrx_word' id='word_1_899' title='bbox 2960 5334 3166 5390; x_wconf 90' lang='lat' dir='ltr'><strong>unitate</strong></span> <span class='ocrx_word' id='word_1_900' title='bbox 3185 5327 3510 5386; x_wconf 88' lang='lat' dir='ltr'><strong>sacramenti</strong></span> <span class='ocrx_word' id='word_1_901' title='bbox 3538 5326 3640 5380; x_wconf 88' lang='lat' dir='ltr'><strong>sub</strong></span> <span class='ocrx_word' id='word_1_902' title='bbox 3662 5338 3782 5392; x_wconf 86' lang='lat' dir='ltr'><strong>spe,</strong></span> 
     </span>
    </p>
   </div>
   <div class='ocr_carea' id='block_1_112' title="bbox 2206 5417 3781 5492">
    <p class='ocr_par' dir='ltr' id='par_1_112' title="bbox 2206 5417 3781 5492">
     <span class='ocr_line' id='line_1_113' title="bbox 2206 5417 3781 5492; baseline -0.014 -1"><span class='ocrx_word' id='word_1_903' title='bbox 2206 5435 2312 5490; x_wconf 85' lang='lat' dir='ltr'><strong>ﬁde</strong></span> <span class='ocrx_word' id='word_1_904' title='bbox 2340 5443 2396 5490; x_wconf 91' lang='lat' dir='ltr'><strong>et</strong></span> <span class='ocrx_word' id='word_1_905' title='bbox 2414 5433 2677 5489; x_wconf 83' lang='lat' dir='ltr'><strong>charitate</strong></span> <span class='ocrx_word' id='word_1_906' title='bbox 2702 5428 3050 5486; x_wconf 86' lang='lat' dir='ltr'><strong>absconditur</strong></span> <span class='ocrx_word' id='word_1_907' title='bbox 3075 5466 3090 5491; x_wconf 96' lang='lat'><strong>,</strong></span> <span class='ocrx_word' id='word_1_908' title='bbox 3121 5439 3244 5479; x_wconf 90' lang='lat' dir='ltr'><strong>reus</strong></span> <span class='ocrx_word' id='word_1_909' title='bbox 3271 5419 3565 5492; x_wconf 87' lang='lat' dir='ltr'><strong>perpetrati</strong></span> <span class='ocrx_word' id='word_1_910' title='bbox 3603 5417 3781 5472; x_wconf 82' lang='lat' dir='ltr'><strong>homi-</strong></span> 
     </span>
    </p>
   </div>
   <div class='ocr_carea' id='block_1_113' title="bbox 2205 5511 3782 5588">
    <p class='ocr_par' dir='ltr' id='par_1_113' title="bbox 2205 5511 3782 5588">
     <span class='ocr_line' id='line_1_114' title="bbox 2205 5511 3782 5588; baseline -0.013 -6"><span class='ocrx_word' id='word_1_911' title='bbox 2205 5526 2330 5581; x_wconf 86' lang='lat' dir='ltr'><strong>cidii</strong></span> <span class='ocrx_word' id='word_1_912' title='bbox 2355 5540 2463 5580; x_wconf 90' lang='lat' dir='ltr'><strong>non</strong></span> <span class='ocrx_word' id='word_1_913' title='bbox 2484 5530 2715 5586; x_wconf 89' lang='lat' dir='ltr'><strong>tenetur,</strong></span> <span class='ocrx_word' id='word_1_914' title='bbox 2733 5534 2960 5588; x_wconf 89' lang='lat' dir='ltr'><strong>eumque</strong></span> <span class='ocrx_word' id='word_1_915' title='bbox 2981 5515 3235 5572; x_wconf 78' lang='lat' dir='ltr'><strong>exstincti</strong></span> <span class='ocrx_word' id='word_1_916' title='bbox 3256 5511 3554 5585; x_wconf 77' lang='lat' dir='ltr'><strong>proximus,</strong></span> <span class='ocrx_word' id='word_1_917' title='bbox 3582 5517 3640 5566; x_wconf 92' lang='lat' dir='ltr'><strong>et</strong></span> <span class='ocrx_word' id='word_1_918' title='bbox 3657 5521 3782 5564; x_wconf 87' lang='lat' dir='ltr'><strong>cum</strong></span> 
     </span>
    </p>
   </div>
   <div class='ocr_carea' id='block_1_114' title="bbox 2206 5600 3781 5679">
    <p class='ocr_par' dir='ltr' id='par_1_114' title="bbox 2206 5600 3781 5679">
     <span class='ocr_line' id='line_1_115' title="bbox 2206 5600 3781 5679; baseline -0.011 -9"><span class='ocrx_word' id='word_1_919' title='bbox 2206 5615 2490 5679; x_wconf 86' lang='lat' dir='ltr'><strong>invenerit,</strong></span> <span class='ocrx_word' id='word_1_920' title='bbox 2542 5630 2648 5670; x_wconf 93' lang='lat' dir='ltr'><strong>non</strong></span> <span class='ocrx_word' id='word_1_921' title='bbox 2693 5611 2910 5667; x_wconf 88' lang='lat' dir='ltr'><strong>occidit.</strong></span> <span class='ocrx_word' id='word_1_922' title='bbox 2948 5607 3086 5676; x_wconf 87' lang='lat' dir='ltr'><strong>Quia</strong></span> <span class='ocrx_word' id='word_1_923' title='bbox 3137 5622 3260 5662; x_wconf 92' lang='lat' dir='ltr'><strong>cum</strong></span> <span class='ocrx_word' id='word_1_924' title='bbox 3293 5604 3570 5660; x_wconf 90' lang='lat' dir='ltr'><strong>districtus</strong></span> <span class='ocrx_word' id='word_1_925' title='bbox 3611 5600 3781 5671; x_wconf 77' lang='lat' dir='ltr'><strong>judex</strong></span> 
     </span>
    </p>
   </div>
   <div class='ocr_carea' id='block_1_115' title="bbox 2208 5701 3780 5774">
    <p class='ocr_par' dir='ltr' id='par_1_115' title="bbox 2208 5701 3780 5774">
     <span class='ocr_line' id='line_1_116' title="bbox 2208 5701 3780 5774; baseline -0.01 -15"><span class='ocrx_word' id='word_1_926' title='bbox 2208 5707 2437 5772; x_wconf 88' lang='lat' dir='ltr'><strong>venerit,</strong></span> <span class='ocrx_word' id='word_1_927' title='bbox 2465 5705 2557 5774; x_wconf 91' lang='lat' dir='ltr'><strong>qui</strong></span> <span class='ocrx_word' id='word_1_928' title='bbox 2589 5719 2708 5758; x_wconf 87' lang='lat' dir='ltr'><strong>sese</strong></span> <span class='ocrx_word' id='word_1_929' title='bbox 2738 5701 2890 5756; x_wconf 89' lang='lat' dir='ltr'><strong>nobis</strong></span> <span class='ocrx_word' id='word_1_930' title='bbox 2917 5714 3015 5768; x_wconf 88' lang='lat' dir='ltr'><strong>per</strong></span> <span class='ocrx_word' id='word_1_931' title='bbox 3058 5706 3266 5752; x_wconf 72' lang='lat' dir='ltr'><strong>natura:</strong></span> <span class='ocrx_word' id='word_1_932' title='bbox 3302 5704 3500 5750; x_wconf 83' lang='lat' dir='ltr'><strong>nostrae</strong></span> <span class='ocrx_word' id='word_1_933' title='bbox 3553 5705 3780 5747; x_wconf 83' lang='lat' dir='ltr'><strong>consor-</strong></span> 
     </span>
    </p>
   </div>
   <div class='ocr_carea' id='block_1_116' title="bbox 2210 5779 3781 5866">
    <p class='ocr_par' dir='ltr' id='par_1_116' title="bbox 2210 5779 3781 5866">
     <span class='ocr_line' id='line_1_117' title="bbox 2210 5779 3781 5866; baseline -0.012 -14"><span class='ocrx_word' id='word_1_934' title='bbox 2210 5800 2343 5852; x_wconf 84' lang='lat' dir='ltr'><strong>tium</strong></span> <span class='ocrx_word' id='word_1_935' title='bbox 2366 5797 2565 5866; x_wconf 77' lang='lat' dir='ltr'><strong>jmlxit,</strong></span> <span class='ocrx_word' id='word_1_936' title='bbox 2600 5796 2668 5850; x_wconf 88' lang='lat' dir='ltr'><strong>ab</strong></span> <span class='ocrx_word' id='word_1_937' title='bbox 2697 5811 2762 5849; x_wconf 92' lang='lat' dir='ltr'><strong>eo</strong></span> <span class='ocrx_word' id='word_1_938' title='bbox 2799 5791 2983 5862; x_wconf 79' lang='lat' dir='ltr'><strong>procul</strong></span> <span class='ocrx_word' id='word_1_939' title='bbox 3009 5790 3168 5844; x_wconf 90' lang='lat' dir='ltr'><strong>dubio</strong></span> <span class='ocrx_word' id='word_1_940' title='bbox 3193 5787 3486 5842; x_wconf 88' lang='lat' dir='ltr'><strong>vindictam</strong></span> <span class='ocrx_word' id='word_1_941' title='bbox 3511 5784 3580 5836; x_wconf 90' lang='lat' dir='ltr'><strong>de</strong></span> <span class='ocrx_word' id='word_1_942' title='bbox 3609 5779 3781 5849; x_wconf 62' lang='lat' dir='ltr'><strong>eulpm</strong></span> 
     </span>
    </p>
   </div>
   <div class='ocr_carea' id='block_1_117' title="bbox 2210 5870 3779 5962">
    <p class='ocr_par' dir='ltr' id='par_1_117' title="bbox 2210 5870 3779 5962">
     <span class='ocr_line' id='line_1_118' title="bbox 2210 5870 3779 5962; baseline -0.014 -18"><span class='ocrx_word' id='word_1_943' title='bbox 2210 5896 2360 5944; x_wconf 86' lang='lat' dir='ltr'><strong>reatu</strong></span> <span class='ocrx_word' id='word_1_944' title='bbox 2400 5903 2509 5942; x_wconf 88' lang='lat' dir='ltr'><strong>non</strong></span> <span class='ocrx_word' id='word_1_945' title='bbox 2535 5884 2757 5956; x_wconf 82' lang='lat' dir='ltr'><strong>expetit,</strong></span> <span class='ocrx_word' id='word_1_946' title='bbox 2786 5896 2946 5952; x_wconf 88' lang='lat' dir='ltr'><strong>quem</strong></span> <span class='ocrx_word' id='word_1_947' title='bbox 2984 5877 3098 5962; x_wconf 3' lang='lat' dir='ltr'><strong>sub,</strong></span> <span class='ocrx_word' id='word_1_948' title='bbox 3128 5877 3244 5948; x_wconf 89' lang='lat' dir='ltr'><strong>ejus</strong></span> <span class='ocrx_word' id='word_1_949' title='bbox 3272 5876 3424 5930; x_wconf 81' lang='lat' dir='ltr'><strong>venia</strong></span> <span class='ocrx_word' id='word_1_950' title='bbox 3469 5887 3612 5944; x_wconf 90' lang='lat' dir='ltr'><strong>spes,</strong></span> <span class='ocrx_word' id='word_1_951' title='bbox 3643 5870 3779 5924; x_wconf 88' lang='lat' dir='ltr'><strong>ﬁdes</strong></span> 
     </span>
    </p>
   </div>
  </div>
