4030 6484
277 453 389 512 817

1172 449 1526 508 COMMENT.
1563 450 1632 506 IN
1669 439 2298 507 ECCLESIASTICUM.‘
2322 440 2392 492 -ὲ-
2427 448 2554 506 LIB.
2592 449 2655 504 11.

278 578 338 626 et
359 569 601 625 charitas
637 568 921 624 abscondit
950 584 964 623 :
993 569 1154 624 citius
1182 583 1310 639 ergo
1361 567 1520 637 culpa
1553 566 1864 632 dimittitur,
1893 570 1948 629 Α
1978 583 1995 616 ‹
2032 564 2199 630 vadit,
2228 573 2284 619 et
2306 564 2466 620 simul
2505 579 2627 619 cum
2675 564 2899 620 stultitia
2952 563 3092 620 illius
3126 565 3348 638 peribis.
3387 585 3408 620 ι
3439 569 3552 623 Au-

278 676 402 731 quae
424 675 760 730 nequaquam
789 660 1010 715 malitiae
1037 660 1215 715 studio
1250 667 1607 732 perpetratur.

873 771 1102 829 CAPUT
1125 771 1261 828 XIV.

279 865 359 921 De
414 864 640 920 vitandis
697 864 852 919 malis
902 864 1076 936 dictis,
1110 865 1296 936 factis,
1337 863 1735 936 cogitationibus
1776 879 1867 922 ver

868 934 1132 989 auxilium
1154 935 1273 990 Dei.

357 1048 374 1081 ι
411 1026 492 1083 Ne
528 1035 716 1083 contra
746 1026 943 1082 faciem
971 1035 1082 1082 stes
1115 1028 1528 1095 contumeliosi,
1582 1043 1650 1082 ne
1679 1028 1866 1082 sedeat

282 1140 302 1173 ς
335 1119 489 1191 quasi
551 1119 836 1175 insidiator
883 1120 967 1174 ori
1017 1129 1127 1174 tuo.
1158 1140 1176 1171 ι
1216 1119 1680 1176 Contumeliosum
1727 1123 1868 1177 bene

275 1226 565 1282 possumus
618 1211 864 1281 accipere
907 1211 1223 1267 haereticum
1253 1254 1267 1277 ,
1308 1213 1401 1283 qui
1448 1227 1660 1283 semper
1700 1212 1866 1268 verba

277 1309 462 1357 nostra
492 1301 686 1370 quaerit
705 1300 1042 1367 subvertere,
1064 1311 1119 1356 et
1141 1301 1208 1356 ad
1237 1303 1534 1372 nequitiam
1562 1318 1754 1360 sensus
1783 1303 1865 1358 sui

275 1392 618 1462 pertrahere,
647 1392 874 1462 proinde
901 1391 1060 1459 hujus
1101 1392 1390 1447 collocutio
1417 1393 1727 1464 perniciosa
1756 1404 1864 1458 est,

277 1491 334 1537 et
358 1482 479 1536 ideo
500 1481 724 1537 omnino
755 1480 1024 1552 fugienda,
1057 1481 1196 1537 sicut
1219 1481 1274 1536 in
1302 1481 1612 1538 Proverbiis
1642 1481 1868 1552 Sapien-

278 1574 354 1628 tia
385 1576 652 1639 hortatur,
683 1573 868 1628 dicens
893 1592 906 1627 ε
937 1592 955 1624 ι
990 1573 1092 1628 Fili
1118 1575 1211 1637 mi,
1242 1573 1288 1628 si
1313 1583 1365 1629 te
1394 1573 1719 1628 lactaverint
1741 1588 1868 1644 pec-

275 1679 492 1724 catores
524 1707 538 1734 ,
568 1682 637 1722 ne
673 1667 988 1737 acquiescas
1016 1665 1202 1738 (Prov.
1234 1666 1300 1739 ι).
1332 1687 1351 1718 ›
1399 1667 1466 1721 Et
1498 1666 1630 1722 item
1664 1684 1677 1720 :
1718 1686 1735 1717 ι
1763 1665 1868 1721 Fili

275 1765 372 1830 mi,
407 1779 477 1820 ne
513 1763 759 1818 ambules
804 1777 930 1818 cum
979 1763 1090 1828 eis;
1137 1762 1367 1833 prohibe
1401 1761 1592 1831 pedem
1657 1768 1804 1814 tuum
1834 1775 1868 1815 a

276 1857 488 1912 semitis
502 1871 711 1913 eorum.
737 1856 912 1911 Pedes
930 1856 1077 1910 enim
1096 1870 1288 1911 eorum
1310 1855 1376 1909 ad
1395 1853 1595 1908 malum
1617 1859 1864 1925 currunt,

275 1959 333 2004 et
358 1948 620 2006 festinant
645 1957 708 2004 ut
727 1949 1341 2021 etfundantIsanguinem
1363 1949 1413 2020 (1
1421 1949 1574 2020 bid.).
1609 1969 1626 2000 ι

355 2060 373 2090 ‹
405 2038 525 2094 Noli
553 2039 790 2095 fenerari
817 2037 1023 2094 homini
1050 2039 1262 2096 fortiori
1290 2048 1370 2105 te;
1400 2037 1546 2108 quod
1571 2038 1617 2092 si
1661 2036 1869 2092 fenera-

281 2149 300 2181 ι
339 2131 502 2194 veris,
555 2139 814 2200 tanquam
854 2131 1127 2200 perditum
1171 2130 1332 2186 habe.
1371 2149 1391 2180 ι
1426 2129 1730 2185 Fortiorem
1779 2129 1868 2184 hic

275 2236 385 2276 non
407 2221 615 2277 viribus
631 2221 886 2286 validum,
913 2223 1008 2278 sed
1025 2221 1257 2276 elatione
1278 2219 1545 2275 tumidum
1568 2227 1865 2289 nuncupat,

277 2313 366 2367 cui
407 2312 659 2382 prohibet
703 2311 860 2367 fenus
906 2312 1184 2378 tribuere;
1215 2311 1343 2380 quia
1377 2325 1487 2366 non
1536 2310 1719 2364 laudat
1745 2324 1869 2363 cum

275 2417 344 2458 eo
374 2399 904 2473 amicitiasjungere.
935 2401 1182 2470 Superbo
1207 2401 1411 2470 itaque,
1439 2401 1544 2455 hoc
1569 2407 1672 2466 est,
1699 2400 1872 2454 haere-

279 2494 389 2548 tico
422 2493 849 2559 communicare,
876 2491 1088 2561 injuria:
1135 2493 1310 2563 magis
1342 2493 1740 2549 incrementum
1763 2499 1868 2559 est,

277 2601 444 2655 quam
499 2584 698 2655 quietis
729 2584 1182 2650 emolumentum;
1225 2592 1281 2640 et
1333 2586 1452 2640 ideo
1508 2585 1566 2639 in
1621 2585 1770 2639 omni
1812 2599 1872 2639 re

279 2682 454 2750 magis
479 2680 824 2736 devitandum
864 2687 946 2734 est
1000 2679 1118 2750 ejus
1159 2679 1490 2734 consortium
1524 2720 1540 2745 ,
1575 2693 1738 2748 quam
1767 2677 1872 2733 ali--

279 2772 436 2842 cujus
465 2771 602 2826 lucri
630 2779 724 2825 aut
752 2769 1073 2840 eloquentiae
1097 2785 1194 2839 per
1223 2785 1347 2825 eum
1375 2771 1735 2841 appetendum
1778 2771 1875 2826 ad-

285 2862 633 2929 miniculum;
663 2861 844 2932 perdit
884 2863 1028 2917 enim
1054 2862 1248 2933 fenus,
1279 2863 1372 2933 qui
1404 2863 1617 2933 ingrato
1645 2864 1869 2929 tribuit;

285 2962 342 3009 et
376 2954 570 3010 minuit
625 2954 1007 3021 substantiam,
1057 2955 1150 3024 qui
1178 2970 1434 3024 perverso
1485 2956 1872 3012 communicat.

291 3046 444 3103 Unde
473 3045 732 3103 Salomon
774 3047 832 3103 in
857 3047 1165 3104 Proverbiis
1190 3049 1460 3112 admonet,
1489 3048 1712 3105 dicens:
1745 3069 1763 3101 ‹
1793 3050 1876 3104 Bi-

287 3141 357 3197 be
385 3155 584 3210 aquam
607 3140 676 3196 de
707 3141 947 3196 cisterna
973 3148 1082 3204 tua,
1104 3150 1161 3197 et
1182 3140 1382 3198 ﬂuenta
1405 3142 1554 3210 putei
1576 3142 1655 3196 tui
1675 3143 1876 3198 habeto

285 3245 351 3285 ea
381 3230 547 3298 solus,
579 3245 680 3286 nec
709 3231 818 3286 sint
854 3232 1015 3288 alieni
1059 3233 1352 3302 participes
1384 3233 1463 3287 tui
1496 3230 1691 3305 (Prov.
1719 3233 1805 3306 v).
1851 3253 1870 3286 ι

1966 659 2128 714 daccs
2157 660 2243 714 hic
2265 675 2549 732 possumus
2581 661 2785 716 sentire
2811 662 3116 728 haereticos,
3153 663 3246 732 qui
3293 677 3553 733 praesum-

1965 758 2168 827 ptionis
2229 773 2340 813 suae
2383 758 2618 814 condunt
2644 763 2853 822 sectas;
2886 757 2942 811 in
2970 757 3170 826 quibus
3195 757 3415 814 omnino
3442 773 3553 813 non

1967 858 2052 906 est
2079 850 2234 905 nobis
2279 847 2654 921 gradiendum,
2700 848 2825 917 quia
2873 849 3168 904 secundum
3219 848 3552 905 voluntatem

1970 958 2148 1006 suam,
2184 951 2240 997 et
2285 956 2394 996 non
2442 941 2734 996 secundum
2770 940 3106 997 voluntatem
3153 941 3250 997 Dei
3297 942 3549 998 vadunt:

1967 1035 2059 1106 qui
2088 1034 2234 1090 enim
2268 1033 2482 1088 illorum
2531 1032 2751 1086 semitas
2794 1047 3078 1101 perversas
3098 1033 3358 1104 graditur,
3390 1032 3554 1088 simul

1968 1141 2091 1180 cum
2130 1125 2359 1180 stultitia
2394 1122 2623 1194 illorum,
2650 1123 2870 1193 peribit.
2917 1121 3054 1178 Nota
3110 1125 3237 1193 quia
3290 1124 3432 1179 sicut
3468 1137 3556 1179 su-

1968 1219 2149 1287 perius
2175 1217 2455 1287 prohibuit
2495 1224 2686 1271 contra
2734 1215 2929 1270 faciem
2975 1215 3354 1271 contumeliosi
3406 1223 3554 1270 stare

1969 1316 2022 1364 et
2087 1308 2295 1364 fortiori
2361 1306 2610 1362 fenerare
2633 1347 2649 1373 ,
2712 1308 2789 1362 ita
2836 1315 2893 1361 et
2931 1322 3076 1362 nunc
3135 1309 3392 1377 prohibet
3428 1323 3553 1363 cum

1969 1403 2172 1458 audace
2226 1401 2282 1455 in
2331 1400 2420 1454 via
2453 1399 2750 1466 ambulare,
2793 1399 2920 1468 quia
2972 1401 3270 1454 secundum
3319 1399 3558 1469 psalmo—

1969 1495 2160 1566 graphi
2224 1493 2550 1549 sententiam
2597 1510 2610 1546 :
2676 1492 2947 1563 “Beatus
3006 1500 3089 1546 est
3147 1492 3232 1546 vir
3297 1473 3389 1561 qui
3450 1506 3557 1544 non

1971 1588 2102 1642 abiit
2136 1588 2191 1641 in
2229 1586 2454 1642 consilio
2510 1586 2798 1656 impiorum
2829 1627 2844 1652 ,
2876 1592 2930 1640 et
2977 1585 3033 1639 in
3082 1584 3170 1638 via
3207 1592 3561 1654 peccatorum

1969 1693 2078 1732 non
2104 1679 2276 1740 stetit,
2307 1686 2363 1732 ct
2394 1677 2448 1731 in
2479 1677 2735 1732 cathedra
2762 1676 3084 1748 pestilentia
3120 1691 3229 1730 non
3259 1675 3399 1730 sedit
3425 1692 3440 1741 ;
3466 1674 3562 1729 sed

1971 1771 2025 1824 in
2055 1770 2170 1841 lege
2193 1769 2407 1824 Domini
2435 1769 2684 1824 voluntas
2709 1767 2846 1837 ejus,
2862 1768 3018 1836 .et.in
3048 1768 3164 1839 lege
3189 1765 3305 1836 ejus
3327 1766 3563 1820 medita-

1971 1864 2118 1918 bitur
2148 1863 2234 1918 die
2266 1877 2331 1917 ac
2374 1870 2536 1917 nocte
2563 1860 2736 1934 (Psat.
2757 1861 2819 1932 ι).
2856 1881 2874 1912 ι
2908 1861 2984 1916 De
3010 1875 3117 1930 quo
3143 1869 3198 1915 ct
3228 1858 3404 1915 adhuc
3433 1857 3564 1911 hor-

1894 1949 1944 2009 B
1972 1952 2528 2024 tatur-subjungens}:

2047 2068 2065 2098 ‹
2103 2046 2237 2101 Cum
2267 2047 2526 2101 iracundo
2551 2061 2660 2102 non
2682 2046 2853 2102 facias
2892 2046 3088 2111 rixam,
3113 2052 3166 2100 et
3199 2059 3322 2098 cum
3362 2043 3568 2098 audace

1976 2161 1993 2192 ‹
2030 2155 2138 2195 ηοιι
2161 2155 2253 2195 eas
2277 2141 2332 2194 in
2363 2141 2676 2196 desertum:
2701 2140 2955 2211 quoniam
2977 2140 3132 2211 quasi
3164 2138 3299 2193 nihil
3328 2145 3412 2193 est
3440 2145 3568 2191 ante

1978 2250 1996 2282 ι
2028 2231 2177 2285 illum
2226 2231 2469 2300 sanguis,
2510 2239 2566 2285 et
2593 2232 2686 2286 ubi
2733 2247 2842 2287 non
2870 2240 2954 2286 est
3001 2230 3351 2300 adjutorium,
3404 2229 3570 2286 elidet

1979 2344 1996 2375 ι
2029 2331 2099 2378 te.
2141 2342 2160 2374 ι
2217 2322 2372 2377 Licet
2419 2323 2774 2378 historialiter
2823 2339 2923 2379 nos
2975 2323 3264 2378 admoneat
3309 2322 3568 2378 vitiosum

1974 2426 2137 2489 atque
2188 2418 2450 2474 furiosum
2482 2419 2756 2474 hominem
2806 2419 3065 2483 devitarc,
3121 2425 3303 2473 tamen
3341 2415 3571 2489 mystice

1976 2514 2131 2569 docet
2182 2513 2673 2584 blasphemantium
2724 2513 3035 2568 Judaeorum
3085 2522 3140 2568 et
3187 2515 3569 2570 haereticorum

1975 2611 2252 2663 consortia
2287 2605 2494 2677 fugere,
2523 2615 2650 2663 ante
2679 2622 2910 2676 quorum
2945 2607 3133 2663 oculos
3162 2607 3300 2662 nihil
3327 2615 3413 2663 est
3440 2622 3570 2661 san-

1975 2699 2117 2770 guis,
2156 2700 2284 2770 quia
2326 2710 2419 2754 aut
2445 2700 2802 2770 corporaliter
2846 2715 3069 2755 carnem
3114 2700 3362 2754 ambiunt
3405 2697 3572 2752 truci-

1975 2791 2127 2857 dare,
2175 2800 2270 2847 aut
2322 2793 2498 2864 magis
2560 2793 2771 2847 animas
2821 2791 3177 2861 spiritualitcr
3225 2805 3324 2860 per
3371 2787 3575 2842 erroris

1972 2885 2301 2956 pravitatem
2324 2899 2574 2940 enecare.
2613 2882 2842 2939 Veloccs
2867 2885 3012 2938 enim
3039 2884 3205 2954 pedes
3232 2895 3423 2938 eorum
3447 2887 3575 2934 sunt

1977 2978 2044 3032 ad
2093 2976 2476 3033 effundendum
2512 2976 2852 3047 sanguinem,
2899 2984 2955 3030 et
3003 2974 3256 3030 contritio
3298 2979 3462 3041 atque
3493 2970 3575 3024 in-

1976 3068 2210 3124 felicitas
2230 3076 2314 3123 est
2343 3068 2398 3122 in
2412 3068 2515 3122 viis
2535 3083 2745 3134 eorum,
2770 3068 2862 3137 qui
2885 3076 2940 3122 et
2959 3067 3016 3121 in
3041 3066 3316 3122 desertum
3338 3065 3572 3119 ducunt:

1977 3161 2105 3230 quia
2133 3159 2199 3215 de
2229 3169 2376 3214 terra
2419 3161 2675 3216 Ecclesia:
2716 3161 2963 3224 evellere,
3002 3169 3056 3214 et
3084 3160 3138 3214 in
3169 3160 3327 3214 devia
3372 3157 3576 3214 erroris

1981 3252 2086 3318 sui,
2135 3267 2488 3322 quoscunque
2539 3261 2787 3324 possunt,
2822 3253 3079 3308 inducere
3114 3250 3463 3307 contendunt.
3499 3249 3576 3302 De

363 3343 382 3374 ε
410 3323 532 3379 Non
586 3325 854 3394 spondeas
903 3341 1065 3396 super
1108 3326 1366 3382 virtutem
1417 3335 1606 3394 tuam;
1647 3328 1792 3397 quod
1829 3327 1877 3383 si
1905 3319 1949 3382 C
1982 3319 2180 3415 “ib”;
2203 3353 2260 3400 ει
2295 3319 2470 3400 amth
2496 3319 2744 3400 διῖυάίωι-
2779 3362 2793 3397 ε

292 3439 310 3471 ι
347 3420 719 3488 spoponderis,
748 3422 907 3492 quasi
929 3421 1224 3476 restituens
1265 3422 1463 3492 cogita.
1497 3441 1515 3473 ›
1548 3419 1760 3477 Bonum
1793 3430 1878 3477 est

282 3518 346 3566 ut
363 3525 594 3580 quisque
619 3514 927 3568 consideret
962 3527 1276 3569 mensuram
1313 3514 1507 3567 virium
1546 3529 1792 3580 suarum,
1821 3521 1878 3569 et

280 3604 364 3660 sic
387 3613 576 3660 votum
602 3612 884 3677 temperet,
907 3622 975 3661 ne
1000 3607 1054 3660 in
1074 3607 1344 3662 mendacii
1367 3616 1580 3662 reatum
1608 3608 1873 3664 incurrat.

282 3693 437 3750 Unde
464 3694 724 3753 Dominus
743 3713 839 3769 per
868 3697 1088 3769 Moysen
1109 3697 1388 3767 praecepit,
1412 3698 1596 3754 dicens
1623 3717 1636 3753 :
1676 3721 1693 3752 ‹
1737 3699 1874 3756 Cum

278 3787 494 3842 voveris
521 3796 708 3844 votum
758 3789 986 3844 Domino
1017 3790 1128 3846 Deo
1166 3800 1258 3846 tuo
1281 3833 1295 3855 ,
1328 3807 1436 3846 non
1482 3793 1722 3848 tardabis
1754 3792 1878 3847 red-

280 3880 428 3945 dere,
453 3881 580 3950 quia
635 3881 877 3952 requiret
915 3881 1048 3938 illud
1076 3883 1339 3940 Dominus
1382 3886 1524 3940 Deus
1558 3893 1712 3952 tuus;
1747 3893 1804 3941 et
1829 3885 1876 3941 si

201 3969 208 3974 ’
280 3981 522 4028 moratus
551 3975 736 4041 fueris,
782 3975 1056 4045 reputabit
1106 3977 1205 4032 tibi
1257 3977 1312 4031 in
1339 3987 1654 4048 peccatum;
1695 3978 1742 4033 si
1774 3993 1876 4032 no-

279 4063 447 4118 lueris
470 4065 736 4134 polliceri,
760 4067 964 4138 absque
994 4079 1219 4138 peccato
1259 4069 1368 4124 eris
1413 4069 1594 4141 (Deut.
1625 4070 1811 4142 χχιιι).
1849 4090 1869 4121 ι

280 4153 434 4221 Quod
462 4164 642 4211 autem
672 4158 843 4213 semel
875 4174 1155 4230 egressum
1179 4168 1263 4214 est
1300 4161 1367 4216 de
1405 4161 1564 4216 labiis
1617 4163 1745 4228 tuis,
1771 4163 1872 4217 ob-

280 4248 541 4312 servabis,
572 4257 627 4304 et
653 4248 820 4305 facies
841 4250 980 4306 sicut
1011 4252 1309 4321 promisisti
1353 4253 1584 4307 Domino
1615 4252 1728 4307 Deo
1759 4264 1871 4320 tuo,

281 4353 337 4400 ct
361 4345 580 4415 prapria
615 4346 892 4403 voluntate
914 4362 982 4402 ex
1010 4364 1107 4404 ore
1138 4358 1228 4404 tuo
1277 4349 1489 4404 locutus
1526 4365 1605 4404 es.
1651 4349 1790 4404 Hinc
1819 4359 1875 4404 et

280 4433 637 4490 Ecclesiastes
667 4436 744 4490 ait
769 4456 781 4489 :
815 4453 834 4487 t
869 4435 926 4491 Si
955 4438 1085 4506 quid
1116 4438 1310 4493 vovisti
1351 4440 1464 4495 Deo
1493 4480 1508 4506 ,
1540 4455 1610 4495 ne
1637 4440 1873 4496 moreris

281 4523 510 4579 reddere
537 4541 553 4591 ;
588 4526 837 4596 displicet
857 4527 1000 4583 enim
1027 4529 1076 4582 ei
1109 4529 1342 4583 inﬁdelis
1368 4538 1425 4583 et
1449 4530 1612 4584 stulta
1636 4532 1874 4599 promis-

281 4615 392 4681 sio;
433 4617 528 4671 scd
569 4619 930 4689 quodcunque
964 4620 1197 4686 voveris,
1228 4621 1427 4676 redde:
1462 4622 1740 4693 multoque
1766 4638 1877 4678 me-

280 4711 384 4768 lius
412 4723 496 4768 est
523 4729 629 4770 non
659 4731 878 4780 vovere,
910 4732 1072 4785 quam
1114 4724 1236 4786 post
1265 4725 1446 4772 votum
1475 4719 1741 4788 promissa
1765 4733 1871 4774 non

283 4803 513 4859 reddere
535 4803 734 4878 (Eccle.
767 4806 843 4877 v).
878 4827 893 4857 ι

359 4916 377 4947 ‹
415 4895 533 4952 Non
551 4896 762 4968 judices
791 4907 980 4954 contra
1004 4899 1239 4968 judicem
1261 4901 1547 4971 :quoniam
1574 4904 1874 4958 secundum

289 5007 307 5038 ι
343 4990 488 5058 quod
513 4989 733 5059 dignum
760 5002 843 5046 est
860 4990 1083 5059 judicat.
1126 5013 1143 5043 ι
1179 4993 1305 5048 Πωο
1326 4994 1591 5050 sententia
1621 5003 1676 5050 et
1696 5010 1874 5050 mora-

286 5079 408 5134 liter
431 5096 528 5135 nos
555 5081 730 5148 docet,
777 5091 836 5136 ut
864 5084 1032 5139 simus
1082 5086 1308 5155 subjecti
1349 5087 1654 5158 praepositis
1696 5095 1752 5143 et
1786 5087 1874 5156 ju-

287 5174 498 5229 dicibus
522 5177 764 5243 nostris,
796 5178 887 5246 qui
933 5193 1032 5234 nos
1081 5181 1376 5234 secundum
1411 5182 1650 5236 divinam
1699 5182 1870 5252 legem

279 5268 552 5339 judicant;
586 5276 641 5323 et
673 5269 828 5340 juxta
875 5271 1190 5342 allegoriam
1242 5273 1493 5330 omnibus
1547 5274 1873 5330 adversariis

288 5359 556 5426 veritatis,
612 5361 715 5415 hoc
765 5369 850 5416 est
892 5363 1112 5432 judacis,
1148 5366 1374 5436 paganis
1415 5374 1470 5421 et
1499 5367 1767 5422 haereticis
1791 5367 1873 5420 in-

289 5452 570 5507 tet-dicitur
589 5469 659 5508 ne
679 5454 1033 5511 adversentur
1058 5457 1350 5527 Evangelio
1371 5457 1597 5525 Christi,
1615 5458 1871 5527 quoniam

286 5547 402 5618 ipse
435 5558 516 5603 est
565 5549 890 5605 constitutus
919 5567 948 5605 a
972 5550 1084 5605 Deo
1124 5549 1294 5620 judex
1337 5553 1586 5607 vivorum
1627 5560 1682 5606 et
1719 5568 1868 5607 mor-

288 5648 534 5695 tuorum:
562 5649 618 5695 et
653 5663 670 5694 ‹
711 5641 826 5712 ipse
853 5641 1064 5710 judicat
1091 5644 1280 5700 orbem
1308 5652 1468 5698 terra:
1497 5644 1552 5698 in
1591 5643 1868 5713 atquitate,

287 5741 342 5786 et
369 5732 598 5802 populos
620 5733 674 5788 in
703 5735 934 5791 veritate
966 5750 1082 5791 sua.
1121 5757 1140 5788 ι

365 5843 383 5875 ε
420 5823 552 5879 Cum
578 5825 768 5881 audaci
794 5843 903 5882 non
925 5843 1018 5883 eas
1048 5830 1102 5884 in
1127 5830 1236 5895 via,
1259 5845 1327 5886 ne
1352 5831 1491 5887 forte
1513 5841 1700 5902 gravet
1728 5836 1871 5890 mala

298 5934 316 5966 α
353 5931 449 5971 sua
479 5917 530 5972 in
557 5926 638 5985 te;
675 5920 786 5989 ipsc
838 5923 980 5976 enim
1023 5923 1316 5978 secundum
1369 5923 1697 5980 voluntatem
1720 5942 1873 5981 suam

2057 3455 2074 3486 ι
2114 3434 2251 3491 Cum
2288 3435 2454 3490 fatuis
2479 3450 2550 3490 ne
2575 3435 2861 3491 consilium
2890 3436 3096 3491 habeas
3129 3453 3143 3489 :
3175 3449 3286 3492 non
3305 3432 3450 3490 enim
3479 3445 3576 3503 po-

1985 3548 2002 3579 (
2035 3536 2217 3584 terunt
2275 3528 2498 3600 diligere
2527 3570 2541 3593 ,
2579 3529 2686 3583 nisi
2743 3544 2862 3598 quin
2911 3529 3044 3600 ipsis
3083 3527 3321 3597 placent.
3369 3545 3388 3578 ι
3417 3523 3574 3578 Fatui

1978 3621 2125 3676 enim
2175 3629 2303 3676 sunt
2336 3637 2526 3677 omnes
2585 3620 2895 3677 desertores
2941 3621 3218 3685 veritatis,
3243 3618 3372 3688 quia
3412 3616 3577 3671 relin-

1980 3719 2212 3781 quentes
2233 3713 2377 3766 viam
2386 3712 2637 3782 justitite,
2652 3713 2794 3766 viam
2820 3711 3128 3782 iniquitatis
3144 3711 3450 3782 elegerunt,
3477 3723 3577 3763 nec

1977 3811 2197 3872 patrum
2228 3803 2470 3875 regulam
2507 3803 2694 3872 sequi,
2727 3803 2822 3859 sed
2851 3803 2964 3858 suis
2993 3802 3360 3872 voluptatibus
3396 3800 3578 3855 deser-

1978 3893 2096 3948 vire
2120 3895 2510 3970 probaverunt.
2555 3893 2710 3950 Unde
2741 3893 2799 3948 in
2823 3893 3135 3949 Proverbiis
3162 3895 3423 3962 scriptum
3450 3897 3534 3946 est
3559 3908 3572 3942 :

1984 4005 2004 4038 (
2037 3985 2156 4042 Non
2185 3987 2380 4056 recipit
2401 3987 2602 4042 stultus
2615 3987 2782 4041 verba
2803 3985 3124 4056 prudentiae,
3143 3985 3250 4039 nisi
3276 3999 3342 4040 ea
3370 3981 3577 4038 dixeris

1979 4094 2100 4150 quae
2128 4089 2419 4134 versantur
2457 4081 2512 4134 in
2553 4079 2719 4134 corde
2747 4076 2864 4147 ejus
2899 4077 3084 4149 (Prov.
3109 4075 3289 4149 xvrn).
3329 4094 3348 4127 ›
3375 4075 3482 4131 Sed
3507 4089 3578 4130 ne

1981 4172 2084 4229 hoc
2113 4189 2427 4244 praecavere
2458 4174 2772 4240 voluerunt,
2804 4175 2949 4243 quod
2978 4172 3107 4226 alibi
3141 4170 3423 4241 Scriptura
3449 4183 3577 4240 pro-

1980 4270 2078 4333 dit,
2108 4269 2293 4323 dicens
2320 4286 2333 4320 :
2369 4288 2385 4318 ι
2425 4266 2564 4322 Sunt
2583 4270 2710 4333 viae,
2733 4283 2854 4336 qua:
2874 4273 3134 4337 putantur
3164 4266 3233 4318 ab
3261 4263 3576 4319 hominibus

1971 4358 2133 4429 justas
2157 4399 2172 4424 ,
2226 4357 2522 4413 novissima
2563 4365 2744 4412 autem
2787 4372 2977 4412 eorum
3017 4355 3291 4410 deducunt
3329 4353 3398 4407 ad
3447 4367 3574 4422 pro-

1980 4449 2205 4505 fundum
2262 4447 2461 4502 inferni
2519 4448 2702 4519 (Prov.
2743 4448 2931 4520 x1v).»
2967 4445 3123 4502 Unde
3181 4444 3426 4514 sequitur
3480 4458 3574 4498 eos

1978 4540 2295 4611 ignominia,
2329 4548 2382 4594 et
2415 4539 2786 4610 opprobrium,
2818 4547 2873 4592 et
2890 4536 3123 4608 perditio
3150 4535 3498 4606 sempiterna.
3594 4606 3598 4608 _

2062 4653 2080 4684 ‹
2122 4632 2321 4689 Coram
2335 4641 2594 4688 extraneo
2617 4646 2685 4686 ne
2700 4631 2868 4687 facias
2889 4630 3208 4695 consilium;
3237 4629 3415 4685 nescis
3428 4628 3573 4684 enim

1985 4749 2002 4781 ‹
2036 4729 2167 4800 quid
2217 4729 2412 4798 pariet.
2447 4747 2466 4779 ι
2519 4727 2824 4784 Extraneus
2877 4727 3035 4782 nobis
3090 4734 3204 4793 est,
3264 4723 3418 4794 quia
3467 4721 3600 4798 fide;

1979 4833 2032 4880 et
2069 4823 2334 4896 religione
2382 4823 2692 4880 Christiana
2741 4824 2950 4879 alienus
2995 4831 3107 4888 est;
3142 4837 3266 4876 cum
3312 4833 3420 4889 quo
3463 4818 3608 4871 non’.

1978 4921 2064 4969 est
2112 4915 2400 4970 consilium
2455 4913 2773 4978 ineundum,
2823 4914 2925 4968 hoc
2971 4921 3055 4966 est
3094 4911 3162 4964 de
3213 4906 3572 4964 sacramentis

1981 5009 2178 5065 divinis
2199 5018 2254 5064 ct
2285 5009 2560 5081 mysteriis
2589 5009 2978 5066 occultioribus
3003 5007 3415 5077 disputandum,
3443 5004 3571 5076 quia

1979 5100 2253 5155 nescimus
2297 5116 2488 5157 sensus
2545 5101 2661 5171 ejus
2707 5102 3055 5171 qualitatem,
3092 5107 3275 5154 utrum
3314 5099 3382 5153 ad
3410 5096 3574 5152 fidem

1981 5194 2067 5248 vel
2093 5194 2159 5248 ad
2205 5192 2596 5263 blasphemiam
2640 5203 2902 5250 vertatur.
2937 5192 3075 5246 Hinc
3113 5198 3169 5245 et
3196 5190 3314 5260 ipsa
3359 5187 3573 5244 Veritas

1982 5301 2080 5341 nos
2115 5286 2407 5353 instruxit,
2436 5287 2662 5344 dicens:
2701 5307 2718 5336 ‹
2755 5285 2932 5341 Nolite
2969 5291 3220 5340 sanctum
3265 5282 3399 5338 dare
3424 5283 3572 5338 cani-

1980 5378 2103 5444 bus,
2149 5392 2328 5447 neque
2356 5380 2584 5434 mittatis
2614 5380 2935 5447 margaritas
2965 5385 3176 5433 vestras
3222 5385 3350 5432 ante
3376 5390 3573 5447 porcos

1981 5468 2198 5536 (Matth.
2232 5471 2330 5542 vn)
2362 5491 2374 5525 :
2417 5493 2435 5523 ι
2474 5488 2542 5526 ne
2586 5471 2835 5526 conversi
2894 5471 3233 5541 disrumpant
3259 5484 3378 5524 vos.
3433 5468 3571 5523 Hinc

1978 5570 2033 5614 et
2070 5570 2258 5629 pastor
2295 5563 2553 5617 Ecclesiae
2595 5563 2671 5615 ait
2703 5581 2714 5616 :
2749 5582 2766 5613 ‹
2797 5561 2905 5618 Vos
2946 5562 3130 5632 igitur,
3164 5562 3364 5616 fratres
3385 5602 3398 5625 ,
3433 5574 3571 5629 prte-

1979 5655 2216 5710 scientes
2244 5655 2542 5721 custodite,
2577 5671 2644 5710 ne
2690 5656 3060 5730 insipientium
3094 5670 3280 5712 errore
3332 5652 3569 5708 traducti

1980 5749 2244 5804 excidatis
2273 5765 2304 5802 a
2341 5750 2558 5820 propria
2592 5750 2848 5807 firmitate
2877 5751 2962 5824 (II
2995 5750 3111 5805 Pet.
3151 5750 3257 5819 ιιι).
3293 5767 3311 5800 ι
3347 5746 3486 5800 Hinc
3513 5754 3568 5799 ct

1980 5839 2216 5895 Joannes
2255 5843 2372 5895 ait:
2411 5860 2428 5891 ι
2459 5841 2646 5897 Omnis
2679 5845 2772 5913 qui
2827 5843 3031 5898 recedit
3071 5849 3124 5896 et
3153 5857 3258 5895 non
3285 5848 3572 5909 permanet

1983 5931 2037 5983 in
2063 5931 2307 5985 doctrina
2334 5931 2560 5997 Christi,
2595 5934 2762 5988 Deum
2795 5948 2902 5987 non
2939 5933 3100 5986 habet
3127 5948 3138 5983 :
3163 5929 3254 5998 qui
3285 5937 3568 5997 permanet
