4030 6520
451 477 560 536 819
1092 468 1153 522 Β.
1196 463 1451 522 RABANI
1487 462 1708 519 IAURI
1743 456 2036 517 ARCHEP

2148 453 2410 513 [οῦυΝΤ.
2452 448 2737 510 ΟΡΒιὶυὶί
2768 448 2952 507 PARS
2989 448 3031 505 l.
3620 445 3731 502 ΒΩ

452 589 510 643 in
532 585 803 649 doctum,
823 582 916 637 hic
940 578 1113 635 mm
1136 583 1195 633 et
1219 583 1431 648 patrem
1460 575 1641 631 habet.
1667 575 1727 631 Si
1747 574 1871 645 quis
1896 574 2044 629 venit
2063 578 2121 641 Α
2149 568 2361 625 mulieri
2392 572 2715 639 potestatem
2741 564 2803 621 in
2828 563 3008 619 anim.
3036 572 3140 620 sua
3163 577 3273 619 non
3294 560 3521 629 uitauit;
3546 568 3614 616 et
3636 562 3737 630 qui

448 679 522 734 ad
541 690 658 742 vos,
684 679 745 728 et
758 671 905 728 hanc
926 669 1232 728 doctrinm
1258 680 1368 723 non
1397 666 1576 735 aﬁ’ert,
1602 665 1773 755 nolite
1795 665 2039 737 recipere
2141 664 2381 736 regulam
2410 677 2554 719 verae
2588 660 2714 719 ﬁdei
2738 673 2961 717 servare
2986 657 3288 725 contendit,
3310 656 3585 713 inretire
3605 670 3737 726 pru-

448 785 574 827 eum
594 768 653 824 in
677 766 920 831 domum,
949 778 1055 819 nec
1074 778 1177 820 ave
1210 762 1266 820 ei
1293 761 1561 818 dixeritis.
1592 752 1701 829 Qui
1728 759 1886 816 enim'
1904 759 2039 815 dicit
2139 757 2295 813 vitati
2324 771 2432 811 non
2461 752 2749 811 consentit.

450 863 527 921 illi
576 878 698 930 ave,
742 859 1114 917 communicat
1162 856 1419 929 operibus
1468 855 1614 911 illius
1662 854 1920 927 malignis
1948 851 2037 926 (11

447 957 611 1014 ιοιιι.
639 955 705 1029 ι).
740 974 761 1008 ι

520 1069 545 1103 ι
572 1050 697 1106 Non
706 1048 857 1105 omni
872 1045 1080 1103 homini
1093 1060 1193 1100 cor
1204 1052 1356 1100 tuum
1369 1038 1704 1103 manifestos,
1718 1053 1788 1094 ne
1799 1036 1942 1095 forte
1955 1038 2038 1093 in-

450 1163 475 1197 ‹
506 1143 655 1200 εει-αι
670 1143 770 1199 tibi
795 1140 1027 1214 gratiam
1041 1137 1234 1194 falsam
1260 1146 1318 1193 et
1330 1137 1665 1192 conviciet'ur
1678 1135 1795 1191 tibi.
1830 1150 1852 1187 ι
1881 1132 2037 1201 Quod

447 1237 703 1308 superius
724 1236 1061 1292 subobscure
1074 1232 1276 1303 posuit,
1294 1246 1416 1286 cum
1432 1238 1697 1286 extraneo
1709 1245 1819 1285 non
1843 1230 2038 1284 ineun.

448 1327 579 1383 dum
606 1326 912 1393 consilium,
961 1325 1089 1395 quia
1112 1324 1355 1379 nescitur
1388 1322 1518 1392 quid
1565 1323 1787 1392 pariat:
1838 1322 1941 1375 hoc
1982 1320 2037 1373 in

446 1419 554 1475 hac
592 1418 862 1475 sententia
878 1417 1094 1489 planius
1126 1416 1381 1487 exponit,
1412 1415 1621 1471 Scilicet
1646 1422 1705 1468 ut
1726 1411 2039 1486 hypocrisin

447 1510 829 1568 simulatorum
852 1524 1140 1567 caveamus
1172 1549 1189 1576 ,
1218 1524 1290 1564 ne
1318 1508 1480 1574 forte,
1511 1508 1560 1563 si
1584 1508 1804 1563 incaute
1834 1506 2040 1575 aliquid

446 1617 639 1661 coram
682 1603 816 1674 ipsis
855 1602 1143 1673 loquamur
1165 1609 1261 1656 aut
1301 1616 1545 1671 agamus,
1592 1613 1787 1656 eorum
1826 1597 2039 1653 insidiis

444 1695 744 1765 capiamur.
776 1693 931 1750 Unde
970 1703 1027 1750 et
1068 1694 1126 1749 iu
1185 1692 1549 1748 anterioribus
1586 1691 1929 1761 praemonuit,
1976 1697 2042 1746 ut

444 1787 601 1842 multi
645 1786 859 1857 paciﬁci
898 1795 1083 1842 essent
1108 1786 1267 1842 nobis
1287 1822 1303 1852 ,
1332 1794 1391 1840 et
1438 1784 1785 1840 consiliarius
1807 1798 1951 1838 unus
1972 1784 2040 1838 de

444 1880 614 1935 mille.
646 1879 857 1936 illucet
876 1880 931 1934 in
958 1879 1270 1935 Proverbiis
1293 1877 1689 1949 scriptumest:
1722 1895 1745 1928 ί
1778 1876 2039 1930 inimicus

2214 871 2234 904 ι
2266 850 2346 907 Ne
2396 849 2658 921 respicias
2712 846 2996 903 mulierem
3042 843 3421 910 multivolam,
3470 858 3545 898 ue
3594 842 3739 899 forte

2144 966 2162 998 ι
2207 945 2415 1001 incidas
2469 944 2522 997 in
2569 943 2792 1013 laqueos
2818 938 2988 994 illius.
3026 955 3049 990 ι
3083 937 3365 992 Multivola
3410 936 3617 991 mulier
3652 947 3739 992 est

2139 1038 2522 1096 haereticorum
2579 1046 2872 1106 synagoga,
2922 1031 3051 1101 quia
3084 1044 3198 1085 non
3235 1030 3498 1084 unionem
3542 1029 3743 1083 catho-

2135 1132 2257 1189 lica‘,
2287 1131 2431 1197 ﬁdei,
2464 1136 2520 1184 et
2542 1127 2829 1183 veritatem
2862 1122 3188 1196 evangelicae
3216 1122 3483 1177 doctrina:
3515 1132 3745 1176 servare

2139 1226 2366 1297 appetit,
2393 1224 2488 1280 sed
2522 1236 2620 1292 per
2646 1221 2805 1276 devia
2836 1218 3178 1274 diversorum
3201 1226 3459 1271 errorem
3505 1227 3744 1286 pergere

2139 1322 2335 1391 diligit,
2367 1320 2458 1375 ubi
2492 1328 2550 1374 et
2586 1318 2809 1388 laqueos
2832 1315 2987 1388 ponit
3009 1355 3024 1380 ,
3047 1313 3178 1383 quia
3204 1321 3387 1368 sectas
3410 1310 3747 1382 perditionis

2142 1414 2210 1469 ad
2232 1414 2581 1483 decipiendas
2605 1410 2818 1465 animas
2862 1407 3117 1473 instruit;
3147 1406 3220 1461 ad
3258 1412 3427 1477 quam
3459 1403 3745 1474 respicere

2138 1505 2514 1577 prohibemur,
2531 1503 2660 1573 quia
2684 1510 3033 1572 nequaquam
3051 1496 3302 1554 societati
3326 1494 3478 1551 illius
3502 1495 3711 1550 coturni
3726 1524 3743 1535 -

2140 1598 2279 1653 sceri
2308 1596 2696 1668 permittimur.

2216 1705 2238 1741 ι
2261 1690 2396 1747 Cum
2408 1685 2690 1746 saltatrice
2712 1697 2787 1745 ne
2814 1680 3070 1743 assiduus
3094 1685 3191 1749 sis,
3218 1690 3324 1738 nec
3349 1682 3547 1737 audias
3568 1680 3745 1742 illam,

2144 1792 2167 1837 ι
2203 1794 2273 1840 ne
2310 1784 2451 1839 forte
2471 1796 2667 1853 pareas
2694 1774 2751 1836 in
2770 1779 3018 1836 eilicacia
3048 1778 3211 1833 illius.
3241 1795 3259 1828 ι
3289 1771 3471 1844 Quam
3503 1773 3745 1829 satiati-iv

2141 1890 2260 1935 cem
2287 1876 2482 1932 melius
2523 1880 2815 1946 possumus
2840 1872 3117 1943 accipere,
3144 1876 3313 1941 quam
3352 1868 3752 1923 haeme

446 1986 571 2026 cum
608 1972 661 2025 in
708 1972 873 2027 corde
906 1972 1222 2027 tractaverit
1252 1972 1426 2038 dolos,
1459 1970 1676 2041 quando
1720 1969 2038 2026 submiserit
2067 1958 2114 2019 Β
2144 1972 2377 2036 turbam,
2400 1982 2521 2038 quae
2546 1980 2648 2038 pro
2687 1965 3040 2022 instabilitate
3073 1962 3273 2019 means
3302 1968 3417 2016 sua:
3438 1968 3589 2014 nunc
3620 1958 3750 2019 hoc.

444 2077 635 2118 vocem
659 2078 834 2129 suam,
872 2078 941 2118 ne
963 2064 1259 2118 credideris
1285 2064 1362 2129 ei,
1408 2063 1669 2132 quoniam
1702 2068 1911 2131 septem
1940 2076 2036 2117 ne-

442 2156 630 2226 quitia:
648 2164 780 2211 sunt
805 2156 862 2210 in
883 2156 1051 2211 corde
1082 2155 1226 2211 illius
1252 2156 1437 2227 (Prov.
1470 2154 1644 2226 xxvi).
1682 2171 1702 2205 ο

510 2246 666 2317 (Car.
697 2245 799 2319 ix.)
830 2266 851 2298 ε
880 2246 999 2302 Non
1052 2247 1197 2302 zeles
1246 2247 1532 2301 mulierem
1583 2246 1747 2301 sinus
1801 2244 1919 2309 tui,
1968 2258 2039 2298 ne

447 2358 468 2393 ε
502 2339 760 2394 ostendat
793 2355 958 2409 super
1008 2346 1061 2393 te
1089 2339 1355 2395 malitiam
1406 2339 1667 2395 doctrinae
1714 2354 1970 2409 nequam.
2013 2356 2031 2389 ι

442 2430 723 2486 Mulierem
766 2431 910 2486 sicut
963 2431 1020 2486 in
1048 2432 1212 2496 bono,
1260 2431 1338 2485 ita
1365 2438 1422 2487 et
1446 2430 1503 2484 in
1550 2430 1692 2484 malo
1720 2429 1956 2501 positam
1978 2429 2035 2483 in

444 2520 741 2592 Scripturis
778 2522 1106 2578 invenimus.
1137 2521 1331 2578 Mulier
1356 2522 1412 2577 in
1440 2522 1607 2587 bono,
1630 2527 1692 2575 ut
1726 2521 1783 2575 in
1809 2519 2039 2575 Proven-

439 2616 546 2672 biis
574 2617 813 2687 legitur:
851 2637 869 2668 ι
911 2616 1193 2672 Mulierem
1223 2614 1423 2671 fortem
1459 2616 1583 2684 quis
1608 2615 1885 2669 inveniet?
1912 2629 2039 2684 pro-

440 2707 530 2763 cul
551 2716 610 2764 et
629 2709 696 2764 de
723 2708 932 2764 ultimis
964 2708 1165 2764 ﬁnibus
1190 2709 1425 2778 pretium
1443 2705 1564 2776 eius
1593 2707 1776 2780 (Prov.
1805 2706 1980 2780 xxxx).
2012 2726 2033 2761 ι

438 2800 510 2856 Et
534 2801 590 2856 in
636 2802 930 2873 Evangelio
958 2820 971 2856 :
1004 2820 1022 2854 ‹
1058 2801 1249 2857 Mulier
1285 2802 1569 2857 abscondit
1610 2800 1941 2857 fermentum
1979 2802 2039 2856 in

438 2889 629 2948 farinae
656 2893 793 2949 satis
840 2894 1040 2958 tribus,
1090 2894 1264 2948 donec
1306 2890 1693 2948 fermentatum
1730 2900 1817 2948 est
1865 2900 2038 2949 totum

440 2984 657 3054 (Bauli.
684 3000 815 3052 xm;
846 2985 977 3042 Luc.
1000 2985 1145 3059 xm).
1186 3006 1203 3038 ι
1240 2985 1343 3042 Ubi
1386 2986 1521 3041 ﬁdes
1561 2996 1617 3042 et
1649 2986 1867 3041 devotio
1895 3000 2033 3056 prte-

439 3074 653 3134 dicutur
674 3077 953 3134 Ecclesia.
1000 3078 1288 3134 Goutrario
1320 3095 1450 3135 vero
1484 3079 1539 3133 in
1562 3079 1709 3135 malo
1746 3078 1922 3149 posita
1950 3082 2039 3133 est

440 3166 637 3222 mulier
662 3168 717 3223 in
743 3169 1054 3226 Proverbiis
1084 3210 1098 3236 ,
1122 3170 1212 3226 ubi
1244 3171 1318 3226 ita
1347 3171 1544 3242 legitur
1574 3189 1587 3224 :
1628 3190 1646 3222 ι
1674 3170 1812 3226 Ecce
1842 3170 2038 3225 mulier

439 3261 683 3319 occurrit
718 3261 795 3319 illi
824 3272 1024 3319 ornatu
1050 3264 1364 3319 meretricio
1392 3272 1697 3334 pricparata
1724 3264 1794 3317 ad
1816 3263 2037 3332 capien—

2141 2070 2290 2118 nunc
2339 2060 2473 2115 illud
2514 2058 2689 2130 eligit,
2748 2068 2850 2112 nec
2884 2066 3126 2126 unquam
3172 2055 3229 2110 in
3282 2058 3430 2111 statu
3486 2049 3755 2106 veritatis

2141 2158 2440 2213 consistere
2491 2154 2681 2210 novit?
2736 2149 3087 2209 Volubilitate
3157 2148 3305 2207 enim
3368 2146 3575 2222 linguae
3638 2162 3757 2203 suat

2141 2248 2297 2320 quam
2332 2255 2515 2303 rotatu
2538 2247 2789 2317 corporis
2819 2240 3063 2317 gyrando
3086 2244 3158 2299 ad
3186 2242 3291 2299 hoc
3312 2240 3468 2309 ludit,
3488 2236 3557 2296 ut
3581 2252 3758 2311 quem

2141 2336 2589 2410 elO'qnentiaesuae
2601 2348 2902 2395 amatorem
2918 2352 3046 2394 esse
3070 2328 3361 2408 conspicit,
3380 2333 3436 2389 in
3451 2340 3758 2390 assensum

2140 2432 2429 2503 pravitatis
2451 2442 2563 2486 sure
2589 2430 2747 2501 quasi
2774 2422 3011 2486 inertem
3042 2428 3203 2485 citius
3246 2418 3557 2500 peﬂraltat.
3586 2421 3757 2491 Quod

2141 2532 2197 2580 et
2221 2523 2476 2580 Salomon
2510 2524 2776 2588 ostendit,
2814 2520 3051 2578 dicens:
3080 2534 3103 2574 ι
3137 2519 3375 2576 Irretivit
3404 2524 3533 2574 eum
3556 2511 3762 2571 multis

2142 2613 2507 2680 sermonibus,
2556 2618 2609 2669 et
2633 2608 2913 2669 blanditiis
2959 2608 3229 2669 labiorum
3269 2610 3542 2683 protraxit
3574 2618 3712 2664 eum
3742 2618 3758 2660 ξ

2142 2707 2326 2760 statim
2352 2719 2476 2761 eam
2513 2698 2780 2777 sequitur,
2802 2706 2959 2776 quasi
2984 2702 3084 2761 bos
3122 2698 3318 2761 ductus
3340 2705 3407 2760 ad
3433 2690 3757 2769 victimam,

2141 2802 2197 2854 et
2220 2798 2381 2870 quasi
2430 2808 2605 2871 agnus
2631 2794 2923 2855 lasciviens
2958 2802 3017 2853 et
3039 2796 3298 2870 ignorans
3322 2794 3468 2868 quod
3510 2796 3582 2851 ad
3622 2797 3762 2850 rin-

2140 2891 2263 2949 cula
2288 2891 2488 2948 stultus
2517 2886 2790 2959 trahatur,
2824 2886 3001 2947 donec
3036 2889 3322 2962 transﬁgat
3364 2890 3562 2962 sagitta
3586 2884 3763 2958 jecur

2140 2985 2297 3058 ejus:
2339 2984 2488 3042 velut
2536 2986 2583 3041 si
2633 2986 2749 3040 avis
2795 2983 3018 3039 festinet
3046 2978 3511 3055 summouitth
3566 2980 3759 3036 nescit

2141 3084 2267 3155 quia
2293 3080 2361 3137 de
2388 3081 2631 3154 periculo
2659 3081 2854 3136 animm
2880 3078 3026 3135 illius
3054 3070 3235 3151 agitur
3261 3066 3442 3150 (Prov.
3464 3076 3597 3147 vn).
3648 3090 3669 3125 ι

2214 3188 2237 3228 t
2271 3170 2546 3246 Virginem
2593 3184 2665 3229 ne
2690 3172 3018 3242 conspicias,
3047 3182 3117 3228 ne
3168 3164 3309 3225 furto
3350 3160 3765 3224 scandalizeris

2147 3280 2166 3318 ι
2196 3268 2251 3322 in
2304 3267 2500 3322 decore
2552 3264 2715 3321 illius.
2749 3276 2769 3316 δ
2799 3254 2906 3318 Per
2958 3254 3229 3319 incuriam
3256 3259 3456 3332 quippe
3483 3266 3765 3328 aspectus

441 3353 538 3409 das
561 3354 792 3423 animas,
835 3356 1053 3428 garrula
1082 3365 1139 3411 et
1186 3372 1346 3429 vaga,
1374 3357 1573 3428 quietis
1598 3358 1909 3429 impatiens,
1932 3372 2038 3414 nec
2065 3361 2110 3426 C
2142 3372 2285 3433 saepe
2312 3361 2566 3417 turbatur
2594 3360 2844 3415 internus
2868 3351 3040 3413 animi
3093 3354 3294 3412 motus.
3328 3346 3455 3411 ideo
3488 3351 3765 3425 prohibet

437 3445 629 3504 valens
652 3447 709 3502 in
744 3447 908 3504 domo
933 3448 1238 3505 consistere
1278 3450 1510 3520 pedibus
1536 3450 1673 3517 suis,
1702 3464 1850 3505 nunc
1878 3449 2032 3515 foris,

440 3551 589 3595 nunc
617 3539 672 3594 in
701 3537 919 3608 plateis,
954 3556 1100 3597 nunc
1120 3541 1280 3611 juxta
1324 3543 1580 3615 angulum
1610 3543 1894 3609 insidians,
1932 3558 2021 3615 ap-

438 3631 887 3703 prehensumque
909 3634 1256 3690 deoswlatur
1269 3636 1548 3706 juvenem,
1569 3645 1624 3692 et
1637 3638 1856 3707 procaci
1884 3635 2037 3692 vultu

440 3722 737 3790 blanditur,
780 3723 1011 3782 dicens:
1054 3728 1318 3784 Victimus
1343 3744 1443 3800 pro
1465 3730 1642 3786 salute
1689 3731 1848 3797 vovi,
1880 3731 2039 3786 hodie

443 3815 652 3872 reddidi
679 3824 804 3872 vota
818 3832 962 3885 mea,
992 3827 1085 3875 etc
1109 3819 1292 3891 (Prov.
1321 3822 1445 3895 vn).
1486 3840 1507 3874 ο
1538 3823 1596 3878 lu
1629 3834 1738 3893 quo
1784 3824 2038 3879 hattetica

443 3909 685 3978 pravitas
713 3910 1025 3980 denotatur,
1052 3925 1178 3983 quae
1204 3920 1262 3969 et
1291 3915 1381 3971 hic
1398 3916 1504 3972 sub
1541 3916 1711 3972 variis
1752 3917 2038 3987 speciebus

445 4000 792 4057 describitur.
857 4002 1139 4059 Mulierem
1184 4006 1333 4061 enim
1385 4006 1541 4062 sinus
1592 4007 1799 4073 nostri,
1874 4007 2038 4062 falsos

442 4088 642 4147 fratres
677 4105 967 4161 possumus
994 4095 1336 4167 intelligere,
1372 4099 1471 4167 qui
1497 4099 1779 4153 nobiscum
1810 4108 2036 4154 manen-

442 4191 557 4250 tes,
597 4185 731 4242 foris
770 4200 963 4259 pacem
1012 4190 1293 4257 simulant,
1344 4192 1493 4247 intus
1542 4192 1695 4248 dolos
1737 4200 1953 4263 parant,
1982 4200 2041 4248 et

444 4274 710 4337 malitiam
740 4279 1007 4336 doctrina:
1043 4296 1278 4351 nequam
1327 4283 1585 4339 retinent.
1620 4282 1664 4337 A
1691 4285 1890 4353 quibus
1919 4285 2039 4353 ipsa

445 4364 660 4423 Veritas
697 4369 755 4424 in
793 4370 1092 4441 Evangelia
1120 4374 1307 4430 docuit
1338 4376 1636 4446 discipulos
1664 4390 1794 4432 suos
1820 4389 2035 4441 cavere,

443 4458 630 4516 dicens
658 4478 672 4514 ι
704 4480 726 4513 ι
764 4461 1040 4520 Attendite
1086 4473 1268 4520 autem
1309 4467 1464 4521 vobis
1495 4482 1527 4521 a
1554 4466 1706 4521 falsis
1734 4467 2033 4536 prophetis,

2140 3462 2239 3511 nos
2264 3450 2323 3510 in
2366 3455 2637 3527 virginem
2660 3448 2995 3524 conspicere,
3024 3452 3152 3523 quia
3194 3462 3224 3506 a
3249 3446 3473 3506 libidine
3499 3456 3763 3503 mentem

2138 3558 2383 3605 nostram
2411 3542 2636 3604 illaesum
2668 3547 2785 3603 vult
2829 3554 3176 3617 permanere.
3205 3536 3343 3599 tunc
3380 3550 3435 3598 et
3482 3536 3616 3597 alibi
3643 3538 3759 3597 Sa-

2137 3642 2341 3712 pientia
2366 3635 2551 3706 docet,
2594 3633 2782 3695 dicens
2812 3644 2830 3693 ξ
2864 3654 2887 3689 ι
2923 3628 3117 3693 Mulier
3142 3630 3247 3691 tiri
3270 3627 3574 3707 pretiosam
3626 3633 3764 3688 ἐιηὶ-

2140 3744 2283 3787 mam
2308 3733 2473 3803 capit.
2505 3728 2624 3787 Non
2642 3722 3000 3801 concupiscat
3020 3720 3476 3801 pulchritudinem
3500 3724 3623 3796 ejus
3651 3742 3761 3782 cor

2142 3833 2316 3890 tuum,
2372 3836 2475 3879 nec
2532 3816 2765 3893 capiaris
2810 3816 3034 3877 nutibus
3080 3813 3249 3887 illius,
3309 3819 3543 3891 pretium
3595 3820 3760 3874 enim

2140 3915 2306 3970 scorti
2347 3916 2442 3971 vix
2488 3923 2570 3971 cst
2600 3915 2760 3971 unius
2798 3906 2960 3986 panis
2984 3904 3171 3986 (Prav.
3197 3910 3300 3985 vi).
3335 3932 3354 3965 ι
3386 3908 3617 3983 Mystice
3651 3927 3747 3965 au-

2141 4013 2249 4060 tem
2281 4016 2388 4062 non
2420 4002 2685 4063 debemus
2714 4002 2966 4063 decorem
2994 3998 3319 4077 eloquentiae
3361 3996 3761 4061 haereticorum

2140 4106 2346 4164 amare,
2389 4110 2569 4169 neque
2596 4099 2651 4153 in
2674 4092 3020 4169 splendorem
3051 4088 3423 4153 simulaturum
3473 4088 3757 4151 virtutum

2141 4202 2328 4245 eorum
2355 4188 2657 4258 intendere,
2682 4200 2752 4246 ne
2776 4189 3214 4247 scandalizatum
3242 4182 3299 4243 in
3339 4184 3656 4244 ﬁctionibus
3682 4187 3758 4242 il-

2140 4281 2335 4338 lorum.
2363 4276 2520 4338 Unde
2548 4286 2603 4337 et
2626 4276 2926 4353 subiungit,
2959 4282 3145 4339 dicens
3183 4292 3201 4336 ξ

2218 4392 2235 4425 ι
2272 4374 2391 4429 Non
2436 4371 2537 4430 des
2565 4372 2877 4430 fornicariis
2925 4372 3162 4429 animam
3208 4378 3359 4430 tuam
3399 4368 3452 4428 in
3496 4362 3635 4435 ullo,
3675 4387 3756 4427 ne

2147 4486 2165 4519 ‹
2198 4470 2396 4538 perdas
2423 4472 2479 4525 te
2498 4478 2553 4524 et
2572 4464 2947 4524 hereditatem
2969 4474 3138 4522 tuam.
3171 4486 3189 4520 ›
3209 4462 3346 4534 Quia
3372 4462 3572 4521 nullam
3596 4481 3756 4520 com.

442 4553 538 4624 qui
572 4555 796 4610 veniunt
816 4556 999 4611 advos
1024 4556 1080 4610 in
1109 4557 1447 4612 vestimentis
1472 4559 1678 4624 ovium,
1710 4560 2040 4614 intrinsecus
2142 4556 2451 4614 munionnm
2502 4556 2764 4615 debemus
2809 4558 3012 4614 habere
3066 4566 3188 4614 cum
3240 4553 3514 4613 haereticis
3575 4560 3753 4625 atque

445 4652 628 4701 autem
680 4655 811 4701 sunt
864 4647 977 4717 lupi
1036 4663 1261 4719 rapaces
1310 4647 1527 4719 (Matth.
1561 4647 1681 4719 vn).
1720 4667 1740 4699 ο
1780 4647 1934 4703 Unde
1983 4657 2038 4702 et
2142 4652 2526 4717 schismaticis,
2558 4664 2627 4707 ne
2667 4648 2812 4707 torte
2860 4648 3269 4707 Seductionibus
3303 4660 3493 4707 coram
3551 4646 3752 4719 depra-

445 4735 636 4790 doctor
676 4738 922 4806 gentium
970 4739 1026 4793 in
1069 4739 1328 4808 Epistolis
1383 4741 1499 4795 suis
1550 4739 2037 4810 pseudoapostolos
2063 4726 2116 4785 Ι)
2142 4745 2255 4800 vati
2284 4743 2576 4815 perdamus
2603 4745 2815 4799 animus
2863 4753 3114 4810 nostras;
3148 4750 3202 4799 et
3246 4743 3314 4798 ad
3358 4742 3747 4797 hmreditatem

443 4826 641 4896 saepius
666 4829 869 4900 arguit,
902 4838 959 4885 et
996 4828 1165 4886 falsos
1190 4831 1388 4888 fratres
1418 4848 1478 4888 se
1516 4835 1718 4889 asserit
1752 4832 2033 4888 tolerasse.

441 4915 652 4975 Idcirco
670 4919 813 4975 bona
849 4928 934 4976 est
974 4922 1184 4977 cautela
1217 4923 1271 4977 in
1306 4924 1580 4990 omnibus,
1618 4939 1686 4979 ne
1725 4923 1866 4979 forte
1892 4924 2038 4981 ﬁctio

445 5009 747 5082 simplicem
784 5012 1045 5086 decipiat.
1076 5024 1134 5071 et
1170 5015 1445 5072 incautum
1494 5018 1704 5073 malitia
1733 5018 2033 5074 subvertat.

1047 5164 1277 5230 CAPUT
1317 5174 1430 5230 XV.

446 5271 718 5359 Sapientia
763 5280 912 5335 docet
953 5283 1127 5337 virum
1192 5294 1400 5359 castum
1456 5284 1679 5359 mulieri
1721 5291 2035 5359 potestqtem

516 5354 572 5398 in
600 5354 832 5402 animam
860 5368 1011 5425 sua‘m
1044 5370 1148 5407 non
1181 5354 1328 5420 dare,
1356 5372 1419 5408 ne
1452 5372 1544 5425 per
1572 5356 1835 5408 amicitias
1876 5354 2036 5408 elidat

516 5428 662 5482 eum,
686 5428 779 5471 nec
802 5434 920 5473 cum
934 5422 1152 5491 jOcante
1182 5426 1371 5481 habere
1406 5422 1752 5481 consortium.

524 5567 543 5601 ι
579 5548 697 5605 Νοη
736 5552 834 5608 des
878 5557 1093 5613 mulieri
1121 5570 1445 5631 potestatem
1476 5564 1670 5619 animat
1692 5571 1819 5630 tuae,
1846 5578 1915 5619 ne
1950 5563 2032 5617 in.

452 5659 473 5693 r
505 5641 783 5714 grediatur
807 5646 863 5701 in
884 5647 1138 5705 virtutem
1167 5662 1329 5717 tuam,
1363 5663 1420 5710 et
1441 5655 1810 5711 confundaris.
1849 5673 1868 5708 ι
1902 5653 2032 5710 ΙΙωο

443 5737 714 5792 sententia
764 5740 1061 5796 secundum
1108 5744 1390 5802 historiam
1421 5749 1581 5805 docet
1614 5748 1886 5806 castitatis
1930 5763 2033 5819 pu-

443 5824 708 5895 dicitiam,
756 5839 811 5885 et
842 5834 1141 5889 secundum
1179 5837 1493 5909 allegoriam
1541 5849 1731 5898 wntra
1780 5841 2030 5896 haeresim

441 5921 860 5993 providentiam,
904 5926 1029 5998 quia
1068 5930 1161 5999 qui
1189 5930 1426 5989 libidinis
1476 5935 1829 6008 pollutionem
1871 5935 2027 6009 fugit,

2141 4855 2261 4909 quae
2290 4839 2448 4894 nobis
2491 4840 2761 4909 promissa
2788 4847 2871 4894 est
2906 4839 2961 4894 in
3004 4838 3218 4895 ctele'sti
3252 4832 3429 4909 patria
3473 4846 3586 4892 non
3616 4846 3746 4906 per-

2141 4928 2443 4984 veniamus.

2215 5037 2235 5070 c
2269 5016 2386 5074 Noli
2418 5019 2841 5092 circumspicere
2873 5022 2926 5076 in
2971 5019 3107 5076 vicis
3145 5018 3406 5084 civitatis,
3448 5026 3554 5074 nec
3581 5015 3745 5073 ober-

2147 5132 2166 5164 ι
2197 5113 2405 5167 raveris
2448 5112 2503 5167 in
2532 5110 2727 5183 plateis
2773 5108 2936 5169 illius.
2978 5134 2997 5166 ι
3025 5111 3180 5168 Nunc
3227 5113 3327 5167 sub
3374 5109 3479 5167 alio
3518 5108 3743 5180 paradi-

2139 5211 2320 5274 gmate
2342 5205 2590 5260 eamdem
2613 5218 2729 5261 rem
2761 5203 3039 5276 exprimit,
3064 5214 3226 5275 quam
3255 5201 3507 5273 superius
3530 5203 3583 5257 in
3612 5217 3739 5256 mu-

2137 5295 2271 5352 [iere
2293 5298 2522 5353 notavit.
2549 5294 2668 5353 Vici
2712 5298 2861 5354 enim
2887 5294 3123 5353 civitatis
3162 5308 3269 5353 non
3298 5290 3388 5351 alii
3417 5302 3543 5351 sunt
3569 5306 3731 5365 quam

2139 5389 2515 5445 conventicula
2542 5390 2948 5455 haereticorum,
2986 5402 3106 5460 quae
3140 5404 3200 5444 se
3234 5402 3267 5443 a
3316 5390 3512 5443 castris
3541 5384 3731 5442 Eccle-

2140 5480 2232 5535 site
2257 5490 2670 5551 separaverunt,
2699 5490 2876 5551 neque
2904 5478 2958 5534 in
3003 5478 3211 5535 unitate
3255 5472 3495 5534 civitatis
3526 5472 3648 5541 Dei.
3671 5474 3737 5533 de

2139 5588 2244 5643 qua
2274 5573 2537 5644 scriptum
2562 5580 2645 5628 est
2673 5590 2684 5627 :
2720 5591 2739 5623 ι
2761 5570 3012 5628 Gloriosa
3040 5572 3186 5628 dicta
3221 5576 3351 5627 sunt
3378 5566 3444 5627 de
3472 5576 3547 5639 te,
3593 5571 3733 5626 civi-

2141 5673 2225 5719 tas
2274 5664 2367 5719 Dei
2394 5662 2570 5735 (Paul.
2612 5663 2854 5735 mum),
2890 5683 2908 5715 ι
2936 5672 3288 5734 perseverare
3316 5662 3625 5717 voluerunt.
3675 5660 3731 5715 In

2140 5758 2255 5812 lucc
2281 5773 2410 5828 ergo
2436 5756 2851 5827 circumspicere
2902 5768 3009 5811 non
3033 5752 3312 5821 debemus,
3339 5752 3466 5826 quia
3511 5762 3542 5807 a
3565 5766 3729 5809 sensu

2142 5848 2400 5903 Ecclesia:
2428 5849 2680 5904 recedete
2706 5862 2813 5903 non
2859 5847 3243 5919 permittilnur,
3277 5858 3345 5901 ne
3376 5845 3515 5902 forte
3542 5844 3596 5900 in
3620 5842 3732 5917 pla-

2143 5940 2245 5996 teis
2289 5939 2434 5996 illius
2476 5940 2798 5997 oberremus
2840 5940 3009 6013 :quia
3044 5957 3063 5992 i
3098 5937 3209 5995 lata
3260 5946 3316 5995 et
3359 5936 3600 6013 spatiosa
3636 5932 3725 5997 via
