4030 6474
320 451 429 514 ⁸1

1214 438 1574 509 conm.
1612 438 1682 506 tu
1718 378 2333 509 committentem.
2374 468 2445 491 --
2480 432 2611 505 Lm.
2644 432 2713 505 ii.

3504 440 3612 507 8!!

322 553 588 639 eskqun
613 548 1111 623 uncitad’mortem
1131 578 1147 632 ;
1168 571 1320 620 arcta
1350 571 1530 620 autem
1559 568 1618 620 et
1664 569 1916 635 angusta,
1943 573 1997 638 Α
2020 571 2082 619 ut
2110 559 2397 635 probatum
2452 559 2690 620 amicum
2735 566 2845 619 non
2890 556 3238 635 derelinquas
3264 604 3277 631 ,
3324 568 3429 619 nec
3465 570 3518 621 te
3555 566 3611 623 in

324 670 449 735 quae
474 660 626 717 ducit
644 656 713 716 od
739 660 907 715 vitam
929 657 1149 731 (Matth.
1176 658 1296 731 vn).
1333 670 1353 712 ς

400 771 424 807 ι
454 752 656 809 Averte
693 751 890 809 faciem
922 758 1079 807 tuam
1104 762 1137 806 δ
1167 751 1398 808 muliere
1440 757 1679 823 compta,
1707 754 1763 807 et
1806 762 1917 807 non

333 863 355 900 ι
385 834 793 916 circumspicias
833 843 1074 914 speciem
1100 838 1377 898 alienam:
1411 848 1635 914 propter
1678 836 1914 915 speciem

330 953 354 990 ι
388 936 634 993 mulieris
676 935 835 991 multi
862 935 1145 1006 perierunt
1170 944 1185 990 t
1215 942 1274 991 et
1292 948 1360 991 ex
1396 934 1503 991 hoe
1526 935 1918 1006 concupiscen-

331 1044 352 1082 I
388 1026 464 1084 tia
491 1029 648 1100 quasi
696 1029 839 1102 ignis
888 1028 1216 1085 exardescit.
1252 1047 1271 1081 i
1301 1026 1453 1084 lianc
1494 1027 1776 1086 mulierem
1805 1034 1916 1084 non

322 1123 488 1178 etiam
523 1128 688 1194 quam
715 1134 839 1178 eam
883 1120 1039 1192 cujus
1082 1121 1334 1194 superius
1361 1121 1680 1177 societatem
1721 1119 1912 1193 probi-

322 1213 459 1279 buit,
478 1210 852 1287 intelligimus,
868 1226 992 1286 quae
1009 1222 1206 1272 ornatu
1227 1214 1512 1271 verborum
1533 1220 1750 1285 comptu
1776 1213 1915 1270 mul-

320 1315 505 1364 turum
530 1308 851 1380 pet-ditionis
876 1308 1086 1363 exstitit
1111 1314 1308 1373 ccuba;
1342 1306 1498 1379 (illius
1526 1306 1735 1378 species
1755 1306 1811 1361 in
1830 1305 1915 1361 in—

322 1399 639 1472 sipientium
682 1400 897 1455 animos
940 1399 1393 1468 concupiscentia;
1441 1398 1620 1468 ignem
1668 1396 1908 1467 ingerit:

319 1502 444 1562 quae
470 1499 526 1546 et
555 1491 645 1547 ltic
672 1490 922 1547 dammas
950 1489 1122 1547 illiciti
1147 1490 1353 1545 amoris
1373 1490 1430 1545 in
1461 1489 1568 1544 illis
1600 1488 1825 1556 excitat,
1855 1495 1915 1544 et

321 1581 378 1637 in
431 1580 614 1638 intum
665 1584 926 1654 gehennae
966 1582 1398 1638 combustionem
1434 1581 1569 1652 ipsis
1618 1588 1908 1653 praeparat.

319 1674 662 1747 Quapropter
722 1676 841 1747 ejus
886 1677 1324 1733 communionem
1351 1674 1577 1733 omnino
1603 1674 1791 1749 fugere
1815 1673 1912 1731 de-

318 1767 531 1837 bemus,
547 1778 605 1825 et
625 1770 908 1843 despicere
932 1770 1352 1843 l'ormam,quia,
1377 1777 1688 1842 utsequcns
1712 1770 1910 1841 probat

318 1862 609 1927 sententia.

2020 656 2191 731 ignoti
2232 652 2397 714 iidem
2440 650 2744 729 improvide
2772 650 3104 714 committas.
3148 652 3321 713 Aliter
3358 653 3616 717 admonet

2020 762 2090 806 ne
2116 748 2185 806 ab
2230 744 2558 807 auctoritate
2587 754 2904 807 snnctorum
2946 745 3170 807 Patrum
3212 743 3610 809 catholicorum

2019 838 2181 898 Facile
2206 840 2467 910 declines,
2494 842 2587 912 qui
2614 840 2865 899 veritatis
2890 848 2947 899 et
2966 838 3193 915 iustitiae
3213 835 3310 898 ddi
3339 842 3468 899 Sunt
3488 854 3609 900 ser-

2018 940 2255 991 vatores.
2296 932 2483 1004 Neque
2510 933 2621 991 cito
2662 930 2734 989 ad
2779 920 2943 991 rudes
2970 942 3028 990 et
3073 926 3316 991 novellos
3362 922 3613 993 doctores

2016 1036 2359 1099 prorumpas,
2391 1028 2505 1100 qui,
2540 1026 2668 1084 licet
2694 1040 2727 1083 a
2769 1036 2901 1084 veto
2942 1027 3163 1084 omaino
3210 1034 3321 1084 non
3368 1022 3608 1098 detient,

2014 1118 2364 1191 permetionis
2390 1126 2573 1176 tamen
2595 1120 2804 1191 apicem
2826 1118 2917 1174 vix
2934 1118 3203 1176 obtinent.
3227 1110 3384 1176 Unde
3406 1118 3463 1175 et
3490 1110 3613 1175 Sal-

2015 1215 2254 1281 vaturjn
2293 1208 2607 1287 Evangello,
2636 1224 2705 1269 ne
2754 1220 2854 1270 nos
2895 1212 3173 1269 immaturi
3211 1212 3279 1269 ad
3306 1206 3609 1270 docendum

2012 1313 2423 1379 promeremus,
2474 1314 2571 1364 suo
2600 1307 2849 1378 exemplo
2886 1321 2985 1362 nos
3032 1305 3310 1372 instruxit,
3341 1310 3465 1361 eum
3491 1296 3611 1377 ipse

2016 1397 2384 1455 duodecennis
2408 1396 2632 1455 sedebat
2656 1400 2712 1454 in
2742 1391 2920 1454 medio
2948 1398 3251 1463 doctorum,
3276 1394 3504 1453 audiens
3546 1397 3613 1453 il-

2013 1487 2096 1548 los
2129 1496 2185 1548 et
2210 1491 2558 1565 interrogans
2584 1486 2735 1566 (Luc.
2762 1489 2860 1559 u);
2892 1499 2948 1546 et
2990 1497 3116 1562 post
3153 1486 3490 1562 trigesimum
3514 1503 3611 1545 an-

2013 1599 2144 1640 num
2169 1582 2398 1642 docendi
2424 1586 2660 1656 suscepit
2683 1582 2917 1641 cilicium
2948 1580 3098 1657 (Luc.
3124 1580 3230 1656 tn).
3259 1576 3401 1650 Quid
3426 1587 3610 1638 autem
3683 1616 3693 1626 ι

2012 1676 2142 1734 hinc
2168 1676 2477 1734 faciendum
2511 1678 2603 1745 sit,
2634 1688 2869 1749 sequens
2905 1676 3172 1732 sententia
3195 1674 3436 1731 insinuat
3466 1693 3481 1731 :
3674 1743 3679 1749 ν

2090 1790 2108 1824 ι
2142 1770 2342 1828 Vinum
2369 1780 2573 1826 novum
2603 1770 2808 1826 amicus
2830 1780 3033 1835 novus;
3059 1775 3388 1835 veterascet,
3407 1772 3610 1824 etcum
3676 1755 3694 1772 ³

2018 1878 2037 1918 t
2065 1864 2338 1922 suavitate
2356 1863 2514 1921 bibes
2548 1861 2700 1919 illud.
2734 1882 2753 1916 ι
2781 1856 2952 1919 ltudis
2977 1862 3121 1918 enim
3163 1862 3356 1917 doctor
3389 1859 3612 1917 studere

391 1968 414 2005 ι
443 1953 634 2011 Omnis
652 1952 852 2012 mulier
881 1970 1002 2029 qua:
1044 1960 1133 2016 est
1162 1958 1476 2028 fornicatus,
1499 1961 1660 2034 quasi
1699 1968 1912 2018 stercus
1936 1962 1988 2027 B
2016 1960 2176 2017 debet
2204 1968 2263 2014 ut
2297 1958 2614 2014 ﬁrmitatem
2640 1968 2787 2014 suum
2830 1955 3091 2013 doctrinae
3118 1966 3245 2011 cum
3271 1954 3429 2009 bonis
3470 1951 3609 2009 acti-

318 2056 343 2099 t
377 2047 435 2103 in
473 2048 565 2104 via
616 2048 1045 2108 conculcabitur.
1086 2069 1107 2107 ι
1140 2050 1256 2110 Hoc
1297 2060 1399 2122 est,
1426 2054 1607 2111 omnis
1648 2062 1906 2127 perverSa

317 2139 561 2196 doctrina
590 2141 647 2197 in
665 2144 753 2198 via
776 2148 939 2200 rectm
964 2140 1089 2201 fidei
1112 2149 1264 2203 omni
1294 2142 1615 2205 cenmsione
1638 2146 1801 2221 digna
1822 2142 1910 2204 de-

308 2235 609 2306 putabitur.
642 2232 782 2293 Hinc
809 2242 864 2294 et
894 2240 1012 2309 ipse
1058 2239 1320 2298 Dominus
1365 2242 1423 2298 in
1463 2240 1758 2315 Evangelia
1784 2250 1907 2299 Ser-

311 2340 529 2385 monem
551 2330 619 2386 ad
641 2332 934 2404 discipulos
959 2332 1165 2391 faciens
1195 2337 1270 2391 ait
1298 2353 1314 2392 :
1349 2346 1369 2388 α
1404 2335 1515 2393 Vos
1538 2337 1674 2394 estis
1692 2334 1771 2393 sal
1796 2342 1908 2392 ter-

312 2434 408 2488 rae,
444 2421 587 2491 quod
610 2423 659 2478 si
685 2424 765 2478 sal
791 2427 1097 2493 evanuerit,
1127 2428 1183 2482 in
1230 2442 1338 2498 quo
1366 2426 1628 2485 salietur?
1655 2426 1738 2483 Ad
1768 2426 1907 2483 nihi-

312 2511 425 2567 lum
451 2515 595 2570 valet
618 2515 781 2584 ultra,
808 2518 912 2573 nisi
934 2522 997 2576 ut
1015 2520 1267 2576 mittatur
1288 2521 1457 2588 iuras,
1484 2528 1541 2577 et
1559 2520 1908 2577 conculcetur

313 2606 382 2665 ab
411 2609 720 2669 hominibus
768 2611 987 2689 (Matth.
1041 2615 1118 2689 v).
1153 2634 1171 2669 ι
1209 2614 1361 2670 Sicut
1386 2622 1519 2688 ergo
1548 2614 1628 2670 sal
1673 2610 1907 2671 infatua-

311 2700 425 2760 tum
467 2720 591 2762 cum
622 2700 690 2763 ad
712 2700 1042 2766 condiendus
1086 2710 1238 2766 cibos
1268 2718 1569 2779 carnesque
1620 2698 1908 2765 siccandas

308 2794 494 2856 valere
532 2794 776 2871 desierit,
798 2798 934 2858 nulli
982 2803 1105 2859 usui
1159 2808 1343 2875 aptum
1373 2802 1496 2871 erit,
1531 2808 1711 2873 neque
1737 2801 1903 2868 enim,

309 2898 371 2948 ut
419 2886 558 2952 alius
604 2894 836 2951 testatur
865 2884 1211 2969 Evangelista
1238 2888 1392 2969 (Luc.
1431 2888 1566 2967 xiv),
1618 2882 1675 2949 in
1703 2900 1907 2950 terram

310 2982 440 3044 utile
461 2997 561 3055 est,
595 2986 752 3062 cujus
788 2990 989 3062 injecto
1020 2991 1328 3062 germinare
1362 2986 1701 3061 prohibetur,
1730 3000 1907 3060 neque

306 3072 365 3134 in
386 3080 785 3153 Sterquilinium
812 3078 1154 3153 agriculturae
1185 3082 1553 3155 proditurum,
1592 3081 1738 3153 quod
1765 3081 1911 3135 viva-

308 3170 465 3232 cibus
494 3176 619 3233 licet
645 3166 817 3250 glebis
860 3172 1157 3233 immistum
1182 3186 1292 3232 non
1333 3175 1505 3232 fetare
1544 3175 1755 3232 semina
1788 3166 1907 3228 fru-

2008 2051 2111 2107 bus
2138 2048 2376 2124 primum
2398 2050 2634 2122 pleuiter
2656 2051 2936 2123 percipiat,
2973 2057 3029 2105 et
3056 2047 3135 2104 sic
3167 2056 3278 2103 tam
3310 2046 3413 2102 sibi
3441 2060 3607 2117 quam

1982 2148 2174 2203 etiam
2206 2146 2325 2202 aliis
2364 2144 2746 2217 prol‘ectuosus
2773 2154 2830 2202 et
2867 2140 3019 2201 utilis
3057 2156 3180 2202 esse
3225 2141 3520 2216 probetur;
3551 2148 3609 2196 et

2006 2241 2149 2298 bene
2200 2241 2524 2298 nominatur
2556 2241 2783 2309 amicus,
2835 2241 2926 2313 qui
2969 2247 3129 2296 rectae
3159 2238 3283 2295 fidei
3322 2250 3466 2294 verte
3520 2248 3608 2293 sa-

2006 2336 2227 2408 pientiae
2252 2335 2425 2392 ﬁdelis
2447 2343 2529 2391 est
2554 2344 2860 2391 exsecutor.
2891 2334 3027 2402 Quia
3050 2332 3280 2399 amicus,
3308 2334 3368 2388 ut
3392 2332 3608 2389 veteres

2010 2430 2316 2497 voluerunt,
2351 2426 2553 2485 dicitur
2597 2428 2753 2500 quasi
2785 2426 2951 2485 animi
2994 2435 3197 2483 custos.
3224 2424 3319 2480 Ille
3341 2423 3489 2481 enim
3515 2440 3610 2479 cu-

2010 2525 2175 2581 stodit
2199 2525 2439 2579 animum
2468 2524 2676 2591 fratris,
2700 2516 2792 2595 qui
2832 2539 2955 2580 cum
2994 2516 3113 2595 ipso
3139 2524 3340 2579 tractat
3371 2535 3491 2593 quae
3538 2518 3608 2575 ad

2008 2604 2240 2673 salutem
2263 2617 2539 2689 pertinent
2570 2624 2854 2672 :cternam.

2086 2727 2103 2759 ‹
2143 2706 2261 2764 Non
2290 2708 2432 2763 zeles
2454 2708 2684 2777 gloriam
2714 2716 2771 2764 et
2790 2725 2919 2780 opes
2944 2696 3252 2780 peccatoris
3281 2724 3295 2763 :
3323 2723 3433 2765 non
3462 2705 3608 2762 enim

2016 2820 2035 2854 ε
2071 2802 2179 2857 scis
2206 2818 2325 2874 quae
2357 2801 2541 2857 futura
2591 2802 2664 2856 sit
2707 2800 2851 2857 illius
2881 2798 3181 2857 subversio.
3212 2819 3231 2853 ι
3269 2801 3346 2856 De
3372 2799 3609 2872 primatu

1983 2891 2067 2951 et
2091 2895 2332 2966 polentia
2361 2902 2578 2950 terrena
2599 2888 2731 2949 utile
2754 2908 2860 2948 non
2881 2892 2965 2948 est
2991 2891 3341 2960 contendere,
3370 2892 3465 2948 sed
3489 2906 3609 2947 ma-

2011 2985 2093 3057 gis
2121 2984 2188 3041 de
2233 2980 2479 3057 profectu
2509 2985 2772 3040 virtutum
2818 2994 3048 3040 certare.
3082 2979 3236 3040 Unde
3270 2990 3326 3038 et
3362 2978 3612 3037 Salvator

2010 3083 2141 3135 suos
2165 3076 2458 3150 discipulos
2486 3076 2767 3134 admonuit
2807 3092 2905 3148 per
2934 3084 3141 3131 arctam
3180 3062 3326 3131 viam
3360 3080 3415 3130 et
3442 3088 3612 3144 angu-

2011 3179 2151 3226 stam
2181 3168 2511 3227 contendere
2554 3168 2782 3236 intrarc,
2814 3186 2935 3241 qua:
2963 3168 3115 3225 ducit
3149 3168 3219 3224 ad
3257 3168 3450 3237 vitam,
3500 3182 3610 3221 non

310 3282 459 3341 gum,
512 3270 607 3327 sed
649 3245 1006 3344 'e‘xsunguere
1047 3270 1372 3328 naturaliter
1409 3270 1586 3328 solet:
1620 3270 1701 3326 sic
1730 3260 1910 3325 omnis
2008 3274 2109 3333 per
2136 3262 2304 3317 latam
2326 3262 2380 3317 et
2408 3262 2724 3333 spatiosam,
2761 3270 2888 3330 qua:
2917 3256 3065 3315 ducit
3092 3252 3161 3314 ad
3189 3265 3423 3313 mortem
3453 3245 3606 3329 (Luc.

311 3360 403 3432 qui
436 3364 560 3435 post
586 3365 922 3438 agnitionem
976 3367 1225 3424 ‘veritatis
1264 3370 1412 3424 retro
1442 3358 1683 3433 redierit,
1726 3381 1904 3436 neque
1931 3346 1977 3424 ἶ]
2008 3344 2246 3428 1111);!at
2271 3366 2401 3424 Opes
2430 3361 2594 3423 διίιιιθ
2624 3352 2839 3409 ίιίνίὶίδδ
2880 3346 3065 3407 mundi
3105 3364 3388 3438 spernereg
3418 3350 3611 3438 Inlate-

310 3432 690 3525 ipse'lructuvm
714 3454 844 3513 boni
882 3458 1066 3530 operis
1092 3458 1259 3527 ferre,
1292 3464 1466 3531 neque
1494 3457 1629 3513 alios
1654 3432 1906 3512 excolere
2008 3456 2114 3500 IIIIS
2166 3438 2452 3500 thesauros
2508 3443 2564 3498 in
2611 3440 2819 3500 caelesti
2872 3451 3038 3513 regno
3091 3446 3313 3512 possent
3376 3432 3605 3503 habere,

312 3545 481 3612 valet,
505 3536 596 3603 sed
624 3546 771 3605 foras
806 3528 1126 3615 mittendus,
1156 3542 1262 3605 hoc
1309 3528 1393 3605 est
1432 3544 1500 3604 ab
1526 3536 1783 3603 Ecclesia
1825 3553 1908 3603 est
2006 3535 2087 3592 ita
2126 3536 2313 3593 dicens
2340 3548 2356 3591 ξ
2394 3552 2414 3589 t
2444 3530 2623 3593 Nolite
2650 3534 3024 3592 thesaurizare
3053 3533 3209 3588 vobis
3241 3531 3531 3588 thesauros
3550 3528 3609 3615 in

312 3639 521 3695 unitate
545 3636 933 3709 sece‘rnendus,
960 3648 1021 3696 ut
1055 3639 1212 3711 juxta
1260 3639 1418 3695 aliam
1442 3630 1760 3712 parabolam
1786 3628 1909 3692 irri-

313 3728 504 3787 dentes
524 3748 648 3788 eum
672 3724 880 3790 inimici
912 3730 1098 3789 dicant
1127 3751 1140 3787 :
1176 3752 1195 3785 ι
1229 3722 1365 3800 Quia
1404 3724 1496 3787 llic
1530 3720 1696 3787 homo
1744 3728 1909 3802 coepit

312 3820 606 3895 aediﬁcare,
636 3826 691 3882 et
721 3843 829 3883 non
861 3826 1037 3898 potuit
1065 3840 1444 3883 consummare
1475 3823 1628 3899 (Luc.
1661 3822 1795 3895 xlv).
1827 3842 1846 3875 ι

392 3935 411 3969 t
448 3908 697 3989 Speciem
730 3912 975 3975 mulieris
1005 3914 1194 3974 alienat
1226 3916 1380 3973 multi
1409 3915 1660 3972 admirati
1692 3914 1909 3989 reprobi

321 4030 342 4065 ι
379 4011 506 4067 facti
536 4010 681 4079 sunt,
705 4011 1033 4083 colloquium
1065 4008 1213 4068 enim
1232 4004 1380 4067 illius
1400 4011 1552 4082 quasi
1585 4010 1725 4081 ignis
1754 4014 1913 4066 exar-

316 4110 341 4155 t
372 4102 565 4159 descit.
598 4122 620 4157 ν
655 4092 807 4159 Multi
842 4116 978 4177 ergo
1018 4100 1355 4160 admirantes
1392 4102 1763 4174 eloquentiam
1800 4101 1913 4155 bte-

314 4195 631 4263 reticorum,
658 4197 713 4250 in
737 4206 986 4253 errorem
1015 4198 1086 4253 ab
1112 4196 1204 4251 illa
1231 4196 1444 4253 seducti
1475 4202 1621 4261 sunt,
1652 4194 1778 4264 quia
1800 4190 1912 4248 col-

316 4285 563 4357 loquium
611 4289 852 4357 ipsorum
881 4287 1159 4345 dammam
1204 4288 1465 4359 nequitia:
1508 4287 1567 4341 in
1604 4286 1912 4341 auditorum

313 4386 541 4434 suorum
570 4379 830 4435 cordibus
875 4382 1100 4447 excitat,
1131 4380 1233 4436 nisi
1260 4379 1424 4435 citius
1454 4379 1522 4433 ab
1542 4389 1737 4433 comm
1779 4389 1910 4430 con-

316 4473 488 4528 sortio
510 4473 857 4530 recessct'iutt
882 4472 1011 4530 ideo
1030 4472 1403 4544 subiungitur:

398 4580 418 4615 ‹
445 4564 587 4620 Cum
636 4564 809 4621 aliena
840 4565 1070 4621 muliere
1093 4576 1164 4620 ne
1210 4565 1403 4620 sedeas
1424 4561 1671 4626 omnino,
1694 4572 1798 4614 nec
1821 4572 1915 4613 ae-

324 4674 345 4707 t
379 4654 606 4713 cumbas
648 4666 777 4713 cum
800 4668 868 4713 ea
904 4664 1073 4729 super
1110 4657 1376 4721 cubitum,
1402 4660 1459 4709 et
1480 4662 1590 4710 non
1636 4650 1919 4707 ultercet‘is

2010 3632 2179 3699 terra,
2204 3624 2301 3687 ubi
2328 3640 2512 3701 aerugo
2553 3636 2611 3685 et
2638 3629 2786 3685 tinea
2813 3623 3124 3693 demolitur,
3148 3631 3205 3681 et
3226 3622 3321 3679 ubi
3350 3622 3499 3678 iures
3528 3612 3610 3677 el-

2006 3722 2226 3781 fodiunt
2248 3729 2304 3778 et
2349 3712 2619 3777 iurantur.
2670 3710 3063 3776 Thesaurizate
3100 3721 3283 3771 autem
3310 3710 3465 3771 vobis
3492 3704 3612 3769 lbe-

2011 3828 2205 3874 sauros
2224 3816 2283 3872 in
2308 3812 2472 3883 coelo,
2502 3813 2597 3871 ubi
2622 3827 2800 3885 neque
2828 3820 3032 3884 aerugo,
3056 3816 3231 3881 neque
3254 3806 3403 3863 tinea
3428 3800 3615 3862 demo-

2008 3904 2159 3977 litur,
2199 3914 2255 3966 et
2283 3906 2377 3966 ubi
2405 3900 2556 3964 fures
2581 3920 2689 3963 non
2719 3901 2979 3962 eti‘odiunt
3004 3914 3179 3972 neque
3206 3894 3479 3956 iurantur.
3507 3892 3621 3974 Ubi

2011 4001 2156 4058 enim
2185 4008 2273 4057 est
2300 4000 2590 4057 thesaurus
2620 4007 2767 4064 tuus,
2792 3986 2867 4051 ibi
2899 3994 2983 4052 est
3004 4002 3056 4050 et
3090 4004 3188 4050 cor
3216 4000 3367 4046 tuum
3392 3980 3612 4063 (Matth.

2009 4094 2110 4169 vt).
2146 4116 2165 4149 ›
2190 4092 2332 4151 Hinc
2357 4096 2413 4149 et
2441 4090 2732 4149 Psalmista
2781 4084 2850 4147 ab
2900 4088 3131 4169 avaritia
3167 4093 3224 4143 et
3270 4074 3617 4169 aemulatione

2006 4166 2180 4260 prava
2213 4186 2425 4243 ﬁdelem
2474 4184 2732 4242 cohibens
2758 4184 2838 4239 ait
2867 4200 2879 4237 :
2917 4197 2937 4234 ι
2974 4168 3095 4237 Noli
3142 4166 3382 4235 aemulari
3414 4173 3472 4230 in
3497 4182 3618 4229 ma-

2008 4272 2367 4351 lignantibus,
2400 4278 2593 4347 neque
2614 4266 2821 4341 zelatus
2864 4270 3038 4327 fueris
3064 4262 3328 4325 facientes
3354 4260 3617 4334 iniquita-

2010 4350 2147 4439 tem,
2179 4370 2434 4443 quoniam
2464 4368 2725 4438 tanquam
2748 4360 2937 4420 fenum
2966 4350 3226 4417 velociter
3260 4359 3535 4443 arescent,
3563 4361 3621 4409 et

2014 4467 2155 4523 sicut
2176 4440 2328 4520 olera
2370 4460 2667 4518 herbarum
2692 4457 2800 4513 cito
2822 4452 3021 4511 cadent
3046 4470 3061 4506 :
3090 4460 3252 4523 spera
3283 4448 3341 4503 in
3384 4440 3618 4502 ι)οωίηο

2017 4566 2071 4616 et
2100 4556 2188 4614 fac
2212 4554 2534 4621 bonitatem,
2574 4558 2631 4607 et
2674 4542 3183 4611 innabitrterram,
3210 4544 3267 4599 et
3284 4536 3533 4615 pasceris
3558 4530 3620 4595 in

2017 4651 2225 4710 divitiis
2251 4648 2369 4721 ejus
2401 4642 2577 4721 (Psal.
2604 4640 2817 4715 xxxvr).
2854 4658 2874 4696 ι

326 4768 346 4803 ι
385 4764 510 4807 cum
556 4751 649 4808 illa
678 4753 733 4808 in
761 4753 889 4809 vino
918 4762 933 4808 ξ
1054 4750 1198 4808 forte
1243 4718 1483 4807 declinet
1519 4756 1619 4804 cur
1660 4752 1817 4803 tuum
1856 4744 1913 4800 in
1937 4730 1993 4792 D
2099 4769 2117 4800 ι
2161 4718 2293 4803 Non.
2308 4718 2520 4817 placeat
2547 4742 2641 4797 tibi
2672 4737 2869 4811 injuria
2906 4720 3253 4806 injustorum,
3277 4718 3458 4787 sciens
3485 4732 3619 4817 quo-

325 4861 345 4895 ι
384 4845 550 4912 illam,
588 4848 648 4900 et
691 4846 955 4918 sanguine
999 4846 1092 4901 tuo
1126 4844 1328 4901 labaris
1376 4843 1433 4898 in
1466 4840 1851 4913 perditionem.
1890 4859 1909 4891 ι

324 4936 404 4991 Ne
426 4930 639 5005 sedens,
668 4940 870 5009 inquit,
900 4948 1023 4995 cum
1064 4936 1175 5003 illa,
1204 4936 1309 4994 hoc
1334 4944 1420 4993 est
1441 4951 1511 4991 ne
1539 4933 1769 4990 moreris
1794 4940 1916 4987 cum

323 5028 437 5095 illa,
471 5040 578 5086 nec
625 5022 918 5086 accumbas
944 5040 1108 5102 super
1156 5027 1420 5093 cubitum,
1476 5024 1686 5081 scilicet
1714 5038 1747 5077 a
1776 5022 1918 5079 bono

321 5136 489 5192 opere
516 5135 587 5177 ne
616 5129 861 5193 totpeas;
888 5129 947 5177 et
970 5132 1075 5176 non
1106 5118 1388 5175 alterceris
1414 5130 1539 5173 cum
1567 5114 1659 5169 illa
1683 5114 1737 5168 in
1765 5113 1917 5178 vino,

325 5216 431 5271 hoc
451 5226 557 5284 est,
588 5231 656 5272 ne
676 5215 921 5287 disputes
939 5230 1063 5271 cum
1092 5212 1185 5268 illa
1214 5204 1271 5268 in
1303 5211 1438 5282 legis
1467 5208 1562 5265 Dei
1604 5202 1918 5266 meditatio-

328 5320 429 5375 ne;
464 5307 650 5364 vinum
674 5308 822 5363 enim
844 5306 1113 5376 signiﬁcat
1134 5305 1368 5378 gratiam
1390 5300 1823 5372 Scripturarum,
1852 5315 1921 5355 ne

328 5400 471 5459 forte
496 5414 593 5460 cor
616 5409 769 5457 tuum
795 5398 985 5456 illiciat
1016 5398 1085 5455 ad
1126 5412 1371 5453 amorem
1414 5385 1599 5464 suum,
1628 5401 1684 5452 et
1706 5390 1764 5450 in
1796 5402 1921 5464 pro-

326 5497 510 5571 prium
533 5494 731 5554 animat
754 5500 865 5552 tum
891 5494 1171 5552 interitum
1190 5492 1319 5548 inde
1351 5496 1600 5548 corruas.

931 5604 1159 5666 CAPUT
1182 5602 1324 5662 XVI.

577 5696 699 5758 Non
721 5700 1118 5777 relinquendum
1145 5699 1375 5755 amicum
1398 5698 1690 5768 antiquum.

416 5819 438 5854 ι
464 5794 587 5855 Νυη
616 5794 961 5869 derelinquas
983 5797 1217 5853 amicum
1246 5795 1550 5864 antiquum,
1584 5803 1757 5846 novus
1776 5789 1925 5845 enim

342 5911 364 5947 ι
394 5908 506 5951 non
532 5891 641 5948 erit
662 5888 854 5946 similis
896 5886 991 5945 illi.
1032 5909 1049 5943 ι
1078 5889 1277 5945 Verum
1308 5885 1435 5957 quia
1458 5890 1804 5957 expertarum
1837 5896 1927 5937 re-

338 6005 460 6052 rum
496 5980 671 6063 major
692 5991 778 6043 est
800 5980 997 6041 ﬁducia
1029 5997 1192 6061 quam
1228 5980 1557 6058 ignotarum,
1591 5972 1710 6031 ideo
1737 5968 1929 6031 suadet

2025 4942 2108 4989 est
2155 4908 2496 5003 gaudendum
2547 4918 2604 4981 in
2663 4916 2932 4980 calumnia
2979 4920 3271 4983 bonorum,
3300 4909 3396 4970 sed
3447 4908 3624 4983 magis

2026 5022 2422 5084 condolendum
2454 5040 2466 5075 :
2493 5020 2620 5093 quia
2665 5019 2713 5075 is
2762 5016 2855 5089 qui
2907 5012 3105 5084 injuste
3158 5004 3323 5065 laesus
3374 5010 3477 5072 est,
3526 5018 3622 5078 pa-

2027 5122 2233 5179 tientiae
2264 5134 2375 5176 suae
2416 5116 2641 5189 recipiet
2686 5109 3026 5172 mercedem;
3077 5098 3172 5179 qni
3213 5109 3395 5158 autem
3424 5098 3623 5171 injuste

2028 5212 2191 5282 laesit,
2215 5230 2324 5269 non
2352 5211 2545 5269 evadet
2568 5205 2872 5279 iniquitatis
2896 5218 3008 5259 suae
3027 5196 3272 5256 debitam
3298 5193 3581 5251 ultionem.

2107 5328 2126 5361 ι
2158 5304 2346 5379 Longe
2374 5303 2564 5361 abesto
2589 5300 2657 5357 ab
2678 5297 2900 5356 homine
2917 5296 3242 5369 potestatem
3270 5286 3507 5379 habente
3531 5299 3625 5341 oc—

2035 5421 2055 5457 (
2091 5378 2340 5469 uidendi;
2369 5407 2426 5456 et
2469 5412 2577 5452 non
2627 5388 2993 5465 suspieaberis
3044 5384 3293 5441 timorem
3344 5378 3557 5469 mortis.
3596 5396 3617 5430 ι

2032 5493 2173 5565 Quid
2202 5490 2316 5549 vult
2342 5490 2445 5548 hoc
2471 5488 2615 5562 quod
2661 5483 2819 5557 jubet
2846 5480 3010 5565 longe
3038 5478 3243 5565 abesse
3288 5473 3355 5533 ab
3401 5468 3623 5530 homine

2028 5564 2353 5659 potestatem
2374 5580 2611 5638 habente
2638 5564 2959 5634 occidendi?
2998 5564 3098 5627 nisi
3126 5567 3271 5641 quod
3298 5570 3486 5659 cautos
3512 5573 3626 5659 nos

2033 5646 2088 5738 in
2115 5678 2370 5736 omnibus
2394 5673 2511 5729 vult
2548 5671 2686 5739 ﬁeri,
2712 5683 2784 5729 ne
2812 5666 2956 5727 forte
2978 5678 3080 5735 per
3108 5656 3374 5717 incuriam
3420 5646 3625 5707 incida-

2034 5790 2156 5830 mus
2185 5772 2238 5826 in
2265 5767 2563 5842 periculum
2586 5762 2801 5821 mortis.
2831 5758 2925 5817 Ille
2950 5756 3098 5815 enim
3136 5768 3198 5810 se
3222 5751 3362 5848 beris
3380 5739 3627 5848 ib

2034 5826 2186 5925 sione
2211 5826 2467 5932 custodit,
2490 5859 2583 5934 qui
2611 5873 2701 5915 res
2719 5854 2912 5930 dignas
2934 5852 3117 5912 morte
3140 5857 3250 5906 non
3269 5826 3450 5899 edicit.
3470 5827 3627 5889 Unde

2035 5970 2088 6023 et
2120 5961 2363 6037 sequitur

2031 4862 2049 4894 ι
2088 4841 2235 4901 niam
2268 4808 2439 4909 usque
2469 4834 2537 4891 ad
2558 4808 2761 4889 inferos
2786 4844 2894 4886 non
2922 4816 3161 4900 placebit
3194 4820 3416 4894 impius.
3446 4832 3468 4874 ι
3500 4808 3622 4873 Non

2031 4942 2108 4989 est
2155 4926 2496 5003 gaudendum
2547 4918 2604 4981 in
2663 4916 2932 4980 calumnia
2979 4920 3271 4983 bonorum,
3300 4909 3396 4970 sed
3447 4908 3624 4983 magis

2031 5022 2422 5084 condolendum
2454 5040 2466 5075 :
2493 5020 2620 5093 quia
2665 5019 2713 5075 is
2762 5016 2855 5089 qui
2907 5012 3105 5084 injuste
3154 5004 3323 5101 laesus
3374 5010 3494 5101 est,
3526 4870 3680 5101 ρει-ἐ
