4030 6520
1082 442 1146 500 Β.
1186 441 1443 500 RABANI
1479 439 1705 499 MAURI
1743 437 2043 496 ARCHIEP

2148 439 2412 498 [OGUNT.
2456 443 2745 503 OPERUM
2781 445 2963 504 PARS
3002 447 3044 504 1.

517 580 537 612 σ
565 559 633 615 Ει
671 559 718 615 si
756 560 1056 617 accesseris
1079 561 1150 616 ad
1178 560 1353 626 illum,
1398 559 1509 616 noli
1545 557 1751 629 aliquid
1779 556 2032 612 commit-
2057 565 2112 626 Α
2140 578 2158 609 ι
2194 558 2444 630 gloriatio
2472 561 2593 626 tibi,
2623 570 2680 616 et
2700 562 2757 616 in
2798 577 2962 617 sensu
2993 561 3063 616 sit
3093 561 3188 616 tibi
3216 560 3484 632 cogitatus
3521 559 3645 626 Dei,
3677 568 3740 614 et

447 669 467 701 ι
503 658 640 716 tere,
666 664 735 704 ne
760 649 973 705 auferat
1003 651 1174 706 vitam
1208 659 1376 705 tuam.
1412 669 1432 702 ›
1467 647 1582 704 Hoc
1625 655 1681 703 et
1704 647 1904 702 Paulus
1940 646 2035 701 ad-

439 753 642 813 monet,
689 745 918 802 dieens:
953 763 976 799 ι
1000 743 1138 802 Nam
1191 744 1471 818 principes
1525 758 1635 799 non
1681 750 1808 798 sunt
1849 741 2035 796 timori

441 839 567 894 boni
595 838 796 909 operis,
829 838 925 894 sed
945 838 1097 895 mali.
1121 839 1220 896 Vis
1242 846 1423 895 autem
1452 852 1563 894 non
1584 836 1781 892 timere
1797 842 2037 906 potesta-

439 931 588 1004 tem}
614 931 819 986 bonum
875 930 980 997 fac,
1022 940 1079 988 et
1132 931 1359 988 habebis
1394 931 1611 985 laudem
1657 944 1726 984 ex
1780 927 1900 994 illa;
1933 926 2036 982 Dei

438 1022 586 1078 enim
612 1023 864 1079 minister
893 1032 976 1078 est
1000 1024 1101 1078 tibi
1132 1024 1189 1078 in
1211 1024 1374 1079 bono.
1405 1023 1463 1077 Si
1503 1030 1689 1078 autem
1723 1019 1926 1076 malum
1952 1018 2035 1074 fe-

439 1111 602 1178 ceris,
641 1114 772 1168 time
803 1129 954 1170 :non
1006 1113 1152 1168 enim
1199 1114 1319 1168 sine
1353 1127 1520 1170 causa
1561 1111 1799 1184 gladium
1823 1117 2034 1181 portat;

441 1207 539 1263 Dei
568 1209 711 1264 enim
743 1208 996 1263 minister
1031 1214 1133 1272 est,
1156 1205 1353 1261 vindex
1381 1204 1438 1258 in
1464 1204 1604 1259 iram
1630 1203 1680 1258 ei
1706 1202 1801 1274 qui
1834 1200 2038 1256 malum

440 1301 552 1372 agit
575 1300 756 1371 (Rom.
783 1300 926 1372 xm).
958 1320 978 1352 ι
1021 1297 1202 1366 Quwri
1230 1305 1413 1352 autem
1440 1295 1532 1350 hic
1557 1302 1740 1366 potest
1765 1293 1812 1348 si
1837 1292 1907 1348 ad
1934 1294 2040 1349 hoc

440 1409 473 1448 a
500 1394 614 1449 Deo
639 1393 922 1449 constituti
958 1400 1103 1457 sunt,
1133 1399 1192 1446 ut
1215 1390 1477 1445 ultionem
1501 1388 1678 1443 noxiis
1706 1393 1762 1442 et
1785 1395 2038 1456 peccato-

441 1488 594 1542 ribus
643 1485 906 1558 infligant,
937 1501 1036 1541 cur
1065 1485 1452 1556 permittantur
1477 1488 1856 1553 persecutores
1883 1477 2040 1533 Chri-

439 1579 744 1634 stianorum
789 1587 846 1633 et
875 1577 1138 1644 haeretici,
1173 1577 1494 1631 innocentes
1531 1581 1586 1628 et
1614 1572 1895 1643 religiosos
1919 1585 2038 1639 poe-

440 1669 528 1724 nis
563 1669 866 1739 subjicere?
915 1668 1070 1736 Quod
1113 1668 1302 1737 utique
1344 1665 1492 1735 justo
1539 1662 1746 1734 judicio
1793 1661 1888 1716 Dei
1921 1659 2041 1714 ﬁeri

441 1759 798 1827 permittitur,
829 1767 888 1813 ut
915 1759 1042 1814 boni
1067 1773 1168 1828 pro
1193 1756 1455 1826 patientia
1487 1768 1587 1810 sua
1615 1762 1962 1818 coronentur,
1987 1759 2043 1807 et

440 1851 569 1904 mali
591 1866 690 1921 pro
717 1867 815 1906 sua
855 1853 1141 1922 iniquitate
1167 1851 1515 1905 damnentur.
1542 1847 1717 1902 Aliter
1742 1855 1924 1902 autem
1945 1861 2044 1916 per

2144 669 2163 701 ι
2198 651 2374 706 omnis
2402 654 2677 710 enarratio
2698 661 2792 709 tua
2816 653 2874 709 in
2909 654 3197 724 prmceptis
3213 653 3500 710 Altissimi.
3543 674 3562 705 ›
3589 652 3740 708 Cou—

2137 743 2344 799 vivium
2368 746 2474 801 hoc
2490 746 2664 817 magis
2686 747 2924 817 pertinet
2941 747 3011 802 ad
3037 745 3306 816 spiritales
3332 745 3544 817 epulas,
3566 761 3739 816 quam

2138 838 2208 893 ad
2235 839 2542 909 corporales
2573 839 2814 896 delicias.
2853 838 2956 906 Qui
2981 854 3112 911 ergo
3147 853 3272 894 cum
3299 839 3462 910 justis
3483 839 3621 893 viris
3646 854 3742 892 as-

2139 932 2294 989 sidue
2342 941 2526 989 manet
2572 933 2630 988 in
2674 931 3026 988 meditatione
3061 939 3378 988 sanctarum
3422 930 3744 1001 Scriptura-

2140 1040 2282 1091 rum,
2310 1032 2366 1081 et
2395 1026 2451 1080 in
2475 1025 2740 1081 exercitio
2771 1039 3050 1080 sacrarum
3077 1023 3363 1089 virtutum,
3391 1031 3447 1078 et
3477 1021 3645 1078 corde
3673 1022 3746 1077 si-

2139 1116 2253 1172 mul
2278 1124 2335 1173 et
2362 1131 2459 1174 ore
2496 1117 2784 1173 Dominum
2821 1115 2969 1172 omni
3001 1123 3243 1186 tempore
3271 1113 3586 1177 conﬁtetur,
3615 1128 3745 1184 pro-

2138 1211 2228 1266 cul
2263 1211 2428 1268 dubio
2452 1211 2542 1266 ille
2571 1219 2773 1266 aaterna
2801 1210 3055 1266 satietate
3104 1209 3421 1280 replebitur.
3459 1225 3480 1259 ι
3510 1206 3745 1270 Beatus,

2141 1302 2339 1373 inquit,
2384 1303 2478 1373 qui
2517 1302 2810 1358 manducat
2849 1317 3046 1374 panem
3097 1302 3155 1356 in
3199 1317 3367 1372 regno
3396 1299 3513 1365 Dei,
3541 1313 3747 1369 panem

2141 1393 2351 1449 scilicet
2375 1393 2520 1460 vitae,
2559 1407 2724 1464 quem
2767 1393 2860 1463 qui
2890 1393 3301 1448 manducavertt
3323 1406 3434 1446 non
3474 1389 3750 1444 morietur

2143 1485 2200 1540 in
2223 1493 2508 1555 aeternum,
2537 1484 2634 1539 sed
2679 1483 2828 1538 vivet
2854 1492 2911 1539 et
2957 1483 3214 1555 gaudebit
3249 1498 3372 1538 cum
3420 1481 3632 1536 sanctis
3657 1495 3750 1533 an-

2142 1575 2277 1649 gelis
2303 1576 2358 1630 in
2383 1589 2550 1644 regno
2575 1575 2784 1632 caelesti
2815 1573 2966 1648 (Luc.
2991 1574 3129 1645 xlv).
3166 1595 3185 1628 ι
3221 1573 3377 1642 Quod
3403 1580 3459 1627 et
3488 1573 3610 1642 ipsa
3643 1569 3750 1625 Ve-

2142 1669 2276 1723 ritas
2307 1667 2583 1738 discipulis
2612 1668 2727 1723 suis
2770 1667 2826 1721 in
2863 1666 3156 1737 Evangelio
3193 1665 3470 1736 promisit,
3503 1663 3697 1718 dicens
3731 1680 3746 1715 :

2149 1779 2169 1812 ι
2200 1759 2308 1815 Vos
2334 1758 2486 1826 estis,
2523 1758 2618 1829 qui
2647 1758 3025 1830 permansistis
3063 1771 3280 1812 mecum
3327 1757 3385 1811 in
3430 1753 3753 1810 tentationi—

2142 1852 2246 1908 bus
2265 1851 2436 1916 meis;
2465 1858 2522 1906 et
2543 1865 2644 1922 ego
2673 1849 2900 1919 dispono
2939 1848 3112 1916 vobis,
3144 1848 3286 1904 sicut
3324 1844 3598 1918 disposuit
3615 1842 3754 1898 mihi

442 1945 616 2000 malos
641 1946 784 2002 sicut
807 1954 865 2002 et
889 1961 989 2017 per
1011 1947 1182 2002 bonos
1205 1943 1482 2015 principes
1501 1942 1644 1998 Deus
1667 1956 1794 1998 reos
1815 1940 2042 2011 judicat,
2071 1946 2121 2007 B
2147 1943 2310 1999 Pater
2337 1957 2490 1998 meus
2509 1955 2760 2014 regnum,
2793 1949 2854 1996 ut
2880 1940 3052 1996 edatis
3081 1948 3137 1994 et
3173 1939 3374 1995 bibatis
3403 1951 3569 2010 super
3597 1950 3756 1991 men-

440 2045 515 2092 ut-
551 2038 656 2109 ipsi
707 2039 799 2108 qui
839 2038 1132 2094 sceleratos
1179 2036 1470 2107 punientes
1495 2033 1687 2090 eadem
1727 2032 1934 2088 scelera
1968 2030 2042 2086 fa-

2144 2051 2264 2092 sam
2287 2050 2464 2092 meam
2492 2035 2549 2089 in
2579 2048 2748 2105 regno
2775 2049 2897 2088 meo
2922 2051 2936 2087 :
2963 2041 3017 2088 et
3035 2031 3277 2088 sedeatis
3305 2044 3470 2102 super
3493 2030 3753 2094 thronos,

441 2131 616 2198 ciunt,
639 2133 984 2202 postmodum
1013 2147 1113 2202 pro
1157 2131 1272 2186 suis
1318 2128 1696 2199 iniquitatibus
1745 2126 2043 2198 condignas
2136 2124 2448 2195 iudicantes
2469 2124 2757 2181 duodecim
2782 2124 2956 2179 tribus
2981 2122 3145 2178 Israel
3171 2121 3324 2195 (Luc.
3349 2120 3515 2193 χιιι).
3545 2139 3564 2174 ι

437 2240 632 2295 poenas
654 2225 823 2280 luant.
859 2224 1016 2280 Unde
1041 2227 1096 2280 in
1122 2223 1449 2296 Apocalypsi
1475 2223 1741 2294 scriptum
1769 2230 1890 2278 est:
1918 2240 1939 2273 ι
1967 2222 2045 2277 De

439 2316 590 2372 fumo
614 2317 762 2386 putei
791 2317 1044 2372 exierunt
1069 2315 1291 2371 locustis
1313 2315 1371 2370 in
1395 2322 1621 2381 terram,
1641 2321 1698 2369 et
1721 2312 1844 2368 data
1867 2320 1950 2369 est
1977 2312 2044 2366 il-

438 2408 505 2464 lis
523 2417 788 2479 potestas,
818 2409 962 2465 sicut
987 2409 1189 2464 habent
1218 2415 1551 2478 potestatem
1589 2407 1904 2477 scorpiones
1934 2415 2045 2462 ter-

439 2516 536 2566 rae,
577 2509 633 2555 et
658 2508 991 2572 praeceptum
1015 2508 1102 2556 est
1146 2500 1277 2568 illis,
1309 2517 1378 2557 ne
1413 2500 1672 2557 larderent
1699 2499 1884 2556 fenum
1934 2509 2045 2555 ter-

440 2604 536 2654 rae,
561 2605 737 2660 neque
771 2606 932 2646 omne
954 2590 1149 2658 viride,
1174 2607 1352 2662 neque
1381 2607 1601 2648 omnem
1639 2591 1914 2658 arborem,
1937 2593 2044 2649 nisi

438 2689 651 2736 tantum
674 2681 945 2750 homines,
967 2683 1062 2753 qui
1089 2698 1197 2738 non
1225 2684 1428 2738 habent
1451 2683 1663 2753 signum
1697 2683 1793 2737 Dei
1816 2683 1871 2736 in
1896 2681 2045 2736 fron-

440 2772 588 2827 tibus
615 2773 729 2828 suis
767 2773 955 2846 (Apoc.
994 2773 1113 2845 tx):
1145 2794 1163 2827 ›
1198 2774 1267 2829 Ει
1310 2783 1434 2846 post
1482 2775 1758 2844 at'iquanta
1791 2791 1804 2828 :
1839 2793 1857 2824 ι
1895 2774 2043 2840 Vidi,

439 2861 640 2943 inquit,
672 2878 844 2934 equos
890 2864 947 2919 in
975 2865 1202 2931 visione,
1247 2872 1306 2919 et
1335 2863 1428 2934 qui
1458 2864 1718 2920 sedebant
1765 2878 1929 2934 super
1950 2876 2046 2918 eos

438 2953 714 3010 habebant
739 2956 939 3012 loricas
980 2957 1168 3029 igneas
1215 2963 1271 3012 et
1296 2957 1703 3028 hyacinthinas,
1733 2964 1790 3010 et
1816 2954 2044 3026 sulphu-

436 3061 578 3111 reas,
613 3055 668 3101 et
692 3049 868 3118 capita
898 3064 1166 3120 equorum
1203 3057 1362 3105 erant
1402 3057 1664 3119 tanquam
1709 3047 1886 3118 capita
1928 3045 2045 3103 leo-

436 3154 590 3203 num,
629 3148 687 3195 et
726 3141 794 3196 de
818 3157 915 3198 ore
963 3143 1205 3213 ipsorum
1237 3143 1484 3213 procedit
1514 3142 1656 3212 ignis
1693 3150 1749 3196 et
1773 3141 1956 3197 fumus
1991 3149 2048 3197 et

438 3228 683 3303 sulphur.
710 3234 794 3291 Ab
827 3237 912 3292 his
955 3239 1129 3294 tribus
1156 3238 1333 3310 plagis
1378 3239 1560 3294 occisa
1609 3244 1695 3292 est
1723 3237 1883 3292 tertia
1918 3252 2046 3307 pars

2219 2247 2239 2282 ι
2272 2227 2333 2284 In
2375 2245 2542 2285 manu
2564 2229 2841 2286 artiﬁcum
2887 2243 3056 2300 opera
3083 2226 3472 2289 laudabuntur,
3500 2231 3560 2277 et
3600 2221 3757 2293 prin-

2151 2340 2172 2375 t
2204 2338 2335 2394 ceps
2385 2323 2570 2396 populi
2608 2325 2665 2380 in
2688 2323 2956 2394 sapientia
3007 2320 3278 2378 sermonis
3323 2319 3449 2374 sui:
3479 2317 3538 2370 in
3587 2329 3757 2370 sensu

2151 2434 2171 2467 ι
2202 2431 2336 2472 vero
2365 2417 2639 2472 seniorum
2663 2417 2911 2472 verbum.
2944 2436 2963 2468 ι
2997 2412 3250 2469 Artiﬁces
3286 2411 3376 2467 isti
3403 2409 3568 2464 iidem
3605 2416 3754 2470 sunt,

2145 2508 2238 2578 qui
2266 2517 2322 2564 et
2359 2509 2637 2580 principes
2681 2507 2888 2579 populi,
2941 2507 3192 2562 doctores
3243 2501 3496 2559 videlicet
3527 2500 3707 2555 sancti
3740 2516 3755 2552 :

2145 2599 2204 2654 in
2229 2614 2460 2669 quorum
2489 2615 2678 2665 manu,
2706 2599 2813 2654 hoc
2837 2609 2920 2654 est
2947 2597 3184 2661 actione,
3240 2592 3556 2649 laudabitur
3585 2603 3758 2660 opera

2144 2690 2434 2756 virtutum,
2458 2696 2514 2746 et
2533 2689 2880 2747 observantia
2902 2687 3222 2758 disciplinae.
3245 2685 3306 2740 In
3330 2698 3564 2755 quorum
3587 2682 3758 2738 etiam

2147 2795 2401 2838 sermone
2431 2781 2689 2851 splendor
2717 2780 2889 2836 micat
2913 2778 3194 2849 sapientiae
3222 2775 3382 2832 simul
3410 2791 3540 2830 cum
3567 2774 3760 2828 facun-

2147 2873 2238 2928 dia
2268 2871 2610 2943 eloquentize.
2635 2872 2696 2927 In
2717 2885 2879 2927 sensu
2903 2871 3049 2926 enim
3076 2869 3355 2924 seniorum
3371 2866 3628 2930 verbum,
3655 2866 3760 2920 hoc

2146 2973 2250 3031 est,
2273 2955 2501 3021 verbum
2522 2965 2822 3038 Evangelii.
2851 2966 2930 3019 De
2956 2977 3064 3034 quo
3092 2970 3148 3018 et
3173 2960 3374 3016 Paulus
3401 2959 3478 3014 ait
3505 2977 3522 3014 :
3559 2976 3580 3010 ι
3619 2955 3759 3012 Ver-

2119 3058 2278 3114 .bum
2311 3058 2461 3114 enim
2506 3056 2814 3114 breviatum
2844 3057 3112 3112 Dominus
3161 3053 3295 3110 fecit
3341 3067 3505 3123 super
3536 3053 3762 3107 univer-

2148 3163 2268 3206 sam
2293 3157 2496 3204 terram
2517 3146 2694 3220 (Rom.
2713 3147 2815 3220 1x).
2850 3166 2868 3199 ι
2897 3147 2991 3202 lsti
3019 3152 3150 3202 sunt
3177 3144 3436 3207 seniores,
3464 3142 3535 3198 de
3559 3141 3763 3212 quibus

2151 3241 2208 3297 in
2257 3240 2682 3296 Deuteronomio
2731 3239 2995 3310 scriptum
3043 3246 3169 3294 est:
3211 3257 3230 3289 ι
3262 3237 3541 3307 Interroga
3573 3243 3762 3307 patres

437 3330 723 3386 hominum
747 3333 816 3387 de
839 3332 965 3403 igne
990 3343 1046 3389 et
1067 3333 1218 3390 fumo
1243 3342 1298 3388 et
1327 3333 1605 3402 sulphure,
1637 3348 1760 3402 quae
1785 3334 2045 3402 procede-
2070 3313 2116 3377 Ο
2149 3341 2294 3400 ιιιοε,
2324 3341 2381 3390 et
2424 3333 2821 3389 annuntiabunt
2853 3331 2951 3387 tibi
2977 3347 2992 3397 ;
3024 3331 3269 3387 seniores
3305 3338 3449 3396 tuos,
3475 3337 3535 3384 et
3571 3328 3763 3386 dicent

443 3419 577 3475 bant
605 3421 672 3476 de
701 3436 796 3478 ore
835 3423 1094 3494 ipsorum.
1119 3426 1370 3481 Potestas
1401 3425 1546 3481 enim
1577 3439 1842 3494 equorum
1870 3427 1924 3482 in
1948 3441 2044 3481 ore

439 3530 631 3570 eorum
669 3526 773 3584 est,
800 3527 856 3572 et
880 3519 935 3572 in
963 3522 1153 3577 caudis
1189 3536 1400 3576 eorum.
1446 3521 1586 3577 Nam
1615 3524 1801 3578 cauda:
1827 3520 2044 3576 illorum

445 3608 654 3663 similes
699 3611 1042 3679 serpentibus
1091 3613 1357 3669 habentes
1400 3616 1602 3684 capita,
1644 3623 1701 3670 et
1733 3615 1789 3669 in
1818 3613 1906 3669 bis
1947 3626 2046 3667 no-

439 3705 584 3753 cent.
626 3719 646 3751 ι
681 3699 787 3756 Per
831 3703 1078 3758 fraudem
1117 3703 1266 3759 enim
1307 3714 1507 3761 nocent
1536 3706 1800 3771 haeretici,
1848 3711 1905 3760 et
1946 3719 2047 3775 per

440 3790 595 3848 dolos
650 3804 964 3864 praeparant
1017 3797 1324 3854 animarum
1384 3799 1839 3856 interfectionem.
1881 3799 2043 3867 Quia,

439 3883 584 3939 sicut
617 3888 834 3958 scorpio
882 3888 1151 3960 palpando
1181 3891 1406 3958 incedit,
1438 3895 1534 3949 sed
1569 3893 1740 3948 cauda
1779 3892 1928 3958 ferit,
1971 3894 2046 3947 ita

443 3976 791 4035 fraudulenta
814 3982 1086 4052 pernicies
1130 3984 1395 4040 malorum
1425 3985 1624 4041 blanda
1654 3993 1711 4040 et
1746 3983 1965 4039 innoxia
1992 3984 2046 4038 in

441 4070 582 4126 facie
603 4074 849 4138 videtur;
871 4075 966 4130 sed
991 4077 1118 4132 dum
1145 4077 1357 4133 occulte
1387 4076 1607 4142 feriunt,
1633 4077 1790 4147 quasi
1813 4083 2047 4131 mortem

443 4172 678 4221 .atenter
724 4168 1005 4225 inducunt.
1038 4170 1169 4226 Item
1203 4190 1223 4223 ι
1254 4179 1502 4240 potestas
1547 4184 1815 4240 equorum
1865 4170 1920 4224 in
1951 4183 2048 4224 ore

440 4273 632 4314 eorum
663 4267 748 4316 est
782 4269 838 4315 et
866 4262 921 4316 in
951 4263 1138 4319 caudis
1158 4279 1348 4319 eorum
1379 4281 1393 4317 :
1432 4283 1450 4316 ι
1479 4263 1536 4318 id
1577 4270 1680 4327 est,
1709 4262 1766 4317 in
1795 4274 2049 4317 sermone

443 4358 498 4404 et
523 4349 718 4407 oilicio.
771 4353 1041 4425 Propheta
1086 4355 1233 4412 enim
1276 4357 1479 4412 docens
1517 4355 1877 4418 mendacium,
1931 4354 2048 4423 ipse

445 4444 619 4497 cauda
645 4453 750 4500 est.
781 4443 887 4512 Qui
916 4455 1100 4502 autem
1125 4463 1185 4503 se
1213 4448 1368 4519 signo
1397 4449 1495 4504 Dei
1522 4447 1633 4502 vivi
1663 4463 1771 4502 non
1795 4445 2049 4500 muniunt

442 4534 500 4588 in
523 4534 792 4592 frontibus
809 4537 944 4602 suis,
962 4554 1064 4594 uec
1083 4539 1350 4595 catholica
1364 4539 1470 4593 ﬁde
1490 4540 1657 4595 corda
1677 4554 1774 4592 sua
1797 4537 2047 4607 diligenti

2149 3427 2248 3483 tibi
2279 3425 2460 3498 (Deut.
2508 3424 2709 3497 χχχιι).
2746 3445 2766 3478 ›
2799 3425 2937 3480 Istos
2984 3422 3408 3495 prteﬁgurabant
3453 3430 3512 3477 et
3559 3421 3639 3477 illi
3676 3436 3762 3477 se-

2149 3517 2338 3574 niores
2367 3516 2736 3588 septuaginta,
2763 3531 2902 3586 quos
2920 3514 3135 3587 Moyses
3153 3513 3372 3570 Domini
3391 3513 3551 3584 jussu
3570 3512 3759 3583 elegit,

2148 3616 2204 3663 et
2232 3608 2492 3663 universo
2518 3607 2718 3678 populo
2743 3607 3021 3677 praefecit;
3049 3620 3173 3660 cum
3196 3604 3286 3660 his
3311 3612 3366 3658 et
3394 3603 3510 3674 ipse
3551 3618 3653 3658 rex
3682 3617 3761 3657 re-

2149 3715 2276 3769 gum
2301 3698 2508 3768 judicia
2561 3713 2662 3754 sua
2703 3697 3002 3754 secundum
3028 3695 3318 3752 veritatem
3347 3692 3610 3762 disponit.
3646 3691 3759 3747 Sic-

2148 3800 2208 3847 ut
2252 3791 2510 3847 Salomon
2555 3791 2819 3857 ostendit,
2842 3791 3032 3846 dicens
3059 3810 3072 3843 :
3109 3808 3127 3840 ι
3157 3787 3364 3843 Nobilis
3385 3786 3440 3842 in
3469 3786 3646 3855 portis
3679 3786 3761 3839 vir

2149 3883 2289 3954 ejus,
2319 3884 2537 3955 quando
2585 3883 2788 3940 sederit
2831 3897 2960 3939 cum
2984 3881 3330 3938 senatoribus
3377 3888 3537 3934 terra:
3568 3876 3756 3948 (Pror.

2149 3977 2324 4051 xxxi).
2359 3999 2376 4030 ο
2405 3978 2449 4033 Ε
2478 3985 2669 4034 contra
2696 3992 2828 4032 vero
2848 3975 2980 4032 illud
3002 3976 3147 4045 quod
3176 3973 3463 4044 sequitur:

2225 4113 2246 4145 ι
2276 4093 2561 4151 Terribilis
2589 4101 2675 4150 est
2705 4092 2758 4147 in
2779 4091 3003 4147 civitate
3039 4106 3137 4146 sua
3173 4091 3339 4146 homo
3368 4088 3672 4160 linguosus,
3705 4095 3760 4140 et

2156 4205 2174 4237 ι
2211 4187 2534 4242 temerarius
2565 4184 2630 4240 in‘
2660 4185 2830 4240 verbo
2861 4199 2960 4240 suo
3008 4184 3226 4241 odibilis
3267 4190 3374 4249 est,
3409 4202 3429 4235 ι
3467 4181 3759 4236 haereticos

2151 4278 2442 4350 signiﬁcat,
2476 4277 2536 4333 hi
2567 4278 2711 4332 enim
2740 4276 3018 4333 temerarii
3043 4290 3260 4347 semper
3297 4274 3421 4330 lites
3463 4281 3671 4336 amant,
3704 4279 3757 4327 et

2150 4370 2552 4435 contentiones,
2583 4378 2640 4423 et
2659 4369 2810 4424 rixas
2859 4369 3147 4425 suscitant.
3184 4366 3338 4422 Unde
3368 4365 3600 4421 odibiles
3629 4373 3757 4419 sunt

2151 4467 2262 4513 tam
2311 4459 2422 4516 Deo
2449 4475 2612 4530 quam
2641 4461 2809 4515 etiam
2853 4460 3196 4524 hominibus;
3241 4457 3333 4528 qui
3381 4465 3438 4512 et
3483 4455 3755 4511 terribiles

2151 4562 2279 4609 sunt
2331 4555 2385 4608 in
2415 4554 2638 4610 civitate
2683 4570 2802 4621 sua,
2851 4555 2959 4611 hoc
2991 4561 3093 4618 est,
3127 4553 3184 4607 in
3213 4553 3448 4618 mundo;
3495 4551 3751 4621 quoniam

359 4681 374 4694 .
445 4626 700 4735 ουξιῗξῖίεξ
720 4635 995 4733 tuemur;_
1020 4629 1215 4684 horum
1237 4628 1489 4686 Videlicet
1517 4630 1676 4685 milia
1711 4630 1768 4683 ίιι
1788 4634 2044 4699 ΡτοωΡίιι
2071 4674 2126 4735 D
2151 4661 2290 4716 quos
2333 4645 2519 4701 valent
2549 4647 2607 4700 in
2654 4661 2899 4702 errorem
2931 4646 3334 4717 pertrahentes,
3376 4645 3445 4700 de
3486 4644 3615 4698 ﬁliis
3659 4645 3751 4700 Dei

375 4743 382 4749 -
447 4726 550 4773 est.
579 4717 735 4774 Unde
762 4729 818 4776 et
845 4721 1092 4790 sequitur
1119 4741 1134 4777 ε

523 4828 542 4860 ι
573 4809 1138 4870 Communicationem
1202 4816 1394 4870 mortis
1442 4815 1619 4881 scito,
1675 4814 1936 4884 quoniam
1983 4815 2040 4869 in

446 4921 464 4953 ι
503 4903 683 4959 medio
723 4904 1045 4974 laqueorum
1076 4906 1415 4978 ingredieris,
1450 4915 1506 4962 et
1553 4921 1715 4976 super
1745 4905 2042 4961 dolentium
2084 4932 2090 4948 ι

446 5015 464 5047 ι
503 5012 654 5052 arma
700 4998 1025 5054 ambulabis.
1074 4997 1383 5055 Secundum
1418 4999 1677 5054 virtutem
1724 5007 1873 5053 tuam
1909 5013 2043 5054 cave

446 5108 464 5139 ι
502 5099 554 5145 te
583 5106 612 5143 a
641 5092 892 5160 proximo
927 5101 1052 5157 tuo;
1081 5101 1138 5148 et
1168 5109 1290 5149 cum
1314 5093 1650 5163 sapientibus
1687 5101 1742 5146 et
1761 5092 2041 5162 prudenti-

447 5201 465 5232 ι
501 5183 604 5238 bus
638 5193 832 5252 tracta.
875 5207 894 5240 ›
929 5185 1164 5241 Proinde
1184 5201 1408 5242 necesse
1432 5193 1516 5240 est
1546 5193 1606 5239 ut
1629 5200 1920 5240 caveamus
1945 5185 2042 5240 do-

444 5272 682 5328 losorum
712 5275 964 5342 insidias,
995 5285 1193 5331 etcum
1223 5275 1556 5346 sapientibus
1581 5283 1637 5329 et
1661 5275 2040 5345 prudentibus,

441 5362 547 5415 hoc
568 5371 670 5427 est,
702 5379 825 5418 cum
855 5367 1172 5421 orthodoxis
1200 5367 1455 5422 Patribus
1494 5374 1551 5421 et
1579 5367 1750 5422 Deum
1800 5366 2042 5422 timenti-

443 5455 546 5507 bus
567 5453 822 5510 fratribus
852 5473 1014 5512 omne
1043 5458 1332 5514 consilium
1358 5467 1607 5514 nostrum
1647 5467 1959 5525 tractemus,
1987 5467 2043 5514 et

443 5542 590 5596 viam
629 5541 857 5613 justitize
887 5555 942 5600 et
988 5549 1237 5605 veritatis
1279 5566 1389 5606 non
1427 5550 1765 5606 deseramus.
1811 5551 1888 5606 De
1931 5566 2040 5622 quo

445 5633 623 5691 adhuc
653 5634 934 5691 subditur:

1029 5731 1260 5790 CAPUT
1300 5734 1462 5791 XVII.

598 5821 678 5876 De
697 5824 923 5880 convivis
934 5827 1124 5897 iustis,
1152 5826 1208 5881 id
1238 5837 1312 5882 est
1339 5827 1495 5882 sociis
1523 5828 1671 5884 bona:
1701 5830 1878 5899 famw.

522 5927 542 5962 ι
581 5912 692 5970 Viri
714 5916 842 5984 justi
869 5919 975 5975 sint
1002 5920 1099 5976 tibi
1125 5920 1391 5983 convivae,
1419 5928 1474 5973 et
1517 5921 1568 5974 in
1596 5921 1790 5977 timore
1829 5923 1923 5979 Dei
1964 5926 2037 5981 sit

2150 4732 2390 4790 efﬁciunt
2434 4734 2574 4791 ﬁlios
2605 4736 2824 4802 diaboli,
2863 4744 2920 4792 et
2965 4735 3222 4808 pabulum
3257 4735 3398 4807 ignis
3429 4737 3644 4791 aeterni.
3682 4736 3751 4789 De

2149 4828 2348 4897 quibus
2377 4835 2433 4883 et
2458 4827 2746 4884 Psalmista
2778 4830 2856 4884 ait
2883 4848 2896 4884 :
2929 4848 2948 4882 ι
2976 4830 3074 4886 Vi’r
3101 4829 3379 4901 linguosus
3406 4845 3514 4884 non
3553 4828 3751 4899 dirige-

2149 4930 2243 4976 tur
2268 4936 2432 4993 super
2463 4930 2685 4986 terram,
2719 4925 2897 4979 virum
2941 4922 3203 4993 injustum
3247 4923 3388 4979 mala
3429 4923 3651 4994 capient
3695 4925 3747 4977 in

2149 5011 2430 5068 interitum
2469 5012 2642 5083 (Psal.
2690 5017 2936 5087 cxxxrx).
2977 5035 2998 5068 ι
3030 5014 3152 5071 ldeo
3203 5015 3404 5071 Paulus
3433 5015 3746 5086 :praacepit.

2151 5103 2336 5159 dicens
2370 5122 2383 5157 :
2419 5124 2438 5154 ‹
2466 5103 2700 5160 Profana
2735 5115 2915 5161 autem
2968 5114 3026 5161 et
3075 5107 3407 5176 inaniloquia
3449 5105 3654 5172 devita,
3700 5114 3747 5158 et

2149 5197 2442 5250 verborum
2469 5197 2762 5253 novitates.
2789 5196 3013 5253 Multum
3046 5198 3192 5254 enim
3221 5197 3510 5269 proﬁcient
3547 5200 3618 5253 ad
3655 5199 3742 5253 im-

2149 5286 2427 5357 pietatem,
2463 5296 2520 5342 et
2566 5302 2746 5343 sermo
2787 5305 2976 5346 eorum
3008 5298 3066 5345 ut
3100 5304 3300 5346 cancer
3321 5291 3491 5361 serpit
3521 5289 3574 5362 (1
3611 5288 3744 5343 Tim.

2150 5379 2281 5449 νι).›
2310 5377 2378 5432 Ει
2399 5378 2528 5434 item
2555 5397 2568 5433 :
2599 5379 2794 5446 Erunt,
2829 5381 3026 5452 inquit,
3052 5383 3300 5438 homines
3330 5382 3537 5454 seipsos
3557 5397 3745 5436 aman-

2151 5477 2254 5534 tes,
2286 5469 2491 5540 cupidi,
2545 5469 2690 5535 elati,
2741 5473 3006 5542 superbi,
3056 5473 3380 5544 blasphemi,
3428 5475 3747 5546 parentibus

2150 5563 2545 5631 inobedientes,
2572 5566 2794 5637 ingrati,
2841 5567 3075 5632 scelesti,
3127 5570 3243 5627 sine
3292 5570 3597 5638 affectione,
3630 5573 3747 5626 sine

2145 5669 2302 5723 pace,
2328 5655 2730 5722 criminatores,
2756 5657 3178 5725 incontinentes,
3212 5660 3467 5728 immites,
3500 5661 3620 5716 sine
3647 5662 3741 5716 be-

2145 5746 2430 5817 nignitate,
2468 5747 2796 5817 proditores,
2842 5750 3110 5819 protervi,
3148 5751 3366 5817 tumidi,
3404 5751 3742 5822 voluptatum

2148 5845 2420 5892 amatores
2463 5838 2635 5908 magis
2677 5853 2840 5907 quam
2872 5839 3008 5895 Dei:
3038 5841 3302 5897 habentes
3350 5843 3585 5913 speciem
3620 5843 3740 5910 qui-

2147 5929 2270 5986 dem
2319 5931 2561 5999 pietatis,
2601 5932 2857 5986 virtutem
2896 5940 3075 5989 autem
3120 5934 3238 6002 ejus
3282 5936 3611 6000 abneqantes
3637 5954 3650 5987 :
3680 5947 3736 5988 et
