4030 6490
302 446 412 505 825

1193 441 1545 501 COMMENT.
1585 441 1654 500 IN
1688 439 2296 500 ECCLESIASTICUM.
2323 472 2395 484 —-
2429 442 2561 500 LIB.
2599 443 2690 503 III.

3460 452 3565 514 82%.

298 566 403 624 hos
431 563 608 622 devita
636 562 724 636 (II
746 561 880 618 Tim.
904 562 1008 635 in).
1039 581 1057 613 ›
1086 562 1166 618 De
1189 560 1387 632 quibus
1414 568 1469 615 et
1492 559 1656 616 Iudas
1685 560 1741 615 in
1762 559 1884 631 Epi-
1910 567 1964 628 Α
1987 567 2242 631 negantes
2267 558 2445 632 (Iuda:
2475 558 2537 633 ι).
2570 579 2589 612 ι
2618 560 2818 616 Verum
2867 562 3124 633 quoniam
3151 565 3474 620 temerarios
3513 565 3572 624 in

300 659 437 716 stola
469 672 568 712 sua
620 657 731 711 ait:
763 674 782 707 ‹
818 653 1260 711 Subintroierunt
1289 655 1433 710 enim
1460 653 1678 724 quidam
1708 653 1884 709 homi-

295 766 417 816 nes,
452 750 544 820 qui
572 747 704 804 olim
736 747 1036 820 praescripti
1067 754 1192 802 sunt
1215 746 1270 801 in
1294 746 1559 818 judicium
1589 744 1758 816 impii,
1788 742 1886 799 Dei

298 842 475 897 nostri
502 840 732 912 gratiam
778 837 1163 895 transferentes
1211 839 1268 894 in
1295 838 1588 904 luxuriam,
1618 845 1674 893 et
1712 835 1887 892 solum

299 931 695 988 dominatorem
742 928 1030 986 Dominum
1083 936 1333 988 nostrum
1382 928 1568 985 Jesum
1611 927 1888 984 Christum

1987 654 2152 710 verbo
2171 652 2328 722 juxta
2350 652 2512 708 ﬁnem
2532 655 2815 724 praesentis
2837 654 2960 710 libri
2992 655 3220 712 odibiles
3240 671 3360 713 esse
3388 667 3572 716 osten-

1990 746 2090 813 dit,
2116 745 2244 816 quid
2289 745 2355 801 de
2377 745 2558 817 judice
2577 744 2726 816 justo
2759 747 2980 816 sentiat,
3007 748 3064 804 in
3109 749 3265 806 initio
3292 752 3572 822 sequentis

1991 841 2290 898 videamus.

307 1075 3562 1108 ———-——————————-—-——-—————-——-—-—-———-—-—-————

1514 1238 1808 1319 LIBER
1860 1237 2363 1334 ,TERTIUS.

1765 1397 2142 1423 ὼ

818 1497 1048 1556 CAPUT
1078 1497 1374 1554 PRIMUM.

325 1589 602 1663 Sapientia
634 1589 818 1645 laudat
828 1591 1038 1662 judices
1065 1591 1369 1659 judicantes
1399 1589 1647 1659 populum
1671 1603 1844 1641 suum.

361 1679 514 1751 (CAP.
539 1681 662 1754 x.).¢
687 1679 860 1737 Judex
885 1682 1100 1752 sapiens
1124 1679 1388 1750 judicabit
1416 1679 1669 1752 populum
1699 1693 1878 1745 suum,

293 1791 312 1822 ‹
345 1780 401 1827 et
430 1772 769 1843 principatus
814 1775 1015 1829 sensati
1069 1773 1280 1829 stabilis
1307 1772 1431 1828 erit.
1468 1791 1487 1823 ι
1530 1769 1770 1826 Iudicem
1801 1785 1882 1826 sa-

285 1863 523 1932 pientem
553 1864 825 1919 neminem
850 1863 1045 1920 melius
1079 1879 1242 1934 quam
1292 1862 1580 1919 Dominum
1606 1861 1879 1916 Christum

285 1967 574 2022 possumus
625 1953 951 2025 intelligere,
999 1954 1093 2024 qui
1137 1959 1330 2008 contra
1371 1951 1656 2007 universos
1696 1950 1880 2005 hostes

1984 1508 2168 1560 mane,
2194 1509 2295 1559 nec
2317 1493 2595 1550 velociter.
2636 1492 2754 1549 Non
2789 1494 2935 1550 enim
2982 1495 3037 1552 in
3069 1499 3322 1568 prmsenti
3369 1499 3572 1558 saeculo

1983 1595 2234 1656 quaerunt
2271 1585 2622 1656 voluptatem,
2649 1586 2744 1642 sed
2774 1587 2830 1641 in
2873 1594 3114 1658 tempore
3157 1605 3255 1647 suo
3283 1594 3576 1649 manduca-

1982 1676 2136 1742 bunt,
2185 1689 2308 1730 cum
2349 1676 2723 1731 retributionis
2762 1685 2974 1746 tempus
3027 1679 3348 1736 advenerit:
3379 1701 3400 1733 ‹
3431 1681 3573 1738 Bea-

1984 1778 2092 1836 tus,
2116 1770 2308 1840 inquit,
2335 1769 2427 1840 qui
2449 1769 2797 1826 manducabit
2814 1783 3010 1839 panem
3027 1772 3083 1827 in
3110 1786 3278 1844 regno
3303 1774 3398 1830 Dei
3414 1773 3567 1847 (Luc.

1983 1859 2118 1932 xrv).
2160 1879 2179 1912 ι

2059 1971 2078 2004 ι
2108 1952 2224 2008 Rex
2251 1953 2514 2024 insipiens
2539 1953 2733 2024 perdet
2760 1954 3017 2025 populum
3069 1971 3246 2012 suum.
3280 1978 3298 2010 ι
3331 1959 3423 2015 llle
3468 1962 3576 2018 uti-

285 2043 541 2114 populum
571 2059 729 2099 suum
760 2051 963 2100 tuetur.
998 2044 1074 2099 De
1109 2058 1218 2114 quo
1269 2057 1367 2114 per
1403 2043 1720 2114 prophetam
1748 2040 1880 2096 dici—
1907 2014 1954 2073 Β
1983 2062 2088 2116 que
2122 2060 2234 2111 rex,
2270 2046 2336 2102 de
2358 2014 2477 2116 ⁵(ιιιο
2525 2014 2779 2118 superius
2824 2014 3079 2115 diximus,
3107 2049 3198 2119 qui
3228 2065 3362 2120 puer
3393 2014 3575 2119 est,et

286 2145 375 2191 tur
400 2155 414 2191 :
443 2155 462 2189 ‹
509 2155 528 2188 ι
561 2136 777 2193 Zelatus
807 2144 890 2193 est
926 2136 1186 2192 Dominus
1230 2143 1434 2192 terram
1477 2151 1651 2200 suam,
1680 2141 1736 2190 et
1782 2149 1876 2205 pe-

283 2230 459 2300 percit
477 2230 676 2301 populo
702 2244 800 2285 suo
821 2228 982 2303 (Joel.
1011 2228 1108 2301 n);
1140 2249 1159 2282 ›
1183 2229 1338 2300 cujus
1355 2228 1689 2300 principatus
1714 2227 1879 2281 etiam

283 2320 495 2378 stabilis
517 2322 641 2377 erit.
660 2322 814 2391 Quia,
850 2323 988 2377 Isaia
1009 2328 1261 2386 testante,
1296 2347 1315 2373 ι
1353 2321 1522 2391 ipsius
1547 2320 1880 2390 principatus

284 2426 447 2482 super
472 2412 759 2468 humerum
786 2412 922 2482 ejus,
953 2422 1009 2469 et
1037 2414 1318 2470 vocabitur
1337 2429 1536 2468 nomen
1561 2411 1680 2482 ejus
1709 2412 1882 2467 admi-

283 2501 488 2566 rabilis,
527 2503 891 2570 consiliarius,
933 2504 1076 2560 Deus
1125 2503 1302 2570 fortis,
1359 2511 1516 2575 pater
1560 2503 1727 2559 futuri
1783 2518 1880 2559 sar-

281 2591 408 2657 culi,
450 2593 704 2665 princeps
730 2596 898 2664 pacis.
929 2594 1376 2666 Multiplicabitur
1425 2595 1541 2664 ejus
1569 2595 1877 2667 imperium,

281 2687 336 2735 et
358 2681 509 2751 pacis
550 2699 659 2738 non
689 2684 794 2739 erit
817 2684 941 2740 ﬁnis
973 2702 985 2738 :
1018 2700 1180 2756 super
1208 2685 1400 2741 solium
1426 2685 1618 2752 David,
1642 2692 1698 2741 et
1720 2700 1881 2754 super

283 2789 509 2845 regnum
539 2775 658 2847 ejus
698 2777 928 2844 sedebit,
957 2785 1017 2832 ut
1045 2777 1331 2834 conﬁrmet
1359 2777 1489 2833 illud
1519 2785 1574 2834 et
1623 2776 1879 2832 corrobo-

284 2876 371 2921 ret
393 2867 448 2921 in
467 2867 675 2938 judicio
709 2868 1031 2939 et.justitia,
1062 2870 1257 2925 amodo
1285 2878 1341 2925 et
1366 2884 1538 2939 usque
1589 2869 1646 2924 in
1687 2867 1882 2937 sempi-

283 2959 708 3016 ternumzzelus
755 2960 969 3016 Domini
1013 2962 1349 3017 exercituum
1377 2960 1542 3016 faciet
1586 2959 1691 3014 hoc
1717 2957 1876 3030 (Esa.

281 3051 381 3124 Ix).
420 3073 440 3106 ι
471 3052 610 3108 Huic
636 3053 897 3109 vaticinio
917 3054 1085 3110 etiam
1135 3054 1313 3124 angeli
1347 3055 1516 3109 verba
1550 3052 1606 3107 in
1634 3051 1879 3122 Evange-

280 3146 355 3202 lio
380 3147 450 3202 ad
470 3146 696 3201 Mariam
723 3147 1072 3213 concordant,
1105 3146 1304 3217 quibus
1337 3144 1542 3201 Christi
1589 3143 1878 3214 imperium

280 3255 695 3311 permansurum
733 3247 963 3296 testatus
986 3246 1091 3306 est,
1123 3239 1348 3294 dicens:
1376 3256 1395 3289 ι
1428 3235 1588 3292 Dabit
1613 3235 1664 3290 ei
1696 3233 1880 3288 Domi-

283 3351 386 3390 nus
415 3335 600 3392 sedem
633 3333 803 3389 David
851 3333 1021 3403 patris
1056 3331 1192 3402 ejus,
1239 3339 1296 3386 et
1339 3330 1586 3401 regnabit
1629 3329 1686 3383 in
1718 3328 1877 3383 domo

279 3425 450 3482 Jacob
490 3429 545 3482 in
569 3435 854 3492 aeternum,
877 3435 932 3482 et
971 3426 1121 3497 regni
1160 3423 1278 3494 ejus
1306 3440 1414 3479 non
1441 3424 1548 3478 erit
1569 3422 1692 3477 ﬁnis
1722 3421 1874 3494 (Luc.

283 3520 347 3590 ι).
386 3539 407 3572 ι
433 3518 598 3589 Cujus
635 3520 888 3576 nimirum
925 3534 1174 3576 normam
1203 3517 1452 3588 discipuli
1487 3515 1607 3586 ejus
1635 3522 1764 3572 sunt
1788 3529 1879 3569 se-

282 3611 396 3666 cuti
425 3629 439 3665 :
463 3611 606 3682 quod
631 3626 864 3682 sequens
890 3610 1160 3667 sententia
1187 3609 1403 3681 probat,
1430 3607 1524 3662 ubi
1553 3607 1786 3663 dicitur:

359 3723 378 3756 ‹
418 3703 726 3760 Secundum
754 3702 994 3772 judicem
1019 3702 1222 3775 populi,
1257 3703 1336 3758 sic
1367 3709 1424 3757 et
1465 3699 1698 3756 ministri
1729 3697 1877 3768 ejus;

287 3814 307 3849 α
338 3805 395 3852 et
421 3795 596 3868 qualis
635 3804 819 3852 rector
841 3804 930 3850 est
970 3795 1232 3861 civitatis,
1265 3793 1398 3848 tales
1429 3799 1486 3847 et
1515 3790 1880 3846 inhabitantes

286 3913 306 3944 ε
339 3893 394 3946 in
423 3907 507 3947 ea.
539 3911 559 3946 ι
587 3891 794 3946 Civitas
844 3891 990 3945 enim
1035 3888 1244 3945 Christi
1273 3894 1458 3944 sancta
1491 3894 1578 3942 est
1610 3883 1879 3951 Ecclesia,

281 3998 403 4053 quae
425 3981 543 4052 ejus
570 3981 799 4058 vestigia
850 3981 1046 4042 devote
1073 3980 1254 4042 cordis
1295 3979 1540 4054 sequitur
1576 3976 1792 4046 affectu,
1823 3981 1882 4034 et

280 4074 550 4138 b0norum
577 4096 804 4152 operum
848 4081 1094 4136 imitatur
1122 4078 1335 4136 eﬂ'ectu.
1389 4077 1491 4133 Ubi
1537 4084 1592 4130 et
1641 4074 1878 4131 ministri

283 4175 421 4246 ejus,
453 4177 557 4231 hoc
578 4182 663 4230 est
688 4180 930 4230 rectores
952 4171 1214 4238 ﬁdelium,
1245 4182 1299 4228 et
1339 4170 1726 4241 praedicatores
1755 4181 1881 4223 san-

284 4266 381 4329 cti,
426 4264 598 4334 ipsius
645 4262 921 4318 mandatis
966 4261 1152 4318 sedulo
1180 4261 1617 4330 obtemperantes
1665 4264 1824 4312 erunt
1861 4270 1877 4310 :

282 4359 512 4429 aliisque
541 4357 789 4414 similiter
815 4356 996 4412 facere
1041 4356 1311 4410 instanter
1338 4351 1679 4424 praecipiunt.
1712 4348 1879 4418 Cujus

282 4450 653 4520 temperantia:
701 4448 920 4505 modum
968 4445 1330 4502 Ecclesiastes
1383 4443 1590 4508 laudat,
1647 4440 1874 4496 dicens:

289 4561 307 4594 ι
341 4541 508 4597 Beata
532 4549 701 4608 terra,
737 4538 892 4610 cujus
918 4547 1004 4595 est
1026 4552 1124 4594 rex
1165 4535 1387 4602 nobilis,
1416 4541 1472 4590 et
1500 4531 1655 4602 cujus
1678 4530 1882 4603 princi-

280 4650 378 4706 pes
398 4641 693 4691 vescuntur
714 4635 772 4689 in
794 4641 1036 4703 tempore
1059 4645 1177 4695 suo,
1203 4630 1272 4686 ad
1295 4628 1673 4694 reﬁciendum,
1695 4635 1750 4682 et
1771 4641 1877 4681 non

282 4729 350 4784 ad
404 4728 673 4783 luxuriam
721 4725 894 4798 (Eccl.
925 4723 1006 4796 x).
1042 4743 1060 4777 ι
1089 4724 1133 4779 Ε
1162 4723 1433 4778 contrario
1479 4736 1610 4777 vero
1655 4721 1722 4776 de
1775 4719 1879 4774 alio

281 4836 411 4893 rege
438 4821 570 4876 dicit
598 4835 613 4874 :
647 4839 666 4872 ι
703 4819 793 4876 Vae
841 4818 963 4884 tibi,
991 4826 1162 4884 terra,
1193 4815 1349 4886 cujus
1391 4829 1488 4870 rex
1529 4822 1614 4871 est
1642 4828 1797 4885 puer,
1825 4820 1882 4869 et

281 4911 435 4981 cujus
473 4911 747 4982 principes
777 4925 936 4966 mane
985 4908 1275 4965 comedunt
1311 4905 1523 4978 (Ibid)
1561 4925 1580 4957 ›
1618 4906 1710 4961 Vae
1749 4919 1880 4976 ergo

285 5015 466 5071 terrae,
493 5003 646 5073 cujus
667 5020 764 5060 rex
796 5011 879 5060 est
933 5001 1196 5066 diabolus,
1229 5014 1442 5069 semper
1482 5012 1744 5052 novarum
1795 5012 1882 5052 re-

283 5112 405 5151 rum
431 5095 686 5167 cupidus;
713 5095 804 5150 hic
840 5093 1054 5164 judices
1075 5101 1130 5146 et
1153 5090 1427 5160 principes
1456 5103 1550 5144 eos
1575 5088 1756 5151 habet,
1786 5087 1881 5156 qui

282 5192 473 5240 amant
522 5183 682 5254 hujus
728 5183 911 5240 saeculi
939 5182 1265 5252 voluptates,
1296 5180 1388 5249 qui
1431 5186 1724 5248 antequam
1762 5178 1880 5233 dies

285 5275 479 5332 mortis
520 5275 772 5331 adveniat
793 5275 980 5331 dicunt
1005 5291 1017 5327 :
1058 5293 1074 5324 ς
1105 5271 1488 5327 Manducemus
1515 5277 1572 5324 et
1603 5270 1875 5336 bibamus,

284 5384 408 5425 cras
445 5369 591 5425 enim
617 5367 932 5424 moriemur.
971 5385 990 5418 ι
1027 5364 1070 5420 Ε
1096 5370 1283 5419 contra
1310 5362 1470 5416 beata
1501 5369 1644 5416 terra
1688 5359 1879 5416 Eccle-

284 5463 398 5528 site,
427 5459 581 5530 cujus
602 5475 702 5516 rex
731 5458 982 5515 Christus
1007 5456 1148 5510 ﬁlius
1199 5455 1578 5525 ingenuorum,
1610 5452 1678 5508 de
1703 5450 1879 5507 Abra-

285 5555 436 5619 ham,
483 5563 539 5609 et
587 5553 761 5617 Isaac,
807 5561 862 5607 et
888 5547 1088 5613 Iacob,
1136 5547 1523 5619 prophetarum
1573 5559 1789 5615 quoque
1821 5552 1880 5599 et

285 5647 528 5704 oninium
563 5653 874 5701 sanctorum
895 5642 1062 5714 stirpe
1081 5639 1435 5704 descendens,
1465 5637 1662 5708 quibus
1684 5649 1878 5708 pecca-

287 5751 403 5797 tum
451 5754 559 5794 non
583 5737 685 5793 fuit
719 5739 1068 5802 dominatum,
1092 5743 1149 5792 et
1196 5735 1266 5790 ob
1314 5734 1367 5789 id
1417 5733 1638 5788 fuerunt
1687 5730 1876 5797 liberi;

284 5832 562 5904 principes
581 5845 796 5901 quoque
821 5828 938 5898 ejus
964 5836 1090 5883 sunt
1121 5825 1344 5897 apostoli
1366 5834 1422 5881 et
1461 5839 1652 5880 omnes
1682 5824 1876 5891 sancti,

290 5924 383 5994 qui
412 5937 594 5993 regem
624 5919 824 5980 habent
849 5919 1017 5975 lilium
1056 5919 1434 5988 ingenuorum,
1459 5931 1559 5971 nec
1587 5915 1882 5970 comedunt

1904 4764 1958 4824 D

1981 2137 2134 2208 cujus
2155 2139 2428 2210 principes
2455 2153 2616 2194 mane
2645 2138 2954 2205 comedunt,
2981 2139 3072 2210 qui
3107 2141 3294 2210 perdet
3316 2144 3572 2214 populum

1981 2248 2162 2298 suum,
2186 2232 2290 2288 hoc
2329 2241 2434 2297 est,
2466 2231 2792 2301 omnessibi
2820 2232 3134 2288 obedientes
3163 2233 3218 2288 in
3258 2234 3574 2292 barathrum

1980 2340 2165 2381 secum
2185 2325 2492 2396 praecipitat
2516 2323 2692 2380 infern

2056 2435 2076 2469 ‹
2113 2416 2180 2470 Et
2221 2416 2471 2472 civitates
2497 2416 2948 2472 inhabitabuntur
2994 2432 3093 2488 per
3123 2433 3340 2476 sensum
3385 2427 3574 2491 poten-

1986 2527 2006 2561 ‹
2041 2509 2196 2564 tium.
2229 2529 2248 2561 ι
2274 2508 2534 2564 Ecclesia:
2557 2508 2808 2564 videlicet
2829 2508 3130 2568 Salvatoris
3170 2511 3457 2568 ﬁrmantur
3476 2527 3575 2584 per

1979 2599 2282 2655 doctrinam
2312 2607 2623 2654 sanctorum
2643 2600 3081 2669 praedicatorum.

2056 2707 2076 2742 ‹
2122 2689 2390 2758 Quoniam
2421 2689 2476 2744 in
2501 2705 2665 2745 manu
2698 2690 2792 2745 Dei
2817 2699 3062 2762 potestas
3080 2701 3261 2748 terrai.
3288 2713 3307 2746 ι
3353 2693 3466 2749 Hoc
3488 2701 3572 2749 est

1979 2783 2078 2838 sub
2111 2782 2504 2855 gubernatione
2545 2782 2748 2838 Christi
2786 2791 2959 2838 status
2987 2784 3135 2855 viget
3169 2784 3446 2840 Ecclesiae.
3497 2785 3572 2840 De

1977 2890 2086 2946 qua
2113 2883 2261 2931 terra
2309 2875 2584 2945 Propheta
2626 2875 2702 2929 ait
2733 2892 2747 2928 :
2787 2892 2805 2926 ι
2883 2875 3027 2930 Deus
3055 2882 3235 2930 autem
3265 2891 3363 2932 rex
3389 2884 3576 2932 noster

1985 2984 2003 3018 ι
2048 2975 2175 3021 ante
2206 2965 2403 3021 saecula
2453 2973 2712 3036 operatus
2737 2972 2822 3020 est
2870 2964 3099 3020 salutem
3125 2964 3181 3020 in
3208 2965 3385 3021 medio
3414 2972 3574 3020 terrae

1984 3076 2004 3110 ‹
2053 3056 2225 3130 (Psal.
2269 3057 2484 3131 Lxxtu).
2521 3078 2541 3111 ι
2584 3057 2690 3114 Ubi
2723 3055 2842 3126 ejus
2889 3057 3140 3114 voluntas
3183 3057 3425 3128 quotidie
3471 3058 3574 3111 im-

1976 3150 2174 3221 pletur.
2222 3149 2280 3205 In
2311 3166 2418 3221 qua
2443 3159 2498 3206 et
2527 3165 2652 3206 cum
2679 3165 2788 3220 qua
2811 3150 2927 3220 ipse
2952 3165 3011 3204 se
3047 3150 3301 3220 promisit
3324 3165 3576 3220 perman-

1977 3261 2169 3302 surum
2195 3261 2368 3315 usque
2395 3247 2462 3300 ad
2490 3246 3034 3302 consummationem.
3068 3245 3336 3302 Caeterum
3385 3264 3404 3297 ι
3449 3246 3571 3300 data

1986 3355 2007 3388 ‹
2051 3345 2136 3393 est
2159 3337 2237 3392 illi
2267 3338 2446 3393 omnis
2469 3345 2710 3407 potestas
2735 3337 2790 3392 in
2819 3338 2961 3392 casio
2993 3345 3050 3394 et
3082 3338 3138 3392 in
3159 3346 3329 3403 terra,
3381 3344 3438 3391 et
3466 3352 3574 3392 non

1987 3447 2006 3480 ι
2053 3437 2138 3484 est
2166 3431 2260 3499 qui
2292 3430 2461 3498 possit
2499 3429 2758 3485 resistere
2796 3428 3062 3484 voluntati
3103 3427 3240 3498 ejus.
3278 3447 3297 3480 ι
3349 3427 3576 3498 Oportet

1981 3520 2126 3576 enim
2168 3535 2293 3576 eum
2334 3535 2566 3593 regnare
2611 3521 2784 3576 donec
2823 3518 3072 3589 subjiciat
3103 3533 3293 3575 omnes
3324 3519 3574 3574 inimicos

1984 3611 2098 3680 ejus
2141 3613 2241 3668 sub
2269 3612 2499 3684 pedibus
2531 3612 2664 3667 suis.
2723 3611 2802 3667 De
2841 3625 2950 3682 quo
2992 3610 3375 3682 subjungitur:

2057 3721 2076 3754 ι
2119 3704 2186 3758 Et
2236 3702 2594 3759 exsecrabilis
2639 3702 2820 3758 omnis
2867 3701 3126 3771 iniquitas
3170 3699 3466 3771 gentium.»
3520 3698 3578 3753 ld

1979 3802 2082 3862 est,
2117 3794 2459 3861 damnabilis,
2490 3793 2747 3864 quoniam
2771 3792 2888 3862 ipse
2908 3792 3073 3863 judex
3088 3791 3270 3862 justus
3294 3790 3352 3844 in
3371 3789 3576 3861 judicio

1981 3903 2079 3944 suo
2125 3889 2347 3942 damnat
2376 3901 2565 3942 omnes
2605 3893 2921 3957 peccatores
2975 3891 3157 3947 terraa,
3199 3889 3254 3936 et
3303 3880 3576 3950 disperdet

1980 3981 2047 4036 de
2098 3980 2317 4036 civitate
2358 3993 2455 4033 sua
2504 3993 2695 4033 onmes
2733 3977 2826 4051 qui
2865 3981 3164 4051 operantur
3204 3971 3571 4047 iniquitatem.
3624 3965 3633 3977 ’

1977 4073 2150 4132 Aliter
2179 4070 2532 4132 exsecrabilis
2552 4077 2639 4131 est
2668 4073 2848 4129 Omnis
2881 4072 3143 4143 iniquitas
3168 4068 3574 4140 gentium,quia

1977 4186 2075 4240 per
2101 4167 2543 4238 praedicationem
2585 4165 2958 4236 apostolorum
3004 4162 3295 4232 reprobata
3321 4168 3406 4216 est
3452 4158 3576 4214 inﬁ-

1979 4259 2173 4316 delitas
2199 4267 2257 4313 et
2284 4273 2438 4312 error
2467 4257 2774 4328 gentilium,
2815 4271 2950 4325 quos
2980 4254 3230 4310 Salvator
3249 4254 3319 4308 ad
3347 4254 3452 4308 hoc
3472 4253 3578 4306 mi-

1979 4349 2051 4403 sit
2073 4348 2129 4402 in
2158 4347 2440 4412 mundum,
2471 4353 2532 4400 ut
2561 4353 2909 4400 contumaces
2941 4343 3346 4412 redarguerent,
3372 4340 3574 4394 inscios

1979 4442 2260 4506 docerent,
2284 4446 2340 4494 et
2365 4439 2612 4493 inﬁrmos
2633 4443 2909 4492 sanarent.
2936 4433 3088 4490 Unde
3111 4441 3165 4486 et
3185 4431 3460 4501 sequitur:

2055 4551 2074 4585 ‹
2120 4533 2190 4588 Et
2212 4531 2400 4586 utilem
2427 4537 2699 4585 rectorem
2743 4528 2801 4582 in
2823 4534 3042 4597 tempus
3071 4522 3356 4579 suscitavit
3411 4537 3574 4593 super

1985 4641 2006 4675 ι
2051 4622 2218 4685 illam,
2265 4621 2323 4676 in
2370 4635 2539 4675 manu
2590 4618 2687 4673 Dei
2732 4623 2976 4688 potestas
3003 4612 3259 4677 hominis,
3313 4617 3370 4666 et
3411 4626 3574 4682 super

1989 4735 2009 4768 ‹
2052 4715 2244 4770 faciem
2269 4711 2462 4769 scribae
2490 4712 2731 4780 imponet
2752 4709 3016 4763 honorem
3036 4718 3213 4760 suum.
3242 4721 3287 4771 ,ι
3326 4701 3576 4756 Potestas

1983 4807 2132 4862 enim
2165 4812 2477 4861 sanctorum
2527 4801 2807 4857 doctorum
2853 4795 3254 4868 dispensatione
3294 4793 3390 4847 Dei
3424 4791 3572 4846 ordi-

1984 4908 2113 4953 nata
2154 4906 2257 4961 est,
2323 4896 2520 4966 quibus
2566 4904 2624 4949 et
2659 4891 3024 4947 ministerium
3078 4886 3301 4943 honoris
3357 4883 3504 4939 dedit
3558 4901 3570 4936 :

1985 4987 2202 5059 quando
2225 4968 2319 5042 eos
2338 4987 2458 5040 vice
2479 5001 2574 5041 sua
2616 4984 2801 5056 generi
2834 4985 3070 5036 humano
3090 4979 3411 5050 praeposuit.
3468 4974 3574 5045 Ipsi

1983 5091 2110 5142 sunt
2133 5083 2281 5137 enim
2310 5081 2522 5145 scribae,
2580 5080 2647 5136 de
2675 5078 2873 5148 quibus
2915 5076 3031 5146 ipsa
3057 5072 3274 5128 Veritas
3309 5069 3364 5124 in
3398 5067 3576 5122 Evan-

1982 5175 2123 5250 gelio
2156 5174 2276 5230 ait:
2309 5194 2327 5224 ‹
2374 5172 2578 5226 Similis
2623 5181 2707 5225 est
2752 5167 2960 5224 homini
3013 5161 3413 5237 patrifamilias,
3479 5160 3576 5230 qui

1986 5285 2005 5318 ‹
2048 5264 2258 5337 profert
2304 5264 2371 5319 de
2419 5263 2677 5318 thesauro
2723 5273 2822 5315 suo
2871 5272 3010 5312 nova
3053 5264 3109 5311 et
3132 5261 3317 5309 vetera
3355 5251 3570 5325 (Matth.

1984 5377 2004 5410 ι
2047 5355 2162 5430 xv).
2202 5375 2220 5409 ι
2274 5356 2353 5410 De
2404 5369 2511 5424 quo
2550 5360 2606 5406 et
2642 5349 2926 5407 Psalmista
2962 5364 2977 5401 :
3031 5365 3053 5399 ι
3093 5345 3322 5417 Lingua,
3374 5344 3570 5414 inquit,

1983 5471 2003 5505 ‹
2045 5465 2168 5506 mea
2217 5449 2460 5504 calamus
2505 5446 2697 5502 scribae
2751 5442 3012 5498 velociter
3052 5438 3338 5496 scribentis
3393 5435 3566 5509 (Psal.

1987 5562 2008 5596 ε
2050 5542 2220 5613 uiv).
2257 5561 2276 5594 ι
2322 5538 2437 5594 Hoc
2481 5545 2588 5603 est,
2623 5534 2882 5606 Mysteria
2931 5532 3113 5588 divina
3161 5531 3261 5585 sub
3303 5526 3572 5583 velamine

1979 5634 2281 5707 prophetiae
2303 5630 2542 5686 breviter
2569 5626 2809 5682 notantis
2833 5644 2846 5680 :
2876 5625 3002 5695 quia
3027 5624 3140 5679 Lex
3191 5629 3249 5678 et
3288 5619 3572 5690 Propheta

1984 5741 2152 5796 usque
2192 5724 2259 5779 ad
2290 5721 2578 5786 Joannem,
2632 5727 2687 5774 et
2725 5717 2850 5774 ﬁnis
2877 5717 3010 5788 legis
3036 5714 3288 5771 Christus
3318 5711 3386 5765 ad
3409 5706 3571 5777 justi-

1981 5818 2114 5873 tiam
2155 5814 2305 5871 omni
2339 5811 2621 5868 credenti:
2658 5829 2677 5863 t
2721 5810 2842 5881 Ipse
2887 5817 2971 5864 est
3012 5806 3158 5862 enim
3208 5818 3314 5872 pax
3357 5805 3570 5863 nostra,

1989 5929 2008 5962 ‹
2054 5909 2149 5980 qui
2185 5908 2315 5964 fecit
2341 5914 2576 5976 utraque
2596 5920 2800 5972 unum;
2843 5917 2945 5960 nec
2963 5899 3112 5956 aliud
3138 5909 3335 5952 nomen
3361 5899 3445 5948 est
3473 5890 3570 5946 da-
