4030 6474
283 461 392 530 8°29

1135 452 1494 524 conticui.
1529 463 1602 521 lN
1643 453 2252 526 EtXJLli'SIAB'ﬂCUM.
2287 482 2362 512 2°-
2395 451 2526 528 Llli.
2565 457 2654 529 lli.

3441 460 3548 533 830

281 582 538 641 Μιναηὼ
581 579 1043 656 praevaricationis
1088 581 1388 637 exordium.
1445 579 1600 638 Unde
1645 589 1703 636 et
1751 581 1876 635 sub-
1902 581 1954 642 Α
1973 578 2162 636 clauso
2183 581 2367 640 condis
2391 585 2572 654 oculo,
2614 582 2801 658 iudicii
2831 584 3144 659 equitatem
3173 576 3371 659 pri-dit.
3413 573 3549 644 liam

281 679 533 752 jungitur

361 779 386 822 ε
423 767 694 837 omniain
725 765 941 821 initium
963 765 1174 836 peccati
1203 765 1384 821 munis
1417 767 1507 821 est
1526 760 1805 836 superbia.
1843 772 1864 818 ι

277 861 561 932 osseum
591 865 694 915 cur
725 857 923 914 Paulus
959 857 1232 929 apostolus
1255 858 1426 924 dicat,
1479 855 1716 913 iudicem
1751 871 1870 915 esse

279 953 532 1010 omnium
562 951 827 1006 mutorum
851 949 1224 1019 cupiditatem,
1261 957 1388 1004 cum
1420 948 1510 1004 hic
1533 949 1622 1004 ‘vir
1651 949 1870 1020 sapiens

281 1043 713 1102 direiitinitium
733 1042 939 1112 peccati
962 1053 1085 1096 esse
1108 1041 1454 1111 superbiam?
1473 1040 1708 1112 Spiritus
1723 1041 1870 1096 enim

279 1139 626 1205 sanctusper
643 1133 963 1204 prophetam
993 1129 1046 1185 in
1079 1130 1263 1186 Veteri
1295 1129 1668 1197 Testamento,
1693 1135 1752 1186 et
1773 1133 1872 1201 per

187 1211 194 1216 ’
281 1225 602 1298 Apostoluin
637 1227 694 1280 in
725 1213 895 1290 Novo,
939 1224 1081 1278 idem
1117 1223 1331 1279 locutus
1365 1224 1468 1291 est,
1516 1233 1619 1279 nec
1653 1223 1871 1279 sibimet

281 1319 396 1376 ullo
423 1319 584 1374 mm
604 1321 786 1388 potest
813 1317 928 1386 ipse
949 1321 1075 1371 esse
1099 1317 1428 1372 Contrarium
1472 1315 1625 1373 Unde
1641 1311 1872 1371 sollicite

279 1410 632 1466 considerare
654 1409 937 1475 debemus,
975 1417 1145 1478 quare
1169 1408 1258 1464 ille
1291 1409 1504 1464 initium
1526 1407 1706 1463 omnis
1745 1421 1872 1478 pec-

279 1501 392 1557 tati
421 1489 748 1570 superbiant,
797 1498 888 1553 hic
915 1499 1152 1554 radicem
1177 1500 1419 1554 omnium
1462 1500 1732 1556 maiorum
1767 1514 1868 1555 cu-

284 1591 569 1663 piditatem
618 1591 902 1646 nominare
951 1589 1229 1646 voluerit?
1273 1605 1342 1644 ait
1381 1591 1520 1645 forte
1559 1597 1872 1646 Sermonem

285 1685 662 1755 pnnilieticum
705 1682 903 1738 Paulus
933 1671 1230 1753 apostolus,
1273 1691 1333 1738 ut
1369 1681 1530 1747 solet,
1577 1681 1873 1752 exposuit?

283 1775 756 1850 Quandoquidem,
818 1778 933 1833 sive
989 1777 1205 1832 initium
1249 1777 1426 1832 omnis
1475 1776 1708 1847 peccati,
1757 1775 1874 1830 sive

284 1870 527 1926 radicem
577 1869 826 1925 omnium
876 1867 1145 1922 tuatui-um
1183 1866 1353 1932 dicas,
1403 1875 1571 1920 unum
1620 1866 1872 1936 idemque

1968 683 2164 730 cuncta
2206 685 2331 747 quae
2379 675 2447 735 ab
2467 677 2572 736 illis
2599 677 2684 736 vel
2719 679 2860 737 bene
2893 677 3176 754 geruntur,
3217 671 3506 753 displicent
3533 701 3548 738 :

1962 765 2082 820 sola
2124 765 2178 821 ei
2221 773 2344 837 qum
2376 769 2493 839 ipse
2535 767 2618 825 vel
2642 779 2808 842 prave
2849 773 3038 842 egerit,
3060 763 3310 843 placent:
3341 787 3554 844 semper

1967 855 2144 911 aliena
2171 871 2335 928 opera
2363 858 2620 931 despicit,
2677 869 2896 932 semper
2924 864 3156 918 miratur
3193 857 3340 933 quod
3367 863 3546 920 facit:

1963 951 2095 1022 quia
2113 960 2176 1008 et
2195 952 2459 1024 quidquid
2483 954 2672 1025 egerit,
2696 955 2873 1026 egisse
2893 965 2956 1010 se
2980 950 3330 1026 singulariter
3349 953 3550 1024 credit;

1969 1043 2211 1114 atquein
2234 1057 2304 1099 eo
2323 1045 2466 1115 quod
2489 1043 2710 1100 exhibet
2751 1055 2849 1116 per
2869 1044 3055 1117 gloriae
3078 1041 3454 1117 cupiditatem,
3479 1045 3554 1102 si-

1969 1134 2242 1206 bimetipsi
2267 1134 2410 1191 favet
2436 1143 2533 1206 per
2557 1137 2971 1207 cogitationum;
3001 1137 3058 1191 ct
3081 1149 3207 1192 cum
3233 1147 3295 1191 se
3329 1135 3382 1191 in
3416 1146 3552 1192 cuu-

1965 1227 2076 1283 etis
2111 1227 2501 1283 transcendere
2524 1233 2751 1282 caeteros
2779 1227 3032 1292 aestimat,
3077 1226 3311 1296 perlata
3349 1225 3556 1299 cogita-

1969 1319 2178 1373 tionum
2201 1318 2379 1388 spatia
2401 1331 2584 1372 secum
2608 1309 2973 1381 deambulans,
2995 1315 3184 1372 laudes
3211 1327 3339 1372 suas
3361 1315 3557 1371 tacitus

1967 1409 2192 1465 clamat.
2261 1406 2660 1480 Nonnunquam
2701 1412 2834 1465 vero
2877 1408 2948 1464 au
2997 1407 3204 1464 tantam
3263 1403 3559 1463 elationem

1969 1509 2128 1558 mens
2145 1501 2379 1568 ducitur,
2409 1511 2469 1556 ut
2504 1501 2560 1556 in
2583 1515 2648 1557 eo
2667 1500 2813 1572 quod
2836 1501 3034 1568 tumet,
3059 1501 3222 1557 etiam
3255 1507 3355 1571 per
3378 1503 3562 1554 usion-

1969 1593 2233 1651 tat'roncm
2310 1590 2599 1650 locutionis
2657 1592 2968 1650 ell‘renetur.
3040 1589 3146 1650 Sed
3217 1597 3373 1648 tanto
3428 1591 3563 1646 iaci.

1977 1681 2083 1744 tior
2112 1687 2266 1742 ruina
2293 1687 2561 1758 sequitur,
2605 1687 2814 1759 quanto
2834 1677 2975 1758 apud
3003 1699 3063 1742 se
3109 1685 3344 1757 quisque
3389 1685 3565 1754 impu-

1975 1777 2194 1834 dentius
2223 1775 2518 1833 exaltatur.
2561 1771 2701 1834 llinc
2727 1779 2874 1833 enim
2905 1773 3168 1848 scriptum
3197 1775 3282 1832 est
3307 1793 3320 1830 :
3352 1783 3372 1828 ι
3425 1767 3565 1829 Ante

1979 1887 2002 1926 t
2045 1861 2261 1929 ruinam
2289 1872 2554 1928 exallavit
2577 1885 2695 1927 cor.
2733 1887 2752 1922 ι
2795 1862 2932 1925 illnc
2981 1883 3081 1941 per
3119 1861 3396 1924 Danielum
3421 1863 3562 1922 dici»

285 1959 579 2032 mmo“.
626 1959 799 2015 Ρθπυ
823 1949 1092 2030 cnidius
1107 1965 1274 2026 3"de
1301 1953 1551 2026 superbia
1578 1955 1632 2010 in
1659 1959 1870 2009 tantum
1899 1947 1947 2013 Β
1975 1969 2066 2019 tur
2095 1982 2110 2018 :
2147 1971 2166 2016 t
2209 1963 2268 2018 in
2305 1963 2426 2018 aula
2455 1955 2744 2033 Babylonis
2771 1957 3180 2016 deambulabat.
3229 1952 3560 2030 Respondit»

283 2066 453 2111 unum
487 2063 576 2111 est
607 2043 835 2119 malum,
864 2061 927 2106 ut
966 2059 1068 2106 nec
1095 2050 1361 2120 superbus
1395 2050 1512 2105 sine
1545 2045 1866 2120 cupiditate,

280 2161 389 2204 nec
420 2147 538 2202 sine
565 2147 815 2218 Superbia
859 2145 1034 2215 possit
1057 2141 1285 2214 cupidus
1313 2141 1564 2197 inveniri.
1588 2135 1871 2213 Siquidem

279 2245 342 2296 et
363 2239 633 2304 diabolus,
663 2239 719 2294 in
743 2243 854 2309 quo
883 2239 1031 2292 tenet
1049 2235 1304 2307 superbia
1329 2233 1716 2307 principatum,
1739 2248 1869 2306 pro-

282 2334 416 2404 princ
449 2331 734 2404 potestatis
761 2343 824 2386 ac
847 2329 1168 2400 perditionis
1187 2327 1442 2381 humanm
1476 2326 1707 2396 cupidus
1749 2324 1870 2394 fuit,

279 2427 341 2480 et
386 2425 502 2495 ipse
535 2425 698 2480 homo
745 2429 845 2494 per
869 2420 1170 2492 appetitum
1210 2417 1428 2473 arboris
1463 2415 1767 2472 interdictae
1811 2431 1874 2472 ac

283 2517 484 2572 divina
513 2512 888 2570 similitudinis
917 2512 1284 2574 inductionem,
1311 2508 1506 2564 morbo
1533 2523 1593 2564 se
1621 2505 1873 2563 aﬂ‘ectum

286 2607 610 2678 cupiditatis
653 2604 916 2661 ostendit.
976 2601 1141 2656 Iulia
1169 2603 1314 2656 enim
1343 2600 1487 2655 inata
1511 2600 1581 2655 de
1609 2597 1878 2669 superbiae

283 2709 438 2774 peste
465 2699 789 2770 procedunt,
823 2703 947 2768 quae
969 2687 1246 2750 interitum
1268 2696 1482 2750 certum
1506 2695 1622 2750 suis
1653 2703 1876 2764 posses-

285 2796 502 2851 soribus
523 2790 762 2864 pariunt,
805 2789 946 2846 sicut
973 2785 1258 2859 seuuentia
1283 2786 1592 2842 testimonia
1624 2785 1875 2856 probant.

285 2879 397 2942 Sed
447 2884 604 2954 juvat
641 2878 924 2948 turturem,
971 2879 1020 2935 si
1047 2885 1118 2935 es
1143 2877 1363 2949 Scriptis
1409 2877 1582 2933 sancti
1629 2873 1878 2947 Gregorii

283 2974 463 3050 (titius
505 2979 726 3032 sensum
781 2971 838 3028 lit
866 2973 972 3028 nec
1005 2981 1172 3043 opere
1215 2969 1411 3042 saepius
1443 2965 1616 3026 secuti
1671 2967 1878 3042 sumus)

283 3065 534 3136 quedam
555 3057 742 3130 verba,
785 3063 859 3118 ita
887 3063 950 3118 ut
969 3063 1040 3118 ab
1069 3073 1141 3118 eo
1164 3061 1372 3132 prolata
1396 3067 1546 3129 sunt,
1591 3065 1877 3133 ponamus.

285 3158 386 3215 llic
407 3163 546 3231 ergo
579 3157 638 3214 in
665 3157 806 3212 libro
835 3155 1120 3212 Moralium
1149 3161 1350 3222 xxxiii,
1389 3165 1516 3210 cum
1559 3155 1882 3210 sententiam

285 3245 520 3320 Domini,
575 3249 774 3322 quade
812 3247 1106 3306 Leviatban
1155 3243 1370 3304 locutus
1391 3253 1478 3303 est
1519 3247 1585 3302 ad
1627 3238 1748 3314 Job,
1803 3237 1884 3303 di-

1979 2067 1998 2108 t
2038 2065 2149 2126 que
2190 2067 2286 2110 rex
2318 2057 2374 2110 et
2401 2053 2476 2108 ait
2501 2070 2514 2108 :
2544 2051 2735 2108 Nonne
2759 2049 2876 2106 haec
2915 2059 3002 2106 est
3043 2037 3285 2122 Babylon
3336 2053 3558 2119 magna,

1975 2161 1999 2202 t
2041 2155 2204 2220 quam
2231 2159 2334 2219 ego
2362 2141 2624 2201 aediﬁcavi
2646 2145 2702 2198 in
2733 2137 2952 2199 domum
2975 2141 3130 2214 regni
3157 2140 3211 2195 in
3241 2135 3438 2194 iubere
3459 2135 3568 2193 for-

1979 2255 2001 2295 t
2047 2240 2298 2298 titudinis
2329 2249 2490 2304 meae,
2539 2237 2594 2292 in
2617 2235 2786 2309 gloria
2815 2231 3026 2291 decoris
3043 2225 3152 2290 mei
3179 2231 3345 2306 (Dan.
3391 2227 3507 2302 iv)?
3542 2249 3562 2283 ι

1971 2329 2082 2392 Sed
2105 2329 2253 2389 hunc
2269 2339 2538 2388 tumorem
2560 2339 2723 2402 quam
2745 2321 2958 2385 concita
2973 2318 3207 2382 vindicta
3226 2323 3567 2396 represserit,

1971 2423 2120 2482 illico
2141 2421 2407 2496 adiunxit,
2435 2422 2663 2479 dicens:
2695 2439 2716 2472 ι
2754 2419 3002 2491 Cumque
3017 2409 3194 2473 adhuc
3217 2421 3400 2472 sentio
3425 2421 3569 2470 esset

1979 2527 2002 2573 t
2047 2513 2102 2574 in
2119 2527 2219 2575 ore
2238 2517 2404 2590 regis,
2431 2523 2538 2573 vox
2559 2512 2625 2572 de
2649 2507 2791 2570 coelo
2820 2511 2932 2568 ruit
2956 2521 2973 2567 ξ
3005 2504 3124 2566 Tibi
3151 2507 3370 2574 dicitur,
3387 2500 3571 2562 Nabu-

1979 2621 2003 2665 i
2042 2602 2390 2668 cli'odotrosor
2419 2619 2517 2664 rex
2547 2617 2560 2662 ξ
2589 2599 2839 2680 Regnum
2864 2605 3016 2660 tuum
3041 2601 3299 2658 transibit
3321 2603 3354 2654 a
3387 2606 3462 2664 te,
3519 2605 3574 2653 et

1983 2711 2003 2756 t
2045 2697 2116 2758 ab
2139 2695 2455 2758 hominibus
2484 2707 2541 2754 te
2565 2689 2809 2769 ejicient,
2859 2703 2914 2751 et
2939 2700 3065 2750 eum
3101 2689 3294 2748 bestiis
3333 2683 3575 2760 ferisque

1985 2813 2003 2848 ι
2043 2787 2154 2850 erit
2195 2783 2466 2849 habitatio
2496 2791 2610 2858 tua,
2651 2788 2836 2846 {unum
2873 2785 3027 2858 quasi
3056 2786 3156 2841 bos
3185 2781 3462 2846 comedes,
3515 2786 3574 2834 et

1983 2901 2005 2936 ι
2047 2888 2261 2956 septem
2307 2885 2551 2953 tempora
2607 2876 2966 2935 mutabuntur
3003 2888 3166 2944 super
3212 2881 3286 2927 te.
3343 2884 3364 2924 δ
3419 2859 3565 2924 Ecce

1975 2977 2110 3047 quia
2149 2973 2334 3030 tumor
2360 2971 2562 3028 mentis
2583 2983 2760 3042 usque
2791 2960 2858 3024 ad
2891 2971 3081 3039 aperta
3101 2957 3269 3020 verba
3294 2969 3355 3019 s‘e
3379 2967 3570 3033 protu-

1979 3065 2065 3133 lit,
2115 3063 2375 3136 patientia
2416 3061 2618 3134 iudicis
2653 3061 2904 3133 protinus
2935 3059 3111 3128 usque
3143 3055 3213 3110 ad
3239 3049 3568 3110 sententiam

1977 3155 2199 3229 empti;
2237 3155 2496 3228 tantoque
2543 3152 2689 3210 hunc
2731 3147 3033 3208 districtius
3059 3138 3314 3220 perculit,
3354 3145 3564 3216 quanto

1985 3247 2102 3318 eius
2129 3253 2190 3303 se
2216 3243 2467 3318 superbia
2494 3239 2906 3300 immoderatius
2931 3237 3140 3305 erexit;
3166 3235 3226 3294 ot
3251 3239 3379 3308 quia
3431 3239 3569 3288 enu-

287 3346 418 3402 cens
447 3363 461 3400 ε
492 3309 520 3397 ἑ
557 3309 675 3416 ipse
695 3347 784 3400 est
816 3351 913 3400 rex
939 3351 1104 3413 supet'
1132 3341 1418 3397 universos
1451 3331 1590 3396 illius
1613 3309 1882 3412 superbia-
1904 3309 1956 3384 (ἶ
1984 3309 2248 3396 metando
2281 3309 2420 3394 bona
2449 3335 2584 3393 dixit
2633 3335 2690 3391 in
2711 3329 2910 3406 quibus
2956 3329 3061 3388 sibi
3087 3322 3310 3416 placuit,
3353 3333 3578 3416 enume-

293 3455 314 3488 ι
357 3433 504 3509 (Iob.
529 3438 662 3507 xu),
703 3455 722 3490 ι
773 3435 1134 3506 exposuisset,
1203 3433 1344 3489 hanc
1381 3444 1599 3505 quoque
1654 3435 1882 3489 senten-

289 3527 424 3583 tiam
451 3525 743 3598 Sapientia
767 3523 992 3599 addidit,
1019 3520 1211 3581 dicens
1239 3545 1252 3581 :
1291 3545 1309 3578 ε
1343 3525 1620 3597 Scriptum
1648 3535 1885 3596 namque

291 3629 315 3673 t
356 3618 487 3675 est:
517 3615 733 3674 initium
773 3619 954 3675 omnis
985 3615 1196 3690 peccati
1241 3617 1500 3691 superbia
1523 3607 1698 3691 (Eccl.
1737 3617 1820 3692 ι).
1857 3629 1878 3672 δ

289 3707 358 3766 Et
403 3710 564 3782 paulo
607 3713 728 3784 post
774 3699 1018 3783 longiore
1057 3719 1308 3766 scrinone
1353 3707 1420 3767 de
1469 3704 1585 3782 ipsa
1630 3706 1884 3782 superbia

289 3804 591 3874 disputans,
643 3803 721 3858 ita
748 3803 1010 3875 loquitur,
1053 3797 1291 3859 dicetis:
1331 3811 1355 3856 t
1406 3796 1511 3858 Per
1548 3794 1692 3858 hanc
1737 3803 1883 3858 enim

293 3913 314 3946 ι
355 3897 470 3966 ipse
501 3886 807 3962 stimulum,
851 3901 953 3966 per
995 3895 1134 3951 hanc
1164 3905 1223 3952 se
1251 3891 1582 3966 sequentcm'
1609 3893 1885 3950 hominem

294 4005 315 4039 l
359 3987 555 4042 stravit
585 3985 798 4059 (me).
831 3998 854 4041 δ
909 3981 987 4043 Eo
1010 3987 1218 4044 etenim
1251 3987 1365 4042 telo
1413 3983 1643 4042 salutem
1682 3991 1885 4042 nostrae

291 4079 718 4136 immortalitatis
747 4077 1000 4152 impetiit,
1042 4087 1154 4150 quo
1187 4080 1354 4136 vitam
1385 4093 1500 4136 sua:
1531 4072 1884 4136 beatitudinis

290 4173 570 4230 exstinxit.
595 4169 705 4230 Sed
726 4173 855 4244 quia
887 4175 1104 4230 occasio
1130 4175 1196 4231 de
1215 4172 1485 4246 superbiae
1512 4174 1885 4245 disputatione

293 4279 354 4322 se
374 4265 598 4337 praebet,
617 4259 876 4323 debemus
911 4269 1054 4324 hanc
1071 4265 1329 4324 Subtilius
1359 4261 1750 4339 sollicitiusquc
1769 4267 1884 4322 dis-

293 4363 500 4426 cutere,
540 4363 704 4431 atque
727 4352 795 4416 ad
819 4355 1088 4439 humanas
1127 4363 1334 4417 mentes
1362 4369 1565 4433 quanta
1592 4359 1676 4416 vel
1711 4353 1886 4433 qualis

293 4450 497 4517 veniat,
518 4457 575 4506 et
593 4443 789 4522 quibus
811 4449 1048 4522 qualiter
1067 4451 1325 4525 subrepat
1348 4455 1754 4521 demonstrare;
1779 4448 1886 4509 alia

295 4541 494 4612 quippe
528 4537 661 4596 vitia
695 4550 792 4597 eas
811 4533 1152 4597 solummodo
1173 4543 1409 4599 virtutes
1439 4544 1730 4616 impetunt,
1769 4538 1890 4616 qui-

293 4630 395 4687 bus
433 4633 550 4733 ipsa
597 4625 972 4733 destruuntur,
1025 4643 1088 4689 ut
1115 4631 1374 4692 videlicet
1419 4633 1504 4692 ira
1545 4629 1884 4710 patientiam,
1911 4661 1966 4733 Β

297 4718 679 4796 gastrimargia
713 4715 1123 4792 abstinentiam,
1156 4721 1325 4784 libido
1356 4727 1748 4783 continentiam
1791 4743 1888 4783 ex-

293 4823 525 4888 pugnet;
551 4809 806 4886 superbia
831 4825 1035 4886 autem,
1063 4829 1229 4889 quam
1249 4819 1508 4877 vitiorum
1535 4815 1776 4876 radicem
1804 4814 1888 4875 di-

296 4909 497 4974 ximus,
523 4919 866 4980 nequaquam
901 4911 1062 4967 unius
1092 4909 1313 4968 virtutis
1346 4909 1709 4968 exstinctione
1755 4925 1900 4966 con—.

297 5001 471 5067 tenta,
511 5003 706 5055 contra
751 5011 944 5057 cuncta
991 4998 1184 5055 anima:
1229 5001 1473 5057 membra
1517 5015 1576 5055 se
1602 4999 1784 5069 erigit,
1833 5007 1890 5056 et

296 5091 451 5162 quasi
477 5083 746 5163 generalis
775 5104 840 5146 ac
867 5084 1091 5161 pestifer
1114 5086 1337 5147 morbus
1371 5101 1568 5160 corpus
1587 5103 1747 5146 onme
1775 5097 1890 5146 cur-

299 5184 523 5254 rumpit,
551 5184 612 5239 ut
635 5175 896 5255 quidquid
913 5181 1001 5240 illa
1025 5179 1308 5240 invadentc
1332 5177 1530 5254 agitur,
1559 5175 1772 5239 etiamsi
1803 5198 1888 5239 es-

301 5287 361 5331 se
385 5276 560 5330 virtus
579 5277 918 5343 ostendatur,
937 5285 1047 5333 non
1069 5288 1170 5346 per
1193 5267 1297 5330 hoc
1317 5271 1453 5340 Deo,
1492 5269 1587 5329 sed
1614 5273 1712 5329 soli
1734 5290 1887 5331 vana:

301 5361 487 5441 gloriae
507 5367 762 5422 servitur.
799 5365 966 5436 Quasi
991 5368 1134 5422 enim
1154 5375 1418 5439 tyrannus
1448 5365 1666 5436 quidam
1700 5361 1888 5422 obses-

303 5475 422 5516 sam
474 5451 754 5515 civitatem
807 5457 1124 5530 intercipit,
1161 5471 1288 5513 cum
1335 5466 1574 5513 mentem
1630 5453 1884 5528 superbia

301 5554 596 5626 irrumpit;
637 5563 823 5624 etquo
849 5549 1099 5608 ditiorem
1149 5567 1419 5625 quemque
1447 5553 1670 5626 ceperit,
1720 5567 1787 5608 eo
1831 5553 1884 5607 in

305 5643 546 5705 dominio
590 5645 774 5704 durior
800 5647 1062 5718 exsurgit,
1109 5647 1236 5718 quia
1267 5662 1374 5718 quo
1404 5639 1635 5718 amplius
1667 5661 1754 5702 res
1780 5643 1890 5701 vir--

306 5741 437 5795 tutis
465 5735 582 5796 sine
605 5739 912 5796 humilitate
934 5740 1128 5811 agitur,
1149 5754 1216 5796 eo
1237 5733 1404 5795 latius
1430 5736 1534 5794 ista
1558 5733 1887 5795 dominatur.

307 5830 562 5903 Quisquis
586 5841 714 5888 vero
759 5832 874 5903 eius
911 5831 970 5888 in
998 5847 1056 5888 se
1083 5825 1420 5905 tyrannidem
1462 5831 1674 5903 captiva
1713 5840 1892 5888 mente

311 5924 630 6002 susceperit,
679 5923 788 5985 hoc
843 5923 1080 6000 primum
1129 5918 1389 5984 damnum
1435 5924 1665 6001 patitur,
1747 5920 1894 6000 quod
1934 5997 1946 6002 _

1985 3437 2104 3486 rata
2129 3429 2295 3495 maia,
2345 3429 2400 3484 in
2428 3425 2626 3499 quibus
2669 3424 2946 3488 feriretur,
3005 3417 3231 3476 audivit.
3271 3411 3571 3473 Sciendum

1983 3529 2115 3576 vero
2129 3523 2219 3574 est
2229 3511 2378 3590 quod
2401 3517 2520 3588 ipsa
2531 3515 2669 3581 hinc,
2679 3513 2752 3569 de
2768 3517 2882 3584 qua
2895 3511 3215 3574 tractamus,
3235 3505 3422 3569 ehtio,
3444 3501 3580 3556 alios

1982 3617 2054 3668 ei
2087 3611 2254 3667 tentis
2305 3606 2673 3670 saecularibus,
2723 3605 2863 3660 alios
2910 3613 3042 3657 vero
3085 3613 3160 3656 ex
3201 3593 3580 3670 spititualibus

1981 3701 2244 3774 possidet.
2290 3701 2443 3756 Alter
2470 3703 2706 3770 namque
2732 3694 3044 3753 intumescit
3083 3697 3260 3758 auro;
3299 3689 3440 3745 alter
3463 3685 3580 3743 elo-

1982 3799 2146 3868 quio:
2168 3794 2309 3851 alter
2337 3791 2542 3849 intimis
2585 3793 2643 3848 et
2676 3791 2910 3848 terrenis
2943 3783 3136 3854 iebus‘;
3164 3782 3304 3840 alter
3351 3779 3578 3838 summis

1985 3895 2405 3969 mlestibusque
2426 3893 2721 3952 virtutibus
2746 3901 2761 3946 ξ
2786 3898 2894 3947 una
2927 3896 3108 3946 tamen
3132 3885 3429 3953 eademque
3455 3889 3580 3936 ante

1986 3983 2081 4046 Dei
2124 3987 2316 4046 oculos
2350 3987 2547 4060 agitur,
2591 3981 2852 4056 quamvis
2883 3978 2953 4037 ad
2995 3981 3235 4036 humana
3268 3973 3438 4060 corda
3484 3986 3577 4028 ve-

1989 4083 2167 4149 niens,
2221 4079 2280 4136 in
2305 4059 2498 4137 eorum
2523 4069 2804 4134 obtutibus
2825 4067 3044 4130 direrso
3073 4066 3274 4125 amictu
3299 4059 3574 4138 pallictur.

1985 4171 2122 4229 Nam
2169 4181 2293 4230 cum
2325 4171 2394 4240 is,
2437 4169 2530 4242 qui
2575 4173 2793 4226 terrena
2819 4157 2970 4238 prius
2995 4161 3165 4236 gloria
3211 4155 3579 4231 supemiebat,

1983 4258 2329 4336 postmodum
2355 4261 2424 4316 de
2441 4260 2734 4315 sanctitate
2761 4253 3062 4320 extollitur,
3107 4257 3453 4321 nequaquam
3481 4258 3581 4302 cor

1986 4351 2103 4426 ejus
2133 4351 2296 4409 elatio
2315 4347 2598 4416 deseruit;
2646 4348 2744 4404 sed
2788 4341 2857 4400 ad
2882 4351 3009 4400 eum
3033 4347 3292 4397 consueta
3340 4337 3579 4392 veniens

1985 4453 2050 4502 ut
2095 4439 2354 4516 cognosci
2392 4441 2648 4512 nequeat,
2705 4449 2911 4494 vestem
2965 4433 3216 4490 mutavit.
3283 4427 3580 4484 Sciendum
3647 4505 3654 4514 .

1987 4545 2202 4615 quoque
2228 4543 2334 4606 est,
2359 4536 2504 4610 quod
2524 4533 2682 4592 aliter
2717 4535 2832 4590 haec
2855 4519 3177 4602 pmpositos,
3229 4530 3395 4593 atque
3425 4521 3584 4615 aliter

1991 4609 2237 4691 subditos
2261 4609 2477 4695 tentat:
2511 4625 2740 4700 praelato
2781 4627 3015 4692 namque
3065 4617 3120 4674 iu
3161 4609 3582 4688 cogitationibus

1991 4713 2257 4797 suggerit,
2281 4719 2411 4794 quia
2441 4719 2560 4777 solo
2588 4719 2716 4773 vita:
2736 4717 2932 4772 merito
2952 4721 3114 4785 super
3139 4715 3366 4766 caeteros
3394 4719 3585 4797 excre-

1989 4795 2181 4882 vitict
2215 4813 2260 4870 si
2297 4821 2404 4883 qua
2436 4807 2504 4866 ab
2529 4825 2595 4866 eo
2625 4809 2762 4864 bene
2795 4803 3086 4876 aliquando
3116 4807 3268 4874 gesta
3295 4805 3442 4864 sunt,
3469 4795 3585 4850 lucc

1991 4906 2301 4977 importune
2337 4904 2468 4976 ejus
2491 4901 2678 4956 animo
2707 4897 2917 4968 objicit,
2963 4902 3018 4949 et
3051 4907 3117 4948 eo
3141 4891 3288 4946 hunc
3325 4883 3434 4942 Deo
3472 4885 3584 4941 sin-

1991 4995 2252 5070 gulariter
2293 4991 2567 5067 placuisse
2608 4981 2850 5046 insinuat
2880 5005 2893 5040 :
2923 4999 3032 5055 quo
3073 4979 3284 5036 facilius
3331 4985 3582 5048 suggesta

1991 5093 2346 5167 persuadeat,
2379 5092 2551 5162 ipsam
2582 5085 2648 5142 ad
2677 5081 3048 5140 testimonium
3070 5073 3356 5148 potestatis
3373 5070 3586 5167 traditae

1991 5165 2403 5246 retributionem
2429 5179 2606 5245 vocat,
2663 5175 2884 5234 dicens:
2924 5171 3062 5240 Quia
3091 5167 3196 5224 nisi
3237 5165 3584 5234 omnipotens

1993 5284 2135 5339 Deus
2173 5289 2226 5336 te
2251 5275 2336 5334 bis
2365 5274 2617 5332 omnibus
2643 5269 2920 5328 meliorem
2944 5269 3214 5328 cerneret,
3267 5269 3458 5314 omnes
3485 5252 3588 5310 bos

1992 5369 2092 5430 sub
2127 5380 2220 5427 tuo
2269 5366 2537 5440 regimine
2568 5373 2674 5420 non
2703 5355 2963 5424 dedisset,
3000 5349 3225 5424 ejusque
3273 5363 3398 5406 mox
3430 5357 3583 5402 mcu-

1989 5472 2098 5521 tem
2125 5461 2304 5532 erigit.
2332 5453 2480 5514 Viles
2505 5460 2668 5525 atque
2693 5448 2911 5508 inutiles
2932 5461 3046 5514 eos,
3069 5445 3162 5517 qui
3187 5440 3417 5512 subjecti
3439 5445 3582 5532 sunt,

1995 5529 2252 5616 ostendit,
2299 5549 2456 5604 itaut
2486 5546 2688 5601 nullum
2725 5539 2834 5615 iam
2858 5539 3014 5612 quasi
3045 5537 3265 5610 dignum
3311 5529 3586 5602 respiciat,

1998 5643 2084 5698 cui
2112 5639 2488 5711 aequanimiter
2508 5629 2782 5704 loquatur,
2812 5629 2954 5687 unde
2983 5634 3038 5684 et
3060 5641 3186 5683 mox
3213 5621 3412 5680 mentis
3442 5626 3589 5711 trau-

1999 5705 2236 5806 quillitas
2258 5731 2311 5784 in
2337 5731 2476 5784 iram
2503 5725 2752 5784 vertitur.
2775 5719 2912 5791 Quia
2936 5722 3062 5778 dum
3092 5720 3314 5774 cunctos
3325 5705 3586 5806 despicit,

2001 5795 2126 5883 dum
2166 5833 2383 5878 sensum
2428 5819 2704 5890 vitamque
2750 5813 2994 5872 omnium
3043 5810 3166 5866 sine
3215 5795 3588 5890 moderatione

2003 5913 2380 5996 reprehendit,
2439 5921 2593 5974 tanto
2615 5885 3024 5971 irretrenatius
3065 5916 3126 5960 se
3159 5900 3216 5958 in
3250 5885 3586 5955 iracundiam
