4030 6494
486 448 594 507 851

1129 445 1191 502 ιι.
1232 443 1488 502 MBAN!
1520 442 1743 504 usum
1778 437 2101 500 menter.
2141 437 2452 528 MOGUNT.
2491 439 2783 501 eranum
2812 442 2996 501 mas
3032 444 3074 500 ι.

487 567 699 632 dilatat,
723 571 931 636 quanto
948 577 1046 621 eos
1071 565 1165 635 qui
1189 564 1293 621 sibi
1320 565 1601 621 commissi
1630 571 1757 620 sunt
1791 576 1912 620 esse
1941 560 2072 618 sibi-
2096 561 2150 623 Α
2174 558 2337 616 nullis
2361 560 2827 618 exhortationibus
2853 562 3088 619 ﬂectitur
3114 579 3130 629 ;
3167 562 3235 619 ad
3268 563 3370 620 hoc
3398 571 3580 620 autem
3611 564 3767 636 quod

488 667 603 718 met
624 657 874 729 indignos
891 665 1064 727 putat.
1094 656 1167 712 At
1196 665 1407 724 contra,
1439 672 1564 713 cum
1586 655 1954 725 subjectorum
1975 669 2074 709 cor

487 748 744 822 superbia
763 749 1006 818 instigat,
1054 748 1160 805 hoc
1186 762 1530 819 summopere
1566 761 1728 820 agere
1756 746 1971 812 nititur,
2013 752 2075 800 ut

486 857 589 899 sua
609 850 733 900 acta
773 841 1126 899 considerare
1146 839 1390 896 funditus
1418 841 1717 912 negligant,
1772 847 1829 894 et
1861 852 2076 909 semper

488 933 673 991 tacitis
717 932 1138 1006 cogitationibus
1185 932 1417 989 rectoris
1437 933 1523 989 sui
1540 931 1756 1002 judices
1776 932 1928 987 fiant.
1970 930 2074 999 Qui

488 1027 618 1083 dum
646 1027 704 1082 in
727 1024 821 1083 illo
847 1023 995 1097 quod
1027 1025 1428 1097 reprehendere
1477 1025 1711 1081 debeant
1766 1025 2073 1095 importune

486 1120 805 1191 respiciunt,
835 1119 894 1174 in
940 1119 1243 1190 semetipsis
1287 1120 1433 1190 quod
1479 1120 1758 1190 eorrigant
1797 1131 2075 1188 nunquam

486 1211 694 1268 vident.
736 1209 893 1267 Unde
910 1216 966 1266 et
982 1217 1136 1265 tanto
1164 1210 1406 1266 atrocius
1441 1218 1693 1282 pereunt,
1720 1216 1928 1281 quanto
1954 1222 1988 1263 a
2013 1221 2075 1264 se

487 1300 674 1356 oculos
703 1306 973 1355 avertunt.
1006 1297 1145 1366 Quia
1174 1298 1229 1353 in
1257 1296 1419 1369 huius
1442 1299 1568 1355 vita:
1589 1300 1784 1355 itinere
1801 1296 2076 1355 offenden-

492 1399 574 1448 tes
616 1398 893 1458 corruunt,
918 1391 1073 1446 dum
1095 1389 1222 1446 alibi
1250 1390 1554 1457 intendunt,
1601 1398 1656 1446 et
1683 1390 1901 1460 quidem
1942 1404 2073 1461 pec-

490 1489 708 1539 catores
737 1496 798 1538 se
822 1491 1093 1549 asserunt,
1123 1496 1226 1538 nec
1251 1491 1435 1539 tamen
1461 1488 1697 1549 tantum,
1746 1490 1808 1537 ut
1840 1491 1950 1537 tam
1979 1496 2074 1538 no-

489 1571 596 1628 xiae
633 1572 692 1628 in
712 1572 974 1644 regimine
1024 1587 1271 1643 persona:
1309 1574 1670 1638 traderentur,
1712 1581 1769 1627 et
1794 1572 1924 1629 dum
1956 1572 2074 1644 ejus

487 1661 635 1719 facta
675 1662 995 1733 despiciunt,
1054 1663 1183 1718 dum
1237 1673 1508 1735 prmeepta
1553 1672 1928 1731 contemnunt,
2004 1664 2073 1720 ad

489 1762 695 1811 tantam
734 1770 909 1827 usque
946 1755 1216 1811 insaniam
1249 1752 1630 1822 devolvuntur,
1679 1765 1741 1812 ut
1777 1756 1951 1812 Deum
1983 1771 2074 1814 res

487 1848 754 1905 humanas
772 1862 965 1904 curare
986 1863 1095 1904 non
1116 1849 1407 1915 aestiment,
1432 1848 1560 1920 quia
1582 1848 1632 1904 ei
1658 1849 1752 1919 qui
1780 1852 1935 1922 quasi
1952 1850 2074 1921 jure

2176 652 2409 708 latenter
2456 655 2746 721 desiderat,
2798 657 2994 725 quaerit
3054 665 3116 711 ut
3154 665 3419 728 cogatur:
3444 656 3573 726 quia
3624 658 3768 712 dum

2172 745 2368 802 metuit
2398 759 2467 801 ex
2493 746 2762 802 desiderio
2785 761 2884 803 suo
2910 745 3195 815 vilescere,
3241 756 3395 820 optat
3415 747 3527 803 vim
3554 750 3613 803 in
3640 749 3767 819 ipsa

2175 852 2274 893 sua
2305 834 2579 892 voluntate
2610 836 2866 893 tolerare.
2912 836 3082 907 Igitur
3105 838 3231 909 quia
3258 838 3529 895 humanos
3546 839 3769 896 anim“

2174 926 2335 983 aliter
2372 928 2574 983 tentari
2609 943 2678 983 ex
2712 929 2876 985 rebus
2897 929 3227 996 carnalibus,
3292 938 3458 1001 atque
3498 929 3661 985 aliter
3693 944 3768 985 ex

2173 1018 2507 1088 spiritalibus
2538 1017 2795 1086 diximus,
2818 1020 3044 1076 audiant
3064 1020 3145 1076 illi
3182 1040 3195 1075 :
3227 1040 3247 1074 ι
3287 1020 3480 1077 Omnis
3507 1036 3645 1077 caro
3676 1020 3767 1076 fe—

2181 1126 2201 1160 ι
2241 1124 2392 1176 ιιιιιιι,
2424 1117 2481 1165 et
2505 1109 2677 1181 gloria
2697 1108 2816 1180 ejus
2835 1111 2981 1166 sicut
3003 1109 3103 1167 ﬂos
3122 1109 3235 1168 feni
3258 1110 3396 1184 (Ira.
3423 1110 3539 1185 xc).
3584 1130 3606 1164 ι
3654 1111 3773 1166 Διι-

2173 1199 2329 1255 diant
2364 1200 2457 1257 isti
2507 1202 2651 1273 quod
2695 1203 3017 1272 quibusdam
3055 1212 3181 1273 post
3210 1202 3473 1260 miracula
3512 1203 3719 1260 dicitur
3750 1221 3767 1259 :

2180 1310 2200 1344 ι
2241 1291 2435 1350 Nescio
2452 1308 2552 1350 vos
2586 1294 2726 1350 unde
2753 1294 2893 1350 sitis.
2917 1295 3188 1352 Discedite
3213 1310 3246 1350 a
3273 1311 3379 1361 me,
3403 1312 3600 1353 onmes
3637 1312 3775 1368 ope.

2179 1401 2199 1435 ι
2244 1383 2375 1438 rarii
2412 1383 2713 1455 iniquitatis
2739 1384 2891 1453 (Luc.
2921 1386 3087 1458 xm):
3120 1406 3141 1439 ι
3187 1386 3409 1441 audiant
3449 1386 3566 1441 illi:
3599 1407 3620 1439 ‹
3674 1388 3773 1443 Di-

2179 1493 2200 1526 ι
2240 1474 2389 1530 vitiat
2415 1474 2465 1531 si
2486 1474 2727 1539 aﬁluant,
2749 1476 2917 1531 nolite
2942 1492 3038 1533 eor
3064 1491 3337 1547 apponere
3363 1476 3542 1550 (Paul.
3576 1479 3717 1548 ut).
3747 1498 3768 1531 ι

2172 1566 2412 1623 Audiant
2438 1568 2531 1625 isti
2556 1584 2677 1639 quae,
2703 1568 2866 1625 fatuae
2887 1570 3149 1642 virgines,
3179 1586 3302 1642 qua:
3321 1572 3511 1627 vacuis
3528 1573 3773 1628 vasculis

2172 1659 2396 1716 veniunt
2421 1661 2489 1716 ab
2502 1661 2730 1717 internis
2744 1662 2947 1732 nuptiis
2971 1663 3353 1719 excluduntur.
3373 1662 3621 1720 Rursum
3641 1665 3771 1733 quia

2174 1750 2332 1807 aliter
2356 1753 2556 1808 tentari
2577 1753 2847 1824 praalatos,
2892 1761 3057 1824 atque
3082 1754 3243 1811 aliter
3277 1755 3524 1811 subditos
3554 1756 3773 1825 praefati

2175 1858 2396 1910 sumus;
2426 1845 2652 1900 audiant
2674 1844 2773 1912 illi,
2819 1846 2966 1915 quod
2989 1861 3091 1917 per
3111 1848 3404 1919 quemdam
3452 1849 3769 1918 sapientem

487 1938 922 2010 reprehenditur,
949 1952 1074 1995 esse
1094 1940 1486 1997 secommissos
1498 1939 1713 2007 dolent;
1737 1941 1925 2011 sicque
1946 1942 2073 1998 dum
2100 1931 2150 1992 Β
2178 1935 2414 1992 dicitur:
2464 1955 2484 1989 ε
2530 1936 2736 1994 Ducem
2804 1947 2859 1995 te
2901 1939 3189 2007 constitui,
3241 1940 3351 1997 noli
3396 1941 3611 2009 extolli,
3664 1942 3765 1997 sed

486 2035 681 2084 contra
734 2034 1006 2084 rectorem
1055 2029 1394 2100 superbiunt,
1463 2029 1629 2085 etiam
1674 2040 1867 2087 contra
1924 2029 2072 2102 judi-

486 2121 574 2177 cia
611 2120 909 2177 conditoris
958 2120 1346 2177 intumescunt.
1396 2121 1467 2177 Et
1522 2121 1651 2178 dum
1694 2123 1932 2194 pastoris
1989 2126 2075 2182 sui

479 2212 654 2268 vitam
682 2210 997 2281 diiudicant,
1041 2213 1215 2285 ipsam
1257 2228 1474 2285 quoque
1520 2216 1847 2288 sapientiam
1891 2221 2074 2275 omnia

486 2302 863 2374 disponentem
887 2303 1225 2376 impugnant,
1261 2319 1322 2361 se
1347 2314 1529 2363 autem
1548 2310 1779 2366 rectoris
1805 2311 1890 2368 sui
1914 2310 2075 2368 dictis

483 2401 736 2464 proterve
769 2391 1058 2463 objiciunt,
1106 2405 1164 2453 et
1190 2398 1437 2455 eamdem
1470 2400 1622 2456 vocis
1667 2403 1978 2474 superbiam
2002 2404 2071 2458 li-

483 2483 752 2542 bertatem
795 2495 1013 2543 vocant.
1073 2486 1170 2544 Sic
1208 2489 1410 2561 quippe
1445 2490 1611 2549 elatio
1657 2508 1719 2550 se
1769 2494 1924 2566 quasi
1972 2510 2074 2565 pro

485 2576 812 2633 rectitudine
839 2576 1109 2634 libertatis
1135 2577 1344 2648 objicit,
1378 2580 1521 2637 sicut
1546 2597 1691 2654 sape
1744 2600 1803 2640 se
1827 2593 1884 2641 et
1911 2586 2074 2643 timor

482 2682 585 2739 pro
620 2668 927 2725 humilitate
972 2671 1248 2741 supponit.
1295 2670 1436 2727 Nam
1484 2672 1627 2729 sicut
1659 2675 1905 2746 plerique
1943 2678 2074 2733 reti—

483 2765 612 2814 cent
644 2774 714 2815 ex
737 2760 954 2828 timore,
981 2768 1041 2816 et
1071 2768 1254 2818 tamen
1279 2771 1462 2820 tacere
1485 2779 1546 2821 se
1585 2767 1855 2822 aestimant
1875 2783 1945 2824 ex
1972 2768 2075 2824 hu-

482 2848 734 2916 militate,
782 2850 862 2906 ita
913 2851 1155 2907 nonnulli
1199 2852 1494 2924 loquuntur
1542 2871 1640 2927 per
1682 2856 2073 2929 impatientiam

480 2938 750 3009 elationis,
800 2948 857 2998 et
880 2950 1063 2999 tamen
1118 2943 1262 3016 loqui
1289 2960 1347 3002 se
1370 2946 1602 3004 credunt
1644 2964 1742 3020 per
1765 2949 2071 3007 libertatem

482 3033 845 3090 rectitudinis.
888 3035 1194 3106 Aliquando
1228 3046 1411 3094 autem
1439 3041 1638 3097 subditi
1659 3052 1915 3112 proterva
1951 3060 2072 3116 qua:

481 3123 726 3179 sentiunt
752 3138 1099 3197 nequaquam
1122 3129 1391 3198 produnt;
1448 3138 1505 3187 et
1525 3131 1583 3187 bi
1609 3149 1842 3204 quorum
1886 3136 2071 3207 loqua-

480 3213 618 3269 citas
643 3214 735 3270 vix
755 3217 1139 3287 compescitur,
1184 3235 1573 3292 nonnunquam
1613 3239 1683 3279 ex
1707 3227 1822 3282 sola
1861 3230 2065 3285 amari-

479 3305 663 3363 tudine
690 3306 868 3363 intimi
898 3310 1143 3365 rancoris
1187 3312 1571 3370 obmutescunt
1599 3334 1611 3370 :
1642 3317 1736 3387 qui
1772 3333 1871 3389 per
1906 3319 2060 3378 dolo-

477 3412 594 3453 rem
656 3400 858 3456 mentis
898 3403 1252 3472 procacitatis
1280 3420 1393 3461 sua:
1440 3408 1603 3464 verba
1656 3413 2062 3482 protrahentes,

472 3504 599 3546 cum
622 3491 765 3548 male
791 3492 940 3563 loqui
965 3494 1199 3563 soleant,
1232 3497 1387 3567 pejus
1406 3505 1608 3555 tacent.
1637 3499 1774 3569 Quia
1796 3519 1919 3559 cum
1937 3521 2065 3576 pec-

472 3590 661 3639 cantes
702 3584 905 3654 aliquid
947 3586 1014 3642 de
1037 3588 1382 3645 correctione
1427 3590 1672 3657 audiunt,
1718 3594 2064 3667 indignantes

472 3672 640 3728 etiam
702 3674 1071 3745 responsionis
1127 3677 1293 3734 verba
1344 3680 1706 3752 suspendunt.
1768 3683 1903 3739 Cum
1976 3685 2064 3744 his

471 3764 689 3833 quando
735 3778 926 3835 aspere
969 3767 1170 3840 agitur,
1217 3783 1361 3840 sepe
1408 3771 1479 3827 ad
1504 3773 1739 3843 querelae
1785 3789 1946 3832 voces
1995 3777 2062 3834 de

470 3856 575 3912 hac
598 3856 715 3926 ipsa
744 3858 1039 3929 asperitate
1056 3859 1363 3930 prosiliunt.
1388 3860 1526 3919 Cum
1544 3878 1676 3921 vero
1703 3880 1798 3922 eos
1818 3867 2062 3940 magistri

468 3949 553 4003 sui
593 3949 789 4006 blande
826 3953 1185 4022 praeveniunt,
1234 3954 1302 4011 de
1330 3955 1434 4012 hac
1457 3958 1574 4028 ipsa
1600 3959 1906 4016 humilitate
1947 3976 2057 4031 qua

467 4043 727 4109 prteventi
760 4051 904 4111 sunt,
941 4045 1159 4116 gravius
1186 4046 1567 4120 indignantur;
1597 4059 1653 4106 et
1691 4060 1841 4108 tanto
1869 4069 2059 4113 eorum

468 4146 623 4187 mens
644 4132 836 4191 fortius
865 4138 1200 4206 accenditur,
1238 4148 1443 4211 quanto
1475 4142 1870 4199 consideratius
1901 4146 2055 4201 inlir-

466 4220 605 4275 mari
635 4221 851 4280 dicitur.
879 4224 947 4280 Hi
971 4226 1227 4284 nimirum
1247 4230 1374 4301 quia
1396 4230 1756 4290 humilitatem
1787 4233 1929 4307 (quae
1948 4236 2058 4291 vir-

470 4320 643 4369 tutum
674 4325 849 4373 mater
884 4320 989 4391 est)
1036 4322 1306 4389 nesciunt,
1362 4339 1518 4380 usum
1568 4326 1650 4380 sui
1688 4326 1889 4383 laboris
1930 4343 2056 4400 per-

465 4404 870 4473 dunt;etiamsi
929 4425 1034 4481 qua
1062 4411 1203 4467 bona
1255 4414 1383 4479 sint,
1431 4430 1553 4486 qua:
1580 4418 1795 4486 operari
1834 4419 2055 4475 videan-

2183 2047 2203 2080 ι
2246 2036 2364 2086 esto
2418 2030 2474 2084 in
2502 2030 2610 2086 illis
2653 2033 2808 2103 quasi
2860 2039 3002 2089 unus
3035 2048 3105 2090 ex
3142 2033 3251 2089 illis
3293 2033 3466 2107 (Eat.
3504 2036 3712 2107 xxx").
3746 2055 3768 2088 ι

2173 2116 2413 2173 Audiant
2440 2119 2551 2185 isti,
2613 2137 2635 2171 ι
2691 2120 2921 2178 Obedite
2966 2123 3274 2194 praepositis
3303 2124 3505 2180 vestris
3555 2134 3615 2180 et
3642 2127 3775 2181 sub-

2180 2224 2200 2257 t
2240 2205 2417 2276 jacete
2465 2209 2566 2265 eis.
2621 2211 2727 2281 Ipsi
2775 2213 2924 2269 enim
2962 2214 3308 2286 pervigilant,
3373 2216 3531 2285 quasi
3605 2217 3773 2272 ratio-

2179 2316 2200 2349 ι
2243 2311 2369 2354 nem
2447 2300 2709 2357 reddituri
2782 2319 2884 2373 pro
2960 2303 3253 2361 animabus
3315 2306 3519 2362 vestris
3599 2306 3769 2378 (Hrb.

2180 2407 2201 2441 ι
2242 2390 2388 2462 xui).
2439 2411 2460 2445 ι
2508 2393 2748 2451 Audiant
2797 2392 3072 2464 illi,'cum
3120 2399 3189 2454 de
3218 2408 3442 2471 accepta
3494 2409 3772 2471 potestate

2173 2481 2455 2555 gloriatur,
2488 2485 2592 2543 hoc
2618 2488 2763 2557 quod
2802 2488 3036 2545 Abrahae
3075 2506 3210 2547 voce
3239 2491 3451 2548 ardenti
3483 2493 3643 2548 diviti
3682 2495 3769 2548 di-

2172 2573 2352 2630 citur:
2398 2594 2419 2626 ι
2453 2574 2742 2644 Memento,
2790 2578 2890 2644 ﬁli,
2921 2580 3049 2650 quia
3095 2581 3347 2651 recepisti
3382 2582 3526 2637 bona
3570 2584 3627 2639 in
3656 2584 3767 2639 vita

2175 2673 2265 2721 tua
2293 2663 2444 2737 (Luc.
2474 2667 2611 2741 xvi).
2648 2687 2669 2720 ι
2698 2667 2937 2726 Audiant
2964 2671 3087 2739 isti,
3118 2687 3245 2728 cum
3289 2680 3481 2729 contra
3518 2682 3769 2732 rectores

2171 2769 2299 2811 suos
2327 2756 2383 2811 in
2404 2757 2623 2826 querela
2643 2759 2953 2829 prosiliunt,
2977 2761 3083 2818 hoc
3104 2763 3249 2833 quod
3270 2766 3639 2821 murmuranti
3670 2782 3769 2836 po-

2170 2847 2299 2919 pulo
2341 2848 2511 2921 Moysi
2551 2859 2609 2906 et
2650 2849 2831 2907 Aaron
2872 2852 3097 2910 vocibus
3139 2854 3537 2924 respondetur:
3586 2875 3607 2909 ι
3652 2856 3769 2913 Nec

2170 2950 2361 2999 contra
2386 2958 2487 3000 nos
2514 2953 2599 3000 est
2639 2961 2889 3001 murmur
2915 2954 3178 3015 vestrum,
3210 2947 3308 3004 sed
3347 2955 3543 3004 contra
3579 2947 3768 3005 Domi-

2170 3050 2300 3091 num
2325 3054 2340 3091 :
2378 3051 2480 3094 nos
2504 3037 2650 3093 enim
2683 3037 2817 3108 quid
2842 3053 3028 3095 sumus
3051 3039 3249 3113 (Exod.
3278 3040 3391 3114 xvi)
3411 3042 3438 3095 ?
3471 3061 3491 3092 ι
3524 3041 3766 3097 Audiant

2167 3124 2248 3181 illi
2277 3145 2290 3180 :
2326 3145 2347 3179 ι
2378 3126 2765 3184 Turbabuntur
2792 3128 2850 3182 in
2879 3139 3173 3200 conspectu
3199 3130 3317 3201 ejus
3342 3139 3531 3202 patres
3560 3133 3768 3203 orpha-

2169 3230 2365 3271 norum
2390 3223 2447 3272 et
2464 3215 2679 3286 judices
2706 3217 2995 3275 viduarum
3033 3218 3209 3293 (Prol.
3242 3221 3434 3292 van).
3473 3242 3492 3276 ι
3523 3223 3768 3281 Audiant

2093 3287 2138 3353 C
2170 3307 2290 3373 isti,
2334 3308 2479 3377 quod
2506 3316 2694 3364 contra
2725 3287 3122 3368 contumaciam
3149 3287 3490 3371 subditorum
3517 3316 3763 3373 dicitur:

2171 3418 2190 3450 ι
2226 3397 2330 3466 Qui
2353 3400 2559 3456 resistit
2580 3402 2855 3471 potestati,
2881 3402 2977 3458 Dei
2999 3404 3331 3461 ordinatioui
3354 3408 3564 3462 resistit
3583 3407 3761 3481 (Rom.

2164 3492 2307 3564 xm).
2347 3511 2367 3544 )
2398 3491 2637 3547 Audiant
2662 3493 2824 3549 simul
2852 3509 3075 3552 omnes:
3113 3514 3134 3547 ι
3171 3498 3314 3553 Deus
3347 3499 3603 3569 superbis
3627 3502 3768 3555 resi-

2165 3580 2278 3647 stit,
2294 3580 2591 3637 humilibus
2613 3592 2796 3639 autem
2818 3584 2911 3639 dat
2928 3585 3161 3653 gratiam
3184 3585 3328 3659 (Jac.
3353 3587 3452 3661 iv).
3478 3609 3497 3642 ι
3520 3590 3764 3648 Audiant

2163 3690 2391 3731 omnes:
2437 3694 2457 3728 ι
2498 3676 2814 3734 lmmundus
2840 3686 2927 3735 est
2954 3682 3097 3751 apud
3124 3682 3295 3738 Deum
3328 3685 3508 3741 omnis
3537 3689 3632 3758 qui
3667 3704 3763 3744 cx-

2164 3769 2299 3825 altat
2321 3785 2418 3827 eor
2448 3770 2592 3844 (Job.
2619 3772 2732 3846 xv).
2773 3794 2792 3828 ι
2827 3774 3067 3832 Audiant
3085 3792 3314 3835 omnes:
3347 3797 3369 3833 ι
3398 3778 3543 3847 Quid
3573 3796 3763 3852 super-

2161 3862 2242 3919 bit
2276 3862 2415 3919 cinis
2443 3873 2500 3919 et
2520 3873 2666 3922 terra
2693 3864 2865 3938 (Eccl.
2892 3868 2985 3940 x)?
3011 3889 3030 3922 ι
3067 3868 3270 3927 Contra
3290 3870 3453 3941 hujus
3475 3873 3762 3945 languoris

2159 3961 2389 4022 pestem,
2421 3954 2705 4012 audiamus
2728 3958 2932 4026 cuncti,
2964 3960 3111 4030 quod
3132 3961 3640 4032 magistra‘Veritas
3660 3965 3761 4020 do-

2159 4050 2268 4109 cet,
2298 4042 2517 4100 dicens:
2557 4063 2577 4098 ι
2611 4046 2815 4117 Discite
2857 4064 2890 4103 a
2935 4064 3051 4116 me,
3082 4051 3212 4120 quia
3241 4051 3390 4108 mitis
3416 4069 3540 4109 sum
3575 4066 3634 4111 et
3658 4056 3758 4111 hu-

2158 4132 2305 4189 milis
2331 4136 2496 4190 corde
2518 4134 2736 4206 (Matth.
2761 4137 2861 4209 xr).
2901 4158 2921 4192 ι
2949 4140 3033 4195 Ad
3055 4141 3159 4197 hoc
3181 4157 3418 4214 namque
3441 4145 3758 4217 unigenitus

2158 4221 2258 4278 Dei
2284 4221 2455 4279 Filius
2484 4223 2717 4281 formam
2756 4226 3089 4285 inﬁrmitatis
3127 4239 3330 4288 nostra:
3369 4235 3649 4305 suscepit;
3687 4236 3757 4290 ad

2157 4313 2262 4369 hoc
2285 4314 2572 4371 invisibilis
2599 4332 2708 4373 non
2737 4317 2912 4373 solum
2935 4320 3186 4386 visibilis,
3216 4322 3312 4377 sed
3348 4323 3515 4379 etiam
3559 4325 3754 4396 despe-

2157 4412 2278 4460 ctus
2307 4406 2595 4477 apparuit;
2636 4407 2705 4462 ad
2733 4409 2839 4464 hoc
2863 4411 3317 4467 contumeliarum
3345 4406 3604 4481 ludibria,
3630 4416 3755 4471 irri-

464 4509 572 4564 tur,
629 4498 756 4568 quia
776 4502 1051 4571 surgentis
1090 4502 1311 4560 fabricae
1363 4506 1587 4561 robusta
1623 4506 1885 4564 celsitudo
1940 4524 2053 4567 non

2164 4494 2369 4551 sionum
2398 4496 2711 4567 opprobria,
2732 4499 3049 4569 passionum
3082 4509 3353 4577 tormenta
3380 4503 3663 4571 toleravit,
3694 4516 3754 4561 ut

465 4588 669 4659 ﬁgitur,
710 4605 829 4659 qua:
879 4607 1221 4663 nequaquam
1265 4609 1364 4665 per
1390 4594 1731 4654 fundamenti
1776 4597 2052 4656 fortitudi-

2164 4587 2449 4657 superbum
2475 4603 2583 4643 non
2619 4604 2737 4645 esse
2768 4589 3043 4646 hominem
3067 4592 3290 4649 doceret
3317 4594 3539 4651 humilis
3562 4592 3746 4661 Deus;

463 4697 584 4737 nem
618 4681 672 4735 in
696 4689 851 4752 petra
875 4684 1166 4750 solidatur;
1200 4687 1297 4743 soli
1319 4703 1448 4761 ergo
1470 4690 1641 4745 ruinae
1665 4692 1886 4758 crescit,
1906 4692 2051 4761 quod

2164 4687 2358 4750 quanta
2380 4696 2511 4751 ergo
2541 4682 2865 4740 humilitatis
2889 4684 3064 4741 virtus
3089 4695 3192 4753 est,
3221 4696 3443 4759 propter
3468 4705 3636 4759 quam
3668 4707 3749 4746 so-

462 4769 756 4838 aediﬁcant,
801 4774 895 4843 qui
923 4783 1047 4832 ante
1077 4778 1269 4833 molem
1299 4777 1539 4846 fabricae,
1568 4780 1893 4839 humilitatis
1928 4782 2047 4838 fun—
2154 4771 2263 4858 lem
2288 4774 2557 4829 veraciter
2601 4775 2932 4832 edocendam
2966 4777 3047 4843 is.
3091 4778 3185 4848 qui
3232 4779 3349 4835 sine
3386 4782 3749 4838 aestimatione

465 4863 720 4919 damenta
760 4880 867 4920 non
898 4878 1209 4934 procurant.
1252 4867 1397 4934 Quos
1420 4870 1560 4925 bene
1586 4873 1655 4927 ab
1683 4873 1888 4928 intimis
1915 4889 2047 4943 pro-

2164 4880 2382 4936 magnus
2414 4872 2517 4930 est,
2544 4882 2716 4938 usque
2753 4868 2820 4923 ad
2858 4870 3165 4938 passionem
3191 4870 3369 4928 factus
3397 4882 3483 4928 est
3506 4875 3745 4945 parvus?

458 4952 656 5020 dimus,
690 4954 736 5009 si
764 4955 949 5023 paucis
968 4955 1022 5009 in
1048 4958 1406 5014 exterioribus
1427 4960 1795 5017 ostendamus.
1825 4961 2049 5019 Cunctis

2164 4955 2291 5023 Quia
2326 4957 2470 5012 enim
2516 4958 2783 5029 originem
2821 4960 3140 5030 perditionis
3176 4973 3374 5020 nostrae
3413 4980 3474 5021 se
3514 4969 3746 5037 praebuit

458 5056 692 5111 namque
731 5044 983 5114 superbia
1021 5046 1163 5116 apud
1209 5061 1268 5103 se
1313 5048 1640 5119 cogitatione
1691 5052 2044 5119 tumentibus,

458 5129 601 5185 inest
646 5133 854 5190 clamor
904 5137 958 5191 in
997 5137 1288 5207 locutione,
1344 5142 1654 5199 amaritudo
1701 5144 1757 5200 in
1805 5146 2043 5213 silentio,

455 5224 739 5284 dissolutio
767 5229 821 5284 in
852 5231 1150 5299 hilaritate,
1177 5232 1331 5290 furor
1358 5236 1414 5291 in
1436 5237 1681 5304 tristitia,
1724 5240 2045 5312 improbitas

456 5314 510 5368 in
535 5317 770 5384 actione,
800 5320 1113 5379 inhonestae
1138 5324 1193 5380 in
1212 5324 1470 5398 imagine,
1491 5330 1696 5387 erectio
1726 5331 1781 5386 in
1804 5333 2041 5400 incessu,

456 5420 652 5462 rancor
673 5408 728 5463 in
764 5415 1141 5484 responsione;
1174 5417 1366 5475 horum
1391 5435 1547 5478 mens
1594 5438 1809 5494 semper
1846 5434 1931 5481 est
1975 5427 2044 5483 ad

458 5499 778 5571 irrogandas
834 5510 1187 5568 contumelias
1239 5513 1437 5583 valida,
1491 5516 1561 5572 ad
1603 5517 1911 5575 tolerandas
1958 5521 2041 5576 in-

454 5591 633 5661 ﬁrma,
695 5596 765 5651 ad
803 5598 1159 5659 obediendum
1187 5605 1360 5678 pigra,
1423 5609 1493 5665 ad
1533 5609 1878 5668 lacessendos
1911 5628 2040 5670 vero

454 5685 586 5779 alios
627 5689 955 5761 importuna,
1001 5696 1071 5751 ad
1092 5713 1155 5753 ea
1181 5714 1300 5769 qua:
1328 5700 1508 5761 facere
1557 5711 1613 5759 et
1635 5704 1795 5762 debet
1823 5715 1878 5762 et
1902 5724 2039 5779 prae-

452 5778 595 5834 valet
632 5781 845 5854 ignava,
878 5787 947 5843 ad
970 5803 1036 5843 ea
1064 5798 1244 5847 autem
1269 5809 1390 5865 qua:
1422 5794 1604 5853 facere
1625 5813 1725 5855 nec
1753 5778 1915 5855 debet
1938 5818 2039 5859 nec

452 5873 709 5941 praevalet
735 5886 946 5948 parata.
978 5877 1107 5937 Haec
1136 5882 1192 5940 in
1219 5899 1286 5942 eo
1311 5887 1456 5957 quod
1480 5897 1672 5959 sponte
1697 5906 1805 5946 non
1830 5893 2035 5951 anuetit

2152 5049 2404 5119 superbia
2437 5051 2660 5118 diaboli,
2687 5051 3110 5110 instrumentum
3130 5055 3518 5127 redemptionis
3542 5067 3745 5115 nostra:

2150 5140 2366 5197 inventa
2389 5151 2476 5199 est
2500 5144 2781 5200 humilitas
2807 5146 2922 5202 Dei.
2950 5147 3132 5203 Hostis
3157 5149 3354 5220 quippe
3380 5160 3569 5207 noster
3601 5153 3744 5209 inter

2148 5230 2331 5285 omnia
2366 5231 2647 5297 conditus,
2690 5233 2863 5289 videri
2907 5251 3070 5306 supra
3108 5237 3290 5291 omnia
3329 5237 3503 5293 voluit
3540 5239 3737 5296 elatus.

2150 5321 2479 5392 Redemptor
2499 5332 2681 5379 autem
2708 5333 2898 5380 noster
2917 5342 3143 5397 magnus
3174 5343 3399 5384 manens
3428 5345 3596 5401 supra
3623 5348 3737 5388 om-

2150 5412 2261 5477 nia,
2290 5411 2406 5467 ﬁeri
2434 5411 2577 5467 inter
2604 5413 2786 5468 omnia
2816 5414 3070 5486 dignatus
3104 5424 3188 5472 est
3210 5431 3431 5486 parvus.
3476 5419 3584 5475 Sed
3626 5438 3737 5478 me-

2145 5501 2251 5557 lius
2293 5511 2349 5558 et
2388 5502 2638 5558 elationis
2675 5518 2893 5559 causam
2938 5505 3262 5576 delegimus,
3290 5517 3345 5562 et
3381 5506 3732 5567 fundamenta

2145 5595 2467 5651 humilitatis
2492 5594 2788 5665 aperimus,
2818 5596 2864 5651 si
2891 5596 3041 5652 brevi
3070 5601 3585 5658 commemoratione
3606 5619 3726 5674 per-

2144 5689 2461 5760 stringimus
2502 5687 2632 5758 quid
2679 5689 2873 5744 mortis
2909 5697 3124 5757 auctor,
3174 5691 3302 5761 quid
3327 5692 3454 5747 vitae
3480 5694 3728 5751 conditor

2143 5780 2307 5836 dicat.
2332 5780 2423 5835 Ille
2446 5795 2680 5851 namque
2696 5782 2802 5836 ait:
2835 5799 2854 5834 ι
2876 5781 2935 5836 In
2955 5782 3152 5838 coelum
3174 5785 3534 5841 conscendam
3547 5784 3721 5859 (Prol.

2143 5870 2425 5943 Lxxxvn):
2463 5890 2482 5924 ι
2528 5871 2630 5928 iste
2667 5878 2847 5927 autem
2872 5887 2972 5943 per
2999 5873 3325 5946 Prophetam
3354 5874 3526 5934 dicit:
3562 5874 3722 5937 «Re-
