4030 6506
293 470 398 528 855

1151 465 1502 527 COMMENT.
1543 469 1614 526 IN
1649 467 2262 527 ECCLESIASTICUM.
2302 497 2374 510 --
2410 470 2540 527 LIB.
2578 468 2668 527 III.

3454 471 3567 531 εει

292 591 435 664 pleta
460 593 545 643 est
571 582 730 640 malis
763 581 943 656 anima
973 596 1118 648 mea,
1155 590 1210 637 et
1235 584 1349 637 vita
1389 599 1508 640 mea
1542 582 1753 638 inferno
1783 598 1876 654 ap—
1900 584 1956 646 Λ
1979 581 2157 648 dictis,
2197 589 2254 636 et
2295 582 2574 638 subvertet
2610 597 2735 638 eum
2764 581 2822 638 in
2845 582 3047 639 ﬁnem:
3083 592 3370 655 propterea
3399 586 3567 642 exho-

290 677 676 754 propinquavit
711 673 849 748 (ha.
882 673 1018 747 xw).
1053 695 1072 727 ι
1114 674 1207 729 1118
1237 675 1401 729 dicit:
1447 694 1467 726 ‹
1508 674 1683 745 Supra
1729 682 1878 729 astra

293 775 415 832 coeli
443 771 696 828 exaltabo
717 769 908 824 solium
933 783 1110 822 meum
1135 767 1318 839 (Zach.
1348 767 1430 840 ιι).
1464 787 1482 820 ι
1508 768 1614 822 Iste
1639 768 1879 823 humano

290 863 474 936 generi
504 878 534 916 a
558 860 797 932 paradisi
828 858 1048 914 sedibus
1073 857 1296 928 expulso
1317 858 1480 912 dicit:
1511 875 1531 908 ‹
1565 857 1705 912 Ecce
1722 856 1880 911 venio

291 963 348 1011 et
367 953 623 1008 habitabo
642 951 696 1005 in
718 949 897 1005 medio
923 948 1002 1003 tui
1019 947 1214 1021 (Exod.
1232 947 1550 1019 xxv,xx1x).
1574 968 1592 1000 ι
1609 947 1701 1002 Ille
1713 946 1874 1002 dicit:

297 1064 317 1096 ι
354 1045 564 1100 Sedcbo
592 1043 650 1098 in
673 1051 860 1097 monte
895 1041 1228 1107 testamenti,
1253 1042 1307 1095 in
1331 1040 1591 1097 lateribus
1612 1041 1880 1110 aquilonis

291 1136 413 1210 (III
446 1136 574 1207 Reg.
604 1151 692 1202 v1;
717 1131 804 1188 IV
831 1133 962 1204 Reg.
995 1133 1090 1205 iv).
1124 1152 1146 1188 ›
1177 1133 1282 1188 Iste
1307 1133 1469 1210 dicit:
1507 1150 1526 1183 ‹
1555 1131 1668 1203 Ego
1699 1140 1881 1186 autem

292 1243 412 1283 sum
437 1225 639 1282 vermis
684 1233 739 1280 et
775 1239 885 1280 non
916 1225 1112 1290 homo,
1141 1224 1488 1295 opprobrium
1515 1224 1796 1280 hominum
1827 1231 1884 1277 et

289 1317 521 1385 abjectio
546 1315 718 1386 plebis
737 1307 900 1385 '(lsa.
935 1314 1070 1387 XIV).
1119 1334 1137 1367 ›
1172 1314 1263 1370 1118
1294 1315 1463 1370 dicit:
1511 1333 1530 1366 ι
1576 1315 1881 1371 Ascendam

289 1422 452 1477 super
505 1405 847 1461 altitudinem
899 1405 1156 1471 nubium,
1214 1405 1407 1461 similis
1457 1421 1575 1480 ero?
1601 1405 1882 1460 Altissimo

290 1500 519 1575 (Ibid.):
559 1521 578 1555 ι
608 1501 738 1567 Iste,
769 1521 786 1552 ι
816 1499 950 1556 Cum
978 1499 1034 1554 in
1061 1499 1235 1555 forma
1269 1499 1364 1554 Dei
1391 1507 1554 1566 esset,
1590 1515 1698 1554 non
1740 1498 1883 1567 rapi-

289 1610 414 1649 nam
447 1594 742 1650 arbitratus
763 1603 848 1649 est
872 1608 993 1649 esse
1018 1607 1076 1648 se
1099 1592 1360 1663 aequalem
1386 1592 1529 1658 Deo;
1561 1593 1656 1648 sed
1686 1598 1884 1647 semet-

288 1686 466 1755 ipsum
489 1686 809 1752 exinanivit,
825 1685 1056 1741 formam
1084 1686 1228 1740 servi
1250 1684 1523 1755 accipiens
1544 1683 1712 1755 (Phil.
1740 1682 1832 1754 n);
1857 1701 1876 1734 ι

289 1785 343 1833 et
371 1794 469 1848 per
495 1779 740 1833 membra
768 1793 866 1834 sua
888 1778 1147 1848 loquitur,
1173 1775 1395 1832 dicens:
1433 1794 1451 1827 ‹
1481 1776 1732 1840 Domine,
1760 1774 1882 1844 quis

287 1869 485 1924 similis
512 1869 612 1924 tibi
642 1867 817 1941 (Psal.
848 1868 1078 1940 xxxw)?
1118 1887 1136 1918 ι
1162 1867 1256 1922 Ille
1278 1882 1377 1938 per
1406 1867 1652 1921 membra
1676 1881 1774 1921 sua
1802 1863 1883 1920 lo-

1937 743 1948 754 _
1979 673 2192 729 noravit
2217 671 2476 728 Dominus
2500 684 2798 730 conventus
2818 665 3086 730 malorum
3108 684 3162 731 et
3185 676 3450 732 destruxit
3468 691 3566 735 eos

1979 780 2152 835 usque
2199 765 2254 820 in
2303 763 2487 820 finem.
2525 786 2544 819 ι
2594 765 2672 820 De
2708 766 2959 836 superbia
3008 783 3240 838 namque
3271 779 3570 825 nascuntur

1980 858 2236 924 haereses,
2253 857 2567 923 schismata,
2588 858 2974 924 detractiones,
2991 859 3216 926 invidia,
3242 861 3566 927 verbositas,

1975 947 2260 1018 iactantia,
2288 950 2684 1014 contentiones,
2701 950 3093 1017 animositates,
3117 952 3357 1019 ambitio,
3382 953 3565 1019 elatio,

1979 1041 2350 1112 praesumptio,
2380 1042 2617 1110 vanitas,
2645 1043 2980 1113 inquietudo,
3006 1045 3366 1112 mendacium,
3394 1048 3572 1118 perju—

1981 1135 2146 1198 rium.
2169 1143 2225 1190 et
2257 1143 2453 1190 caetera
2486 1135 2772 1206 ejusmodi.
2811 1136 2920 1192 Sed
2951 1136 3066 1192 haec
3110 1137 3228 1206 quis
3267 1137 3476 1193 dubitet
3502 1153 3568 1193 ex

1980 1227 2273 1296 cupiditate
2301 1243 2513 1298 quoque
2542 1229 2856 1298 procedere,
2883 1244 3007 1284 cum
3030 1244 3218 1284 omnes
3250 1230 3340 1298 qui
3373 1230 3573 1309 fuerint

1982 1320 2087 1375 illis
2113 1322 2364 1377 omnibus
2404 1323 2636 1389 morbis,
2676 1338 2812 1392 quos
2855 1322 3152 1387 nominavi,
3180 1321 3440 1391 corrupti,
3469 1322 3573 1376 ha-

1980 1412 2211 1467 beantur
2237 1422 2291 1468 et
2320 1413 2535 1483 cupidi?
2554 1413 2688 1468 Item
2713 1429 2836 1470 cum
2858 1414 3095 1483 gulosos,
3122 1413 3570 1482 intemperantes,

1981 1501 2245 1567 ebriosos,
2283 1503 2492 1568 avidos,
2516 1518 2762 1572 rapaces,
2783 1503 3123 1570 fornicarios,
3147 1504 3440 1568 adulteros,
3464 1512 3574 1558 stu-

1980 1598 2259 1658 pratores,
2311 1592 2585 1658 incestos,
2646 1591 2969 1664 ﬂagitiosus,
3023 1593 3290 1664 cupiditas
3345 1594 3572 1649 reddat:

1981 1682 2196 1750 quando
2232 1692 2459 1752 possunt
2500 1684 2618 1739 sine
2661 1686 2916 1755 superbia
2954 1685 3087 1741 tales
3117 1686 3280 1741 fieri?
3314 1685 3432 1741 sine
3468 1699 3575 1755 qua

1981 1773 2202 1828 omnino
2227 1789 2336 1829 non
2362 1784 2590 1844 possunt
2619 1776 2714 1832 Dei
2743 1785 3013 1848 praecepta
3037 1777 3353 1834 contemni?
3379 1778 3577 1846 quibus

1954 1864 2338 1944 prohibentur
2361 1866 2453 1921 illa
2481 1867 2662 1922 omnia
2690 1867 2832 1922 mala
2870 1883 2993 1938 quae
3033 1868 3282 1937 superius
3323 1882 3573 1937 compre-

285 1959 495 2031 quitur,
522 1959 739 2016 dicens:
770 1977 788 2010 ‹
824 1958 1018 2015 Nescio
1041 1959 1235 2026 Deum,
1263 1965 1318 2013 et
1343 1956 1510 2012 Israel
1534 1972 1643 2012 non
1670 1956 1882 2012 dimitto
1909 1948 1959 2008 B
1985 1959 2148 2014 hendi
2175 1977 2188 2025 ;
2231 1958 2458 2029 ideoque
2488 1960 2534 2015 si
2561 1959 2810 2016 volumus
2847 1975 3227 2016 consummare
3253 1960 3425 2016 nostri
3454 1959 3578 2016 cer-

288 2050 490 2123 (Exod.
517 2052 593 2122 v).
627 2071 647 2104 ι
680 2052 786 2107 Iste
823 2066 922 2122 per
953 2051 1307 2120 semetipsum
1347 2049 1514 2105 dicit:
1554 2067 1572 2100 ‹
1604 2047 1663 2103 Si
1693 2049 1881 2104 dixero

289 2142 420 2210 quia
449 2157 559 2198 non
589 2143 715 2198 novi
736 2157 880 2208 eum,
919 2156 1014 2198 ero
1054 2140 1250 2197 similis
1278 2142 1449 2207 vobis,
1475 2141 1745 2196 mendax:
1785 2139 1883 2195 sed

285 2232 414 2286 novi
445 2247 591 2298 eum,
618 2239 674 2288 et
702 2246 1010 2287 sermonem
1037 2230 1156 2300 ejus
1182 2245 1342 2285 servo
1368 2229 1550 2301 (Joan.
1578 2230 1698 2300 vn).
1735 2247 1756 2281 ι
1789 2226 1883 2282 Ille

285 2323 450 2380 dicit:
476 2345 494 2377 ι
516 2325 634 2381 Mea
659 2333 787 2382 sunt
805 2325 1118 2390 ﬂumina,et
1142 2339 1242 2394 ego
1269 2323 1372 2379 feci
1395 2339 1458 2378 ea
1483 2322 1654 2394 (Eccl.
1675 2320 1843 2394 xxxv).
1858 2339 1876 2372 ι

281 2412 392 2468 Iste
417 2415 586 2470 dicit:
631 2433 650 2468 ι
686 2415 804 2473 Νοιι
830 2431 1050 2488 possum
1079 2431 1180 2486 ego
1216 2431 1248 2470 a
1274 2415 1484 2487 meipso
1512 2415 1696 2470 facere
1724 2414 1884 2484 quid-

284 2520 452 2574 quam
477 2505 660 2577 (Joan.
689 2506 768 2578 v).
807 2526 826 2560 ι
862 2507 930 2562 Et
953 2522 1211 2562 rursum:
1247 2524 1266 2557 ι
1297 2505 1466 2560 Pater
1504 2519 1659 2561 meus
1705 2505 1762 2559 in
1795 2517 1884 2560 me

284 2614 515 2654 manens
543 2600 658 2670 ipse
680 2599 812 2656 facit
833 2615 1000 2671 opera
1031 2600 1212 2670 (Joan.
1242 2598 1378 2670 xw).
1416 2617 1435 2652 ι
1466 2596 1560 2653 Ille
1580 2612 1748 2666 regna
1767 2612 1885 2653 om-

285 2691 379 2746 nia
425 2692 718 2747 ostendens
755 2693 919 2748 dicit:
968 2711 986 2743 ι
1036 2691 1158 2746 Tibi
1205 2691 1344 2746 dabo
1379 2697 1706 2760 potestatem
1743 2688 1886 2743 hanc

285 2785 629 2852 universam,
676 2793 734 2842 et
765 2785 993 2857 gloriam
1038 2783 1284 2849 illorum,
1336 2783 1463 2853 quia
1503 2781 1640 2836 mihi
1686 2779 1885 2835 tradita

284 2887 432 2942 sunt,
465 2885 520 2933 et
565 2877 653 2932 cui
693 2877 815 2933 volo
861 2877 930 2932 do
966 2875 1056 2931 illa
1103 2875 1320 2948 (Matth.
1370 2874 1470 2944 IV).
1508 2893 1528 2926 ›
1559 2873 1666 2928 Iste
1708 2871 1880 2926 dicit:

295 2986 313 3017 ι
347 2967 583 3023 Calicem
611 2968 830 3038 quidem
863 2983 1043 3024 meum
1069 2966 1306 3031 bibetis;
1359 2967 1550 3020 sedere
1589 2971 1770 3018 autem
1815 2960 1885 3016 ad

287 3057 569 3113 dexteram
599 3059 684 3115 vel
713 3060 780 3114 ad
808 3059 1087 3115 sinistram
1118 3072 1295 3112 meam
1316 3071 1423 3110 non
1445 3063 1531 3110 est
1552 3069 1733 3110 meum
1753 3052 1886 3108 dare

284 3151 460 3216 vobis,
490 3151 584 3206 sed
613 3151 810 3221 quibus
836 3159 1087 3221 paratum
1125 3157 1209 3204 est
1235 3164 1267 3202 a
1292 3149 1454 3203 Patre
1491 3160 1614 3201 meo
1645 3142 1884 3216 (Matth.

285 3242 412 3313 xx).
458 3263 476 3296 ι
507 3244 602 3298 1118
629 3245 799 3300 dicit:
845 3262 863 3294 ‹
889 3243 1055 3299 Eritis
1095 3243 1237 3299 sicut
1276 3242 1372 3308 dii,
1419 3240 1654 3296 scientes
1680 3226 1884 3294 bonum

1985 2051 2206 2108 taminis
2234 2066 2476 2117 cursum,
2509 2067 2798 2108 caveamus
2828 2052 3096 2123 imprimis
3120 2054 3466 2124 cupiditatem
3495 2061 3579 2107 at-

1985 2159 2092 2215 que
2140 2144 2484 2214 superbiam,
2529 2159 2638 2200 non
2681 2146 2785 2201 duo
2812 2146 2986 2213 mala,
3019 2147 3112 2202 sed
3148 2163 3356 2213 unum;
3397 2163 3428 2201 a
3469 2162 3578 2218 quo

1985 2237 2212 2292 trahunt
2238 2252 2428 2294 omnes
2445 2237 2574 2293 mali
2595 2248 2747 2294 actus
2768 2238 3002 2294 initium.
3030 2237 3168 2294 Nam
3189 2239 3308 2296 sine
3325 2239 3580 2311 superbia

1985 2348 2106 2403 quae
2134 2341 2364 2402 possunt
2390 2333 2581 2414 saltem
2607 2333 2851 2389 inchoari
2873 2335 3138 2403 peccata?
3171 2349 3295 2390 cum
3331 2334 3574 2390 dicatur:

1991 2443 2012 2476 ι
2042 2424 2262 2480 Initium
2286 2425 2466 2481 omnis
2488 2426 2698 2496 peccati
2725 2427 2976 2495 superbia
3001 2425 3171 2497 (Eccl.
3187 2425 3280 2498 x);
3305 2445 3324 2479 ι
3347 2425 3580 2480 autsine

1935 2546 1946 2561 ο
1984 2519 2313 2590 cupiditate,
2355 2535 2476 2590 quae
2517 2526 2601 2575 est
2629 2519 2896 2574 malorum
2926 2519 3170 2574 omnium
3218 2519 3404 2584 radix,
3455 2531 3577 2587 qua:

1981 2620 2213 2682 possunt
2239 2610 2360 2666 ﬁeri
2387 2611 2548 2677 mala,
2583 2626 2705 2666 cum
2727 2606 2856 2667 'sine
2882 2610 3068 2666 radice
3087 2609 3294 2675 omnia,
3317 2615 3412 2663 aut
3431 2606 3582 2662 nulla

1986 2702 2335 2771 deputentur,
2365 2710 2460 2757 aut
2482 2701 2740 2758 mortua?
2773 2701 2978 2756 Deinde
3007 2701 3052 2757 si
3081 2700 3359 2771 quodlibet
3383 2716 3580 2771 pecca-

1984 2799 2098 2846 tum
2139 2800 2458 2864 perpetrare
2484 2807 2596 2848 non
2632 2806 2877 2862 possum,
2923 2790 3028 2846 nisi
3057 2807 3192 2846 meae
3233 2789 3583 2846 delectationi

1988 2885 2326 2940 consentiam
2348 2925 2362 2949 ,
2402 2885 2546 2954 quod
2579 2883 2892 2954 cupiditatis
2921 2890 3005 2938 est
3046 2883 3359 2953 proprium,
3401 2889 3458 2937 et
3484 2880 3584 2936 Dei

1985 2987 2258 3050 praecepta
2300 2985 2678 3043 contemnam,
2727 2977 2871 3047 quod
2915 2984 3001 3032 est
3038 2975 3304 3046 superbiae
3338 2974 3576 3029 malum:

1987 3072 2260 3140 quomodo
2291 3085 2399 3125 non
2422 3086 2490 3125 ex
2513 3069 2826 3140 cupiditate,
2855 3083 2976 3139 quae
3005 3075 3090 3122 est
3126 3066 3280 3121 radix
3315 3064 3582 3119 malorum

1987 3160 2256 3226 omnium,
2284 3168 2339 3216 et
2363 3174 2428 3214 ex
2461 3159 2735 3230 superbia,
2772 3172 2894 3228 quae
2924 3156 3138 3212 initium
3170 3153 3348 3211 omnis
3369 3153 3583 3223 peccati

1989 3253 2216 3317 dicitur,
2264 3252 2447 3307 omnia
2487 3250 2630 3305 mala
2660 3265 2767 3305 non
2810 3248 3152 3305 nascuntur?
3195 3254 3420 3317 propter
3460 3259 3584 3315 quae

284 3350 342 3395 et
371 3341 572 3396 malum
600 3339 754 3412 (Gen.
786 3340 892 3414 ιιι).
933 3361 952 3392 ι
988 3341 1094 3395 Iste
1119 3339 1286 3394 dicit:
1331 3356 1350 3388 ‹
1383 3336 1501 3392 Νοιι
1526 3344 1608 3391 est
1641 3341 1882 3389 vestrum

1986 3346 2127 3400 mala
2155 3343 2516 3401 exhonorabit
2549 3343 2810 3400 Dominus
2851 3350 3150 3404 conventus
3191 3340 3486 3406 malorum,
3526 3347 3584 3395 et

286 3447 450 3487 nosse
481 3441 719 3504 tempora
739 3432 826 3487 vel
852 3440 1148 3498 momenta,
1179 3445 1298 3500 quae
1327 3428 1491 3484 Pater
1510 3427 1693 3497 posuit
1713 3425 1767 3480 in
1785 3441 1882 3481 sua

285 3530 554 3591 potestate
579 3522 719 3594 (Act.
751 3523 814 3593 ι).
847 3543 866 3575 ι
899 3522 992 3577 1118
1021 3531 1083 3576 ut
1109 3520 1362 3576 voluntas
1397 3519 1579 3574 divina
1618 3517 1884 3586 despicia-

287 3620 398 3676 tur,
431 3621 565 3666 etut
592 3612 758 3682 possit
787 3614 1007 3684 propria
1037 3612 1267 3667 suadere
1293 3611 1456 3665 dicit:
1493 3627 1512 3660 ι
1546 3607 1657 3664 Cur
1679 3621 1884 3678 praece-

282 3702 364 3772 pit
392 3702 743 3769 vobisDeus,
787 3711 847 3757 ut
888 3719 995 3758 non
1045 3702 1402 3758 comederetis
1440 3717 1508 3756 ex
1543 3701 1692 3756 omni
1735 3699 1881 3771 ligno

283 3800 522 3868 paradisi
568 3797 719 3870 (Gen.
769 3799 898 3871 ut)?
938 3820 958 3853 ι
1006 3800 1073 3854 Et
1121 3799 1280 3870 paulo
1310 3806 1467 3869 post:
1507 3816 1526 3848 ι
1581 3797 1696 3853 Scit
1735 3797 1882 3852 enim

283 3890 450 3958 Deus,
479 3893 625 3961 quod
651 3893 705 3947 in
731 3908 1055 3962 quocunque
1077 3892 1163 3948 die
1189 3891 1534 3948 comederitis
1555 3907 1622 3946 ex
1644 3906 1731 3957 eo,
1755 3905 1879 3960 ape-

286 3984 496 4038 rientur
520 3985 662 4040 oculi
685 3985 854 4039 vestri
883 3983 1096 4056 (Ibid).
1133 4003 1153 4036 ›
1181 3983 1286 4038 Iste
1311 3984 1471 4039 dicit:
1503 4001 1523 4034 ι
1555 3981 1673 4039 Νοιι
1695 3997 1880 4052 quaero

284 4075 618 4130 voluntatem
663 4091 870 4142 meam,
923 4077 1018 4132 sed
1059 4075 1393 4131 voluntatem
1437 4075 1552 4143 ejus
1595 4075 1687 4144 qui
1732 4074 1880 4129 misit

284 4181 375 4220 me
403 4165 585 4238 (Joan.
608 4167 685 4239 v).
719 4187 738 4221 ι
763 4168 856 4224 Ille
875 4183 972 4238 per
993 4168 1234 4224 membra
1255 4183 1351 4224 sua
1376 4167 1636 4238 loquitur,
1660 4167 1875 4222 dicens:

291 4278 310 4310 ι
344 4259 560 4314 Nullum
585 4269 799 4330 pratum
829 4262 920 4327 sit,
949 4262 1091 4332 quod
1130 4277 1239 4317 non
1279 4267 1625 4331 pertranseat
1663 4259 1877 4314 luxuria

286 4361 472 4406 nostra
495 4370 507 4404 ε
531 4367 854 4407 οοτοιιθιιιιιδ
879 4366 980 4406 IIOS
1003 4352 1163 4417 I‘OSIS,
1194 4359 1482 4420 antequam
1512 4356 1872 4413 marcescant,

286 4442 486 4511 ubique
517 4441 886 4511 relinquamus
911 4443 1065 4513 signa
1099 4441 1298 4496 laetitia:
1327 4449 1526 4495 nostra:
1553 4438 1703 4511 (Sap.
1735 4437 1819 4508 ιι).
1851 4456 1870 4489 ι

284 4537 392 4591 Istc
416 4536 674 4591 membris
697 4536 808 4591 suis
832 4536 1178 4607 praenuntiat,
1199 4535 1415 4590 dicens:
1446 4551 1464 4584 ι
1492 4533 1561 4588 Et
1593 4531 1876 4602 plorabitis

287 4636 343 4682 et
371 4626 568 4683 ﬂebitis
598 4644 716 4694 vos,
740 4628 972 4684 mundus
993 4637 1172 4684 autem
1199 4627 1457 4698 gaudebit
1481 4626 1665 4697 (Joan.
1688 4625 1824 4697 xw).
1847 4646 1866 4679 ι

287 4718 380 4772 Ille
407 4717 542 4772 nihil
568 4717 711 4772 aliud
736 4727 945 4774 mentes
974 4718 1075 4774 sibi
1099 4718 1341 4773 subditas
1363 4719 1548 4783 docet,
1573 4729 1736 4786 quam
1769 4716 1878 4771 cel-
1902 4700 1956 4760 D

288 4808 539 4863 situdinis
576 4808 789 4863 culmen
836 4817 1122 4880 appetere,
1167 4818 1362 4865 cuncta
1409 4809 1638 4879 aequalia
1679 4809 1876 4865 mentis

293 4907 501 4953 tumore
531 4900 938 4966 transcendere,
980 4901 1293 4957 societatem
1329 4901 1569 4956 omnium
1598 4899 1876 4955 hominum

289 4989 397 5043 alta
419 4990 652 5046 elatione
681 4991 931 5055 transire,
965 5006 1029 5046 ac
1055 5007 1174 5047 sese
1203 4999 1391 5046 contra
1413 4992 1711 5061 potentiam
1741 5006 1874 5046 con-

289 5080 481 5137 ditoris
502 5084 729 5153 erigere.
760 5082 911 5138 Sicut
938 5083 1005 5139 de
1025 5084 1230 5139 eisdem
1252 5098 1348 5154 per
1372 5083 1718 5140 Psalmistam
1741 5084 1877 5140 dici-

292 5183 382 5230 tur
407 5196 420 5230 :
467 5195 486 5228 ‹
529 5177 886 5236 Transierunt
916 5177 973 5233 in
995 5177 1346 5248 dispositione
1370 5177 1569 5243 cordis,
1601 5177 1874 5249 cogitave-

293 5277 421 5324 runt
445 5280 500 5326 et
524 5271 692 5327 locuti
725 5279 851 5326 sunt
876 5270 1147 5341 nequitias
1181 5267 1354 5341 (Psal.
1390 5268 1584 5342 Lxxn).
1624 5288 1642 5322 ι
1677 5267 1879 5339 Iniqui-

293 5370 462 5416 tatem
507 5361 564 5416 in
601 5362 873 5419 excelsum
913 5361 1078 5416 locuti
1120 5368 1261 5416 sunt.
1310 5360 1416 5416 Iste
1459 5361 1528 5415 ad
1572 5372 1764 5430 sputa,
1811 5359 1879 5415 ad

292 5452 518 5523 palmas,
557 5453 624 5508 ad
659 5452 946 5523 colaphos,
980 5453 1048 5507 ad
1089 5453 1330 5522 spineam
1352 5467 1632 5518 coronam,
1662 5452 1730 5506 ad
1756 5465 1878 5505 cru-

294 5556 438 5610 cem,
467 5545 536 5599 ad
560 5545 825 5610 lanceam,
854 5554 1016 5615 atque
1046 5543 1115 5598 ad
1139 5551 1371 5598 mortem
1408 5544 1632 5598 veniens
1650 5583 1666 5607 ,
1707 5556 1880 5597 mem-

295 5636 397 5692 bra
422 5652 517 5692 sua
545 5638 816 5703 admonet,
845 5636 1064 5692 dicens:
1105 5653 1124 5688 ‹
1161 5634 1221 5691 Si
1249 5636 1371 5705 quis
1404 5636 1537 5690 mihi
1568 5635 1876 5698 ministrat,

298 5745 386 5784 me
417 5741 673 5802 sequatur
706 5733 888 5804 (Joan.
913 5731 1031 5803 xii).
1071 5751 1089 5783 ι
1123 5730 1414 5799 Hucusque
1437 5729 1748 5800 Gregorius.
1771 5727 1876 5784 De-

291 5823 429 5900 hinc
455 5842 575 5894 quae
600 5835 894 5894 sequantur
919 5826 971 5878 in
1002 5823 1226 5878 historia
1255 5822 1554 5877 videamus.

379 5934 398 5970 ι
429 5916 532 5984 Qui
559 5917 808 5986 tenuerit,
849 5915 1052 5986 inquit,
1087 5913 1265 5984 illam,
1297 5912 1673 5991 adimplebitur
1714 5911 1881 5989 malee

1984 3441 2228 3496 destruet
2256 3453 2351 3495 eos
2371 3452 2548 3508 usque
2576 3437 2630 3492 in
2654 3436 2861 3492 linem?

2057 3561 2078 3594 ι
2109 3542 2277 3599 Sedes
2307 3543 2505 3598 ducum
2530 3539 2886 3611 superborum
2913 3537 3183 3594 destruxit
3204 3535 3348 3592 Deus
3368 3576 3382 3601 ,
3410 3543 3467 3591 et
3490 3549 3580 3589 se-

1988 3651 2008 3685 (
2031 3634 2160 3689 dere
2186 3634 2313 3690 fecit
2337 3633 2498 3688 mites
2524 3647 2626 3702 pro
2653 3630 2818 3686 illis!»
2840 3629 3010 3698 Hujus
3035 3627 3560 3695 sententichsimilitu

1981 3724 2163 3779 dinem
2185 3724 2358 3778 Maria
2393 3731 2568 3778 mater
2589 3721 2803 3778 Domini
2832 3722 2886 3775 in
2917 3721 3129 3776 cantico
3157 3718 3470 3788 evangelico
3493 3732 3561 3772 ex

1981 3815 2202 3885 pressit,
2233 3815 2419 3870 dicens
2445 3832 2457 3868 :
2498 3832 2516 3864 ‹
2546 3813 2805 3884 Deposuit
2825 3817 3074 3882 potentes
3096 3812 3162 3867 de
3189 3811 3335 3875 sede,
3361 3818 3417 3864 et
3437 3807 3560 3863 exal

1981 3908 2116 3963 tavit
2154 3907 2384 3963 humiles
2429 3906 2590 3979 (Luc.
2622 3906 2697 3978 ι).
2734 3925 2754 3959 ι
2795 3905 2952 3972 Quod
2991 3905 3117 3960 licet
3147 3901 3473 3975 generaliter
3512 3900 3580 3955 d"

1980 3999 2233 4055 omnibus
2253 3999 2501 4070 superbis
2523 4007 2577 4053 et
2595 3999 2846 4054 omnibus
2868 3996 3163 4053 humilibus
3187 3995 3240 4049 in
3261 3993 3368 4049 ﬁne
3388 3992 3570 4048 mund’

1979 4093 2150 4162 possit
2183 4091 2377 4160 accipi,
2411 4091 2534 4161 quia
2571 4108 2589 4141 ι
2622 4087 2812 4146 Omnis
2837 4088 2929 4159 qui
2971 4102 3031 4142 se
3059 4085 3292 4151 exaltat,
3326 4082 3550 4139 humilia

1978 4181 2165 4236 bitur:
2199 4190 2253 4237 et
2277 4183 2368 4251 qui
2393 4197 2450 4236 se
2477 4180 2748 4244 humiliat,
2777 4178 3136 4243 exaltabitur,
3176 4196 3195 4229 ι
3230 4184 3415 4232 tamen
3452 4188 3578 4245 Spe-

1979 4271 2190 4328 cialitcr
2215 4271 2283 4324 ad
2313 4272 2564 4326 doctores
2588 4269 2719 4339 legis
2746 4269 2958 4339 priscae,
2993 4269 3099 4323 hoc
3127 4276 3211 4323 est
3255 4265 3479 4322 Scribas
3522 4271 3578 4318 et

1977 4361 2299 4424 Pbarisaeos,
2331 4368 2386 4414 et
2410 4359 2794 4429 praedicatores
2827 4357 3099 4428 Evangelii
3119 4397 3134 4422 ,
3163 4356 3269 4409 hoc
3303 4362 3420 4421 est,
3450 4370 3579 4423 apo:

1979 4451 2147 4506 stolos
2166 4458 2221 4504 et
2241 4449 2598 4518 evangelistas
2618 4443 2904 4502 transferri
2928 4452 3125 4516 potest.
3148 4442 3427 4498 Destruxit
3447 4456 3576 4512 ergo

1977 4545 2121 4600 Deus
2142 4541 2428 4597 cathedras
2461 4547 2518 4594 et
2543 4537 2913 4610 magisterium
2945 4535 3264 4591 Scribarum
3291 4540 3348 4587 et
3379 4531 3575 4586 Phari—

1982 4645 2249 4695 satorum,
2291 4629 2420 4699 quia
2459 4628 2766 4682 venientem
2809 4624 3007 4680 Filium
3034 4623 3131 4678 Dei
3162 4617 3577 4692 praesentialiter

1982 4725 2225 4795 recipere
2264 4721 2611 4793 respuebant,
2657 4728 2712 4776 et
2753 4717 3024 4790 apostolos
3050 4716 3298 4773 homines
3325 4711 3578 4768 videlicet

1982 4814 2319 4877 mitissimos,
2346 4812 2537 4881 suique
2563 4809 2806 4881 magistri
2836 4809 3140 4864 imitatores
3168 4802 3494 4860 fortissimos
3519 4800 3574 4854 in

1982 4906 2188 4962 honore
2223 4902 2498 4974 dignitatis
2543 4901 2756 4956 illorum
2787 4900 3132 4964 sublimavit,
3164 4903 3226 4950 ut
3262 4908 3451 4948 eorum
3479 4891 3574 4944 do-

1983 4994 2174 5051 ctrinis
2201 5002 2362 5062 atque
2399 4992 2659 5061 exemplis
2702 4992 2950 5047 nationes
2987 4988 3134 5045 orbis
3168 4994 3434 5042 terrarum
3473 4981 3574 5035 im-

1981 5085 2297 5158 buerentur.
2330 5084 2485 5152 Quod
2517 5091 2571 5139 et
2592 5083 2863 5154 Propheta
2894 5082 2951 5136 in
2975 5077 3198 5150 psalmis
3224 5074 3568 5147 prmcinebat,

1980 5179 2166 5235 dicens
2191 5195 2203 5230 :
2243 5194 2261 5228 ι
2293 5174 2401 5232 Pro
2425 5175 2671 5247 patribus
2696 5174 2804 5229 tuis
2829 5171 2942 5227 nati
2979 5177 3106 5226 sunt
3137 5164 3402 5222 tibi'ﬁlii:
3436 5177 3570 5218 con-

1979 5267 2173 5322 stitues
2201 5280 2296 5322 eos
2320 5265 2592 5344 principes
2621 5278 2782 5334 super
2807 5275 3024 5317 omnem
3052 5267 3274 5315 terram.
3303 5254 3570 5309 Memores

1979 5366 2141 5413 erunt
2162 5357 2398 5413 nominis
2425 5357 2523 5422 tui,
2555 5354 2805 5419 Domine,
2846 5353 2902 5407 in
2936 5350 3084 5406 omni
3125 5345 3470 5418 generatione
3513 5352 3572 5399 et

1979 5448 2238 5522 progenie
2262 5445 2436 5520 (Paul.
2467 5445 2634 5516 κων).
2673 5463 2693 5497 ι
2721 5442 2828 5498 Sed
2859 5441 2989 5512 quia
3025 5440 3169 5496 sicut
3200 5435 3448 5510 magistri
3475 5433 3572 5491 Ju-

1981 5541 2220 5595 daeomm
2242 5547 2464 5609 propter
2488 5534 2773 5607 perfidiam
2799 5532 3071 5604 reprobati
3100 5538 3246 5596 sunt,
3274 5530 3351 5584 ita
3371 5536 3427 5584 et
3453 5526 3571 5595 ipse

1979 5631 2207 5701 pOpqus
2228 5637 2450 5699 propter
2476 5626 2849 5682 infidelitatem
2875 5625 3150 5696 dispersus
3175 5629 3278 5686 est,
3305 5627 3361 5675 et
3381 5623 3576 5688 gentes

1981 5719 2038 5774 in
2083 5733 2271 5775 eorum
2315 5717 2493 5773 locum
2542 5718 2824 5773 credentes
2866 5715 3113 5779 Christo,
3156 5720 3213 5766 et
3250 5706 3568 5764 obedientes

1981 5812 2272 5885 Evangelio
2298 5818 2696 5868 successerunt.
2724 5810 2852 5867 Inde
2881 5806 3172 5880 subjungit,
3198 5803 3418 5859 dicens:

2060 5909 2338 5987 «(Radices
2362 5906 2603 5981 gentium
2631 5904 2998 5982 (superbarum
3039 5896 3264 5956 arefecit
3291 5895 3466 5957 Deus,
3509 5896 3568 5944 et
