4030 6470
277 423 386 486 83⁸1

272 641 453 711 aliqua
476 636 823 693 tribulatione
850 637 1061 694 atilictis
1088 646 1348 711 praestare
1375 638 1662 711 sapientia,
1693 655 1856 712 quam

271 729 525 801 quaslibet
560 728 797 785 maxima
836 737 1094 800 potestas.
1141 728 1302 787 Juxta
1349 731 1661 803 allegoriam
1702 747 1854 798 vero,

270 836 464 878 servus
504 819 938 888 ecclesiasticus,
969 821 1063 891 qui
1105 822 1295 878 devota
1324 830 1504 878 mente
1540 823 1856 894 religionem

270 921 456 969 servat
484 912 883 980 Christianam,
914 913 1243 984 praeponitur
1274 914 1545 971 nobilibus
1571 929 1857 987 synagoga;

271 1007 431 1073 ﬁliis,
476 1005 771 1062 secundum
812 1004 942 1061 illud
983 1004 1127 1075 quod
1169 1006 1428 1077 scriptum
1467 1015 1589 1062 est:
1632 1025 1653 1059 ι
1687 1006 1856 1075 Major

270 1101 472 1156 serviet
494 1099 691 1155 minori
717 1095 869 1171 (Gen.
898 1097 1029 1171 xxv)
1064 1118 1082 1151 ›
1112 1106 1195 1165 et,
1230 1116 1250 1151 ι
1284 1098 1452 1156 Iacob
1488 1098 1684 1167 dilexi,
1712 1099 1856 1156 Esau

272 1202 455 1249 autem
484 1193 610 1249 odio
633 1192 797 1247 habui
826 1189 984 1263 (Mal.
1014 1206 1066 1257 ι;
1093 1190 1247 1247 Rom.
1272 1192 1371 1267 rx).
1406 1213 1425 1247 r

347 1304 366 1337 ι
402 1284 505 1341 Vir
541 1284 783 1355 prudens
829 1292 884 1340 et
926 1284 1301 1356 disciplinatus
1342 1300 1451 1341 non
1497 1284 1858 1342 murmurabit

275 1398 295 1429 ε
332 1385 651 1447 correptus,
691 1386 747 1433 et
774 1378 975 1434 inscius
1002 1394 1111 1433 non
1140 1379 1510 1435 honorabitur.
1558 1399 1579 1433 ι
1617 1379 1755 1436 Huic
1786 1379 1860 1436 si-

269 1468 399 1523 mile
426 1476 510 1524 est
538 1467 699 1534 ilhid,
728 1467 869 1539 quod
904 1469 958 1524 in
993 1468 1301 1525 Proverbiis
1344 1469 1577 1541 legitur:
1626 1489 1646 1523 ι
1679 1469 1860 1541 Argue

270 1563 594 1631 sapientem,
623 1564 680 1618 et
706 1562 892 1633 diliget
916 1570 987 1618 te.
1020 1562 1244 1634 Corripe
1286 1563 1540 1629 stultum,
1578 1570 1632 1619 et
1658 1563 1781 1619 odio
1806 1569 1859 1616 te

268 1655 491 1711 habebit
528 1653 711 1727 (Prov.
750 1655 848 1727 lx).
887 1675 906 1707 ι
949 1655 1051 1723 Qui
1097 1671 1226 1725 ergo
1273 1653 1457 1725 abiicit
1499 1655 1853 1726 disciplinam,

266 1747 498 1817 despicit
522 1745 757 1801 animam
788 1760 980 1813 suam;
1021 1747 1112 1817 qui
1138 1752 1319 1802 autem
1356 1746 1654 1817 acquiescit
1686 1748 1859 1801 incre-

265 1837 604 1908 pationibus,
647 1851 935 1907 possessor
975 1847 1058 1894 est
1104 1837 1323 1905 cordis;
1373 1844 1427 1894 et
1474 1836 1603 1893 alibi
1623 1855 1638 1891 :
1684 1856 1703 1889 ‹
1753 1836 1856 1905 Qui

1165 422 1521 488 conamur.
1558 430 1632 495 ut
1662 408 2272 488 ECCLESIAS'HCUM.
2311 460 2379 471 —
2412 422 2539 487 un.
2580 424 2666 487 in.
3272 488 3281 491 ,

272 544 574 610 habentes,
622 542 714 613 qui
760 546 887 599 sunt
925 542 983 599 in
1027 543 1266 600 civitate.
1297 564 1316 597 ›
1344 545 1472 602 Plus
1511 544 1653 601 enim
1679 552 1858 616 potest
1884 546 1936 608 Α
1960 544 2158 599 tiaram
2186 532 2546 616 opulentia-se
2568 543 2774 616 jactat:
2809 543 2875 599 de
2905 560 3012 616 quo
3049 552 3376 602 memoratus
3402 542 3545 618 Apo-

3435 430 3571 551 ³³⁸ε

1958 638 2127 696 stolus
2153 639 2221 694 ad
2258 637 2579 710 discipulum
2609 639 2855 694 scribens
2885 638 2997 692 ait:
3035 656 3054 689 ‹
3093 636 3335 708 Ριιωείρθ
3370 638 3544 694 diviti-

1957 728 2059 785 bus
2083 727 2242 798 hujus
2270 730 2451 786 saecuii
2479 745 2584 785 non
2616 729 2845 809 superbe
2874 744 3083 800 sapere,
3116 743 3293 801 neque
3321 743 3545 801 sperare

1958 820 2015 876 in
2041 821 2247 877 incerto
2276 821 2582 877 divitiarum
2613 821 2667 895 (I
2695 821 2830 877 Tim.
2862 820 2959 893 vi).
3004 840 3022 872 ι

2034 932 2053 965 ι
2090 912 2193 982 Qui
2221 922 2402 971 autem
2432 915 2692 987 gloriatur
2717 915 2772 969 in
2800 921 3120 984 paupertate
3162 927 3290 980 sua,
3339 921 3542 986 quanto

1962 1026 1987 1060 ι
2016 1008 2188 1078 magis
2211 1007 2267 1063 in
2287 1007 2637 1069 substantia?
2676 1026 2695 1060 ι
2741 1005 2838 1061 ille
2870 1021 3002 1077 ergo
3031 1007 3124 1076 qui
3153 1006 3209 1061 in
3236 1004 3542 1062 tribulatio-

1958 1098 2118 1157 nibus
2141 1099 2356 1171 gaudet,
2380 1098 2438 1156 in
2456 1098 2895 1164 necessitatibus,
2921 1097 2976 1151 in
2997 1097 3265 1171 angustiis
3280 1113 3426 1153 nunc
3443 1112 3545 1167 pro

1957 1186 2197 1256 Christo.
2224 1196 2429 1261 quanto
2455 1190 2631 1261 magis
2656 1187 2938 1260 gaudebit,
2978 1190 3201 1258 quando
3236 1190 3548 1260 pervenerit

1959 1279 2031 1341 ad
2057 1279 2474 1341 retributionem
2494 1280 2758 1346 futuram,
2782 1288 2840 1337 et
2864 1279 2934 1343 ad
2968 1279 3186 1337 divitias
3209 1294 3390 1345 voras,
3425 1295 3548 1351 qua:

1957 1368 2146 1431 electis
2171 1370 2268 1430 Dei
2302 1378 2587 1435 servantur
2609 1371 2664 1427 in
2691 1384 2863 1442 regno
2888 1369 3142 1428 cmiosti?

2036 1478 2055 1511 ‘
2091 1459 2195 1527 Qui
2222 1466 2406 1525 11111θεῦ
2429 1459 2695 1531 “oriatur
2726 1458 2786 1523 in
2813 1458 3148 1526 substantia,
3173 1467 3548 1530 paupertatem

1958 1558 2233 1613 vereatur.
2272 1568 2291 1601 ›
2333 1548 2451 1615 Hoc
2477 1557 2591 1615 est.
2636 1548 2727 1614 ille
2767 1548 2860 1618 qui
2895 1556 3065 1613 totam
3104 1548 3360 1611 ﬁduciam
3395 1562 3550 1608 suam

1918 1700 1919 1703 η
1957 1639 2111 1708 ponit
2134 1639 2190 1701 in
2221 1648 2565 1705 terrenarum
2587 1655 2771 1703 rerum
2792 1640 3144 1706 abundantia.
3170 1646 3548 1710 paupertatem

1959 1728 2199 1795 futuram
2222 1739 2496 1800 vereatur.
2523 1740 2898 1801 memoratque
2935 1745 3153 1800 semper
3193 1730 3342 1793 illam
3377 1744 3547 1789 evan-

1960 1819 2191 1890 gelicam
2213 1820 2532 1893 parabolatu
2556 1820 2629 1879 de
2656 1820 2821 1885 divite.
2846 1828 3181 1892 purpurato.
3215 1827 3272 1881 et
3309 1834 3551 1890 paupere

268 1928 520 1998 ignorat,
552 1928 891 2000 ignorabitur
914 1928 960 2000 (1
994 1926 1117 1983 Cor.
1162 1927 1275 2002 tm)
1303 1944 1320 1984 :
1357 1947 1377 1980 ι
1415 1926 1530 1985 Hoc
1556 1932 1641 1984 est
1677 1927 1855 1998 deSpi-
1883 1915 1933 1977 Β
1958 1912 2186 1980 Lazaro.
2203 1914 2475 1987 Quomodo
2496 1913 2585 1977 ille
2604 1913 2673 1973 αθ
2697 1914 2868 1983 gloria
2891 1912 3174 1984 temporali
3200 1912 3256 1975 lli
3280 1920 3552 1975 tormenta

265 2020 461 2085 cietur,
492 2034 601 2074 non
627 2020 817 2090 utique
854 2018 1226 2074 honorabitur.

346 2132 367 2164 ο
400 2111 520 2168 Noli
561 2120 619 2167 te
659 2111 920 2168 extollere
944 2112 998 2166 in
1027 2111 1274 2168 faciendo
1298 2125 1465 2183 opere
1501 2119 1628 2180 tuo,
1661 2118 1715 2168 et
1750 2113 1859 2170 noli

272 2222 293 2255 ε
328 2202 573 2258 cunctari
604 2202 659 2257 in
689 2208 937 2273 tempore
969 2202 1251 2274 angustias.
1293 2221 1313 2255 δ
1355 2202 1614 2258 Prohibet
1642 2219 1713 2260 ne
1739 2203 1861 2275 quis

263 2307 371 2363 pro
394 2292 538 2349 bona
579 2293 896 2362 operatione
920 2307 1019 2350 sua
1049 2308 1108 2348 se
1131 2294 1374 2365 jaotitet,
1407 2294 1534 2364 quia
1561 2296 1738 2351 omnis
1771 2311 1861 2351 ar-

262 2383 515 2454 rogantia
546 2382 881 2441 ahominatio
899 2392 987 2440 est
1014 2385 1155 2455 apud
1195 2386 1406 2452 Deum;
1447 2394 1503 2442 et
1546 2401 1615 2443 ne
1644 2387 1767 2457 quis
1803 2388 1859 2443 in

276 2473 697 2531 adversitatibus
722 2491 753 2530 a
780 2476 926 2531 bono
967 2490 1131 2547 opere
1157 2484 1369 2543 cesset,
1412 2478 1539 2549 quia
1580 2478 1862 2535 tribulatio

265 2563 587 2633 patientiam
608 2575 902 2637 operatur;
938 2567 1200 2637 patientia
1237 2576 1419 2626 autem
1445 2569 1856 2640 probationem;

265 2654 518 2724 probatio
542 2670 675 2711 vero
703 2672 890 2726 spem:
921 2672 1045 2728 spes
1070 2668 1251 2713 autem
1278 2675 1384 2715 non
1416 2659 1717 2717 confundit.

398 2743 590 2803 Melior
616 2757 701 2802 est
722 2748 815 2817 qui
844 2756 1103 2817 operatur
1125 2757 1183 2805 et
1220 2749 1459 2809 abundat
1496 2752 1549 2806 in
1574 2753 1826 2809 omnibus
1842 2793 1856 2819 ,

271 2852 295 2890 ο
329 2851 491 2907 quam
515 2839 609 2909 qui
638 2837 902 2908 gloriatur
936 2847 991 2896 et
1026 2847 1150 2913 eget
1172 2855 1332 2912 pane.
1367 2860 1387 2893 ι
1424 2840 1613 2899 Melius
1638 2850 1724 2898 est
1751 2843 1857 2899 sci-

267 2929 397 2986 licet
420 2940 481 2989 ut
503 2933 734 3003 quisque
757 2933 948 2989 diebus
964 2933 1092 2989 vita:
1117 2950 1227 2990 sua:
1253 2934 1470 2990 studeat
1490 2935 1545 2990 in
1570 2936 1713 2991 bona
1734 2950 1861 3007 ope-

268 3022 481 3079 ratione
512 3022 792 3090 laborare,
823 3023 967 3081 unde
998 3034 1147 3082 certa
1187 3025 1262 3081 illi
1309 3034 1483 3083 restat
1523 3041 1733 3085 merces
1776 3041 1862 3082 ro

268 3114 684 3183 munerationis,
730 3130 893 3187 quam
937 3124 998 3172 ut
1040 3117 1095 3172 in
1129 3118 1373 3174 vanitate
1415 3118 1533 3176 dies
1561 3134 1691 3176 suos
1729 3133 1861 3176 eon-

269 3216 468 3272 sumat,
499 3213 558 3264 et
580 3223 777 3280 expers
816 3209 916 3273 ﬂat
947 3224 1091 3280 pane
1127 3209 1220 3271 illo
1245 3211 1337 3280 qui
1367 3211 1437 3267 de
1459 3211 1603 3268 etnio
1629 3212 1829 3267 descen

269 3297 388 3364 dit;
423 3313 585 3369 quem
612 3300 705 3370 qui
735 3301 1164 3369 manducaverit,
1195 3317 1305 3359 non
1333 3302 1598 3365 morietur
1624 3304 1679 3359 in
1703 3311 1860 3360 aeter-
1892 3312 1932 3350 υ

268 3403 423 3444 num.
451 3389 649 3448 Beatus
675 3399 759 3448 est
786 3392 929 3448 enim
963 3392 1056 3465 qui
1079 3394 1372 3457 manduoat
1394 3410 1591 3467 panem
1616 3396 1672 3452 in
1693 3410 1861 3468 regno

273 3480 395 3538 Dei.

350 3590 371 3625 ο
405 3571 533 3641 Fili,
553 3574 609 3634 in
627 3578 1041 3634 mansuetudine
1069 3593 1228 3635 serva
1253 3580 1492 3636 animam
1520 3588 1690 3648 tuam,
1712 3587 1768 3636 et
1792 3580 1859 3639 de

275 3684 295 3718 ι
323 3664 401 3720 illi
426 3667 688 3724 honorem
719 3670 1016 3727 secundum
1044 3673 1300 3728 meritum
1334 3688 1512 3729 suum.
1558 3693 1579 3726 ι
1620 3674 1679 3729 in
1707 3688 1860 3728 man-

270 3759 557 3816 suetudine
580 3754 816 3817 anirnam
842 3772 1046 3832 servat,
1072 3764 1165 3834 qui
1186 3781 1283 3836 per
1306 3765 1668 3821 humilitatem
1695 3781 1862 3836 opera

266 3859 486 3908 exercet
512 3853 772 3924 pietatis;
812 3863 868 3911 et
898 3858 994 3912 dat
1031 3857 1107 3912 1111
1134 3858 1398 3914 honorem
1425 3860 1721 3914 secundum
1748 3874 1863 3914 me-

268 3940 434 3996 ritum
463 3958 643 4011 suum,
673 3945 767 4015 qui
806 3961 866 4002 se
907 3962 1002 4017 spe
1032 3947 1228 4004 futurae
1256 3952 1521 4005 mercedis
1548 3967 1647 4021 pro
1682 3950 1861 4007 studio

267 4034 579 4090 consolatur
598 4033 729 4107 justi
761 4037 997 4094 laboris:
1032 4040 1160 4110 quia
1182 4038 1341 4108 juxta
1369 4042 1695 4112 Prophetam
1718 4042 1862 4098 Deus

270 4126 459 4181 reddet
500 4128 727 4201 singulis
771 4117 1071 4186 secundum.
1107 4145 1269 4211 opera
1300 4148 1397 4188 sua
1428 4132 1613 4206 (Psal.
1642 4133 1787 4204 ut).
1820 4134 1862 4188 Ε

264 4220 541 4275 contrarie
584 4235 716 4279 vero
756 4224 885 4294 quid
920 4225 999 4287 de
1044 4227 1424 4295 peccatoribus
1466 4226 1858 4299 subjungatur,

269 4312 557 4369 audiamus
583 4329 600 4368 :

345 4422 365 4456 ι
400 4403 725 4463 Peccantem
770 4408 823 4463 in
861 4408 1098 4465 animam
1145 4426 1301 4466 suam
1342 4412 1464 4482 quis
1500 4410 1864 4480 justiiicabit?

271 4512 293 4546 ι
315 4501 371 4549 et
391 4495 512 4564 quis
531 4497 911 4555 honorificabit
930 4501 1359 4557 exhonorantem
1380 4501 1615 4556 animam
1639 4517 1793 4557 suam
1805 4502 1855 4557 1⁸»

264 4584 586 4643 Exhonorat
613 4592 850 4647 animam
878 4607 1053 4660 suam,
1082 4595 1173 4665 qui
1200 4595 1437 4671 peccatis
1464 4593 1609 4649 illam
1638 4594 1857 4666 polluit;

264 4686 323 4735 et
344 4680 467 4751 quis
494 4681 718 4753 justitiie
758 4684 1073 4763 illi.tribuit
1101 4688 1357 4743 meritum
1379 4728 1394 4755 ,
1445 4702 1605 4758 quem
1648 4695 1862 4743 constat

265 4785 379 4826 suae
403 4768 595 4829 salutis
623 4776 823 4831 habere
845 4776 1200 4847 neglectum?
1239 4798 1257 4829 ε
1293 4778 1497 4834 Omnes
1530 4778 1676 4833 enim
1700 4792 1859 4848 opor-

267 4871 345 4921 tet
364 4881 464 4922 nos
489 4874 635 4924 stare
662 4878 790 4925 ante
830 4870 1069 4927 tribunal
1115 4870 1341 4938 Christi,
1374 4880 1436 4926 ut
1461 4870 1665 4926 referat
1693 4886 1858 4925 unus—

263 4958 494 5028 quisque
521 4962 737 5032 propria
758 4965 1004 5034 corporis
1045 4965 1150 5031 sui,
1189 4972 1352 5035 prout
1384 4965 1578 5034 gessit,
1623 4964 1737 5019 sive
1763 4964 1859 5019 bo-

264 5062 420 5115 num,
450 5051 565 5108 sive
586 5053 789 5107 malum
815 5052 901 5127 (11
930 5053 1053 5109 Cor.
1076 5054 1154 5128 v).
1193 5074 1214 5107 ι

344 5141 629 5227 (Pauper
670 5146 936 5228 gloriatur
980 5163 1078 5228 per
1119 5147 1455 5220 disciplinam
1503 5152 1559 5217 et
1606 5147 1858 5203 timorem

273 5255 294 5289 ι
329 5252 521 5294 suum:
564 5247 619 5296 et
644 5226 728 5297 est
755 5242 916 5307 homo
942 5226 1036 5319 qui
1073 5242 1462 5299 honoriﬁcatur
1490 5250 1711 5317 propter
1734 5240 1861 5296 sub-

273 5351 293 5383 s
326 5334 587 5399 stantiam
632 5352 810 5394 suam.
862 5357 879 5389 ι
926 5336 1222 5416 Pauperem
1272 5336 1364 5397 hic
1406 5336 1664 5392 humilem
1697 5335 1861 5392 debes

268 5422 572 5498 intelligere
599 5428 692 5501 qui
738 5427 792 5482 in
833 5428 1028 5484 timore
1066 5428 1279 5484 Domini
1320 5438 1375 5493 et
1416 5429 1470 5483 in
1513 5427 1860 5490 observantia

267 5528 413 5571 verae
436 5516 712 5590 religionis
740 5526 907 5574 totam
943 5518 1171 5597 gloriam
1214 5536 1365 5583 suam
1408 5520 1615 5575 statuit.
1649 5518 1724 5572 De
1755 5533 1862 5593 quo

268 5621 367 5680 per
393 5608 621 5669 Paulum
651 5612 879 5669 dicitur:
917 5632 935 5665 ί
962 5613 1065 5689 Qui
1096 5613 1379 5685 gloriatur,
1409 5613 1462 5669 in
1499 5613 1727 5667 Domino
1747 5606 1861 5683 glo—

270 5700 463 5757 rietur.
509 5703 631 5759 Non
670 5705 815 5761 enim
841 5705 933 5777 qui
971 5690 1207 5778 seipsum
1238 5704 1582 5765 commendat
1617 5703 1707 5758 ille
1736 5716 1860 5781 pro-

271 5790 433 5848 batus
457 5801 560 5860 est,
585 5791 681 5850 sed
704 5812 865 5865 quem
893 5797 1035 5854 Deus
1064 5795 1426 5861 commendat,
1452 5793 1565 5864 ipse
1596 5792 1857 5862 probatus

273 5890 374 5943 est.
407 5908 429 5943 ο
459 5884 559 5948 Est
584 5896 768 5947 autem
792 5890 929 5949 alius
953 5890 1046 5964 qui
1067 5891 1300 5960 superba
1321 5887 1620 5946 intentione
1645 5885 1703 5942 iu
1722 5882 1861 5942 divi-

1957 2003 2238 2079 projectus
2265 2014 2350 2063 est
2370 2013 2598 2071 atoma,
2614 2005 2715 2063 iste
2738 2012 2920 2069 autem
2942 2005 3009 2069 de
3029 2004 3247 2067 miseris
3269 2003 3553 2076 pmontis

1960 2097 2087 2161 vita:
2124 2098 2195 2161 ad
2234 2100 2430 2169 gaudia
2470 2099 2789 2161 conscendit
2837 2098 3187 2169 sempiterna.
3233 2097 3313 2165 De
3348 2112 3461 2167 quo
3497 2104 3554 2154 et

1959 2207 2059 2262 per
2085 2191 2348 2257 iacebunt
2391 2193 2621 2256 dieitur:
2665 2211 2687 2253 t
2723 2191 2997 2255 Gloriatur
3027 2199 3210 2251 autem
3244 2189 3421 2249 frater
3452 2190 3555 2257 bu—

1960 2281 2105 2346 tuilis
2128 2299 2187 2347 tn.
2214 2282 2545 2349 exultatione.
2569 2298 2695 2351 sua.
2729 2282 2881 2347 divos,
2920 2289 3102 2345 autem
3147 2282 3205 2343 in
3246 2281 3553 2342 humilitate

1961 2390 2059 2439 sua
2095 2374 2238 2448 (Jac.
2267 2374 2343 2445 1):
2378 2395 2398 2431 ι
2432 2376 2560 2447 quia
2589 2375 2765 2441 omnis
2785 2376 2878 2446 qui
2903 2375 3131 2435 adverse
3156 2373 3434 2439 humiliter
3452 2388 3553 2445 illo

1960 2464 2193 2521 Domino
2221 2464 2431 2532 suffert,
2462 2466 2768 2521 sublimiter
2794 2467 2862 2521 ab
2889 2466 2980 2521 illo
3003 2464 3156 2536 regni
3180 2465 3407 2543 mntis
3431 2479 3556 2536 per-

1962 2555 2143 2626 cipiet.
2196 2555 2241 2619 Ε
2282 2555 2557 2619 contrario
2604 2564 2785 2621 autem
2818 2557 2969 2623 dives
3017 2556 3074 2623 in
3112 2556 3414 2623 humilitate
3455 2570 3555 2613 sua

1961 2649 2249 2733 glorietur:
2280 2649 2425 2729 quod
2453 2665 2551 2723 per
2575 2650 2806 2715 ironiam
2832 2649 3051 2725 dicitur.
3083 2650 3302 2732 quando
3324 2648 3553 2725 gloriam

1962 2758 2140 2819 suam,
2170 2758 2276 2819 qua
2306 2745 2372 2807 de
2403 2743 2608 2807 divitiis
2636 2743 2985 2814 superbiebat
3007 2751 3063 2809 et
3086 2758 3353 2821 pauperes
3380 2741 3556 2819 despi-

1962 2836 2161 2902 ciebat,
2191 2843 2283 2899 aut
2308 2835 2474 2897 etiam
2494 2836 2856 2913 opprimebat,
2882 2843 3143 2916 perpetua
3162 2848 3325 2908 me
3343 2832 3555 2903 ﬁnitam

1963 2945 2085 2995 ease.
2114 2929 2477 3011 causpexerit.

2578 3018 2807 3085 CAPUT
2841 3017 2940 3083 Π.

1963 3117 2242 3183 Laudatur
2265 3116 2983 3253 saniemgqqisﬁgégggur
3001 3123 3051 3181 et
3073 3117 3130 3186 in
3150 3116 3325 3187 medie
3343 3129 3556 3187 mea;

2605 3206 2690 3247 um
2715 3206 2835 3247 εεαε

2041 3322 2060 3356 ι
2096 3302 2249 3379 (CAP.
2281 3303 2384 3377 ιι.)
2413 3302 2691 3377 Sapientia
2713 3302 2983 3369 humiliati
3005 3301 3267 3371 exaltabit
3291 3307 3453 3373 caput
3476 3300 3556 3373 in-

1967 3414 1988 3458 (
2031 3394 2169 3463 eius.
2196 3400 2251 3459 et
2276 3394 2333 3453 in
2359 3393 2541 3457 medio
2565 3400 2944 3465 maguatomm
2974 3392 3272 3459 consedere
3296 3390 3445 3458 311m
3473 3389 3553 3455 fa.

1967 3506 1989 3547 ς
2028 3487 2157 3549 ciet.
2180 3507 2201 3543 ι
2233 3485 2512 3565 Sapientia
2528 3484 2799 3549 humiliati
2822 3494 2909 3547 eat
2927 3485 3062 3553 fides
3083 3482 3305 3551 Christi,
3319 3496 3551 3558 quaeret

1963 3580 2310 3643 dilectionem
2333 3586 2609 3652 operatur.
2649 3577 2777 3639 Haec
2800 3592 2906 3637 non
2933 3575 3330 3649 philosophiam
3361 3573 3553 3639 huma-

1960 3692 2110 3743 nam,
2144 3690 2247 3733 nec
2275 3674 2598 3746 iactantiam
2626 3687 2823 3737 vanam
2858 3672 3019 3743 hujus
3053 3668 3242 3737 mundi
3271 3674 3548 3737 sectatur;

1961 3770 2057 3831 sed
2079 3768 2548 3829 mansuetudinem
2568 3774 2623 3827 et
2646 3765 2968 3831 modestiam
2993 3776 3209 3833 semper
3225 3760 3309 3829 sui
3339 3757 3544 3827 domini

1962 3863 2231 3929 imitatur,
2252 3861 2347 3932 qui
2371 3861 2508 3927 dixit
2526 3878 2540 3915 :
2570 3878 2587 3911 ι
2610 3859 2810 3923 Discite
2830 3874 2864 3917 a
2885 3871 2994 3924 me,
3019 3855 3145 3926 quia
3167 3853 3317 3915 mitis
3338 3866 3480 3916 sum,
3497 3855 3553 3915 et

1962 3952 2183 4015 humilis
2209 3952 2373 4017 sorde
2411 3950 2627 4022 (Matth.
2658 3948 2759 4020 si).
2798 3968 2819 4003 ι
2859 3948 3013 4013 Unde
3045 3947 3136 4007 ﬁet
3157 3943 3303 4027 quod
3327 3942 3550 4012 tullian-

1963 4043 2129 4114 situr,
2166 4061 2185 4097 ι
2223 4054 2280 4101 et
2321 4040 2608 4105 invenietis
2645 4039 2888 4111 requiem
2933 4036 3218 4099 animabus
3258 4032 3475 4095 vestris.
3527 4049 3544 4089 ι

1962 4134 2317 4197 Possessores
2340 4133 2485 4195 enim
2517 4147 2645 4197 suos
2672 4131 2729 4187 in
2758 4129 2937 4189 medio
2960 4135 3337 4197 magnatorum
3361 4134 3550 4189 cense.-

1965 4229 2093 4291 dere
2114 4228 2299 4293 faciet,
2323 4227 2541 4296 quando
2563 4240 2658 4289 eos
2679 4239 2803 4285 cum
2825 4219 3154 4291 patriarehis
3174 4225 3230 4285 et
3252 4214 3552 4287 prophetis,

1964 4337 2090 4385 eum
2122 4320 2383 4389 apostolis
2405 4326 2460 4381 et
2490 4315 2825 4386 martyribus
2852 4320 2907 4367 et
2933 4309 3147 4379 caeteris
3171 4307 3376 4377 sanctis
3402 4301 3555 4374 regni

1963 4414 2206 4475 emissus
2230 4413 2435 4475 tribuet
2463 4423 2586 4471 esse
2614 4407 2925 4478 participes.

2042 4525 2061 4557 ι
2106 4505 2224 4560 Νοη
2253 4503 2445 4565 laudes
2468 4502 2646 4567 virum
2677 4500 2732 4563 in
2754 4497 2935 4568 specie
2964 4508 3081 4561 sua.
3119 4504 3297 4562 neque
3325 4503 3554 4561 spernas

1971 4614 1990 4648 ς
2030 4596 2305 4651 hominem
2323 4594 2376 4648 in
2399 4592 2519 4647 visu
2544 4606 2661 4646 suo.
2677 4588 2867 4655 Brevis
2894 4587 2948 4655 in
2976 4583 3284 4655 volatilibus
3305 4587 3391 4636 est
3411 4579 3552 4649 apis,

1972 4708 1991 4741 (
2037 4694 2093 4743 et
2140 4686 2356 4742 initium
2404 4683 2640 4740 dulcorls
2677 4682 2843 4737 habet
2878 4677 3088 4734 fructus
3142 4675 3308 4731 illius.
3346 4693 3365 4726 ι
3415 4671 3549 4739 Pro-

1967 4781 2117 4837 hibet
2151 4793 2219 4834 ne
2261 4777 2383 4849 quis
2408 4776 2562 4848 juxta
2607 4774 2842 4846 speciem
2874 4771 3119 4859 corporis
3162 4768 3393 4825 aestimet
3416 4780 3553 4859 qua-

1966 4874 2177 4939 litatem
2215 4870 2416 4929 mentis
2451 4888 2464 4924 :
2498 4869 2625 4939 quia
2656 4869 2797 4925 sicut
2822 4857 2992 4922 divisa
3026 4872 3109 4919 est
3134 4869 3332 4917 natura
3361 4857 3555 4910 anima:

1968 4973 2023 5033 et
2069 4962 2347 5036 corporis,
2402 4960 2476 5015 ita
2523 4968 2579 5015 et
2622 4959 2858 5032 dignitas
2911 4970 3099 5010 eorum
3156 4959 3240 5006 est
3290 4948 3507 5003 diversa
3536 4985 3550 5012 ,

1967 5072 2068 5112 nec
2119 5066 2461 5124 consequens
2513 5057 2598 5107 est
2648 5058 2708 5105 ut
2771 5046 3131 5117 quantitatem
3191 5046 3414 5094 statura:
3472 5051 3556 5090 se-

1967 5156 2167 5235 quatur
2202 5145 2395 5209 modus
2437 5144 2745 5235 sapientiae.
2768 5139 2922 5196 Unde
2955 5146 3009 5193 et
3049 5137 3103 5191 in
3129 5132 3383 5235 I-Reg‘uin
3410 5169 3426 5195 ,
3446 5126 3555 5235 .uhi

1970 5218 2279 5295 gamuelem
2325 5234 2587 5291 Dominus
2624 5232 2803 5296 misit,
2837 5237 2901 5285 ut
2927 5243 3093 5293 unum
3147 5227 3215 5281 de
3266 5222 3393 5277 ﬁliis
3446 5218 3552 5275 lsai

1967 5335 2194 5402 lingeret
2239 5329 2295 5383 in
2343 5342 2528 5397 regem
2571 5340 2734 5394 super
2768 5320 2955 5385 lsrael,
3006 5332 3127 5374 cum
3166 5311 3558 5404 primogenitus

1966 5421 2084 5500 ejus
2118 5421 2271 5478 Eliab
2314 5420 2655 5475 introductus
2694 5422 2839 5471 esset
2880 5429 3062 5482 coram
3097 5411 3389 5494 prepheta,
3421 5407 3560 5477 dixit

1969 5514 2229 5569 Dominus
2260 5510 2327 5568 ad
2356 5528 2480 5568 eum
2506 5529 2519 5566 :
2550 5528 2570 5562 ι
2604 5508 2681 5564 Ne
2707 5506 2966 5578 respicias
2989 5504 3195 5571 vultum
3216 5500 3352 5572 ejus,
3380 5511 3559 5568 neque

1966 5606 2306 5662 altitudinem
2339 5612 2563 5660 staturae
2606 5599 2744 5670 ejus,
2777 5598 3033 5669 quoniam
3071 5592 3242 5665 abjeci
3274 5606 3422 5657 eum,
3452 5600 3555 5643 nee

1958 5696 2115 5771 juxta
2148 5694 2405 5761 intuitum
2447 5691 2681 5757 hominis
2721 5688 2906 5761 judico
2937 5685 2991 5759 (Ι
3022 5684 3151 5755 Reg.
3185 5681 3319 5753 1m).
3342 5677 3559 5771 illuvie

1964 5770 2110 5845 enim
2133 5786 2280 5841 videt
2303 5799 2365 5841 ea
2390 5798 2512 5856 quae
2532 5789 2796 5854 apparent
2822 5799 2834 5835 :
2869 5778 3132 5836 Dominus
3160 5781 3340 5829 autem
3371 5770 3548 5826 intue-

1963 5887 2054 5938 tur
2078 5892 2207 5949 cor;
2248 5886 2305 5936 et
2332 5866 2473 5936 bene
2504 5875 2713 5950 species
2748 5874 2865 5947 apis
2898 5872 3043 5930 inter
3087 5872 3283 5925 mttere
3315 5857 3556 5947 volatilia
