4030 6480
490 399 598 458 839

1135 401 1197 454 B.
1239 400 1495 458 RABANI
1528 399 1750 460 MAURI
1786 400 2106 459 ARCHIEP.
2146 402 2460 494 MOGUN'I.
2497 400 2785 460 OPERUM
2823 399 3004 460 PARS
3033 402 3075 458 ι.

3651 407 3764 468 ΒΜ)

489 514 558 569 ad
581 511 1032 585 comparationem
1059 528 1310 582 sumitur,
1339 533 1460 588 quae
1489 527 1544 572 et
1569 517 1756 574 aculeo
1777 518 1985 587 pungit,
2014 526 2069 573 et
2093 523 2149 584 Α
2170 517 2541 574 haereditatem
2565 526 2904 590 perpetuam,
2949 516 3168 574 Christo
3190 517 3484 590 tribuente,
3517 525 3770 598 percepit

488 619 651 675 opera
672 603 848 660 mellis
873 603 1108 660 conﬁcit.
1131 605 1223 661 Sic
1248 615 1304 661 et
1324 607 1381 662 in
1406 608 1558 664 brevi
1587 609 1908 678 corpusculo
1929 623 2074 679 saepe

489 700 766 772 ingeniosa
794 701 1062 758 inhabitat
1085 703 1289 768 anima,
1316 719 1436 773 qua:
1461 713 1517 759 et
1547 705 1796 760 acumine
1823 705 1988 776 viget,
2019 712 2075 760 et

489 790 544 844 in
579 791 824 847 doctrina
872 806 970 848 sua
1014 791 1167 849 novit
1214 792 1462 865 proferre
1505 795 1824 850 suavitatem
1863 795 2074 865 sapien-

489 884 578 940 tite

567 1017 586 1050 ι
628 999 689 1055 In
712 1001 912 1058 vestitu
937 1017 1006 1058 ne
1032 1003 1281 1075 glorieris
1307 1021 1564 1076 unquam,
1587 1021 1692 1062 nec
1713 1007 1767 1063 in
1794 1007 1881 1062 die
1904 1008 2074 1064 hono-

495 1109 515 1142 ι
557 1092 635 1148 ris
653 1093 728 1148 tui
751 1094 1046 1151 extollaris.
1074 1116 1096 1150 ›
1127 1096 1280 1164 Quod
1303 1107 1484 1156 autem
1507 1102 1721 1158 vanitas
1740 1103 1973 1158 vestium
1990 1101 2075 1157 fu-

488 1184 681 1254 gienda
710 1185 802 1252 sit,
825 1185 1086 1244 Dominus
1112 1189 1349 1244 insinuat
1374 1191 1427 1246 in
1457 1192 1770 1264 Evangelio,
1797 1193 1889 1249 ubi
1916 1193 2076 1250 Joan-

489 1279 614 1331 nem
635 1277 935 1348 Baptistam
963 1294 1063 1350 pro
1089 1282 1382 1352 asperitate
1419 1284 1722 1340 indumenti
1749 1285 2074 1342 laudabilem

490 1367 745 1432 ostendit,
796 1369 865 1424 ad
915 1371 1099 1426 turbas
1134 1372 1362 1430 dicens:
1402 1393 1421 1426 ι
1467 1374 1607 1443 Quid
1641 1377 1832 1432 existis
1859 1377 2077 1434 videre?

491 1461 769 1518 hominem
798 1464 1052 1520 mollibus
1078 1466 1364 1522 vestitum?
1387 1468 1546 1536 Ecce,
1583 1472 1676 1540 qui
1703 1471 2076 1528 mollibus've-

490 1554 752 1620 stiuntur,
798 1555 854 1610 in
899 1555 1146 1614 domibus
1193 1575 1381 1631 regum
1429 1569 1556 1617 sunt
1585 1561 1737 1634 (Luc.
1784 1564 1860 1637 7).
1899 1582 1921 1618 ι
1958 1564 2077 1634 Ipse

491 1651 674 1699 autem
703 1643 939 1701 Joannes
977 1647 1208 1704 habebat
1234 1651 1616 1706 vestimentum
1648 1654 1717 1709 de
1743 1653 1868 1724 pilis
1892 1669 2076 1710 came-

489 1732 686 1802 lorum,
715 1745 773 1792 et
793 1752 987 1793 zonam
1026 1740 1308 1810 pelliceam
1334 1744 1480 1799 circa
1505 1744 1718 1801 lumbos
1744 1762 1874 1804 suos
1905 1767 1919 1802 :
1953 1763 2078 1804 esca

489 1834 673 1884 autem
706 1831 1057 1887 erat-locusta
1082 1842 1138 1890 ct
1165 1835 1271 1890 mel
1308 1835 1576 1894 silvestre.
1615 1839 1682 1894 Et
1723 1840 1917 1898 Petrus
1950 1857 2078 1912 apo-

2177 613 2355 684 (Deut.
2386 630 2519 682 xvn,
2545 630 2638 669 xxx
2664 630 2678 679 ;
2704 614 2900 670 Matth.
2930 611 3112 686 xvm).

2252 724 2269 758 ‹
2314 706 2474 762 Prius
2521 722 2684 778 quam
2735 706 3040 778 interroges
3066 746 3082 773 ,
3133 723 3203 762 ne
3249 707 3528 780 vituperes
3581 725 3770 782 quem-

2180 816 2200 850 ‹
2246 812 2408 867 quam
2431 815 2446 865 ;
2472 806 2675 854 etcum
2698 797 3136 870 interrogaveris,
3165 799 3563 870 corripejuste.
3600 822 3621 855 ι
3662 803 3770 859 Te-

2175 896 2467 951 merarium
2505 893 2770 964 judicium
2810 909 2912 950 nos
2945 892 3125 950 facere
3151 895 3422 966 prohibet.
3449 896 3593 953 Hinc
3629 908 3685 954 et
3715 899 3772 954 in

2175 982 2293 1052 lege
2330 983 2590 1039 Dominus
2622 984 2878 1054 praecepit
2912 999 2980 1039 ne
3027 984 3317 1056 quisquam
3355 987 3649 1059 puniretur
3679 989 3778 1058 fin—

2175 1091 2407 1142 nocens,
2455 1091 2555 1132 nec
2595 1091 2704 1131 uno
2757 1085 2948 1132 contra
2995 1091 3056 1132 se
3099 1076 3313 1133 dicente
3359 1079 3774 1146 testimonium,

2177 1169 2271 1224 sed
2308 1169 2364 1224 in
2393 1185 2488 1225 ore
2527 1169 2755 1225 duorum
2796 1169 2881 1226 vel
2909 1169 3072 1224 trium
3121 1170 3337 1226 testium
3391 1179 3566 1227 staret
3616 1189 3779 1228 omne

2177 1262 2400 1317 verbum
2429 1260 2618 1334 (Hebr.
2657 1261 2738 1334 x).
2781 1261 3046 1317 Similiter
3072 1271 3128 1318 et
3175 1263 3451 1334 apostolus
3485 1265 3780 1321 Timotheo
3835 1283 3838 1316 :

2169 1352 2323 1423 jubet
2366 1365 2427 1408 ut
2471 1355 2760 1411 adversum
2804 1357 3186 1428 presbyterum
3219 1359 3630 1414 accusationem
3670 1375 3779 1415 non
3830 1335 3838 1358 ³

2177 1444 2433 1514 recipiat,
2475 1445 2582 1500 nisi
2617 1447 2715 1501 sub
2748 1445 2958 1501 duobus
2997 1455 3092 1501 aut
3125 1446 3300 1504 tribus
3337 1449 3614 1506 testibus:
3648 1465 3781 1522 pec-

2180 1544 2366 1593 cantes
2395 1544 2578 1592 autem
2612 1552 2798 1594 coram
2826 1537 3081 1594 omnibus
3109 1547 3322 1612 arguat,
3359 1548 3419 1596 ut
3443 1541 3637 1598 caeteri
3667 1556 3783 1598 me-

2180 1638 2293 1685 tum
2318 1618 2553 1686 habeant
2579 1631 2631 1703 (Ι
2657 1631 2790 1686 Tim.
2822 1631 2902 1705 v).

2256 1741 2275 1774 ι
2316 1723 2476 1779 Prius
2501 1739 2664 1794 quam
2693 1725 2883 1781 audias
2901 1765 2916 1792 ,
2963 1740 3033 1782 ne
3071 1727 3402 1796 respondeas
3427 1730 3663 1785 verbum
3684 1771 3699 1796 ,
3725 1740 3782 1785 et

2188 1834 2206 1866 ι
2251 1816 2307 1870 in
2351 1815 2532 1870 medio
2562 1831 2875 1873 sermonum
2909 1831 2979 1873 ne
3023 1818 3247 1891 adjicias
3277 1819 3447 1890 loqui.
3483 1841 3505 1873 ι
3562 1821 3645 1877 De
3674 1838 3782 1892 quo

489 1917 660 1975 stolus
686 1919 740 1974 in
780 1920 1021 1992 Epistola
1047 1939 1142 1980 sua
1163 1925 1316 1994 jubet
1341 1928 1598 1986 mulieres
1623 1894 1912 1988 noniinrdui
1931 1894 2077 1989 vierste
2104 1915 2153 1976 Β
2180 1915 2235 1964 εί
2258 1907 2313 1962 in
2337 1894 2643 1964 Proverbiis
2672 1909 2936 1980 scriptum
2963 1917 3049 1966 θδί
3079 1927 3094 1965 ³
3132 1927 3153 1962 ⁸
3183 1910 3286 1978 Qui
3307 1911 3459 1982 prius
3482 1914 3785 1982 Γθδνθθδθί

489 2007 728 2076 pretiosa
747 2049 764 2076 ,
790 2026 968 2082 neque
1001 2016 1311 2087 margaritis
1342 2027 1437 2074 aut
1463 2020 1893 2078 circumdatione
1925 2024 2076 2092 auri;

490 2099 586 2154 sed
629 2102 804 2174 magis
865 2119 1078 2161 morum
1137 2108 1420 2165 honestate
1470 2120 1527 2166 et
1575 2113 2083 2184 incorruptibilitate

489 2191 656 2261 quieti
700 2202 756 2250 et
802 2197 1032 2254 modesti
1061 2199 1280 2270 spiritus
1309 2201 1364 2273 (Ι
1391 2201 1510 2256 Pet.
1553 2203 1659 2274 ιιι).
1700 2203 1934 2261 Proinde
1971 2221 2081 2262 non

491 2283 646 2341 decet
674 2287 971 2346 honoribus
997 2293 1284 2350 mundanis
1321 2295 1638 2365 quemlibet,
1657 2297 1953 2364 extollere,
1986 2298 2082 2354 sed

491 2376 665 2445 magis
726 2379 990 2436 virtutum
1051 2385 1334 2442 honestate
1381 2389 1734 2460 semetipsum
1792 2391 2079 2447 adornare.

494 2466 650 2525 Unde
675 2477 730 2527 et
755 2475 1036 2543 sequitur:

571 2598 590 2630 ι
634 2581 899 2648 Quoniam
942 2587 1210 2645 mirabilia
1262 2606 1428 2662 opera
1459 2591 1727 2650 Altissimi
1780 2595 1978 2662 solius,
2029 2604 2085 2652 et

501 2689 520 2721 ε
561 2672 793 2743 gloriosa
817 2684 874 2732 et
899 2677 1164 2735 absconsa
1188 2688 1244 2737 et
1265 2682 1439 2738 invisa
1470 2698 1633 2753 opera
1656 2685 1819 2742 illius.
1855 2705 1873 2738 ι
1905 2684 2082 2757 Opera

492 2763 638 2818 enim
687 2765 784 2821 Dei
829 2769 956 2838 quia
999 2772 1295 2828 secundum
1341 2774 1625 2830 veritatem
1672 2784 1728 2830 et
1763 2777 2080 2846 aequitatem

491 2855 671 2911 omnia
697 2855 855 2925 ﬁunt,
887 2859 1010 2916 ideo
1035 2862 1304 2921 mirabilia
1341 2873 1396 2920 et
1422 2865 1656 2936 gloriosa
1679 2876 1828 2934 sunt,
1855 2882 1955 2923 nec
1975 2883 2083 2923 non

492 2955 550 3002 et
592 2948 857 3007 absconsa
885 2962 940 3009 et
966 2953 1176 3022 invisa,
1211 2957 1338 3028 quia
1376 2959 1640 3014 rationem
1669 2959 1884 3016 illorum
1911 2960 2083 3016 'nemo

491 3038 562 3092 ad
586 3037 858 3112 integrum
878 3043 1205 3116 investigare
1232 3049 1450 3118 poterit.
1480 3049 1612 3117 Quae
1637 3051 1753 3122 ipse
1777 3051 2083 3106 secundum

490 3131 779 3189 consilium
801 3151 960 3191 suum
991 3147 1046 3194 et
1071 3140 1396 3209 sapientiam
1421 3158 1574 3198 suam
1603 3143 1753 3199 solus
1773 3145 1900 3214 agit.
1928 3142 2082 3210 Quod

491 3221 795 3295 intelligens
812 3226 1104 3298 Apostolus
1124 3232 1755 3302 obstupendo‘admirans
1780 3234 1884 3288 ait:
1909 3253 1926 3286 ι
1948 3233 1992 3290 0
2008 3233 2082 3288 al-

490 3315 666 3374 titudo
685 3319 998 3378 divitiarum
1024 3324 1300 3394 sapientiae
1323 3333 1380 3381 et
1399 3327 1642 3383 scientiae
1668 3328 1788 3395 Dei,
1811 3343 1976 3398 quam
1999 3327 2082 3382 ia-

491 3413 999 3482 comprehensibilia
1026 3424 1151 3472 sunt
1179 3416 1379 3486 judicia
1415 3417 1532 3488 ejus
1553 3460 1568 3485 ,
1600 3429 1656 3477 et
1683 3421 2082 3492 investigables

490 3503 591 3558 via:
609 3502 766 3574 ejus!
803 3507 934 3573 Quis
968 3509 1113 3563 enim
1145 3511 1399 3581 cognovit
1432 3526 1654 3568 sensum
1689 3513 1942 3568 Domini?
1974 3514 2084 3569 Aut

491 3593 614 3662 quis
658 3596 1003 3653 consiliarius
1030 3598 1148 3667 ejus
1185 3600 1322 3668 fuit,
1356 3611 1449 3658 aut
1471 3604 1594 3673 quis
1627 3605 1779 3674 prior
1806 3606 1953 3660 dedit
1980 3605 2079 3672 illi,

489 3692 548 3738 et.
570 3684 897 3742 retribuetur
919 3689 1006 3742 ei?
1037 3691 1295 3759 quoniam
1336 3708 1404 3748 ex
1429 3694 1565 3764 ipso,
1597 3703 1651 3749 et
1673 3709 1771 3764 per
1799 3695 1998 3765 ipsum,
2027 3703 2083 3751 et

490 3773 549 3827 in
584 3772 702 3844 ipso
742 3785 868 3831 sunt
917 3779 1097 3834 omnia
1143 3780 1319 3852 (Rom.
1365 3783 1444 3854 xu)
1483 3803 1503 3836 ι
1558 3801 1572 3837 :
1617 3785 1710 3854 qui
1751 3785 1914 3840 etiam
1952 3785 2082 3841 facit

491 3877 688 3934 magna
741 3873 798 3921 et
842 3866 1233 3925 inscrutabilia.
1283 3871 1421 3928 Hinc
1463 3882 1518 3929 et
1564 3875 1918 3931 Ecclesiastes
1956 3878 2076 3932 ait:

497 3973 516 4006 ι
553 3954 797 4012 Intellexi
826 3959 971 4027 quod
995 3961 1238 4015 omnium
1277 3977 1500 4031 operum
1535 3963 1628 4018 Dei
1670 3965 1873 4019 nullam
1907 3967 2082 4035 possit

491 4044 654 4100 homo
683 4047 928 4104 invenire
956 4051 1224 4106 rationem
1250 4067 1470 4120 eorum,
1515 4069 1636 4124 qua:
1667 4055 1804 4110 ﬁunt
1839 4057 1940 4112 sub
1966 4058 2079 4114 sole

494 4136 663 4208 (Eccl.
709 4140 888 4213 xvm),
941 4161 962 4194 ›
1022 4152 1078 4198 et
1124 4153 1326 4214 quanto
1366 4145 1598 4217 amplius
1637 4147 1966 4204 laboraverit
2011 4151 2079 4206 ad

491 4230 862 4299 quaerendum,
896 4241 1049 4290 tanto
1075 4235 1256 4291 minus
1283 4237 1558 4293 inveniet:
1595 4238 1760 4294 etiam
1796 4240 1842 4295 si
1882 4239 2079 4296 dixerit

493 4322 709 4390 sapiens
737 4340 796 4380 se
821 4341 981 4382 nosse
1003 4367 1018 4394 ,
1047 4343 1155 4383 non
1195 4331 1396 4399 poterit
1428 4331 1690 4388 invenire.
1737 4331 1890 4400 Quod
1931 4334 2077 4389 enim

490 4412 652 4467 alium
687 4416 828 4472 Deus
857 4416 1107 4472 humiliat
1135 4425 1190 4474 et
1217 4418 1382 4475 alium
1403 4422 1628 4488 exaltat,
1651 4437 1764 4478 suae
1787 4425 2075 4494 potestatis

492 4513 654 4573 atque
677 4504 869 4575 judicii
890 4515 996 4574 est,
1025 4508 1178 4563 sicut
1197 4511 1476 4580 sequentia
1501 4512 1774 4581 probant:

2184 2010 2481 2073 antequam
2524 2004 2743 2071 audiat,
2793 2003 3018 2059 stultum
3061 2017 3121 2060 se
3166 2018 3288 2060 esse
3337 2005 3687 2061 demonstrat
3732 2014 3785 2060 et

2182 2096 2497 2153 confusione
2522 2097 2742 2169 dignum
2771 2095 2954 2168 (Prov.
2997 2094 3176 2168 xvm).
3214 2116 3235 2149 ι
3277 2095 3336 2151 Id
3361 2103 3465 2163 est,
3499 2097 3596 2168 qui
3628 2097 3785 2168 prius

2183 2194 2374 2249 doctor
2401 2207 2522 2248 esse
2555 2191 2827 2247 desiderat
2859 2205 3024 2261 quam
3052 2189 3266 2255 discat,
3298 2190 3544 2245 stultitiae
3577 2205 3784 2246 noxam

2183 2301 2293 2340 non
2320 2284 2574 2340 declinat.
2608 2281 2711 2349 Qui
2741 2281 2990 2353 judicare
3020 2281 3393 2351 proximorum
3421 2281 3568 2337 facta
3598 2281 3785 2352 prius-

2184 2390 2348 2445 quam
2385 2373 2546 2444 plene
2581 2387 2807 2428 causam
2837 2372 3120 2442 utriusque
3151 2371 3324 2442 partis
3347 2373 3670 2445 dignoscat,
3704 2371 3784 2426 in-

2183 2466 2433 2522 ordinate
2467 2465 2708 2531 festinat,
2747 2471 2804 2518 et
2844 2463 2935 2519 ille
2967 2477 3028 2520 se
3061 2462 3381 2520 confusione
3421 2463 3652 2534 dignum
3677 2461 3785 2517 fde-

2150 2613 2154 2617 .
2184 2566 2484 2625 monstrat,
2514 2557 2644 2629 quia
2669 2557 2843 2630 magis
2874 2557 3210 2628 pertinacem
3231 2559 3420 2628 gquam
3450 2554 3782 2627 prudentem

2183 2663 2306 2706 esse
2330 2649 2544 2718 probat.

2261 2761 2280 2794 (
2321 2741 2398 2797 De
2423 2756 2489 2796 ea
2518 2755 2580 2797 re
2606 2755 2726 2811 quae
2749 2748 2804 2796 te
2832 2755 2943 2797 non
2971 2739 3227 2796 molestat
3253 2753 3325 2794 ne
3349 2737 3611 2804 certetis;
3640 2745 3700 2793 et
3727 2752 3780 2790 ιιι

2191 2851 2210 2884 ι
2249 2831 2453 2901 judicio
2475 2831 2817 2903 peccantium
2844 2847 2914 2886 ne
2950 2831 3234 2887 consistas.
3273 2849 3294 2882 ι
3329 2829 3604 2885 Admonet
3631 2836 3696 2882 ut
3725 2828 3780 2882 in

2183 2928 2469 3001 superﬂuis
2499 2929 2662 2984 rebus
2685 2943 2794 2983 non
2824 2926 2987 2982 nimis
3005 2926 3177 2981 simus
3202 2924 3425 2990 curiosi,
3455 2930 3512 2978 et
3540 2936 3778 2994 peccan—

2183 3023 2318 3078 tium
2344 3020 2601 3092 pravitati
2644 3033 2752 3075 non
2787 3019 3212 3076 consentiamus.
3262 3017 3432 3073 Docet
3459 3015 3610 3070 enim
3638 3016 3781 3083 Apo-

2185 3115 2369 3181 stolus,
2405 3134 2424 3166 ‹
2473 3121 2535 3169 ιιι
2577 3113 2842 3169 habentes
2879 3112 3136 3167 alimenta
3177 3119 3232 3166 et
3258 3109 3457 3180 quibus
3505 3117 3774 3177 tegamur,

2184 3207 2269 3263 his
2309 3209 2548 3263 contenti
2591 3207 2763 3264 simus
2810 3205 2864 3278 (Ι
2896 3205 3032 3260 Tim.
3061 3205 3162 3276 vr).
3187 3223 3208 3258 ι
3259 3204 3329 3260 ΕΙ.
3363 3203 3493 3259 alibi
3529 3221 3543 3256 :
3597 3221 3616 3253 ι
3662 3201 3780 3257 Νοιι

2107 3283 2153 3346 C
2185 3299 2376 3364 solum,
2411 3298 2607 3369 inquit,
2638 3297 2732 3368 qui
2758 3296 2968 3352 faciunt
3001 3295 3167 3362 mala,
3203 3295 3300 3350 sed
3328 3302 3383 3350 et
3411 3293 3506 3364 qui
3549 3308 3781 3349 consen-

2180 3390 2321 3444 tiunt
2345 3388 2688 3454 facientibus,
2714 3386 2860 3460 digni
2885 3395 3012 3442 sunt
3042 3395 3237 3442 morte.
3286 3384 3488 3440 Beatus
3521 3385 3675 3440 enim
3704 3384 3785 3437 vir

2181 3489 2266 3535 est
2313 3481 2407 3550 qui
2452 3496 2560 3536 non
2592 3479 2727 3536 abiit
2774 3479 2832 3532 in
2870 3478 3096 3534 consilio
3133 3478 3460 3547 impiorum,
3492 3483 3552 3532 et
3590 3476 3648 3529 in
3697 3474 3782 3529 via

2181 3580 2529 3640 peccatorum
2581 3586 2691 3626 non
2738 3570 2913 3635 stetit,
2960 3577 3016 3624 et
3052 3569 3110 3624 in
3145 3568 3406 3624 cathedra
3452 3564 3781 3636 pestilentis

2181 3675 2290 3714 non
2325 3661 2463 3715 sedit
2491 3659 2664 3732 (Psal.
2695 3660 2758 3731 1).
2806 3679 2826 3713 ι

2259 3769 2278 3801 ‹
2323 3749 2448 3817 Fili,
2477 3763 2546 3804 ne
2570 3751 2628 3805 in
2653 3750 2837 3805 multis
2867 3749 2980 3807 sint
3013 3756 3168 3806 actus
3189 3749 3292 3815 tui,
3321 3756 3379 3804 et
3411 3746 3459 3803 si
3485 3747 3640 3803 dives
3667 3746 3782 3802 fue-

2188 3862 2205 3894 ‹
2250 3843 2346 3910 ris,
2385 3857 2492 3898 non
2523 3842 2631 3898 eris
2654 3842 2912 3898 immunis
2939 3856 2972 3895 a
2997 3840 3217 3897 delicto.
3262 3859 3280 3892 ι
3314 3840 3484 3896 Docet
3513 3837 3780 3908 sapientia

2181 3934 2322 3990 filios
2349 3949 2477 3990 suos
2506 3950 2577 3990 ne
2614 3942 2830 3991 certent
2865 3933 3009 3988 ultra
3039 3924 3272 3988 'modum
3312 3931 3370 3985 in
3412 3929 3780 4000 adipiscendis

2181 4025 2410 4080 terrenis
2438 4024 2623 4088 lucris,
2672 4025 2798 4094 quia
2839 4031 3052 4095 pestem
3093 4021 3335 4078 avaritiae
3381 4029 3438 4077 et
3475 4019 3699 4076 invidia:
3729 4026 3779 4072 et

2179 4114 2492 4184 hujusmodi
2514 4131 2626 4171 non
2654 4114 2914 4170 devitant.
2949 4113 3104 4170 Unde
3127 4122 3185 4170 et
3212 4113 3272 4168 in
3300 4111 3619 4168 Proverbiis
3640 4109 3776 4165 scri-

2179 4214 2332 4276 ptum
2375 4214 2460 4262 est
2489 4223 2502 4261 :
2545 4225 2564 4258 ‹
2598 4205 2696 4261 Vir
2721 4205 2816 4276 qui
2849 4203 3072 4260 festinat
3107 4204 3270 4260 ditari
3311 4210 3368 4259 et
3401 4202 3525 4257 aliis
3550 4203 3775 4266 invidet,

2180 4299 2396 4370 ignorat
2421 4300 2566 4371 quod
2587 4307 2801 4371 egestas
2830 4298 3176 4370 superveniat
3209 4297 3261 4353 ei
3286 4295 3472 4369 (Prov.
3501 4296 3722 4367 xxvm).
3755 4316 3770 4346 ι

2179 4392 2247 4447 Et
2297 4391 2428 4448 item
2459 4411 2472 4446 :
2509 4413 2527 4445 ‹
2567 4391 2899 4457 Conturbat,
2932 4392 3143 4460 inquit,
3185 4391 3406 4445 domum
3453 4404 3646 4454 suam,
3684 4390 3776 4458 qui

2180 4491 2419 4538 seetatur
2451 4482 2738 4538 avaritiam
2773 4483 2956 4554 (Prov.
3009 4481 3120 4554 xv).
3175 4501 3194 4534 ι
3236 4480 3425 4537 Melius
3461 4489 3548 4535 est
3584 4495 3778 4550 parum

2183 4591 2306 4630 cum
2332 4575 2527 4630 timore
2549 4574 2973 4644 Domini,fquam
2996 4573 3241 4628 thesauri
3270 4573 3483 4644 argenti
3513 4572 3700 4643 magni
3727 4581 3782 4626 et

570 4636 775 4750 (“illum
800 4642 1299 4750 tyranni‘sederunt
1327 4646 1383 4700 in
1419 4647 1616 4750 throno
1635 4689 1651 4716 ,
1685 4658 1742 4705 et
1771 4651 2076 4722 insuspica-
2099 4621 2156 4682 Ῑ)
2184 4668 2483 4724 instabiles,
2515 4668 2584 4724 Ει
2607 4669 2663 4724 in
2695 4621 3072 4750 Ecgﬁgsiaste‘:
3110 4685 3128 4717 (
3165 4621 3395 4731 Avaruos,
3425 4621 3639 4734 inquit?
3669 4679 3778 4718 non

495 4745 513 4775 ‹
555 4727 680 4782 bilis
725 4732 964 4798 portavit
1009 4734 1285 4803 diadema;
1337 4737 1492 4792 multi
1540 4749 1788 4809 potentes
1835 4744 2080 4812 oppressi

496 4831 515 4864 ι
562 4823 689 4871 sunt
712 4818 924 4887 valide,
947 4831 1002 4877 et
1024 4822 1246 4894 gloriosi
1272 4826 1460 4881 traditi
1491 4836 1619 4882 sunt
1645 4829 1698 4884 in
1725 4845 1918 4885 manus
1947 4830 2081 4887 alte-

497 4925 516 4960 ι
563 4925 768 4966 rorum.
826 4932 845 4965 ι
894 4912 1020 4970 Haec
1066 4923 1120 4972 et
1168 4918 1463 4972 secundum
1514 4919 1798 4977 historiam
1851 4921 2079 4994 intelligi

489 5011 737 5070 possunt,
765 5003 893 5074 quia
920 5020 1062 5077 saepe
1088 5020 1188 5076 per
1214 5008 1615 5065 ordinationem
1640 5010 1737 5066 Dei
1769 5010 1846 5066 illi
1867 5011 1935 5066 ad
1967 5011 2082 5068 cul-

489 5109 614 5150 men
641 5095 864 5152 honoris
892 5101 1224 5168 ascendunt,
1259 5103 1353 5172 qui
1384 5104 1585 5160 nullius
1613 5115 1774 5162 antea
1804 5107 1948 5178 apud
1971 5107 2073 5163 ho-

490 5186 665 5242 mines
689 5188 967 5260 dignitatis
1001 5192 1239 5263 fuerunt,
1272 5203 1328 5250 et
1357 5211 1388 5251 e
1426 5198 1700 5253 contrario
1727 5199 1825 5264 illi,
1854 5200 1946 5270 qui
1972 5216 2072 5272 po-

491 5286 669 5335 tentes
693 5279 931 5351 fuerunt,
949 5284 1154 5355 judicio
1185 5288 1282 5344 Dei
1309 5289 1481 5358 pressi
1525 5290 1593 5345 ad
1614 5299 1990 5360 paupertatem
2018 5301 2077 5348 et

494 5371 564 5425 ad
587 5371 898 5444 despectum
919 5380 1258 5447 perveniunt.
1295 5379 1560 5437 Similiter
1587 5391 1642 5438 et
1669 5385 1964 5440 secundum
1991 5384 2072 5439 al-

491 5457 768 5532 legoriam,
817 5466 1046 5538 populus
1077 5470 1227 5540 prior
1263 5472 1355 5542 qui
1379 5474 1446 5528 de
1470 5482 1760 5544 parentum
1796 5475 2075 5532 nobilitate

486 5551 744 5625 jactabat,
772 5567 827 5615 et
872 5559 926 5614 in
955 5563 1192 5631 potentia
1228 5563 1433 5621 carnali
1468 5566 1825 5639 gloriabatur,
1855 5580 2076 5640 propter

489 5647 774 5718 perﬁdiam
799 5652 984 5708 divino
1001 5652 1206 5722 judicio
1235 5672 1265 5710 a
1293 5659 1528 5727 primatu
1554 5661 1796 5732 dejectus
1823 5670 1909 5719 est
1941 5677 1956 5717 :
1986 5678 2079 5734 po-

490 5738 649 5808 pulus
687 5757 817 5799 vero
857 5745 1096 5815 gentium
1138 5755 1360 5817 propter
1398 5749 1558 5806 fidem
1599 5751 1695 5807 Dei
1748 5751 1800 5807 in
1841 5752 2074 5810 ﬁliorum

483 5827 697 5911 locutu.
717 5836 1060 5909 subrogatus,
1087 5838 1521 5899 benedictionem
1546 5844 1988 5916 patriarcharum
2014 5845 2074 5904 in
2106 5862 2114 5903 -:

2183 4758 2438 4827 impletur
2463 4758 2724 4828 pecunia;
2757 4767 2812 4814 et
2846 4758 2937 4828 qui
2961 4766 3108 4813 amat
3142 4757 3390 4821 divitias,
3422 4754 3641 4810 fructus
3668 4771 3776 4809 non

2184 4847 2360 4917 capiet
2385 4862 2449 4902 ex
2475 4847 2555 4901 eis
2582 4843 2750 4918 (Eccl.
2770 4845 2881 4918 ν).ι
2898 4845 3062 4901 Juxta
3090 4844 3444 4916 tropologiam
3470 4860 3605 4900 vero
3635 4859 3778 4913 saepe

2183 4945 2431 5006 suscepta
2461 4952 2590 4992 cura
2637 4937 2917 5009 regiminis
2943 4952 3037 4992 cor
3064 4951 3163 5006 per
3189 4936 3402 4991 diversa
3428 4935 3775 5000 diverberat;

2183 5036 2237 5081 et
2261 5027 2435 5095 impar
2465 5027 2696 5096 quisque
2728 5025 3004 5080 invenitur
3029 5025 3096 5078 ad
3131 5024 3361 5094 singula,
3390 5025 3517 5079 dum
3547 5023 3779 5078 confusa

2179 5123 2360 5170 mente
2382 5115 2642 5171 dividitur
2666 5115 2735 5169 ad
2759 5113 2948 5170 multa.
2985 5113 3138 5169 Unde
3169 5114 3260 5168 hic
3287 5113 3532 5170 consulte
3557 5128 3661 5184 per
3683 5129 3773 5168 sa-

2177 5207 2437 5278 pientiam
2468 5207 2664 5262 dicitur
2690 5223 2703 5260 :
2735 5225 2751 5257 ‹
2774 5204 2897 5272 Fili,
2921 5219 2990 5261 ne
3011 5205 3066 5260 in
3086 5205 3273 5260 multis
3291 5204 3398 5260 sint
3418 5212 3575 5259 actus
3599 5203 3678 5258 tui
3706 5222 3720 5256 :
3753 5223 3772 5255 ι

2179 5299 2307 5370 quia
2347 5297 2630 5365 videlicet,
2681 5311 3020 5369 nequaquam
3054 5297 3214 5366 plene
3247 5295 3303 5351 in
3342 5293 3774 5365 uniuscujusque

2177 5390 2360 5461 operis
2386 5389 2596 5446 ratione
2621 5389 2913 5460 colligitur,
2937 5390 3064 5445 dum
3093 5403 3248 5444 mens
3274 5403 3373 5458 per
3399 5388 3621 5444 diversa
3652 5405 3774 5459 par-

2179 5481 2333 5535 titur.
2369 5479 2614 5550 Cumque
2637 5478 2784 5534 foras
2809 5495 2906 5550 per
2935 5477 3256 5535 insolentem
3290 5492 3478 5534 curam
3511 5479 3770 5542 trahitur,

2179 5589 2210 5627 a
2233 5572 2445 5628 timoris
2470 5572 2647 5626 intimi
2673 5571 2944 5627 soliditate
2964 5581 3246 5640 vacuatur,
3272 5571 3438 5643 fitque
3458 5572 3517 5629 in
3537 5571 3776 5628 exterio-

2178 5677 2301 5718 rum
2331 5661 2699 5732 disputatione
2723 5661 2976 5728 sollicita,
3003 5671 3058 5717 et
3077 5662 3162 5718 sui
3187 5661 3528 5719 solummodo
3557 5661 3769 5732 ignara.

2179 5754 2298 5810 Scit
2319 5754 2487 5810 multa
2510 5754 2775 5824 cogitare,
2795 5768 2853 5809 se
2874 5754 3153 5822 nesciens;
3178 5770 3303 5810 nam
3326 5770 3448 5810 cum
3468 5753 3588 5825 plus
3602 5768 3770 5823 quam

2124 5862 2404 5933 .r’necesse
2429 5855 2513 5905 est
2534 5863 2596 5908 se
2619 5845 2978 5907 exterioribus
3005 5846 3280 5919 implicat,
3307 5846 3463 5920 quasi
3499 5853 3769 5918 occupata

2148 5916 2178 5928 Ι
