4030 6464
256 406 356 464 841

1149 397 1505 461 COMMENT.
1547 398 1614 455 IN
1651 393 2268 456 ECCLESIASTICUM.
2310 427 2380 440 —
2418 398 2549 456 LIB.
2589 399 2674 456 Ill.

3441 404 3548 462 842

256 524 315 579 in
350 521 547 578 itinere
586 519 924 578 obliviscitur
948 534 1056 592 quo
1087 518 1373 586 tendebat,
1410 517 1485 572 ita
1519 523 1580 572 ut
1601 516 1642 569 ~a
1671 513 1849 571 studio
1877 515 1928 576 A
1954 513 2119 569 riunt.
2171 514 2312 582 Quid
2362 514 2508 571 enim
2559 514 2809 581 habeant,
2863 515 2959 587 qui
3005 515 3174 572 Deum
3225 521 3549 590 requirnnt}

257 629 372 672 suae
405 615 773 686 inquisitionis
809 614 1008 682 aliena,
1052 627 1122 669 ne
1150 613 1267 684 ipsa
1293 610 1512 682 quidem
1548 626 1668 681 quae
1708 609 1849 679 pati-

1954 603 2354 677 Subscquitur:
2395 626 2413 658 ‹
2474 607 2817 677 lnquirentes
2861 615 3043 663 autem
3091 608 3380 666 Dominum
3430 630 3538 671 non

258 718 352 764 tur
398 708 594 763 damna
642 705 996 764 consideret.
1042 711 1099 760 et
1161 718 1261 775 per
1313 709 1517 774 quanta
1571 700 1851 772 delinquat
1952 701 2203 757 deﬁcient
2248 701 2397 756 omni
2446 702 2633 758 bono:
2675 722 2694 756 ι
2733 701 2860 773 quia
2905 701 3052 758 nullo
3095 703 3240 759 bono
3281 705 3544 764 deﬁciunt

255 801 493 875 igno'ret.

331 914 354 948 ι
402 894 463 951 Si
501 895 647 951 enim
684 898 905 950 secutus
948 889 1152 955 fueris,
1192 903 1300 944 non
1342 885 1754 958 apprehendcs;
1791 891 1847 940 et

260 1006 282 1041 ι
314 1001 428 1045 non
445 985 689 1058 effugies,
705 985 753 1041 si
770 981 1143 1055 przecurreris.
1171 999 1192 1033 ι
1215 978 1353 1047 Quia
1370 994 1477 1034 non
1506 985 1591 1033 est
1619 977 1672 1032 in
1694 983 1848 1046 pote-

251 1086 399 1136 state
427 1074 743 1146 accipientis
773 1073 870 1129 sed
899 1071 1098 1126 dantis.
1126 1068 1263 1124 Nam
1290 1068 1336 1125 si
1361 1083 1460 1139 per
1485 1074 1677 1123 aestum
1712 1081 1846 1121 ava~

253 1167 399 1223 ritia:
429 1165 685 1222 incitatus
712 1161 1028 1230 exardescit
1052 1159 1274 1216 divitias
1305 1172 1602 1231 aggregare
1620 1198 1636 1225 ,
1687 1171 1846 1214 veras

252 1257 474 1316 divitias
501 1271 609 1311 non
637 1253 1006 1326 apprehendet
1025 1293 1041 1319 ,
1083 1260 1139 1308 et
1162 1252 1208 1306 si
1239 1249 1364 1308 ﬁdei
1391 1250 1678 1307 devotione
1706 1264 1846 1320 prte-

250 1357 440 1406 currat
468 1349 732 1404 virtutum
771 1360 938 1416 opera
973 1358 1262 1411 exercere,
1297 1350 1693 1414 prosequentur
1719 1356 1844 1397 eum

247 1444 309 1500 in
334 1442 518 1499 futura
543 1439 981 1498 remuneratione
1004 1453 1136 1510 opes
1165 1451 1433 1509 superna.
1463 1435 1625 1492 Juxta
1645 1434 1843 1506 allego-

248 1535 391 1592 riam
419 1543 600 1590 autem
622 1532 1006 1589 hatreticorum
1032 1539 1188 1588 actus
1211 1530 1368 1586 multi
1392 1537 1540 1597 sunt,
1567 1529 1695 1600 quia
1723 1528 1844 1584 uni-

248 1635 417 1684 tatem
474 1625 600 1682 ﬁdei
649 1635 704 1681 et
755 1622 1004 1680 veritatis
1045 1623 1318 1679 tramitem
1363 1637 1584 1679 servare
1629 1621 1838 1678 nolunt.

247 1719 409 1776 Unde
435 1726 582 1773 totus
618 1716 774 1772 labor
813 1730 1005 1772 eorum
1053 1731 1226 1772 vanus
1271 1723 1376 1784 est,
1409 1731 1570 1787 quem
1600 1715 1658 1770 in
1686 1714 1842 1785 copia

245 1809 536 1866 rhetorica:
561 1816 616 1865 et
651 1808 947 1864 dialecticae
985 1808 1120 1864 artis
1149 1808 1431 1865 condendo
1463 1807 1648 1884 plures
1674 1807 1842 1864 libros

1951 795 2042 866 qui
2065 795 2292 866 spiritali
2315 795 2698 866 perfruuntur;
2739 810 2869 850 nam
2897 811 3023 852 cum
3054 795 3326 866 diligimus
3356 800 3548 855 Domi-

1949 901 2076 941 num
2099 928 2113 954 ,
2139 887 2193 942 in
2219 886 2338 958 ipso
2369 887 2553 942 omnia
2581 887 2906 958 reperimus.
2936 885 3088 944 Unus
3120 897 3204 944 est
3227 890 3321 960 qui
3345 893 3548 962 quaeri-

1949 987 2058 1045 tur,
2098 978 2193 1034 sed
2219 978 2276 1033 in
2303 993 2411 1049 quo
2444 977 2627 1034 omnia
2663 978 3029 1034 continentur.
3068 977 3114 1035 Ο
3140 978 3353 1036 lucrum
3379 982 3545 1038 mira-

1946 1069 2085 1127 bile!
2130 1068 2175 1127 Ο
2198 1071 2580 1143 compendium
2610 1071 2920 1142 singulare!
2946 1070 3058 1128 Cur
3081 1088 3180 1130 nos
3208 1089 3306 1144 per
3325 1075 3544 1134 diversa

1946 1159 2275 1235 fatigemus?
2315 1163 2384 1218 ad
2427 1163 2607 1235 ipsum
2647 1177 2779 1235 ergo
2822 1163 3155 1219 unanimiter
3198 1164 3545 1234 festinemus,
3601 1149 3606 1155 l

1943 1261 2070 1324 post
2107 1270 2270 1325 quem
2315 1263 2513 1312 cuncta
2555 1256 2700 1312 bona
2742 1255 2884 1311 ultra
2930 1270 3038 1312 non
3076 1258 3394 1327 quaerimus,
3445 1262 3544 1316 sed

1946 1353 2229 1413 tenemus,
2273 1347 2417 1404 sicut
2443 1349 2738 1420 Apostolus
2777 1349 2910 1406 dicit
2945 1369 2960 1405 :
2996 1370 3014 1404 ι
3045 1350 3259 1410 Scimus
3287 1354 3546 1424 quoniam

1944 1435 2294 1509 diligentibus
2342 1439 2515 1496 Deum
2568 1441 2750 1498 omnia
2810 1451 3175 1515 cooperantur
3233 1445 3291 1501 in
3343 1445 3547 1504 bonum
3595 1515 3601 1523 _

1945 1527 2124 1602 (Rom.
2155 1531 2299 1604 Vill).
2347 1552 2368 1586 ι

2022 1637 2042 1673 ι
2084 1619 2235 1677 Bona
2264 1631 2319 1678 et
2357 1623 2503 1680 mala
2537 1625 2647 1680 vita
2670 1631 2726 1681 et
2754 1641 2934 1693 mors,
2971 1637 3266 1700 paupertas
3291 1638 3348 1686 et
3373 1631 3547 1688 hone-

1896 1781 1902 1788 _
1951 1729 1970 1765 ι
2005 1715 2288 1771 stasaDeo
2300 1724 2446 1773 sunt.
2479 1737 2500 1770 ι
2521 1716 2745 1789 Legitur
2758 1719 2812 1774 in
2833 1719 2972 1776 Isaia
2994 1721 3284 1778 Dominum
3308 1723 3543 1781 dixisse:

1949 1821 1970 1855 ί
2004 1803 2120 1875 Ego
2157 1804 2453 1876 Dominus,
2483 1816 2539 1864 et
2567 1824 2678 1865 non
2712 1819 2796 1867 est
2827 1811 2967 1868 alter
2998 1812 3239 1871 formans
3267 1815 3447 1872 lucem
3487 1825 3546 1874 et

245 1902 589 1973 expendunt;
620 1916 722 1957 nec
759 1901 1030 1957 immunes
1059 1907 1186 1958 sunt
1219 1917 1252 1956 a
1296 1900 1515 1967 delicto,
1559 1882 1686 1970 quia
1725 1897 1838 1956 tota
1865 1882 1916 1944 Β
1942 1911 2138 1954 creans
2183 1899 2458 1967 tenebras,
2510 1900 2716 1958 faciens
2759 1917 2951 1973 pacem
2991 1914 3046 1960 et
3090 1921 3284 1962 creans
3315 1909 3540 1965 malum.

243 1994 530 2050 meditatio
550 2007 742 2050 eorum
761 2000 846 2049 est
870 1993 928 2048 in
950 1991 1091 2049 dolo.
1117 1990 1260 2048 Hinc
1278 2000 1334 2047 et
1361 1991 1722 2049 Ecclesiastes
1741 2006 1840 2047 nos

246 2089 540 2153 admonet,
574 2087 764 2143 dicens
806 2101 823 2141 :
865 2105 884 2140 ι
917 2085 1019 2143 Fili
1047 2085 1158 2154 mi,
1197 2100 1330 2142 cave
1353 2101 1422 2142 ne
1448 2085 1620 2143 facias
1643 2085 1841 2141 multos

242 2183 438 2250 libros,
463 2185 662 2254 quibus
681 2196 792 2238 non
813 2191 898 2237 est
938 2181 1067 2239 ﬁnis
1091 2222 1106 2247 ,
1141 2201 1160 2234 ι
1191 2189 1246 2238 et
1282 2181 1494 2252 reliqua
1518 2181 1688 2255 (Eccl.
1712 2181 1836 2253 xu).

242 2275 414 2331 Moris
443 2284 530 2331 est
567 2274 974 2346 Scripturarum
995 2314 1011 2342 ,
1042 2273 1291 2344 quamvis
1324 2274 1510 2346 plures
1549 2273 1748 2341 libros,
1792 2273 1840 2330 si

239 2368 388 2425 inter
412 2381 473 2423 se
510 2381 622 2424 non
659 2366 1014 2437 discrepent,
1055 2374 1112 2422 et
1137 2365 1207 2422 de
1232 2365 1425 2422 eadem
1466 2380 1530 2422 re
1571 2366 1837 2434 scribant,

239 2475 412 2516 unum
433 2458 691 2517 volumen
712 2458 916 2516 dicere.
946 2456 1084 2513 Nam
1109 2465 1166 2513 et
1188 2457 1441 2515 volumen
1465 2457 1524 2514 in
1543 2457 1700 2516 Isaiae
1721 2473 1840 2515 ser-

239 2565 404 2607 mone
429 2550 703 2624 signatum
739 2557 826 2607 est
853 2550 1032 2606 omnis
1055 2548 1344 2622 Scriptura
1368 2548 1498 2618 Dei;
1527 2556 1584 2607 et
1600 2564 1716 2606 uno
1743 2564 1836 2606 ca-

233 2639 414 2714 pitulo
437 2639 564 2698 libri
588 2640 845 2698 Ezechiel
865 2639 1200 2713 Joannisque
1221 2649 1536 2698 nectuntur.
1586 2640 1840 2699 Salvator

237 2749 458 2806 quoque
481 2734 726 2792 omnium
753 2741 904 2791 retro
926 2743 1244 2790 sanctorum
1283 2733 1512 2790 vocibus
1540 2735 1839 2806 propheta-

240 2833 332 2880 tus
359 2825 437 2881 ait
478 2842 494 2881 :
543 2844 564 2878 (
607 2826 669 2882 In
713 2825 894 2897 capite
937 2825 1063 2880 libri
1111 2825 1375 2897 scriptum
1416 2833 1502 2883 est
1536 2827 1606 2884 de
1651 2842 1759 2882 me.
1811 2846 1831 2881 ι

237 2915 403 2973 Juxta
427 2917 571 2973 hunc
600 2917 768 2989 igitur
803 2931 1024 2974 sensum
1062 2917 1298 2975 arbitror
1326 2933 1472 2975 nunc
1505 2927 1838 2990 praeceptum

238 3031 309 3072 ne
338 3015 522 3086 plures
549 3015 674 3072 libri
715 3015 868 3071 ﬁant.
899 3014 1172 3086 Quidquid
1223 3014 1370 3072 enim
1415 3015 1636 3084 dixeris,
1685 3016 1730 3072 si
1768 3015 1838 3072 ad

237 3122 365 3166 eum
405 3107 697 3176 referatur,
728 3107 822 3179 qui
863 3108 922 3164 in
985 3108 1254 3179 principio
1303 3116 1424 3165 erat
1471 3108 1613 3178 apud
1663 3109 1836 3164 Deum

237 3199 383 3255 Deus
416 3197 678 3267 Verbum,
703 3213 873 3255 unum
894 3198 1148 3254 volumen
1177 3206 1282 3268 est,
1323 3207 1380 3255 et
1406 3198 1833 3256 innumerabiles

237 3290 398 3358 libri,
422 3306 532 3346 una
557 3291 647 3348 lex
671 3332 687 3360 ,
717 3307 888 3348 unum
923 3291 1300 3364 Evangelium.
1333 3291 1489 3360 Quod
1531 3294 1577 3350 si
1619 3294 1834 3350 diversa

239 3381 610 3453 discrepantia
655 3381 1041 3455 disputaveris,
1084 3391 1140 3439 et
1183 3383 1503 3441 curiositate
1531 3385 1701 3439 nimia
1727 3386 1835 3440 huc

237 3479 408 3542 atque
445 3471 575 3527 illuc
617 3472 857 3529 animum
897 3473 1220 3541 adduxeris,
1270 3474 1435 3530 etiam
1467 3475 1524 3530 in
1551 3491 1660 3530 uno
1695 3475 1836 3532 libro

235 3561 396 3619 multi
427 3561 552 3618 libri
603 3573 748 3620 sunt.
798 3562 955 3621 Unde
999 3565 1204 3622 dictum
1228 3574 1313 3622 est
1356 3584 1370 3620 :
1408 3585 1427 3618 ί
1463 3566 1544 3622 Ex
1592 3566 1835 3622 multilo-

236 3654 367 3727 quio
396 3669 506 3711 non
535 3653 756 3729 effugies
788 3664 1071 3729 peccatum
1098 3655 1281 3730 (Prov.
1318 3655 1396 3731 x).
1434 3678 1454 3711 ι
1496 3657 1716 3714 Talibus
1738 3659 1837 3731 igi-

237 3754 329 3800 tur
358 3745 514 3804 libris
536 3762 648 3804 non
669 3757 754 3804 est
782 3748 926 3805 ﬁnis.
958 3749 1169 3806 Bonum
1196 3749 1346 3806 enim
1385 3764 1547 3806 omne
1577 3758 1634 3806 et
1657 3750 1837 3806 omnis

236 3837 444 3895 veritas
470 3849 622 3897 certo
658 3839 768 3896 ﬁne
803 3839 1149 3897 concluditur
1179 3858 1193 3895 :
1225 3841 1436 3897 malitia
1475 3849 1639 3913 atque
1677 3857 1836 3898 men-

237 3930 455 3988 dacium
491 3932 611 3989 sine
643 3931 753 3990 ﬁne
780 3941 927 4002 sunt,
968 3941 1024 3990 et
1064 3942 1271 4004 quanto
1299 3933 1421 4005 plus
1458 3935 1836 4006 requiruntur,

238 4031 393 4080 tanto
419 4024 593 4097 major
619 4039 808 4082 eorum
838 4025 1006 4083 series
1034 4026 1303 4082 nascitur.

243 4103 267 4194 ι
317 4133 337 4166 ‹
374 4115 471 4170 Est
490 4115 654 4170 homo
683 4115 939 4173 laborans
956 4125 1012 4172 et
1036 4115 1302 4174 festinans
1327 4124 1383 4172 et
1406 4116 1593 4174 dolens
1616 4117 1837 4190 impios,

242 4226 264 4262 ι
303 4215 359 4263 et
390 4215 540 4263 tanto
579 4208 751 4278 magis
773 4222 884 4265 non
912 4208 1188 4278 abundat;
1231 4219 1316 4268 est
1343 4210 1510 4267 homo
1536 4211 1834 4278 marcidus,

243 4319 264 4354 ι
302 4315 468 4372 egens
513 4303 956 4374 recuperatione,
1004 4303 1128 4376 plus
1177 4303 1436 4362 deﬁciens
1489 4305 1691 4362 virtute
1713 4345 1730 4373 ,
1785 4313 1842 4362 et

243 4411 264 4446 ι
302 4392 586 4449 abundans
623 4401 942 4465 paupertate
972 4411 986 4449 :
1017 4403 1074 4452 et
1111 4395 1301 4452 oculus
1339 4395 1555 4452 Domini
1598 4395 1842 4466 respexit

245 4503 266 4537 ι
307 4485 456 4540 illum
483 4485 538 4541 in
563 4486 708 4543 bono
724 4525 739 4553 ,
770 4496 826 4542 et
847 4488 1025 4544 erexit
1046 4487 1199 4544 illum
1219 4488 1287 4544 ab
1313 4487 1625 4544 humilitate
1645 4488 1840 4560 ipsius,

1943 1987 2058 2057 Ego
2088 1987 2354 2046 Dominus
2385 1990 2593 2048 faciens
2623 1994 2806 2050 omnia
2841 1995 2960 2051 haec
2986 1993 3122 2068 (Isa.
3151 1995 3301 2067 xu).
3339 2017 3357 2050 ι
3392 1999 3548 2056 Unde

1944 2078 2208 2148 qumritur
2239 2081 2510 2150 quomodo
2545 2082 2687 2138 bona
2715 2093 2772 2140 et
2794 2084 2939 2141 mala
2969 2100 3002 2141 a
3033 2087 3145 2143 Deo
3171 2089 3284 2142 sint
3307 2129 3324 2155 ,
3353 2097 3410 2146 et
3432 2089 3546 2145 vita

1942 2176 1998 2223 et
2030 2171 2211 2225 mors?
2239 2185 2362 2226 cum
2397 2171 2682 2244 Scriptura
2716 2175 2863 2230 dicat
2890 2193 2904 2229 :
2944 2195 2963 2228 ι
3001 2177 3148 2232 Vidit
3173 2177 3316 2235 Deus
3348 2188 3546 2236 cuncta

1942 2274 2063 2331 qua:
2086 2261 2244 2328 fecit,
2277 2271 2333 2318 et
2356 2272 2515 2320 erant
2542 2264 2698 2321 valde
2730 2265 2874 2322 bona
2902 2264 3053 2338 (Gen.
3097 2267 3160 2340 ι).
3197 2288 3217 2321 ι
3267 2268 3336 2325 Ει
3363 2269 3492 2325 alibi
3525 2288 3540 2325 :

1949 2373 1969 2408 ι
2008 2355 2153 2412 Deus
2185 2364 2424 2413 mortem
2452 2373 2565 2415 non
2593 2357 2742 2427 fecit,
2774 2374 2880 2416 nec
2907 2359 3124 2416 laetatur
3152 2362 3206 2417 in
3238 2363 3544 2434 perditione

1941 2450 2290 2506 morientium
2319 2450 2472 2524 (Sap.
2505 2452 2571 2524 ι).
2606 2451 2717 2509 Sed
2737 2451 2899 2524 juxta
2927 2455 3374 2526 consequentiam
3397 2456 3547 2527 prio-

1943 2557 2065 2599 rum
2092 2543 2182 2599 hic
2204 2543 2556 2616 intelligimus
2580 2544 2726 2601 bona
2749 2559 2850 2616 pro
2873 2547 3168 2616 prosperis,
3199 2555 3256 2602 et
3279 2547 3422 2602 mala
3441 2562 3544 2619 pro

1941 2637 2190 2693 adversis
2228 2637 2444 2708 posita;
2478 2637 2733 2694 similiter
2759 2637 2927 2694 vitam
2955 2638 3188 2696 salutem
3221 2648 3278 2696 et
3309 2649 3546 2696 mortem

1940 2729 2225 2786 interitum
2265 2730 2448 2788 carnis
2495 2730 2859 2804 signiﬁcasse.
2903 2731 3023 2789 Non
3058 2733 3206 2789 enim
3249 2732 3392 2789 Deus
3441 2733 3546 2788 alia

1940 2819 2200 2878 fecitnisi
2233 2823 2414 2891 bona;
2455 2824 2551 2879 sed
2588 2830 2770 2879 tamen
2793 2821 2941 2893 justo
2960 2824 3170 2896 judicio
3195 2839 3295 2880 suo
3315 2840 3546 2896 peccan-

1943 2915 2090 2971 tibus
2131 2915 2424 2986 provenire
2470 2917 2742 2988 permittit
2782 2918 3035 2974 adversa.
3071 2917 3228 2974 Facit
3263 2933 3395 2990 ergo
3430 2919 3548 2990 ipse

1941 3008 2086 3066 Deus
2113 3025 2203 3067 res
2237 3010 2384 3067 intra
2419 3025 2480 3067 se
2510 3012 2835 3078 contrarias,
2865 3012 3047 3069 lucem
3071 3019 3128 3068 et
3157 3012 3415 3070 tenebras
3437 3053 3454 3079 ,
3487 3011 3542 3067 id

1941 3110 2042 3169 est,
2099 3102 2243 3159 diem
2295 3111 2351 3159 et
2396 3111 2633 3170 noctem,
2683 3118 2874 3175 pacem
2913 3113 2970 3161 et
3015 3103 3240 3171 malum,
3285 3104 3392 3161 hoc
3434 3111 3542 3171 est,

1941 3194 2112 3249 otium
2139 3202 2196 3250 et
2222 3193 2442 3250 bellum.
2483 3194 2589 3250 Per
2615 3209 2735 3264 quae
2761 3194 3036 3266 signiﬁcat
3060 3196 3260 3250 iratum
3291 3210 3350 3250 se
3379 3193 3546 3249 fuisse

1862 3257 1909 3322 θ
1942 3285 2140 3358 pupulo
2185 3301 2303 3351 suo,
2348 3285 2565 3356 quando
2609 3257 2863 3342 tenebras
2902 3284 3253 3356 captivitatis,
3291 3283 3545 3356 malaque

1938 3377 2195 3433 sustinuit
2216 3376 2514 3442 servitutis,
2545 3383 2601 3431 et
2629 3390 2844 3433 rursum
2877 3375 3184 3442 misertum,
3209 3375 3426 3445 quando
3456 3390 3542 3432 re-

1937 3469 2090 3525 missi
2114 3469 2168 3523 in
2190 3468 2427 3540 patriam
2447 3482 2638 3539 pacem
2667 3475 2725 3524 et
2747 3466 3004 3539 gaudium
3025 3473 3367 3538 receperunt.
3393 3465 3541 3532 Quo-

1937 3560 2099 3617 modo
2123 3560 2231 3615 luci
2267 3560 2557 3616 contrariae
2589 3559 2829 3616 tenebrae
2858 3567 3005 3625 sunt,
3051 3557 3128 3614 ita
3164 3557 3286 3630 paci
3315 3564 3540 3614 contra-

1937 3653 2082 3710 rium
2112 3661 2197 3710 est
2219 3652 2441 3710 bellum.
2474 3650 2630 3709 Unde
2663 3659 2720 3709 et
2742 3649 3095 3707 confunditur
3133 3648 3378 3715 haeresis,
3417 3662 3542 3720 quae

1937 3748 2208 3805 malorum
2258 3746 2560 3804 arbitratur
2598 3744 2952 3803 conditorem
2995 3743 3166 3800 Deum
3215 3760 3230 3798 :
3288 3755 3414 3798 cum
3455 3740 3546 3796 hic

1939 3841 2145 3899 malum
2173 3857 2283 3899 non
2314 3839 2652 3898 contrarium
2679 3839 2846 3907 bono,
2869 3836 2965 3894 sed
2991 3853 3092 3909 pro
3116 3834 3407 3892 aﬂlictione
3434 3847 3533 3903 po-

1941 3945 2105 3992 natur
2143 3943 2198 3992 et
2241 3933 2404 4003 bello,
2457 3933 2756 3992 secundum
2803 3931 2937 3987 illud
2965 3930 3110 4001 quod
3148 3928 3205 3984 in
3245 3925 3544 3999 Evangelio

1939 4028 2204 4099 scriptum
2228 4035 2343 4083 est:
2371 4045 2390 4078 ι
2420 4025 2631 4082 Sufﬁcit
2656 4024 2763 4081 diei
2783 4023 2992 4078 malitia
3021 4037 3119 4078 sua
3137 4019 3354 4093 (Matth.
3381 4018 3482 4091 vi),
3517 4036 3538 4073 ι

1941 4120 2039 4179 sed
2087 4135 2212 4176 cum
2260 4118 2377 4176 haec
2427 4118 2503 4174 ita
2555 4133 2614 4175 se
2648 4117 2918 4182 habeant,
2960 4113 3240 4170 videamus
3286 4111 3418 4184 quid
3462 4125 3547 4167 so-

1941 4210 2146 4282 quitur.

2019 4319 2038 4354 ‹
2076 4301 2263 4367 Datio,
2290 4299 2490 4372 inquit,
2523 4299 2618 4354 Dei
2644 4304 2929 4368 permanet
2956 4295 3152 4364 justis,
3179 4303 3232 4350 et
3262 4291 3542 4364 profectus

1951 4413 1970 4448 ι
2006 4393 2151 4450 illius
2181 4405 2466 4450 successus
2507 4389 2735 4446 habebit
2761 4389 2819 4444 in
2847 4396 3134 4444 aeternum.
3179 4403 3198 4436 ι
3234 4382 3376 4440 Solis
3408 4398 3541 4454 ergo

1938 4485 2122 4558 justis,
2155 4487 2260 4542 hoc
2285 4493 2390 4550 est,
2425 4482 2678 4539 ﬁdelibus
2710 4489 2766 4538 et
2795 4481 2968 4536 Deum
2995 4475 3316 4533 timentibus
3341 4475 3544 4530 donum

245 4595 266 4630 ι
305 4585 362 4632 et
381 4574 641 4632 exaltavit
665 4587 829 4648 caput
851 4577 993 4649 ejus,
1015 4587 1072 4635 et
1097 4579 1283 4634 mirati
1305 4588 1433 4635 sunt
1455 4579 1512 4635 in
1542 4579 1634 4635 illo
1657 4579 1839 4648 multi,
1864 4620 1921 4684 Β
1944 4585 2220 4650 perpetuae
2270 4575 2408 4632 lucis
2453 4581 2734 4641 servatur,
2786 4579 2842 4628 et
2890 4571 2946 4627 in
2993 4567 3241 4642 profectu
3279 4567 3543 4623 virtutum

246 4689 266 4723 ι
306 4679 361 4727 et
386 4670 795 4729 honoraverunt
818 4671 1128 4729 Dominum.
1161 4691 1182 4726 ›
1217 4672 1325 4729 Isle
1350 4672 1502 4731 locus
1530 4673 1840 4731 Christiana

240 4765 418 4837 magis
452 4765 711 4836 exprimit
740 4773 1019 4838 tempora,
1049 4767 1108 4822 in
1145 4766 1342 4837 quibus
1377 4765 1456 4822 illi
1491 4768 1583 4838 qui
1615 4781 1843 4838 pauper-

240 4865 412 4913 tatem
439 4856 802 4914 voluntariam
826 4865 1125 4925 sectantur,
1153 4859 1330 4929 magis
1351 4859 1631 4915 abundant
1659 4859 1839 4914 omni-

239 4949 345 5003 bus
371 4947 549 5014 bonis,
577 4963 740 5020 quam
772 4949 850 5004 illi
882 4950 973 5020 qui
1001 4958 1217 5006 certant
1245 4950 1302 5006 in
1330 4949 1678 5022 acquirendis
1705 4964 1840 5023 quo-

241 5039 374 5096 tidie
403 5041 636 5098 terrenis
661 5041 886 5098 divitiis.
917 5041 1073 5110 Quod
1096 5050 1151 5099 et
1176 5042 1469 5100 Psalmista
1499 5044 1555 5100 in
1579 5059 1687 5102 uno
1713 5059 1841 5100 ver-

240 5133 414 5191 siculo
439 5133 683 5192 breviter
706 5136 995 5208 expressit,
1033 5137 1216 5194 dicens
1244 5156 1258 5192 :
1296 5156 1316 5190 ‹
1347 5137 1555 5194 Divites
1576 5148 1845 5209 eguerunt

241 5235 297 5284 et
319 5227 646 5294 esurierunt,
675 5228 1014 5300 inquirentes
1041 5238 1222 5286 autem
1243 5229 1536 5287 Dominum
1569 5244 1678 5284 non
1711 5229 1844 5286 deﬁ-

237 5318 390 5374 cient
432 5318 581 5374 omni
610 5317 755 5376 bono
797 5318 973 5392 (Psal.
1015 5318 1237 5393 χχχιιι).
1288 5339 1311 5375 ι
1345 5320 1637 5376 Terrarum
1669 5319 1842 5390 siqui-

244 5410 367 5465 dem
407 5409 626 5477 divites,
663 5419 719 5466 ct
746 5425 1013 5483 pauperes
1042 5411 1271 5481 Christi,
1314 5413 1604 5484 magniﬁca
1631 5423 1845 5470 contra-

241 5505 440 5561 rietate
487 5503 758 5561 distinxit.
798 5505 890 5561 Ait
932 5507 1077 5563 enim
1111 5525 1124 5562 :
1161 5527 1179 5560 ‹
1238 5506 1443 5565 Divites
1482 5517 1747 5580 eguerunt
1786 5515 1844 5565 et

242 5598 574 5654 csurierunt.
633 5619 651 5651 ι
691 5598 916 5666 Quando
964 5607 1126 5671 egent
1169 5599 1402 5656 divites?
1439 5601 1657 5671 quando
1679 5599 1840 5655 ﬁdem

242 5704 354 5746 non
390 5690 593 5745 habent
619 5699 848 5746 rectam.
881 5692 1110 5759 Quando
1136 5693 1418 5749 esuriunt?
1444 5693 1660 5763 quando
1684 5701 1840 5762 pastu

243 5780 492 5850 corporis
523 5780 790 5836 Dominici
818 5782 1040 5837 minime
1079 5783 1371 5839 satiantur.
1409 5783 1569 5839 Tales
1593 5797 1723 5853 ergo
1753 5783 1840 5838 di-

241 5871 386 5931 vites
415 5880 598 5946 egent,
638 5880 692 5927 ct
727 5875 959 5930 saturati
988 5883 1208 5946 ventre,
1240 5875 1435 5949 spiritu
1463 5890 1690 5957 semper
1713 5889 1893 5943 esu-.,

495 5965 774 6030 Pnaon.
817 5964 986 6030 CIX.

1949 4671 2292 4730 ambulantes
2332 4667 2620 4740 multiplici
2663 4664 2916 4723 mercede
2951 4663 3008 4720 in
3053 4671 3322 4719 aeternum
3361 4674 3546 4717 remu—
3597 4741 3608 4747 _

1947 4780 2121 4822 neran
2128 4773 2236 4821 IIII‘.

2026 4876 2045 4910 ‹
2080 4857 2178 4913 Est
2210 4855 2303 4927 qui
2331 4853 2692 4924 locupletatur
2716 4866 2882 4924 parce
2913 4848 3154 4922 agendo,
3183 4855 3240 4902 et
3270 4846 3390 4900 haec
3416 4858 3543 4914 pars

1955 4970 1974 5004 ι
2009 4949 2278 5026 mercedis
2320 4947 2466 5003 illius
2506 4946 2563 5002 in
2608 4961 2676 5002 eo
2705 4943 2852 5016 quod
2878 4942 3045 5008 dicit,
3083 4937 3268 4996 inveni
3295 4935 3540 5026 requiem

1955 5061 1974 5095 ‹
2009 5040 2144 5097 mihi
2169 5058 2185 5107 ;
2206 5025 2274 5096 et
2300 5054 2446 5095 nunc
2472 5035 2816 5093 manducabo
2841 5035 2908 5091 de
2933 5031 3090 5090 bonis
3111 5029 3249 5086 meis
3270 5026 3436 5084 solus.
3473 5025 3543 5082 Et

1953 5149 1974 5184 ί
2009 5131 2186 5188 nescit
2217 5131 2362 5202 quod
2384 5139 2597 5200 tempus
2628 5133 2940 5198 praetereat,
2979 5131 3035 5179 et
3063 5135 3213 5178 mors
3245 5117 3540 5191 appropin-

1955 5243 1973 5277 ι
2006 5231 2156 5296 quet,
2187 5231 2243 5279 et
2273 5222 2544 5293 relinquat
2562 5218 2746 5278 omnia
2772 5217 2912 5273 aliis.
2953 5235 2973 5270 ι
2994 5213 3105 5269 His
3131 5210 3329 5268 similia
3351 5209 3541 5266 Salva-

1949 5326 2033 5374 tor
2063 5317 2119 5372 in
2150 5314 2475 5387 Evangelica
2505 5312 2766 5386 parabola
2790 5309 2860 5366 de
2885 5307 3054 5365 divite
3075 5305 3352 5372 narravit,
3387 5302 3544 5375 cujus

1949 5426 2080 5482 ager
2105 5411 2302 5467 uberes
2325 5409 2534 5466 fructus
2576 5404 2824 5477 protulit,
2867 5409 2923 5460 et
2951 5401 3087 5459 dixit
3111 5407 3370 5471 reputans
3396 5396 3541 5469 apud

1946 5519 2042 5560 se:
2077 5523 2095 5554 ί
2141 5503 2430 5560 Destruam
2463 5500 2661 5555 horrea
2696 5511 2820 5553 mea
2843 5536 2860 5564 ,
2896 5502 2953 5552 et
2988 5492 3188 5549 faciam
3219 5507 3283 5548 ea
3311 5489 3538 5559 majora,

1945 5603 2003 5650 et
2029 5595 2206 5650 dicam
2244 5594 2439 5648 animae
2470 5605 2604 5646 meae
2637 5611 2648 5643 :
2679 5588 2875 5644 Anima
2897 5628 2912 5654 ,
2961 5585 3186 5643 comede
3229 5591 3284 5639 et
3329 5581 3456 5637 bibe
3484 5587 3543 5635 et

1944 5687 2150 5752 laetare,
2183 5686 2353 5742 habes
2385 5683 2556 5739 multa
2581 5683 2723 5739 bona
2767 5680 2942 5753 posita
2978 5680 3033 5736 in
3060 5691 3233 5734 annos
3274 5672 3536 5743 plurimos

1945 5781 2098 5856 (Luc.
2133 5781 2257 5852 xu).
2296 5799 2314 5831 ›
2345 5779 2442 5834 Cui
2472 5777 2601 5833 talia
2633 5776 2894 5848 cogitanti
2921 5771 3202 5843 respondit
3227 5766 3486 5823 Dominus
3520 5780 3533 5816 :

1950 5892 1969 5927 ς
2006 5871 2202 5942 Stulte,
2235 5871 2338 5928 hac
2363 5877 2521 5929 nocte
2549 5869 2784 5926 animam
2819 5876 2964 5923 tuam
2990 5867 3288 5931 rcpctenta
3325 5864 3535 5924 tc,quat

3020 5955 3098 6016 27
