4030 6470
250 395 363 465 οδε

1141 376 1494 443 αοιωειιτ.
1536 373 1605 430 IN
1643 341 2260 429 schESIXsricun.
2298 390 2369 403 —
2404 357 2535 416 un.
2573 355 2661 414 ιιι.

3423 353 3527 410 846

252 463 313 569 in
341 508 485 575 mala
532 507 783 579 dogmata
829 496 1125 558 secundum
1167 492 1493 567 pravitatem
1538 499 1728 543 sensus
1756 482 1840 540 sui
1865 485 1920 559 Α
1944 476 2162 537 sinistra
2199 482 2312 541 tua,
2344 470 2474 546 quid
2504 469 2667 526 faciat
2691 467 2914 523 dextera
2952 474 3067 535 tua,
3109 470 3171 521 ut
3199 463 3273 532 sit
3295 463 3531 522 cleemo-

1796 578 1801 579 κ
2128 574 2137 579 Α
2246 564 2260 577 ι
2383 563 2393 579 .
2457 578 2496 579 η
2719 567 2760 579 ,.
2806 557 3113 579 ,μμ
3288 555 3429 579 -.εμ
3480 555 3530 579 ε-

255 607 596 667 convertens,
620 578 833 666 semper
845 592 913 647 ad
932 587 1308 663 datipiendum
1325 592 1549 656 paratus
1562 588 1664 637 est.
1686 578 1841 637 Unde

254 704 313 752 et
331 708 475 767 saepe
502 692 560 761 in
589 688 717 756 illis,
746 686 839 756 qui
865 699 962 757 per
986 684 1129 741 bona
1152 693 1320 757 opera
1346 676 1506 739 electi
1545 689 1665 732 esse
1692 672 1843 730 vide-

254 786 479 852 bantur,
508 779 710 855 ingerit
730 775 1000 834 maculam
1023 771 1226 835 erroris
1246 769 1352 829 sui.

334 897 354 935 ι
395 876 480 932 ΔΙ)
505 854 742 931 scintilla
775 884 882 925 una
916 873 1145 940 augetur
1169 863 1327 943 ignis,
1351 860 1499 925 etab
1525 872 1634 919 uno
1661 854 1846 917 doloso

266 987 287 1029 ι
326 972 559 1038 augetur
584 961 841 1034 sanguis:
868 960 1031 1023 homo
1060 970 1189 1017 vero
1212 959 1466 1037 peccator
1492 947 1740 1022 sanguini
1772 946 1849 1003 in-

265 1077 284 1111 ι
328 1057 574 1115 sidiatur.
627 1073 647 1113 ι
704 1051 857 1109 Sicut
902 1050 1050 1113 enim
1097 1063 1129 1103 a
1172 1061 1338 1119 parva
1384 1043 1617 1113 sgintilla
1657 1042 1846 1114 ingens

260 1150 498 1208 incendii
533 1147 803 1207 excitatur
831 1145 1068 1211 ﬂamma,
1100 1144 1174 1199 ita
1220 1150 1276 1199 et
1303 1141 1372 1201 ab
1416 1140 1575 1205 unius
1605 1137 1849 1197 haeretici

260 1241 472 1298 malitia
502 1239 795 1297 multorum
822 1236 1139 1309 perditionis
1160 1234 1345 1297 existit
1372 1246 1557 1299 causa.
1589 1229 1849 1297 Peccator

260 1334 514 1407 sanguini
563 1332 868 1397 insidiatur,
910 1344 1035 1385 cum
1084 1327 1375 1385 haereticus
1402 1326 1526 1389 vita
1572 1322 1851 1387 hominum

260 1434 496 1493 mortem
546 1424 792 1497 ingerere
833 1420 1072 1489 molitur.
1122 1417 1353 1490 Sanguis
1400 1415 1546 1473 enim
1590 1430 1692 1489 pro
1739 1413 1852 1481 vita

260 1519 501 1589 hominis
557 1496 646 1575 hic
689 1514 1030 1587 intelligitur.
1094 1510 1203 1567 Sed
1240 1496 1370 1583 quid
1416 1507 1540 1567 inde
1586 1504 1854 1579 sapientia

261 1612 448 1673 facere
470 1609 819 1684 persuadeat,
847 1607 1145 1665 videamus.

339 1723 359 1757 ί
392 1701 626 1765 Attende
654 1699 771 1768 tibi,
799 1697 994 1770 inquit,
1043 1711 1075 1751 a
1115 1693 1406 1767 pestifero;
1454 1691 1686 1749 fabricat
1710 1691 1856 1747 enim

269 1816 289 1849 ι
332 1792 519 1851 mala:
560 1806 630 1857 ne
671 1789 811 1847 forte
852 1788 1074 1847 inducat
1103 1800 1266 1857 super
1295 1792 1348 1840 te
1377 1783 1855 1841 subsannationem

1945 582 2078 645 syna
2122 574 2215 622 tua
2246 564 2303 620 in
2346 560 2682 629 abscondito,
2713 567 2767 615 et
2806 557 2968 613 Pater
2990 566 3135 624 tuus,
3162 557 3255 629 qui
3288 555 3433 611 videt
3480 555 3536 611 in

1945 658 2284 724 abscondito,
2308 655 2496 712 reddet
2528 654 2644 711 tibi.
2675 671 2694 705 ι
2735 669 2754 703 ι
2790 649 3039 715 Benefac,
3074 649 3267 720 inquit,
3285 646 3455 719 justo,
3479 656 3537 704 et

1948 750 2190 810 invenies
2233 746 2645 811 retributionem
2690 758 2962 816 magnam.
2991 761 3011 795 ι
3042 738 3323 797 Benefacit
3362 738 3534 811 justo,

1947 845 2040 917 qui
2061 844 2132 901 ob
2156 841 2383 913 justitia:
2409 853 2653 896 amorem
2681 850 2837 907 opem
2871 833 3103 921 porrigit
3146 847 3337 907 egeno,
3380 832 3535 903 cujus

1947 936 2235 1009 retributio
2282 941 2367 991 est
2409 945 2625 1002 magna,
2658 928 2786 1001 quia
2831 934 2926 995 aut
2970 925 3061 982 hic
3102 924 3535 982 vicissitudinem

1948 1029 2177 1102 recipiet
2196 1025 2523 1083 charitatem
2554 1021 2877 1097 fraternam,
2913 1025 3008 1073 aut
3049 1016 3118 1077 ab
3160 1016 3277 1088 ipso
3307 1015 3538 1073 Domino

1950 1122 2008 1179 in
2048 1122 2230 1178 futuro
2262 1116 2696 1183 remunerabitur
2720 1126 2845 1173 arce
2880 1125 3131 1187 superna.
3163 1126 3184 1161 ι
3220 1109 3374 1165 Beati
3395 1108 3540 1165 enim

1952 1216 2045 1287 qui
2077 1216 2322 1271 esuriunt
2352 1220 2407 1270 et
2433 1208 2625 1281 sitiunt
2646 1208 2933 1287 justitiam,
2973 1205 3228 1285 quoniam
3258 1205 3363 1277 ipsi
3387 1212 3537 1262 satu-

1952 1308 2219 1364 rabuntur
2246 1305 2461 1378 (Matth.
2490 1302 2567 1376 v).
2601 1321 2621 1357 ι
3481 1300 3487 1307 ‘

2033 1417 2052 1452 ι
2086 1397 2207 1454 Νοιι
2247 1405 2331 1452 est
2376 1395 2427 1451 ei
2470 1394 2628 1462 bene,
2670 1392 2761 1464 qui
2800 1391 3052 1448 assiduus
3083 1395 3169 1447 est
3192 1387 3251 1444 in
3284 1387 3461 1456 malis,
3489 1395 3548 1443 et

1962 1511 1981 1545 ι
2020 1490 2423 1563 elecmosynam
2469 1502 2578 1543 non
2613 1485 2802 1542 danti:
2832 1483 3089 1557 quoniam
3135 1488 3191 1538 et
3234 1479 3546 1536 Altissimus

1963 1602 1983 1636 ι
2020 1583 2146 1641 odio
2173 1581 2339 1637 habet
2363 1586 2701 1652 peccatores,
2742 1584 2797 1633 et
2824 1575 3081 1645 misertus
3123 1578 3210 1629 est
3232 1570 3546 1644 poenitenti-

1962 1695 1984 1730 ι
2020 1678 2140 1734 bus.
2180 1695 2199 1730 ι
2235 1673 2629 1739 Gravissimum
2662 1669 2869 1726 crimen
2899 1675 2985 1739 est
3014 1673 3070 1723 et
3090 1663 3356 1737 impietati
3384 1662 3551 1735 depu-

1958 1771 2182 1839 tandum
2205 1809 2221 1836 ,
2272 1767 2415 1839 quod
2462 1765 2586 1838 quis
2632 1770 2755 1835 post
2796 1760 3007 1833 peccati
3051 1756 3403 1814 commissum
3441 1769 3548 1810 non

270 1907 290 1943 ι
327 1888 385 1943 in
429 1890 770 1958 perpetuum.
802 1901 820 1936 ι
856 1848 1348 1939 Ηθειοθιὶοιιέθιιὶιιι
1393 1885 1716 1949 cooperatur
1742 1876 1860 1932 dia-
1888 1874 1939 1945 Β
1964 1866 2081 1923 vult
2103 1861 2389 1938 poeniteri,
2438 1875 2540 1921 nec
2587 1864 2809 1958 peccata
2850 1850 3206 1958 elemosynis
3235 1848 3547 1958 redimere;

260 1972 423 2047 bolo,
455 1975 547 2048 qui
592 1991 692 2049 per
720 1973 827 2031 doli
856 1972 1286 2031 machinationes
1323 1984 1701 2043 quemcunque
1727 1968 1855 2025 sub-

264 2069 510 2138 verterit,
559 2077 761 2127 interna
811 2065 1129 2139 confusione
1179 2064 1399 2136 dignum
1446 2077 1568 2119 esse
1602 2060 1856 2119 ostendit.

266 2162 423 2229 Unde
466 2173 801 2233 ‘magnOpere
842 2157 1142 2217 curandum
1168 2164 1253 2214 est
1276 2196 1291 2223 ,
1334 2163 1398 2233 et
1417 2168 1579 2211 omne
1622 2151 1861 2211 studium

263 2252 708 2326 impendendum,
732 2265 802 2307 ne
828 2250 1153 2307 seducamur
1179 2246 1246 2303 ab
1279 2243 1589 2319 hujusmodi
1627 2242 1862 2303 homini-

263 2346 389 2413 bus,
419 2359 653 2416 quorum
677 2343 926 2400 doctrina
964 2349 1022 2399 et
1041 2355 1208 2412 opera
1238 2340 1413 2395 aliena
1445 2347 1571 2395 sunt
1605 2354 1637 2393 a
1659 2337 1863 2397 Christi

265 2437 531 2494 Ecclesia.
558 2436 712 2494 Unde
756 2444 812 2492 et
847 2435 1206 2506 alienigenam
1234 2434 1290 2488 in
1320 2432 1672 2504 sequentibus
1700 2429 1862 2487 talem

265 2531 534 2599 nominat,
565 2531 690 2603 quia
710 2530 935 2591 omnino
962 2528 1125 2584 alieni
1145 2535 1272 2583 sunt
1296 2543 1326 2582 a
1349 2525 1697 2599 generatione
1717 2538 1864 2595 qua:-

266 2626 507 2685 rentium
546 2625 858 2693 Dominum,
884 2622 1277 2695 requirentium
1312 2620 1506 2676 faciem
1535 2619 1630 2674 Dei
1671 2616 1861 2693 Jacob,

269 2725 325 2775 et
346 2719 623 2792 pertinent
644 2718 713 2774 ad
742 2717 889 2773 illam
919 2715 1350 2787 generationem,
1375 2715 1439 2769 de
1464 2728 1570 2784 qua
1600 2711 1865 2781 scriptum

267 2823 388 2872 est:
437 2832 456 2866 ι
491 2812 783 2871 Generatio
829 2826 997 2887 prava
1042 2819 1097 2867 et
1136 2824 1392 2884 perversa
1418 2850 1433 2876 ,
1488 2824 1520 2864 a
1550 2821 1657 2885 qua
1687 2805 1866 2879 omnis

270 2908 497 2982 sanguis
516 2909 788 2985 justorum
820 2907 1151 2979 requiretur,
1197 2906 1288 2978 qui
1313 2904 1517 2962 effusus
1549 2916 1632 2960 est
1665 2904 1733 2975 ab
1763 2902 1867 2958 ini-

271 3001 349 3057 tio
377 3000 585 3069 mundi,
616 3016 647 3055 a
669 2999 933 3074 sanguine
957 2998 1089 3056 Abel
1098 2997 1252 3068 justi,
1268 3012 1436 3069 usque
1460 2996 1526 3053 ad
1548 2995 1865 3073 sanguinem

269 3093 553 3150 Zachariae
586 3092 682 3149 filii
728 3092 1008 3149 Barachiae
1032 3133 1046 3159 ,
1077 3092 1168 3165 qui
1192 3091 1405 3148 occisus
1433 3097 1516 3146 est
1555 3090 1697 3145 inter
1724 3097 1865 3144 tem-

273 3186 420 3257 plum
475 3193 532 3240 et
577 3183 751 3241 altare
804 3182 1021 3256 (Matth.
1060 3183 1239 3255 χχιιι).
1272 3202 1291 3236 ι
1360 3181 1681 3238 lnnocentes
1722 3179 1868 3234 enim

271 3240 604 3335 interficiunt
634 3296 646 3332 :
678 3284 735 3332 et
773 3240 827 3331 in
860 3276 1060 3348 templo
1089 3240 1211 3339 Dei,’
1256 3276 1359 3331 hoc
1388 3283 1493 3339 est,
1522 3272 1641 3345 lege
1687 3271 1871 3328 divina

1977 3240 2418 3298 misericordibus

158 3444 174 3449 _
272 3378 507 3427 mortem
535 3369 834 3428 moliuntur
873 3368 1140 3425 ministris
1163 3366 1386 3424 Christi.
1415 3365 1572 3421 Unde
1600 3362 1870 3436 sequitur:

356 3481 375 3515 ι
417 3462 656 3520 Admitte
703 3462 770 3518 ad
800 3470 856 3519 te
890 3462 1270 3532 alienigenam,
1308 3466 1363 3515 et
1411 3457 1689 3513 subvertet
1738 3461 1789 3510 te
1820 3454 1876 3510 in

282 3571 304 3605 ς
349 3552 585 3619 turbine,
608 3559 663 3608 et
697 3553 1025 3609 abalienabit
1054 3559 1107 3607 te
1133 3567 1164 3606 a
1191 3551 1297 3606 tuis
1315 3548 1568 3622 propriis.
1603 3568 1621 3601 ι
1654 3546 1771 3602 Non
1793 3554 1879 3601 est

276 3643 647 3700 admittendus
701 3642 1007 3714 hujusmodi
1075 3643 1248 3701 hostis
1304 3644 1373 3697 ad
1433 3638 1876 3696 communionem

276 3735 551 3803 Ecclesiae,
586 3736 709 3808 quia
732 3735 1038 3809 periculosa
1084 3743 1167 3791 est
1201 3732 1319 3805 ejus
1348 3733 1618 3798 societas;
1649 3729 1874 3786 subver-

278 3834 357 3883 tet
374 3827 521 3883 enim
552 3841 893 3884 assensorem
920 3842 1078 3883 suum
1122 3826 1179 3881 in
1220 3824 1541 3883 confusione
1569 3821 1795 3888 erroris,
1824 3828 1878 3875 et

280 3919 516 3975 alienum
542 3935 667 3976 eum
698 3934 820 3977 esse
849 3919 980 3975 facit
999 3935 1028 3974 a
1059 3918 1262 3976 Christi
1299 3917 1581 3985 membris,
1609 3930 1733 3972 cum
1754 3929 1877 3970 eum

280 4013 604 4086 participem
629 4012 870 4071 effecerit
910 4028 1020 4069 suae
1046 4010 1447 4084 perversitatis.

900 4148 1130 4207 CAPUT
1178 4148 1268 4205 Vl.

686 4243 897 4301 Laudat
924 4257 1082 4313 opera
1109 4240 1469 4311 cleemosyme.

357 4337 508 4411 (Car.
538 4336 664 4410 xu.)
693 4356 712 4391 ι
743 4336 802 4393 Si
830 4334 1186 4401 benefeceris,
1214 4334 1352 4389 scito
1374 4331 1462 4388 cui
1477 4329 1694 4396 feceris,
1708 4328 1882 4384 eterit

290 4448 311 4484 σ
350 4430 524 4501 gratia
552 4430 607 4485 in
632 4429 789 4485 bonis
808 4429 935 4485 tuis.
952 4426 1120 4483 Multa
1141 4423 1617 4496 benefacjusto,et
1638 4422 1883 4478 invenies

292 4540 311 4575 ι
357 4522 768 4579 retributionem
795 4537 1045 4593 magnam
1073 4538 1088 4585 ;
1113 4528 1169 4576 et
1196 4520 1242 4576 si
1268 4534 1377 4575 non
1408 4518 1477 4574 ab
1500 4518 1639 4589 ipso,
1672 4523 1824 4573 certe
1851 4530 1882 4570 a

1964 1956 2061 2016 sed
2095 1937 2247 2025 addit
2282 1958 2503 2025 peccata
2548 1947 2817 2037 peccatis,
2863 1954 2919 2015 et
2956 1937 3100 2012 mala
3141 1939 3464 2011 multiplicat
3482 1937 3553 2037 in

1964 2046 2259 2106 sceleribus
2280 2028 2570 2118 plurimis;
2596 2047 2652 2096 et
2672 2040 2967 2110 desperans
2986 2036 3052 2095 de
3073 2032 3385 2103 semetipso,
3407 2028 3554 2085 nullo

1964 2140 2127 2196 modo
2157 2136 2260 2193 sibi
2286 2133 2570 2191 subveniet
2596 2146 2694 2204 per
2717 2126 3055 2200 poenitentia:
3077 2124 3392 2180 lamentum.
3416 2120 3556 2176 Hinc

1966 2238 2021 2288 et
2042 2243 2139 2303 per
2167 2226 2488 2301 prophetam
2508 2221 2769 2278 Dominus
2794 2218 2911 2274 ait:
2940 2236 2959 2270 ι
2987 2216 3164 2289 Super
3186 2213 3362 2270 tribus
3388 2211 3558 2270 scele-

1966 2320 2119 2377 ribus
2152 2317 2322 2389 Tyri,
2371 2323 2427 2375 et
2472 2328 2636 2386 super
2666 2320 2900 2385 quatuor
2939 2323 3050 2366 non
3090 2311 3402 2366 convertam
3433 2319 3558 2361 eum

1967 2411 2170 2485 (Amos.
2201 2408 2262 2482 ι).
2294 2428 2313 2462 ι

2044 2521 2063 2554 ‹
2101 2503 2179 2557 Da
2215 2497 2577 2569 misericordi,
2610 2504 2665 2553 et
2700 2511 2770 2553 ne
2815 2494 3079 2567 suscipias
3108 2498 3471 2571 peccatorem,
3507 2496 3564 2545 et

1975 2616 1994 2650 ι
2036 2596 2217 2668 impiis
2252 2591 2632 2667 peccatoribus
2673 2589 2863 2646 reddet
2891 2588 3208 2653 vindictam,
3250 2582 3563 2640 custodiens

1975 2707 1994 2741 ι
2031 2703 2127 2745 eos
2149 2688 2206 2757 in
2227 2686 2315 2743 die
2342 2685 2615 2751 vindictaz.
2652 2702 2672 2736 ι
2706 2680 2811 2750 Qui
2848 2678 3112 2752 indigenti
3156 2676 3559 2747 cleemosynam

1966 2777 2178 2849 tribuit,
2208 2790 2310 2832 nec
2353 2790 2478 2831 eum
2501 2781 2722 2846 propter
2756 2770 3010 2827 delictum
3058 2768 3275 2841 aliquod
3299 2763 3559 2822 commis-

1969 2886 2091 2937 sum
2132 2854 2439 2942 spreverit,
2486 2868 2624 2923 bene
2672 2862 3104 2919 misericordiam
3136 2848 3261 2931 jure
3305 2856 3563 2921 custodit,

1972 2962 2099 3033 quia
2110 2969 2303 3017 natura
2320 2961 2375 3014 in
2397 2958 2865 3029 eleemosynarum
2876 2954 3160 3027 largitione
3173 2949 3565 3008 consideranda

1972 3040 2076 3121 est,
2102 3069 2210 3109 non
2248 3067 2503 3125 persona.
2551 3047 2707 3109 Unde
2738 3048 2909 3107 dicit:
2954 3066 2972 3099 ι
3010 3046 3089 3102 Da
3125 3043 3486 3110 misericordi,
3512 3049 3569 3097 ct

1971 3165 2081 3205 non
2110 3147 2376 3219 suscipias
2404 3152 2771 3218 peccatorem.
2804 3162 2823 3195 ι
2851 3140 3157 3198 immitibus
3182 3147 3363 3195 autem
3392 3145 3447 3192 et
3469 3137 3544 3191 im

2462 3238 2604 3293 Deus
2657 3236 2847 3293 reddet
2888 3234 3182 3291 vindictam
3208 3273 3223 3298 ,
3278 3243 3568 3287 reservans

1976 3333 2085 3390 illis
2128 3331 2457 3403 condignum
2507 3328 2791 3401 prmmium
2838 3327 2892 3381 in
2943 3326 3033 3382 die
3074 3323 3361 3391 vindictas,
3406 3337 3567 3394 quem

1976 3423 2267 3496 Apostolus
2315 3421 2604 3494 appellavit
2632 3420 2774 3475 diem
2804 3418 2936 3477 irae:
2976 3436 2995 3469 ι
3029 3416 3157 3473 Dies
3185 3414 3331 3472 enim
3364 3415 3459 3469 irae
3483 3421 3568 3469 est

1975 3515 2393 3589 peccatoribus,
2439 3526 2548 3583 quo
2590 3511 2884 3583 punientur
2911 3496 3089 3581 (Rom.
3117 3506 3178 3578 1).
3210 3525 3230 3559 ι
3269 3505 3395 3562 Ideo
3438 3503 3571 3577 ipsis

1979 3616 2062 3663 est
2089 3607 2193 3673 ira,
2220 3605 2345 3677 quia
2368 3605 2610 3659 sentiunt
2629 3618 2847 3675 pmnam
2873 3601 2928 3656 in
2952 3600 3039 3657 die
3073 3596 3423 3656 revelationis
3437 3595 3573 3667 justi

1974 3700 2165 3773 judicii
2180 3700 2295 3755 Dei.
2321 3698 2672 3753 Revelabitur
2691 3697 2856 3763 enim,
2876 3695 2930 3750 id
2955 3702 3059 3762 est,
3084 3701 3407 3764 agnoscetur
3425 3689 3572 3763 quod

1980 3794 2140 3850 modo
2187 3792 2429 3849 futurum
2459 3799 2715 3863 negatur;
2747 3789 2893 3860 quod
2917 3788 3060 3843 enim
3093 3786 3255 3842 modo
3296 3782 3452 3857 quasi
3483 3797 3574 3838 oc-

1980 3885 2182 3941 cultum
2208 3891 2539 3949 reservatur,
2559 3891 2688 3938 tunc
2711 3880 2869 3954 quasi
2889 3878 3237 3935 manifestum
3258 3875 3570 3932 ulciscetur.

2059 3994 2076 4027 ι
2118 3975 2195 4030 Da
2222 3976 2387 4043 bono,
2426 3983 2483 4030 et
2507 3988 2617 4029 non
2646 3971 2920 4043 receperis
2946 3975 3321 4043 peccatorem;
3347 3963 3575 4022 benefac

1989 4087 2006 4121 ι
2040 4068 2270 4137 humili,
2317 4077 2374 4124 et
2419 4084 2529 4125 non
2559 4067 2775 4124 dederis
2820 4063 3006 4137 impio.
3039 4082 3059 4117 ι
3096 4060 3236 4118 Huic
3277 4058 3452 4117 simile
3488 4066 3576 4114 est

1987 4180 2005 4214 ι
2043 4162 2186 4233 quod
2232 4161 2289 4216 in
2336 4160 2507 4217 Tobia
2535 4159 2765 4233 legitur:
2802 4154 3045 4213 «Panem
3090 4163 3242 4210 tuum
3290 4160 3347 4210 et
3386 4151 3572 4207 vinum

1988 4272 2007 4305 ι
2045 4262 2197 4310 tuum
2224 4269 2387 4326 super
2414 4253 2749 4325 sepulturam
2778 4251 2914 4322 justi
2937 4250 3230 4316 constitue,
3269 4255 3326 4304 et
3369 4245 3479 4305 noli
3507 4260 3574 4300 ex

1988 4366 2008 4399 ι
2046 4362 2110 4403 eo
2157 4343 2491 4403 manducare
2543 4360 2720 4415 neque
2780 4343 2968 4411 bibere
3023 4354 3147 4397 cum
3197 4338 3576 4411 peccatoribus

1990 4458 2009 4492 ι
2047 4437 2199 4511 (Tob.
2230 4437 2329 4509 iv).
2364 4458 2382 4490 ι
2425 4437 2630 4493 Panem
2678 4435 2823 4490 enim
2869 4447 3027 4489 suum
3071 4440 3127 4488 et
3158 4431 3342 4511 vinum
3366 4429 3574 4500 praebet

1984 4508 2383 4603 peccatoribus,
2399 4529 2492 4601 qui
2523 4528 2722 4600 iniquis
2746 4525 3006 4592 subsidia,
3029 4538 3131 4596 pro
3151 4538 3217 4581 eo
3231 4508 3376 4594 quod
3402 4520 3576 4592 iniqui

294 4632 313 4665 ι
353 4614 601 4670 Domino.
633 4634 652 4666 ι
691 4613 821 4669 Ηιιδο
861 4627 992 4683 ergo
1032 4610 1353 4683 Evangelica
1399 4619 1484 4666 est
1529 4608 1797 4674 doctrina,
1827 4614 1883 4663 et

1989 4632 2133 4689 sunt,
2164 4623 2449 4695 impendit.
2482 4622 2639 4680 Unde
2669 4628 2723 4678 et
2751 4619 2991 4687 nonnulli
3021 4617 3184 4690 hujus
3219 4615 3407 4675 mundi
3443 4614 3577 4671 divi-

288 4705 587 4762 concordat
602 4704 944 4762 sermonibus
965 4702 1281 4759 Salvatoris.
1312 4702 1556 4758 Primum
1580 4701 1727 4760 enim
1751 4702 1881 4756 hor-

290 4807 440 4853 tatur
468 4804 529 4852 ut
558 4797 788 4869 simplici
812 4797 993 4853 animo
1018 4795 1188 4852 facias
1211 4795 1632 4866 cleemosynam,
1657 4793 1782 4864 quia
1805 4794 1878 4847 ita

291 4890 634 4953 solummodo
660 4889 1051 4947 misericordia:
1080 4903 1247 4959 opera
1270 4888 1411 4959 apud
1444 4886 1616 4945 Deum
1639 4886 1879 4956 proban-

291 4992 403 5050 tur,
453 4984 501 5040 si
549 4982 779 5053 simplici
821 4989 876 5038 et
911 4983 1111 5039 munda
1157 4979 1457 5039 intentione
1481 4978 1879 5035 exhibeantur:

300 5097 318 5135 ι
356 5078 652 5145 “tendite,
676 5076 871 5147 inquit,
903 5091 972 5132 ne
990 5073 1256 5144 justitiam
1289 5081 1527 5130 vestram
1550 5070 1763 5127 faciatis
1786 5085 1881 5127 co-

297 5186 416 5229 ram
448 5169 780 5237 imminibus,
814 5176 877 5227 ut
912 5165 1208 5225 videamini
1253 5166 1321 5220 ab
1347 5164 1427 5221 cis
1474 5161 1690 5236 (Matth.
1724 5162 1823 5233 vr).
1860 5181 1881 5216 ι

296 5262 357 5319 ld
384 5270 489 5328 est,
517 5270 705 5318 cavete
732 5261 837 5317 hoc
879 5260 1062 5317 animo
1087 5244 1289 5323 tenere,
1329 5264 1392 5311 ut
1414 5270 1539 5312 cum
1568 5252 1716 5324 juste
1736 5253 1888 5309 viva-

299 5354 390 5422 tis,
422 5353 537 5415 sive
565 5353 767 5424 aliquid
792 5349 921 5411 boni
949 5352 1131 5424 operis
1169 5350 1406 5415 faciatis,
1458 5348 1532 5406 ibi
1573 5348 1774 5404 bonum
1794 5362 1889 5403 ve-

301 5457 478 5509 strum
505 5448 871 5513 constituatis,
896 5455 959 5503 ut
982 5461 1079 5505 vos
1117 5446 1337 5502 videant
1365 5444 1644 5510 homines;
1676 5443 1891 5512 illisque

301 5541 564 5614 placeatis
596 5584 611 5607 ,
654 5542 977 5611 laudemque
1024 5540 1092 5597 ab
1118 5540 1198 5595 eis
1234 5539 1480 5610 accipere
1504 5538 1759 5609 quaeratis
1784 5578 1799 5602 ,
1837 5544 1892 5593 et

1987 4724 2091 4783 tes,
2138 4730 2261 4771 cum
2291 4716 2433 4771 fame
2458 4714 2770 4772 crucientur
2797 4711 3000 4786 Christi
3043 4723 3312 4785 pauperes
3333 4749 3350 4779 ,
3392 4706 3577 4766 effusis

1986 4803 2330 4878 largitatibus
2375 4806 2626 4875 nutriunt
2652 4804 2964 4875 histriones.
2996 4801 3098 4873 Qui
3143 4815 3275 4863 vero
3302 4799 3467 4867 etiam
3494 4799 3579 4855 in-

1988 4896 2192 4967 digenti
2240 4897 2510 4967 peceatori
2559 4911 2757 4967 panem
2784 4912 2963 4963 suum,
2993 4909 3102 4950 non
3147 4891 3275 4964 quia
3301 4897 3573 4963 peccator,

1989 4986 2085 5042 sed
2108 4987 2235 5057 quia
2256 4987 2418 5042 homo
2437 4996 2541 5055 est,
2570 4987 2777 5055 tribuit,
2803 4986 3058 5043 nimirum
3079 4999 3188 5041 non
3208 4989 3573 5055 peccatorem,

1995 5078 2088 5134 sed
2107 5078 2314 5150 justum
2337 5080 2528 5145 nutrit,
2559 5079 2685 5150 quia
2712 5080 2765 5135 in
2786 5078 2881 5133 illo
2901 5092 3009 5133 non
3028 5076 3267 5148 culpam,
3298 5076 3393 5132 sed
3422 5081 3580 5129 natu-

1995 5184 2114 5224 ram
2169 5169 2361 5242 diligit.
2407 5170 2578 5227 Aliter
2607 5178 2785 5227 autem
2830 5169 2876 5226 si
2922 5167 3220 5226 secundum
3269 5166 3579 5238 allegoriam

1993 5270 2336 5332 peccatorem
2362 5272 2417 5319 et
2445 5262 2672 5334 impium
2698 5262 2789 5317 hic
2825 5260 3108 5316 haereticos
3131 5258 3387 5331 intelligis
3411 5275 3425 5312 :
3455 5266 3579 5314 tan-

1995 5355 2087 5409 diu
2122 5370 2229 5411 non
2257 5365 2341 5413 est
2360 5354 2470 5413 illis
2495 5353 3027 5420 communicandum,
3053 5352 3293 5429 quandiu
3314 5350 3369 5407 in
3395 5366 3584 5408 errore

1994 5458 2366 5521 perseverant.
2398 5448 2555 5507 Unde
2585 5456 2639 5503 et
2663 5449 2775 5520 ipsa
2801 5446 3018 5510 Veritas
3058 5445 3114 5513 in
3157 5443 3449 5516 Evangelio
3474 5443 3578 5499 ait:

2002 5558 2021 5591 ‹
2061 5539 2237 5597 Nolite
2268 5546 2516 5595 sanctum
2542 5537 2671 5593 dare
2704 5536 2951 5607 canibus,
2982 5552 3158 5609 neque
3184 5535 3413 5592 mittatis
3432 5549 3582 5590 mar-

304 5635 377 5695 ob
426 5636 527 5691 hoc
575 5651 706 5692 vero
748 5636 1014 5692 mercedis
1067 5634 1243 5690 fructu
1282 5634 1593 5704 privemini.
1647 5633 1798 5688 Unde
1840 5640 1895 5688 et
1999 5633 2204 5704 garitas
2228 5640 2439 5688 vestras
2469 5638 2596 5686 ante
2621 5644 2836 5701 porcos,
2861 5647 2931 5687 ne
2969 5629 3109 5688 forte
3135 5632 3454 5689 conculccnt
3487 5642 3584 5687 eas

303 5729 558 5789 Metitur
586 5749 597 5783 :
635 5748 654 5781 ι
686 5730 935 5800 Alioquin
981 5729 1281 5784 mercedem
1320 5744 1426 5783 non
1459 5728 1727 5782 habebitis
1755 5727 1895 5796 apud
2000 5725 2226 5795 pedibus
2242 5725 2375 5789 suis,
2399 5717 3579 5799 ctconversidisrumpantvos(Matth.vn)»

307 5817 529 5893 Patrem
551 5829 808 5887 vestrum,
844 5823 935 5891 qui
964 5822 1016 5877 in
1045 5821 1197 5877 ctelis
1231 5828 1315 5876 est
1342 5819 1551 5891 (lbid.).
1587 5839 1604 5870 ι
1634 5818 1767 5874 Hinc
1791 5820 1894 5874 ite-

2003 5817 2177 5872 Canes
2202 5818 2347 5872 enim
2375 5833 2472 5890 pro
2497 5819 2954 5891 expugnatoribus
2978 5817 3240 5881 veritatis,
3264 5827 3459 5887 porcos
3482 5826 3587 5886 pro

308 5925 434 5977 tum
463 5916 572 5972 ait:
601 5934 621 5970 ι
654 5915 731 5973 Te
760 5926 940 5975 autem
971 5916 1201 5973 faciente
1226 5915 1645 5985 cleemosynam,
1689 5914 1896 5971 nesciat
2005 5914 2469 5985 contemptoribus
2513 5916 2719 5987 positos
2760 5930 2866 5971 non
2918 5914 3210 5984 incongrue
3244 5907 3585 5986 accipimus.
