4030 6520
469 419 575 479 847

1105 416 1169 473 Β.
1209 414 1464 473 RABANI
1504 411 1723 472 MAUR]
1759 406 2082 472 ARClllEP.
2122 410 2433 472 MOGUNT.
2474 410 2761 471 OPERUM
2797 410 2977 470 PARS
3009 411 3053 469 l.

3632 408 3755 469 848

469 541 609 599 illuc
632 546 688 594 et
708 534 905 592 Paulus
925 535 1002 591 ait
1026 551 1040 590 :
1064 551 1084 587 ι
1113 512 1438 590 Haeretieum
1460 532 1733 588 hominem
1746 538 1870 602 post
1890 544 2053 586 unam

2161 529 2443 597 dalizatur,
2486 536 2541 586 et
2568 544 2669 601 ego
2712 543 2823 584 non
2853 543 2988 584 uror
3011 524 3101 597 (II
3121 524 3246 581 Cor.
3270 525 3361 601 1|)?
3387 546 3407 581 ι
3462 526 3535 584 Ει
3574 527 3750 585 item:

467 642 525 690 et
553 629 844 689 secundam
884 625 1307 697 iucrepationem
1333 623 1535 690 devita,
1563 622 1743 679 sciens
1767 622 1892 693 quia
1922 621 2051 677 sub-

467 738 662 782 versus
689 727 773 777 est
808 717 902 790 qui
932 715 1199 788 ejusmodi
1222 721 1309 772 est
1332 755 1348 781 ,
1379 721 1436 769 et
1459 714 1678 785 proprio
1696 712 1903 785 judicio
1925 726 2056 769 con-

465 815 755 873 deumatus
779 809 908 884 (Tit.
937 808 1043 882 ιιι).
1071 828 1093 862 ι
1124 806 1281 876 Quod
1309 814 1496 865 autem
1517 805 1787 879 sequitur,
1817 804 1887 861 ad
1906 819 2055 862 eum-

464 907 590 964 dem
613 920 835 964 sensum
856 902 1050 960 referri
1073 909 1272 974 potest.

541 1019 562 1052 ι
599 996 833 1054 Prohibe
856 1010 1027 1068 panes
1048 994 1127 1052 illi
1150 994 1288 1062 dari,
1316 1009 1386 1051 ne
1424 993 1482 1050 in
1522 992 1657 1065 ipsis
1698 992 1974 1066 potentior
2000 1000 2056 1049 te

470 1115 493 1150 ι
528 1095 618 1154 sit.
651 1114 671 1148 ι
701 1091 822 1150 Non
851 1090 998 1148 enim
1027 1088 1189 1162 panis
1221 1088 1375 1147 verbi
1398 1087 1495 1145 Dei
1520 1087 1796 1160 mysteriis
1818 1086 2057 1145 etelesti-

463 1187 567 1245 bus
591 1186 784 1259 plenus
814 1183 1016 1241 talibus
1035 1181 1358 1240 tribuendus
1395 1188 1481 1238 est
1502 1222 1519 1249 ,
1549 1194 1621 1237 ne
1668 1180 1809 1237 forte
1835 1181 1892 1237 in
1933 1179 2055 1237 bla-

463 1278 769 1350 sphemiam
795 1283 1105 1349 erumpant,
1132 1282 1187 1331 et
1211 1273 1593 1344 blasphement
1610 1273 1813 1329 bonum
1832 1286 2051 1339 nomen,

462 1370 613 1442 quod
638 1369 948 1425 invocatum
970 1376 1055 1424 est
1077 1380 1241 1439 super
1257 1380 1376 1421 nos.
1400 1365 1540 1423 Hinc
1561 1364 1764 1421 Paulus
1782 1365 1850 1421 ad
1868 1363 2055 1421 Timo-

463 1461 653 1517 theum
687 1459 924 1531 scripsit,
948 1458 1177 1515 dicens:
1230 1475 1249 1508 ι
1276 1456 1584 1513 Alexander
1614 1456 1841 1512 terarius
1885 1454 2054 1512 multa

463 1551 607 1606 mala
634 1550 767 1606 mihi
798 1548 1076 1606 ostendit:
1104 1547 1296 1604 reddet
1338 1546 1417 1602 illi
1458 1546 1722 1603 Dominus
1755 1546 2054 1603 secundum

462 1658 630 1717 opera
670 1643 817 1715 ejus;
841 1658 1003 1714 quem
1042 1650 1099 1698 et
1126 1650 1185 1697 tu
1232 1640 1451 1697 devita:
1484 1640 1643 1697 valde
1680 1640 1827 1696 enim
1853 1640 2057 1697 restitit

462 1737 644 1793 verbis
685 1735 888 1792 nostris
914 1732 1002 1806 (ΙΙ
1038 1733 1175 1789 Tim.
1203 1734 1301 1806 ιν).
1336 1753 1356 1787 ι
1391 1732 1532 1789 Hinc
1555 1742 1614 1789 et
1651 1731 1893 1789 Joannes
1946 1732 2050 1788 ait:

468 1848 490 1882 ι
536 1828 595 1885 Si
624 1829 748 1900 quis
766 1828 916 1883 venit
934 1828 1003 1883 ad
1026 1840 1148 1895 vos,
1176 1834 1231 1881 et
1253 1826 1393 1881 hanc
1413 1823 1720 1881 doctrinam
1741 1839 1851 1880 non
1874 1822 2051 1892 atl'ert,

464 1921 631 1977 nolite
644 1899 903 1991 recipere
923 1933 1050 1974 eum
1077 1919 1134 1974 in
1167 1919 1411 1986 domum,
1436 1933 1539 1975 nec
1563 1918 1679 1974 Ave
1708 1918 1760 1973 ei
1783 1917 2051 1974 dixeritis.
2083 1899 2132 1961 Β

466 2010 571 2081 Qui
592 2011 739 2067 enim
766 2011 896 2066 dicit
925 2009 1003 2066 illi
1025 2007 1162 2078 Ave,
1194 2010 1563 2067 communicat
1603 2009 1860 2081 operibus
1906 2008 2053 2064 illius

463 2104 719 2177 malignis
746 2102 832 2177 (11
853 2100 1044 2176 Joan.)
1073 2123 1094 2156 ι
1157 2101 1346 2170 Qualis
1373 2109 1555 2159 autem
1581 2101 1653 2159 sit
1678 2100 1935 2159 haeretica
1959 2101 2056 2157 do-

463 2198 638 2255 ctrina
660 2196 897 2253 ostendit
919 2209 1152 2266 sequens
1174 2194 1439 2251 sententia
1467 2212 1481 2249 :

539 2309 558 2342 ι
602 2288 740 2345 Nam
766 2287 1003 2360 duplicia
1049 2287 1195 2344 mala
1230 2287 1478 2344 invenies
1523 2286 1580 2342 in
1607 2285 1861 2342 omnibus
1896 2282 2056 2341 bonis

468 2403 489 2437 ι
527 2396 864 2454 quacunque
886 2379 1083 2438 feceris
1103 2378 1183 2436 illi
1204 2398 1217 2436 :
1244 2379 1502 2450 quoniam
1519 2365 1577 2434 et
1595 2373 1908 2434 Altissimus
1927 2375 2054 2432 odio

468 2493 488 2527 ι
524 2474 688 2529 habet
725 2479 1073 2543 peccatores,
1124 2478 1182 2526 et
1222 2469 1406 2540 impiis
1448 2467 1642 2525 reddet
1684 2467 2005 2523 vindictam.
2028 2486 2049 2521 ι

463 2563 670 2635 Duplex
715 2571 803 2619 est
844 2562 991 2618 enim
1030 2561 1208 2617 omnis
1246 2561 1629 2617 haereticorum
1673 2559 1952 2627 doctrina,
1998 2557 2056 2615 id

461 2665 569 2723 est,
591 2654 752 2711 dubia
767 2662 821 2709 et
849 2654 1056 2721 dolosa,
1081 2654 1210 2725 quia
1231 2652 1308 2709 illi
1337 2652 1395 2708 in
1417 2652 1753 2724 expositione
1787 2654 2056 2710 bonarum

463 2747 860 2804 sententiarum
886 2745 1082 2801 divinae
1128 2744 1263 2817 legis
1297 2744 1639 2816 expendunt,
1680 2752 1737 2801 et
1761 2743 1887 2801 ideo
1914 2744 2057 2802 mala

465 2854 593 2895 cum
617 2837 910 2908 aliquando
938 2852 1070 2892 vera
1096 2835 1253 2891 inviti
1277 2835 1583 2907 proferunt,
1607 2835 1899 2907 aliquando
1924 2851 2057 2894 vero

461 2929 599 2986 falsa
642 2930 789 2987 veris
834 2936 1026 3002 sponte
1064 2929 1468 2997 intermiscent,
1492 2937 1550 2987 et
1598 2929 1674 2985 ita
1703 2938 2059 3000 corrumpunt

465 3032 631 3093 atque
656 3021 999 3078 confundunt
1026 3021 1228 3086 omnia,
1259 3029 1320 3076 ut
1339 3021 1475 3077 nihil
1505 3022 1648 3093 apud
1674 3034 1769 3078 eos
1787 3036 1928 3093 pene
1945 3022 2057 3077 sin-

464 3131 653 3172 cerum
693 3115 782 3171 sit.
829 3114 984 3172 Unde
1032 3124 1088 3170 et
1133 3115 1346 3171 macula
1386 3116 1551 3186 lepra:
1597 3115 1814 3172 illorum
1840 3116 2055 3172 varium

463 3205 703 3262 colorem
725 3207 933 3262 habens
948 3207 1163 3262 Domini
1183 3222 1348 3263 manu
1365 3207 1570 3279 indiget
1590 3209 1791 3265 curari.
1807 3208 2053 3281 Duplicia

465 3300 610 3355 enim
635 3297 777 3353 mala
804 3312 1019 3369 semper
1043 3312 1165 3354 esse
1194 3298 1438 3355 invenies
1460 3299 1517 3354 in
1537 3300 1790 3355 omnibus
1816 3299 1904 3367 iis,
1928 3299 2055 3371 quia

461 3391 549 3445 vir
575 3389 776 3460 duplex
823 3389 1008 3445 animo
1048 3390 1348 3447 secundum
1385 3389 1576 3447 Jacobi
1621 3391 1948 3447 sententiam
1979 3392 2058 3459 in-

464 3489 726 3538 constans
763 3488 848 3536 est
895 3480 951 3537 in
1003 3482 1256 3538 omnibus
1299 3482 1406 3538 viis
1454 3483 1568 3538 suis
1611 3482 1900 3557 (Jacolm).
1953 3483 2059 3539 Ubi

466 3581 652 3630 autem
674 3572 824 3628 zelus
845 3581 902 3628 et
928 3574 1205 3629 contentio
1231 3613 1246 3640 ,
1290 3573 1366 3629 ibi
1394 3574 1771 3631 inconstantia
1812 3584 1868 3631 et
1897 3590 2058 3631 omne

467 3681 606 3737 opus
628 3679 875 3736 pravum.
908 3663 977 3719 Et
1011 3664 1142 3721 alibi
1172 3663 1456 3737 Scriptura
1484 3666 1614 3721 dicit
1644 3685 1658 3721 :
1693 3685 1712 3718 ι
1745 3664 1839 3722 Vae
1862 3680 2058 3738 pecca-

466 3758 576 3814 tori
605 3766 809 3815 terram
823 3756 1148 3828 ingredienti
1177 3758 1387 3814 duabus
1408 3759 1512 3813 viis
1543 3759 1714 3833 (Eccl.
1742 3759 1826 3833 ιι).
1860 3780 1880 3814 ι
1908 3762 2056 3816 Dua-

468 3856 572 3911 bus
593 3855 793 3926 quippe
820 3854 924 3909 viis
953 3862 1208 3925 peccator
1239 3862 1440 3911 terram
1486 3857 1786 3929 ingreditur
1803 3898 1818 3924 ,
1841 3857 2057 3928 quando

467 3944 758 4001 hmreticus
781 3944 836 3998 in
863 3944 1186 4014 quibusdam
1212 3960 1340 4002 vera
1364 3949 1744 4017 pronuntians,
1768 3948 1824 4002 in
1844 3949 2058 4018 quibus-

469 4036 594 4091 dam
640 4051 771 4091 vero
818 4035 951 4090 falsa
996 4043 1052 4091 et
1083 4037 1305 4093 omnino
1355 4039 1671 4096 detestanda
1736 4040 2060 4112 prtedicans,

470 4136 675 4182 terram
719 4126 975 4183 Ecclesia:
1013 4128 1289 4184 maculare
1324 4129 1585 4198 festinat;
1620 4131 1847 4202 ideoque
1869 4131 1947 4187 illi
1980 4148 2061 4187 vae

470 4229 793 4289 perpetuum
824 4220 1165 4287 remanebit,
1191 4223 1449 4293 quoniam
1496 4232 1551 4279 et
1586 4223 1899 4282 Altissimus
1937 4226 2062 4282 odio

471 4309 633 4364 habet
654 4317 991 4380 peccatores,
1015 4319 1071 4366 et
1095 4312 1275 4385 impiis
1298 4314 1485 4371 reddet
1509 4316 1825 4385 vindictam,
1844 4318 2061 4387 quando

470 4398 627 4453 ibunt
652 4400 706 4454 in
739 4401 1062 4472 supplicium
1095 4412 1358 4462 aeternum
1378 4446 1392 4474 ,
1432 4405 1562 4465 iusti
1607 4418 1791 4466 autem
1815 4411 1872 4467 in
1894 4411 2063 4467 vitam

471 4498 753 4546 :cternam.

1079 4588 1308 4648 CAPUT
1339 4589 1449 4645 Vll.

682 4677 761 4733 De
787 4678 972 4733 amicis
999 4679 1147 4735 bonis
1170 4691 1219 4735 et
1243 4681 1419 4749 malis,
1443 4681 1594 4751 falsis
1614 4691 1664 4738 et
1692 4701 1847 4740 rem.

551 4785 569 4817 ι
605 4766 724 4822 Non
747 4778 1071 4841 agnoscetur
1095 4771 1150 4826 in
1180 4772 1340 4828 bonis
1365 4774 1595 4843 amicus,
1619 4786 1676 4833 et
1698 4792 1808 4833 non
1832 4774 2063 4835 abscon-

478 4875 500 4909 ι
537 4855 697 4913 detur
720 4859 775 4915 in
801 4860 960 4918 malis
988 4861 1278 4931 inimicus;
1310 4866 1525 4937 agnitus
1559 4876 1645 4925 est
1689 4869 1744 4923 in
1770 4870 1928 4926 bonis
1956 4871 2061 4928 viri

478 4967 499 5003 ι
533 4950 786 5009 inimicus
811 4953 981 5023 illius,
997 4955 1050 5010 in
1062 4955 1292 5013 tristitia
1308 4968 1364 5012 ct
1393 4958 1601 5014 malitia
1617 4959 1761 5018 illius
1784 4963 2013 5020 amicus.
2036 4984 2056 5019 ι

474 5044 641 5100 Multo
664 5048 912 5117 paratius
940 5059 1102 5121 atque
1132 5049 1349 5107 facilius
1390 5051 1442 5106 in
1475 5051 1807 5109 adversitate
1854 5056 2063 5114 amicus

472 5147 529 5194 et
574 5140 828 5198 inimicus
869 5159 1034 5212 quam
1062 5147 1116 5200 in
1145 5147 1507 5217 prosperitate
1549 5150 1884 5220 probantur,
1933 5154 2063 5223 quia

473 5232 634 5287 multi
668 5234 829 5291 amici
858 5251 1059 5293 mensa:
1087 5254 1196 5294 non
1218 5241 1616 5310 permanebunt
1639 5244 1695 5300 in
1718 5245 1807 5302 die
1826 5247 2065 5303 necessi-

474 5324 624 5377 tatis.
653 5322 756 5390 Qui
783 5326 929 5381 enim
950 5343 1078 5384 vere
1103 5314 1332 5401 alicujus
1355 5333 1566 5391 amicus
1604 5324 1707 5401 est,
1733 5337 1790 5391 in
1829 5338 2061 5396 tribula-

474 5410 624 5466 tione
646 5411 764 5479 ejus
791 5416 1044 5474 condolet
1068 5430 1123 5476 et
1143 5424 1471 5495 compatitur
1491 5426 1570 5481 ei:
1597 5428 1693 5498 qui
1723 5436 1907 5486 autem
1924 5430 2063 5490 falso

476 5502 689 5559 amicus
713 5513 817 5572 est,
849 5507 1070 5565 simulat
1093 5514 1314 5583 quidem
1338 5532 1398 5573 se
1430 5518 1730 5576 amicitiam
1756 5537 1941 5579 veram
1966 5525 2063 5581 ha-

472 5594 608 5654 bere
632 5637 648 5664 ,
704 5613 829 5654 cum
880 5604 1212 5673 prosperitas
1257 5609 1495 5678 arridet;
1537 5612 1744 5670 indicat
1785 5623 1966 5673 autem
2006 5634 2065 5675 se

475 5689 674 5749 falsum
703 5693 939 5750 amicum
958 5710 1080 5754 esse
1101 5739 1117 5767 ,
1144 5716 1270 5756 cum
1301 5705 1631 5765 tribulationi
1658 5727 1767 5768 non
1793 5713 2061 5772 condolet.

473 5779 576 5881 Διιι
608 5800 794 5881 veram
841 5789 1137 5847 amicitiam
1184 5794 1382 5854 Paulus
1418 5817 1527 5858 non
1569 5805 1796 5863 habuit?
1835 5811 1927 5881 qui
1956 5813 2061 5869 ait:

482 5891 502 5933 ι
538 5875 669 5941 Quis
699 5877 1027 5954 inﬁrmatur,
1057 5892 1113 5941 et
1139 5898 1240 5958 ego
1266 5903 1377 5946 non
1416 5891 1699 5955 inﬁrmor?
1737 5875 1869 5968 Quis
1908 5919 2065 5963 scan-

2160 639 2180 674 ι
2221 621 2420 679 Factus
2459 637 2580 678 sum
2614 620 2849 678 inﬁrmis
2877 618 3149 685 inﬁrmus,
3193 627 3255 674 ut
3299 618 3553 676 inﬁrmos
3578 619 3758 677 lucri-

2152 713 2388 772 facerem
2426 714 2479 787 (Ι
2510 713 2635 771 Cor.
2671 713 2774 788 ιχ).
2807 733 2827 768 ι
2879 713 2951 771 Ει
2988 712 3157 770 alibi:
3193 731 3212 765 ι
3249 711 3519 778 Gaudere,
3547 712 3754 783 inquit,

2153 824 2276 867 cum
2304 808 2666 880 gaudentibus
2692 849 2709 876 ,
2751 806 2884 864 ﬁere
2929 822 3056 865 cum
3095 804 3353 863 ﬂentibus
3375 805 3552 879 (Rom.
3569 807 3696 879 ιιι).
3729 828 3751 862 ι

2151 899 2408 956 inimicus
2432 913 2566 957 vero
2590 900 2647 956 in
2667 912 2734 959 eo
2758 899 3045 971 probatur,
3077 898 3205 969 quia
3232 899 3291 954 in
3319 899 3483 955 bonis
3512 899 3758 970 proximi

2153 992 2402 1050 invidens
2428 992 2804 1058 contristatur,
2842 999 2899 1048 et
2922 991 2977 1047 in
3023 990 3355 1047 adversitate
3384 989 3531 1046 illius
3571 990 3761 1048 exsul-

2152 1094 2276 1145 tans
2299 1087 2533 1145 laztatur.
2549 1087 2663 1145 Nec
2683 1086 3019 1160 prosperitas
3040 1086 3241 1157 quippe
3264 1085 3503 1141 amicum
3520 1084 3757 1152 indicat,

2154 1192 2258 1235 nec
2311 1178 2612 1236 adversitas
2663 1162 2943 1236 inimicum
2989 1177 3147 1234 celat.
3180 1176 3318 1244 Quia
3367 1185 3425 1233 et
3467 1175 3561 1233 ille
3614 1192 3762 1248 saepe

2153 1270 2532 1342 prosperitatis
2582 1278 2785 1328 nostra:
2818 1269 3127 1328 reverentia
3166 1268 3369 1341 tegitur
3391 1309 3408 1337 ,
3452 1275 3513 1325 et
3558 1268 3661 1325 iste
3689 1282 3764 1323 ex

2153 1362 2483 1421 conﬁdentia
2510 1363 2858 1421 adversitatis
2884 1361 3146 1435 aperitur.
3170 1361 3270 1418 Vir
3292 1361 3458 1431 igitur
3486 1360 3671 1431 justus
3700 1360 3761 1415 in

2152 1455 2380 1530 ﬂagellis
2406 1458 2617 1530 positus
2639 1458 2823 1514 dicat:
2853 1456 2958 1525 Qui
2983 1456 3127 1513 tollit
3152 1456 3221 1512 ab
3253 1456 3433 1512 amico
3459 1471 3564 1512 suo
3589 1455 3763 1511 mise-

2153 1550 2472 1618 ricordiam,
2496 1550 2749 1607 timorem
2784 1549 3001 1606 Domini
3036 1548 3405 1620 derelinquit:
3436 1548 3568 1619 quia
3599 1547 3767 1603 nimi-

2155 1659 2279 1699 rum
2331 1643 2426 1716 qui
2477 1658 2561 1706 ex_
2582 1642 2914 1706 adversitate
2954 1641 3261 1714 proximum
3290 1639 3544 1710 despicit,
3572 1647 3766 1710 aperte

2158 1734 2521 1801 convincitur,
2553 1735 2681 1806 quia
2710 1735 2856 1791 hunc
2882 1734 2940 1789 in
2986 1733 3265 1805 prosperis
3292 1748 3402 1789 non
3427 1732 3669 1798 amavit;
3707 1740 3767 1789 et

2158 1840 2282 1883 eum
2307 1826 2651 1897 omnipotens
2678 1826 2823 1882 Deus
2853 1826 2975 1881 ideo
3006 1825 3270 1895 quosdam
3295 1825 3591 1896 percutiat,
3622 1832 3685 1878 ut
3707 1831 3767 1879 et

2156 1933 2447 1990 percussos
2472 1918 2705 1985 erudiat,
2737 1926 2795 1974 et
2817 1932 2927 1974 non
2952 1914 3227 1988 percussis
3256 1916 3612 1973 occasionem
3632 1915 3765 1972 boni

2155 2012 2339 2085 operis
2364 2012 2626 2083 praebeat,
2674 2012 2921 2084 quisquis
2951 2025 3272 2083 percussum
3314 2009 3567 2082 despicit,
3597 2025 3764 2066 oeca-

2157 2104 2369 2161 sionem
2394 2119 2427 2161 a
2462 2119 2522 2161 se
2568 2104 2790 2161 virtutis
2834 2102 3078 2176 repellit;
3111 2110 3169 2159 et
3214 2109 3369 2161 tanto
3420 2117 3483 2159 se
3525 2103 3769 2174 nequius

2156 2207 2349 2255 contra
2398 2206 2678 2254 auctorem
2719 2197 2903 2268 erigit,
2933 2204 3141 2267 quanto
3185 2195 3331 2251 hunc
3375 2209 3480 2251 nec
3522 2194 3681 2266 pium
3708 2194 3765 2251 in

2155 2290 2334 2348 salute
2356 2290 2578 2363 propria
2597 2330 2613 2357 ,
2643 2304 2745 2348 nec
2764 2290 2975 2363 justum
3023 2288 3084 2345 in
3113 2287 3290 2344 alieno
3331 2286 3559 2345 vulnere
3585 2302 3767 2359 agno-

2156 2384 2286 2441 seu.

2201 2539 2207 2545 .
2234 2511 2256 2547 ‹
2291 2492 2411 2568 Νριι
2440 2493 2634 2550 credas
2664 2492 2885 2549 inimico
2908 2500 3003 2549 tuo
3033 2491 3090 2548 in
3118 2499 3385 2548 aeternum
3411 2507 3425 2545 :
3450 2489 3597 2547 sicut
3616 2488 3765 2546 enlm

2161 2605 2187 2643 ‹
2222 2593 2580 2643 atramentum
2603 2585 2871 2657 :eruginat
2913 2585 3157 2656 nequitia
3182 2584 3358 2653 illius;
3396 2592 3452 2642 et
3502 2583 3551 2639 si
3576 2582 3764 2639 humi-

2161 2696 2185 2735 ι
2228 2680 2391 2736 liatus
2417 2678 2582 2735 vadat
2623 2693 2846 2745 curvus,
2888 2677 3065 2748 adjice
3112 2679 3355 2735 animum
3382 2686 3540 2733 tuum
3566 2685 3623 2732 et
3664 2691 3763 2731 cu-

2162 2790 2183 2826 (
2222 2771 2364 2827 stodi
2393 2778 2446 2827 te
2476 2771 2545 2827 ab
2584 2770 2694 2827 illo.
2726 2769 3097 2849 Non_statuas
3136 2771 3291 2826 illum
3320 2785 3490 2842 penes
3531 2779 3620 2837 te,
3651 2784 3755 2826 nec

2163 2882 2185 2918 ‹
2220 2864 2408 2922 sedeat
2435 2864 2505 2920 ad
2532 2863 2811 2920 dexteram
2849 2871 3021 2932 tuam,
3050 2879 3120 2920 ne
3150 2863 3291 2921 forte
3323 2877 3628 2920 conversus
3654 2870 3763 2919 stet

2163 2974 2185 3010 ι
2221 2957 2278 3014 in
2305 2956 2428 3014 loco
2454 2964 2568 3025 tuo,
2595 2972 2666 3013 ne
2695 2956 2836 3014 forte
2860 2970 3160 3015 conversus
3187 2958 3245 3013 in
3269 2956 3453 3013 locum
3480 2963 3661 3021 tuum,
3683 2956 3764 3011 in-

2166 3069 2186 3104 ι
2220 3050 2405 3123 quirat
2432 3051 2753 3108 cathedram
2782 3059 2955 3118 tuam,
2981 3059 3039 3108 et
3079 3052 3137 3108 in
3165 3051 3464 3112 novissimo
3493 3066 3766 3122 agnoscas

2167 3161 2187 3195 ι
2225 3144 2392 3201 verba
2425 3160 2548 3201 mea
2573 3186 2588 3212 ,
2621 3152 2679 3201 et
2723 3145 2781 3200 in
2829 3145 3174 3202 sermonibus
3202 3146 3337 3201 meis
3389 3144 3715 3202 stimmeris.
3738 3164 3759 3198 ι

2161 3235 2409 3293 Prtesens
2459 3251 2588 3309 ergo
2631 3237 2927 3307 capitulum
2972 3237 3100 3294 lice't
3148 3236 3305 3308 juxta
3352 3237 3647 3293 historiam
3700 3238 3767 3294 de

2164 3324 2317 3384 falsis
2344 3327 2554 3393 amicis,
2578 3329 2684 3385 hoc
2702 3337 2808 3394 est,
2825 3329 3027 3386 dolosis
3052 3329 3287 3385 inimicis
3306 3328 3481 3400 possit
3515 3328 3765 3402 intelligi,

2162 3420 2255 3490 qui
2284 3434 2629 3493 nequaquam
2663 3422 2806 3478 ﬁrmi
2833 3430 2961 3491 sunt
2987 3423 3043 3477 in
3072 3423 3180 3478 ﬁde
3201 3432 3257 3479 et
3286 3422 3581 3480 dilectione
3599 3464 3613 3490 ,
3639 3424 3765 3495 qui-

2162 3516 2266 3573 bus
2285 3517 2474 3587 utique
2499 3532 2607 3572 non
2631 3518 2792 3573 debet
2812 3516 2969 3575 facile
2990 3517 3161 3583 credi,
3190 3520 3285 3574 sed
3313 3518 3488 3590 magis
3509 3534 3542 3573 a
3567 3517 3769 3574 talibus

2163 3608 2417 3664 convenit
2446 3608 2655 3675 caveri;
2688 3616 2871 3665 tamen
2900 3609 3080 3665 altiori
3121 3623 3283 3666 sensu
3311 3609 3532 3666 denotat
3584 3609 3761 3666 haere-

2163 3701 2323 3767 ticos,
2357 3715 2494 3772 quos
2536 3708 2591 3756 et
2643 3701 2893 3773 superius
2937 3702 3283 3774 vituperavit.
3330 3700 3412 3758 llli
3455 3702 3601 3758 enim
3647 3703 3763 3757 veri

2164 3791 2370 3848 inimici
2411 3799 2557 3859 sunt,
2608 3808 2840 3863 quorum
2886 3793 3134 3850 doctrina
3166 3794 3329 3865 plena
3380 3800 3468 3851 est
3514 3794 3767 3864 rubigine

2163 3881 2367 3939 erroris
2387 3890 2445 3938 et
2470 3883 2746 3954 nequitiae.
2783 3903 2802 3936 ‹
2838 3882 3034 3941 Sermo
3063 3885 3209 3941 enim
3236 3886 3455 3941 illorum
3479 3893 3539 3941 ut
3566 3900 3766 3942 cancer

2163 3974 2353 4044 serpit,
2386 3993 2405 4027 ι
2453 3981 2509 4029 et
2552 3974 2674 4031 ideo
2712 3990 2819 4031 non
2855 3976 3013 4033 debet
3058 3977 3139 4033 eis
3172 3977 3319 4033 credi
3370 3977 3427 4033 in
3473 3987 3763 4045 reternum,

2164 4063 2330 4119 etiam
2360 4063 2405 4119 si
2433 4078 2492 4119 se
2522 4063 2871 4122 lmmiliantes
2905 4066 3114 4139 ﬁngant
3136 4082 3257 4125 esse
3277 4067 3467 4124 ﬁdeles
3494 4076 3553 4124 et
3570 4069 3761 4125 catho-

2163 4153 2337 4210 licos:
2372 4154 2568 4225 quibus
2618 4156 2674 4211 in
2719 4157 2864 4212 nulla
2914 4167 3071 4229 parte
3120 4159 3379 4216 debemus
3426 4161 3761 4227 consentire,

2164 4259 2269 4300 nec
2312 4253 2642 4315 potestatem
2686 4247 2743 4302 in
2773 4248 2930 4304 nobis
2971 4248 3231 4315 tribuere,
3274 4265 3437 4320 quam
3491 4250 3765 4322 signiﬁcat

2167 4334 2413 4402 dextera,
2438 4351 2508 4392 ne
2537 4335 2679 4393 forte
2705 4354 2804 4394 nos
2828 4352 2860 4393 a
2890 4338 3011 4395 loco
3032 4348 3240 4408 nostro,
3272 4340 3377 4396 hoc
3399 4350 3505 4408 est,
3552 4357 3582 4396 a
3617 4350 3761 4398 statu

2120 4466 2123 4471 .
2167 4432 2333 4480 recta:
2376 4424 2503 4482 ﬁdei
2551 4436 2859 4483 amoveant.
2903 4428 3192 4499 lnquirunt
3241 4431 3389 4487 enim
3444 4432 3762 4489 cathedram

2167 4524 2413 4573 nostram
2437 4558 2453 4585 ,
2504 4518 2609 4574 hoc
2656 4527 2744 4576 est
2787 4519 3091 4577 doctrinam
3141 4537 3240 4579 sua
3287 4523 3501 4579 malitia
3540 4524 3766 4581 student

2087 4638 2144 4700 Β
2166 4608 2506 4700 subvertere.
2546 4608 2752 4677 Quibus
2778 4612 3089 4684 quicunque
3115 4614 3407 4682 consentit,
3436 4623 3647 4675 aeterno
3670 4615 3763 4670 do-

2166 4696 2281 4753 lore
2313 4698 2368 4753 in
2398 4700 2648 4771 gehenna
2672 4702 2815 4773 ignis
2840 4704 3193 4761 eruciabitur.
3219 4705 3317 4763 [sti
3350 4706 3520 4764 etiam
3543 4705 3762 4765 diﬂieile

2164 4791 2533 4865 corriguntur.
2555 4794 2711 4852 Unde
2733 4804 2790 4854 et
2816 4797 3188 4870 subiungitur:

2182 4928 2187 4931 -
2243 4920 2262 4953 ι
2302 4901 2435 4971 Quis
2478 4904 2830 4963 miserebitur
2878 4908 3204 4965 incantatori
3254 4924 3286 4964 a
3342 4919 3602 4981 serpente
3642 4924 3764 4979 per-

2176 5006 2197 5042 t
2234 5005 2415 5057 cusso,
2456 5001 2514 5048 et
2559 4994 2812 5052 omnibus
2836 4998 2928 5068 qui
2957 4999 3279 5070 appropiant
3318 4998 3544 5056 bestiis?
3578 4999 3650 5054 Et
3685 5000 3763 5055 sic

2176 5097 2197 5132 ι
2240 5083 2333 5152 qui
2379 5083 2672 5140 comitatur
2699 5100 2822 5142 cum
2856 5088 2972 5145 viro
3002 5089 3213 5162 iniquo,
3261 5098 3318 5147 et
3361 5089 3654 5147 obvolutus
3678 5096 3763 5145 est

2173 5188 2193 5224 ι
2229 5170 2285 5226 in
2326 5174 2566 5243 peccatis
2596 5174 2731 5248 ejus.
2768 5197 2787 5230 ι
2820 5178 3133 5236 lncantator
3159 5180 3303 5237 enim
3348 5180 3615 5253 spiritalis
3655 5182 3764 5239 ba:-

2166 5262 2369 5318 retieus
2389 5272 2502 5331 est,
2531 5266 2660 5336 quia
2701 5267 2944 5326 doctoris
2973 5270 3207 5329 ollieium
3248 5273 3417 5345 gerit,
3448 5280 3507 5329 et
3552 5274 3761 5331 anima-

2165 5368 2289 5409 rum
2316 5356 2589 5413 medicum
2629 5374 2688 5416 se
2725 5374 2847 5418 esse
2886 5364 3094 5433 credit;
3137 5367 3234 5422 sed
3271 5366 3361 5422 hic
3400 5367 3531 5423 dum
3565 5382 3600 5422 a
3648 5382 3763 5423 ser-

2163 5453 2326 5518 pente
2372 5448 2596 5520 antiquo
2635 5465 2926 5523 percussus
2969 5464 3091 5525 est,
3120 5466 3176 5514 et
3215 5474 3485 5516 venenum
3540 5459 3762 5516 malitia:

2165 5537 2281 5608 ejus
2311 5540 2479 5595 semel
2506 5540 2704 5609 hausit,
2742 5544 2959 5603 ditlicile
2981 5550 3279 5606 curabitur.
3307 5550 3462 5608 Unde
3486 5560 3544 5607 et
3572 5549 3762 5608 Salva-

2168 5633 2253 5681 tor
2280 5626 2335 5682 in
2361 5626 2656 5702 Evangelio
2702 5634 2903 5693 docens
2947 5636 3241 5710 discipulos
3289 5655 3418 5697 suos
3447 5641 3564 5697 ait:
3600 5659 3622 5693 ‹
3653 5641 3763 5699 Vos

2168 5719 2302 5775 estis
2332 5721 2412 5776 sal
2441 5730 2603 5779 terra:
2635 5744 2647 5780 :
2680 5728 2823 5798 quod
2862 5730 2909 5787 si
2936 5731 3017 5788 sal
3051 5734 3348 5803 evanuerit,
3381 5735 3437 5791 in
3462 5750 3570 5806 quo
3601 5736 3760 5793 salie-

2170 5822 2290 5872 tur?
2322 5820 2404 5876 Ad
2452 5822 2679 5880 nihilum
2705 5828 2849 5884 valet
2884 5830 3052 5899 ultra,
3078 5832 3185 5889 nisi
3220 5843 3279 5889 ut
3306 5835 3555 5890 mittatur
3590 5835 3756 5903 foras,

2168 5918 2223 5969 et
2250 5914 2594 5973 conculcetur
2624 5919 2689 5974 ab
2719 5920 3028 5980 hominibus
3072 5923 3251 5985 (Matt.
3285 5926 3360 5998 ν).
3395 5948 3415 5981 ι
3450 5927 3599 5985 Sicut
3628 5942 3758 6000 ergo
