4030 6508
243 443 336 502 849

1099 434 1454 494 COMMENT.
1493 435 1562 492 IN
1601 429 2212 495 ECCLESIASTICUM.
2249 457 2323 476 -
2353 429 2482 488 LIB.
2521 427 2610 488 Ill.

3396 433 3502 495 850

243 560 312 616 sal
335 558 658 614 infamatum
693 566 866 622 ,.cum
887 553 956 611 ad
983 553 1313 611 condieudos
1333 555 1485 612 cibos
1513 567 1813 624 carnesque
1838 556 1894 619 Α
1915 551 2204 607 iracundos
2256 550 2531 621 pertinere
2573 545 2792 621 possit;
2831 555 3010 607 tamen
3056 547 3362 622 specialiter
3400 551 3500 608 de-

243 650 514 709 siccandas
538 647 720 704 valere
746 646 987 713 desierit,
1018 645 1167 702 nullo
1187 643 1304 716 jam
1331 646 1454 702 usui
1477 653 1660 717 aptum
1686 645 1811 700 erit.

243 745 414 816 Neque
441 744 607 810 enim,
639 749 700 797 ut
724 739 862 796 alius
887 747 1119 796 testatur
1147 738 1584 811 evangelista,°in
1614 746 1814 794 terram

242 837 362 894 utile
389 844 496 903 est,
544 834 698 906 cujus
736 831 936 902 injecto
979 832 1285 902 germinare
1313 830 1633 902 prohibetur
1659 828 1810 902 (Luc.

241 930 364 1001 xiv).
407 927 595 999 Neque
641 926 698 980 In
726 922 1126 994 Sterquilinium
1171 922 1519 994 agriculturae
1572 921 1819 993 profutu-

243 1039 373 1090 rum,
401 1021 547 1092 quod
597 1017 874 1074 vivacibus
915 1015 1043 1072 licet
1069 1015 1238 1087 glebis
1265 1014 1560 1070 immistum
1600 1027 1712 1069 non
1738 1011 1818 1069 fe-

243 1124 348 1172 tare
361 1112 570 1170 semina
584 1106 933 1180 frugum,sed
955 1106 1297 1177 exstinguere
1318 1103 1637 1160 naturaliter
1657 1101 1814 1159 solet.

244 1207 326 1263 Sic
350 1205 528 1261 omnis
555 1201 647 1272 qui
679 1207 803 1272 post
840 1197 1168 1271 agnitionem
1195 1196 1442 1252 veritatis
1467 1207 1615 1253 retro
1640 1194 1818 1252 redie-

241 1302 326 1365 rit,
353 1312 530 1369 neque
572 1296 688 1366 ipse
722 1293 958 1350 fructum
1003 1291 1133 1347 boni
1177 1291 1356 1362 operis
1404 1288 1548 1346 ferre
1571 1330 1587 1356 ,
1639 1299 1818 1359 neque

243 1392 366 1448 alios
390 1388 642 1446 excolere
690 1386 855 1452 valet,
904 1384 998 1440 sed
1044 1383 1190 1439 foras
1232 1381 1546 1448 mittendus,
1577 1381 1681 1436 hoc
1707 1385 1816 1447 est,

242 1484 305 1538 ab
331 1481 588 1538 Ecclesia:
626 1478 833 1534 unitate
872 1473 1236 1532 secernendus
1268 1481 1371 1530 est.
1419 1473 1521 1540 Qui
1543 1471 1691 1528 enim
1723 1485 1820 1540 ap-

239 1573 558 1645 propinquat
591 1570 801 1636 bestiis,
830 1569 934 1624 hoc
963 1575 1067 1632 est,
1105 1565 1358 1638 malignis
1385 1563 1684 1636 spiritibus,
1701 1563 1818 1619 sive

240 1665 526 1730 haereticis,
556 1671 610 1718 et
638 1663 732 1733 qui
759 1661 1049 1717 comitatur
1083 1673 1207 1714 cum
1241 1659 1360 1714 viro
1399 1659 1606 1728 iniquo,
1647 1673 1676 1713 a
1708 1672 1816 1730 quo

242 1757 521 1814 Psalmista
551 1773 610 1812 se
644 1757 964 1827 deprecatur
994 1751 1214 1808 liberari
1239 1749 1412 1822 (Psal.
1444 1751 1577 1823 xvu)
1618 1759 1674 1807 et
1701 1766 1817 1806 ma-

240 1850 472 1921 lignitate
513 1848 630 1920 ejus
672 1846 999 1918 implicatur,
1045 1845 1136 1899 vix
1175 1844 1302 1900 inde
1331 1843 1559 1898 eruitur.
1596 1843 1665 1898 Et
1693 1842 1816 1900 ideo

238 1957 456 2000 necesse
484 1949 570 1998 est
595 1940 817 1998 omnino
849 1954 879 1993 a
908 1937 1166 1994 societate
1191 1935 1380 1992 talium
1410 1934 1686 1991 declinari.

309 2053 327 2086 ‹
363 2033 484 2090 Una
517 2033 652 2088 hora
692 2040 874 2088 tecum
901 2026 1273 2100 permanebit;
1308 2027 1355 2082 si
1382 2034 1562 2082 autem
1589 2024 1825 2082 declina-

245 2147 264 2182 ι
296 2128 439 2184 veris
465 2168 479 2195 ,
529 2142 638 2183 non
692 2124 1053 2197 supportabit.
1089 2143 1109 2176 ›
1142 2123 1256 2178 Hoc
1292 2130 1396 2189 est,
1450 2123 1518 2178 ad
1550 2121 1742 2178 horam
1764 2135 1825 2177 se

236 2239 482 2281 veracem
510 2232 565 2279 et
594 2221 809 2277 ﬁdelem
837 2218 1085 2274 simulat:
1114 2219 1208 2275 sed
1235 2216 1556 2274 declinando
1579 2231 1610 2271 a
1629 2215 1824 2272 semita

234 2316 453 2388 justitia:
489 2316 536 2372 si
566 2330 691 2372 eum
731 2313 1079 2379 obaudieris,
1125 2310 1388 2366 malitiam
1437 2309 1555 2380 ejus
1595 2307 1825 2366 sufferre

240 2425 344 2466 non
373 2408 596 2465 valebis.

314 2519 331 2551 ι
369 2500 505 2568 Quia
533 2500 587 2554 in
611 2497 771 2555 labiis
794 2497 906 2554 suis
929 2495 1168 2552 indulcat
1194 2494 1468 2561 inimicus,
1499 2501 1556 2549 et
1580 2492 1636 2549 in
1662 2491 1824 2550 corde

245 2611 264 2646 ι
299 2609 395 2651 suo
425 2593 731 2657 insidiatur,
768 2601 831 2648 ut
856 2593 1136 2647 subvertat
1162 2597 1214 2646 te
1236 2590 1290 2645 in
1317 2588 1634 2645 foveam.v.ln
1654 2587 1826 2644 oculis

244 2705 264 2740 ι
300 2688 412 2743 suis
438 2687 770 2758 lacrymatur
814 2684 1088 2752 inimicus,
1117 2693 1173 2740 et
1210 2683 1257 2740 si
1295 2683 1563 2740 invenerit
1593 2690 1822 2753 tempus,

243 2797 264 2832 ι
300 2794 409 2835 non
453 2779 741 2835 satiabitur
764 2776 1049 2848 sanguine.
1082 2774 1141 2831 Si
1171 2774 1501 2832 incurrerint
1534 2773 1630 2828 tibi
1658 2771 1822 2841 mala,

241 2887 264 2924 ι
299 2869 538 2926 invenies
563 2883 688 2925 eum
715 2868 824 2924 illic
847 2868 1107 2939 priorem,
1134 2874 1190 2922 et
1209 2865 1364 2937 quasi
1385 2865 1645 2935 adjuvaus
1667 2862 1830 2919 suffo-

243 2978 265 3014 ι
302 2962 412 3017 diet
438 2960 654 3032 plantas
685 2968 825 3015 tuas.
855 2959 1030 3030 Caput
1058 2973 1214 3014 suum
1258 2956 1496 3012 movebit
1533 2967 1589 3020 et
1624 2952 1830 3026 plaudit

245 3068 264 3103 ι
302 3065 465 3106 manu
491 3091 507 3118 ,
557 3058 615 3106 et
657 3048 829 3104 multa
882 3062 1172 3103 susurrans
1221 3045 1576 3102 commutabit
1621 3045 1828 3100 vultum

247 3159 268 3194 ε
303 3157 480 3197 suum.
513 3161 533 3194 ι
583 3141 643 3196 In
667 3140 919 3196 omnibus
951 3154 1080 3211 ergo
1107 3138 1194 3195 his
1221 3137 1504 3194 sententiis
1537 3137 1674 3192 bene
1701 3149 1826 3205 per-

237 3246 518 3288 versorum
548 3232 823 3288 ﬁctionem
852 3231 1114 3297 insinuat,
1152 3230 1244 3300 qui
1272 3244 1412 3284 vana
1441 3229 1735 3299 loquuntur
1760 3226 1829 3281 ad

236 3325 546 3397 proximum
587 3340 767 3380 suum.
797 3322 974 3392 (Labia
1003 3321 1186 3378 dolosa
1221 3321 1278 3376 in
1306 3319 1490 3386 corde,
1518 3328 1574 3374 et
1603 3318 1832 3389 loquun-
1858 3308 1903 3372 C

238 3424 332 3470 tur
365 3416 530 3484 mala,
579 3416 672 3486 qui
713 3415 1039 3471 insidiantur
1067 3423 1127 3468 ut
1153 3412 1366 3482 rapiant
1408 3425 1723 3482 pauperem,
1750 3409 1833 3464 in-

239 3507 509 3564 sidiantur
543 3508 599 3562 in
619 3506 849 3564 occultis
878 3515 941 3562 ut
966 3504 1299 3561 interﬁciant
1334 3503 1696 3558 innocentem.
1728 3499 1833 3568 Qui

239 3599 374 3654 dum
405 3598 641 3669 aliquem
689 3599 1020 3669 deceperint,
1076 3605 1238 3667 caput
1282 3601 1519 3659 movent,
1570 3593 1833 3664 plaudunt

236 3704 407 3744 manu
429 3697 484 3742 et
504 3688 834 3745 exsultantes
852 3689 1038 3744 dicunt
1062 3705 1077 3743 :
1100 3687 1267 3758 Euge,
1282 3701 1438 3755 euge,
1452 3683 1833 3740 absorbuimus

238 3798 389 3840 eum.
423 3783 704 3839 Laetamur
742 3799 865 3841 cum
895 3781 1036 3838 male
1079 3781 1336 3845 fecerint,
1373 3787 1428 3836 et
1461 3778 1735 3836 exsultant
1777 3778 1834 3834 in

240 3872 410 3929 rebus
443 3873 695 3944 pessimis
726 3871 914 3945 (Prov.
941 3871 1026 3945 ιι).
1091 3869 1198 3928 Sed
1226 3870 1272 3926 si
1300 3869 1571 3926 recordati
1605 3868 1835 3926 fuissent

239 3968 376 4040 quid
409 3969 475 4025 de
490 3969 570 4024 eis
601 3967 878 4040 Sapientia
913 3967 968 4023 in
999 3964 1309 4021 Proverbiis
1345 3963 1568 4030 diceret,
1605 3961 1834 4018 forsitan

236 4063 620 4134 paenitentiam
666 4063 925 4136 egissent.
957 4062 1034 4118 De
1079 4061 1276 4132 quibus
1303 4061 1378 4116 ita
1410 4060 1670 4130 scriptum
1716 4066 1830 4114 est:

247 4174 266 4208 ι
308 4155 484 4213 Homo
517 4164 784 4228 apostata,
817 4156 900 4210 vir
921 4153 1126 4210 inutilis
1153 4152 1396 4225 graditur
1421 4167 1518 4208 ore
1536 4165 1830 4223 perverso;

240 4248 437 4302 annuit
459 4247 653 4313 oculis,
677 4249 808 4303 terit
830 4247 989 4317 pede,
1014 4245 1181 4318 digito
1203 4245 1461 4316 loquitur,
1476 4260 1646 4315 pravo
1672 4244 1836 4300 corde

240 4341 594 4410 machinatur
638 4341 859 4408 malum,
891 4340 1031 4397 etin
1070 4339 1219 4395 omni
1260 4347 1507 4410 tempore
1534 4339 1714 4410 jurgia
1751 4352 1836 4394 se-

240 4433 420 4488 minat
451 4431 633 4505 (Prov.
664 4432 741 4505 vi)
779 4451 792 4487 :
831 4453 850 4486 ι
893 4432 1022 4488 huic
1057 4430 1328 4503 extemplo
1366 4430 1546 4486 veniet
1599 4429 1833 4502 perditio

239 4540 370 4590 sua,
397 4533 452 4581 et
476 4523 654 4581 subito
694 4532 1024 4592 conteretur,
1060 4539 1163 4579 nec
1206 4521 1430 4579 habebit
1466 4521 1610 4578 ultra
1654 4521 1831 4577 medi-

241 4617 450 4673 cinam.

849 4707 1074 4766 CAPUT
1111 4707 1243 4765 VIII.

240 4798 328 4855 De
357 4800 602 4856 societate
634 4798 876 4866 divitum,
908 4818 941 4854 a
969 4800 1155 4871 quibus
1190 4799 1476 4855 cavendum
1499 4797 1566 4854 sit
1591 4798 1838 4854 hortatur

913 4881 961 4925 et
993 4881 1184 4926 monet.

322 4984 476 5058 (Car.
518 4985 662 5058 xnr).
717 5003 737 5036 ε
773 4983 878 5053 Qui
929 4985 1171 5057 tetigerit
1202 4985 1377 5055 picem
1405 5025 1422 5051 ,
1461 4984 1838 5055 inquinabitur

247 5096 270 5128 ι
317 5077 390 5131 ab
431 5076 554 5143 illa;
590 5084 646 5131 et
680 5076 774 5148 qui
806 5076 1288 5132 communicaverit
1331 5076 1598 5145 superbo,
1649 5077 1838 5133 induet

249 5187 270 5220 ι
315 5169 648 5239 superbiam.
682 5187 700 5220 ι
736 5167 841 5222 Per
873 5167 1281 5223 similitudinem
1311 5167 1446 5237 picis
1473 5166 1710 5222 ostendit
1736 5183 1835 5223 no-

239 5263 431 5317 civam
450 5277 568 5317 esse
595 5261 1031 5318 communionem
1048 5259 1428 5332 superbientis,
1444 5260 1535 5330 qui
1559 5259 1836 5331 nigredine

239 5356 489 5426 pollutus
517 5355 770 5411 vitiorum
801 5354 1076 5410 maculare
1117 5367 1226 5407 non
1267 5359 1443 5408 cesset
1473 5351 1708 5408 nitorem
1736 5352 1842 5408 hu-

241 5448 486 5504 milium.
535 5447 688 5504 Unde
735 5447 998 5518 scriptum
1039 5453 1156 5502 est:
1199 5463 1218 5495 ι
1250 5443 1471 5501 Amicus
1528 5444 1839 5513 stultorum,

240 5544 520 5601 eﬂicictur
556 5546 638 5602 eis
668 5544 861 5601 similis
889 5542 1074 5615 (Prov.
1107 5541 1251 5614 xm).
1285 5561 1302 5593 ι
1332 5541 1400 5597 Ει
1435 5541 1562 5596 item
1590 5559 1603 5595 :
1639 5559 1658 5593 ‹
1696 5540 1838 5608 Noli,

241 5639 455 5710 inquit,
480 5654 598 5696 eSSe
620 5639 827 5695 amicus
855 5637 1061 5694 homini
1092 5635 1371 5701 iracundo,
1397 5650 1574 5705 neque
1600 5635 1843 5692 ambules

245 5745 383 5787 cum
420 5731 537 5786 viro
568 5731 794 5798 furioso,
842 5745 911 5786 ne
959 5728 1099 5784 forte
1129 5729 1303 5783 discas
1340 5728 1563 5783 semitas
1607 5726 1743 5796 ejus,
1787 5740 1844 5784 et

241 5834 446 5880 Sumas
490 5823 804 5878 scandalum
847 5822 1042 5877 anima:
1085 5831 1190 5876 tuae
1230 5817 1411 5891 (Prov.
1441 5819 1602 5890 χχιι).
1648 5839 1667 5871 ›
1716 5819 1844 5874 llam

241 5916 536 5978 sententia
569 5915 892 5993 generaliter
919 5915 1045 5974 licet
1075 5914 1144 5972 ad
1177 5927 1368 5971 omnes
1401 5911 1636 5970 furiosos
1681 5920 1843 5984 atque

1859 4672 1917 4736 D

1915 649 2072 700 notat
2103 641 2388 699 haereticos
2416 641 2564 698 omni
2588 641 2831 711 nequitia
2869 640 3234 712 plenissimos.
3265 640 3506 698 Genera-

1917 735 2042 790 liter
2091 740 2272 788 autem
2318 732 2609 788 dicendum
2657 741 2742 788 est
2777 733 2901 803 quia
2945 733 3086 788 sicut
3126 732 3353 803 perfecti
3403 733 3508 790 viri

1914 839 2202 899 perversos
2247 823 2522 895 proximos
2565 839 2672 879 non
2724 823 2924 880 debent
2975 822 3183 895 fugere,
3226 823 3353 894 quia
3388 822 3511 880 illos

1915 932 2058 992 saepe
2089 917 2158 974 ad
2185 917 2568 974 rectitudinem
2597 916 2842 982 trahunt,
2875 924 2930 971 et
2955 915 3058 986 ipsi
3085 917 3153 972 ad
3183 916 3510 987 perversita-

1914 1018 2026 1066 tem
2063 1022 2343 1079 nunquam
2388 1009 2700 1072 trahuntur,
2747 1007 2823 1062 ita
2868 1005 3070 1063 inﬁrmi
3099 1006 3300 1078 quique
3334 1006 3509 1062 socie-

1916 1110 2084 1158 tatem
2109 1101 2309 1158 debent
2333 1100 2607 1157 declinare
2639 1115 2951 1172 pravorum,
2980 1116 3050 1156 ne
3091 1100 3234 1157 mala
3260 1116 3382 1172 quae
3403 1100 3513 1157 fre-

1918 1201 2152 1266 quenter
2195 1195 2462 1266 aspiciunt
2507 1202 2562 1250 et
2613 1193 3043 1266 corrigere‘non
3083 1191 3294 1262 valent,
3345 1192 3512 1249 etiam

1918 1284 2187 1342 delectent
2212 1285 2437 1341 imitari.

1992 1416 2010 1450 ‹
2053 1398 2271 1454 Pondus
2295 1413 2458 1470 super
2499 1411 2559 1455 se
2598 1397 2758 1470 tollit,
2787 1397 2881 1469 qui
2917 1396 3215 1453 honestiori
3255 1410 3316 1452 se
3355 1409 3512 1452 com-

1921 1506 1942 1541 ‹
1983 1487 2253 1555 municat;
2281 1497 2335 1544 ει
2371 1489 2553 1544 ditiori
2593 1497 2645 1544 te
2671 1503 2740 1545 ne
2763 1488 2945 1544 socius
2973 1486 3160 1544 fueris.
3191 1487 3332 1555 Quid
3360 1502 3510 1542 com-

1921 1598 1941 1632 ‹
1984 1579 2282 1635 municabit
2314 1580 2578 1636 caccabus
2627 1582 2696 1638 ad
2749 1580 2945 1637 ollam?
2987 1580 3214 1648 Quando
3269 1579 3414 1636 enim
3443 1593 3503 1634 se

1921 1690 1941 1723 ι
1985 1671 2280 1728 colliserint
2305 1673 2735 1744 confringentur.
2773 1672 2932 1728 Dives
2961 1672 3158 1743 injuste
3182 1670 3294 1742 egit
3313 1678 3368 1726 et
3399 1669 3508 1723 fie-

1922 1783 1942 1817 (
1987 1772 2128 1832 met;
2154 1781 2362 1838 pauper
2387 1775 2568 1822 autem
2598 1766 2760 1823 laesus
2802 1766 3024 1822 tacebit.
3055 1765 3110 1821 Si
3139 1765 3365 1837 largitus
3393 1763 3511 1819 fue-

1921 1873 1941 1908 ι
1987 1856 2088 1923 ris,
2116 1865 2358 1914 assumet
2387 1865 2468 1925 te;
2501 1864 2557 1913 et
2603 1857 2647 1913 si
2689 1872 2796 1914 non
2853 1856 3131 1923 habueris,
3179 1856 3517 1926 derelinquet

1843 1938 1892 2002 B
1924 1969 1944 2004 ι
1988 1959 2065 2007 ιε.
2095 1949 2155 2006 Si
2199 1951 2390 2018 habes,
2429 1951 2679 2007 convivet
2703 1958 2882 2008 tccmn
2904 1959 2963 2006 et
3011 1949 3297 2005 evacuabit
3341 1958 3432 2004 te:
3463 1954 3520 2003 et

1931 2061 1953 2096 ‹
1989 2043 2105 2114 ipse
2133 2058 2241 2099 non
2271 2042 2475 2100 dolebit
2501 2058 2664 2114 super
2694 2050 2766 2098 te.
2809 2042 2866 2097 Si
2913 2040 3253 2098 necessarius
3283 2039 3357 2095 illi
3403 2038 3519 2094 fue-

1931 2151 1951 2187 ‹
1997 2135 2096 2201 ris,
2132 2132 2500 2205 supplantabit
2523 2140 2599 2201 te,
2637 2140 2692 2188 et
2716 2131 3002 2188 subridens
3032 2146 3182 2202 spem
3207 2128 3358 2185 dabit
3393 2128 3518 2194 tibi,

1929 2247 1950 2282 ‹
1995 2243 2227 2282 narrans
2275 2227 2372 2282 tibi
2424 2227 2587 2294 bona,
2627 2225 2761 2281 dicit
2793 2243 2805 2280 :
2842 2225 2982 2292 Quid
3019 2240 3154 2296 opus
3181 2223 3418 2280 esttibi?
3451 2223 3520 2278 Et

1930 2337 1951 2372 ι
1997 2318 2291 2374 confundet
2317 2327 2368 2374 te
2394 2319 2449 2372 in
2482 2317 2616 2374 cibis
2664 2317 2797 2383 suis,
2827 2317 3000 2372 donec
3030 2324 3082 2371 te
3111 2315 3392 2371 exinaniat
3434 2313 3523 2370 bis

1931 2429 1952 2464 ι
1995 2421 2050 2468 ει
2072 2420 2184 2478 ter;
2212 2420 2268 2466 et
2307 2412 2360 2466 in
2391 2410 2689 2466 novissimo
2712 2409 2978 2465 deridebit
3007 2416 3082 2475 te,
3111 2415 3301 2480 postea
3326 2407 3520 2463 videns

1932 2519 1952 2554 ι
1997 2501 2336 2572 derelinquet
2362 2509 2437 2567 te,
2486 2508 2543 2556 et
2583 2507 2746 2574 caput
2778 2515 2936 2556 suum
2983 2499 3223 2555 movebit
3266 2499 3334 2554 ad
3380 2508 3452 2553 te.
3495 2517 3518 2552 ι

1926 2593 2054 2651 Πεεο
2099 2595 2352 2652 similiter
2371 2594 2527 2666 juxta
2557 2597 2944 2654 mortalitatem
2973 2614 3073 2654 nos
3118 2599 3415 2663 instruunt,
3460 2602 3526 2652 ut

1927 2700 2143 2758 semper
2165 2688 2391 2743 humilia
2427 2696 2721 2757 sectemur,
2749 2699 2806 2745 et
2847 2707 2968 2762 qua:
3002 2692 3232 2763 superba
3259 2697 3386 2746 sunt
3432 2703 3528 2760 pe-

1928 2778 2074 2833 nitus
2097 2778 2384 2850 fugiamus.
2422 2779 2576 2836 Unde
2604 2778 2838 2837 Jacobus
2863 2781 3144 2852 apostolus
3171 2781 3248 2836 ait
3281 2798 3296 2837 :
3336 2798 3355 2833 ι
3390 2779 3528 2836 Fra-

1929 2875 2042 2922 tres
2068 2868 2197 2932 mei,
2225 2867 2390 2924 nolite
2413 2869 2470 2924 in
2499 2882 2857 2940 personarum
2897 2870 3273 2942 acccptatione
3323 2868 3526 2926 habere

1933 2953 2091 3010 ﬁdem
2117 2955 2330 3012 Domini
2357 2959 2528 3013 nostri
2562 2959 2690 3015 Jesu
2720 2959 2922 3016 Christi
2969 2960 3170 3032 gloriae.
3212 2958 3430 3016 Etenim
3478 2959 3524 3014 si

1930 3050 2204 3106 introierit
2233 3051 2286 3106 in
2321 3061 2645 3109 conventum
2674 3063 2918 3110 vestrum
2946 3055 3034 3110 vir
3080 3068 3304 3109 aureum
3349 3066 3525 3108 annu-

1931 3142 2042 3198 lum
2073 3144 2279 3202 habens
2308 3154 2365 3200 et
2399 3146 2455 3200 in
2484 3155 2635 3202 veste
2657 3147 2905 3213 candida,
2948 3145 3220 3201 introierit
3245 3152 3428 3200 autem
3471 3150 3530 3197 et

1931 3251 2136 3307 pauper
2165 3237 2220 3292 in
2252 3237 2470 3294 sordido
2493 3237 2702 3305 habitu,
2744 3246 2800 3294 et
2839 3236 3135 3293 intendatis
3170 3236 3225 3290 in
3255 3251 3380 3290 eum
3431 3233 3528 3305 qui

1935 3329 2154 3385 indutus
2177 3337 2261 3386 est
2285 3339 2438 3387 veste
2461 3331 2741 3401 praeclara,
2767 3339 2822 3386 et
2849 3329 3097 3386 dixeritis
3127 3347 3140 3384 :
3171 3327 3252 3383 Tu
3277 3326 3405 3383 sede
3438 3325 3529 3382 hic

1931 3424 2069 3480 bene
2096 3442 2109 3478 :
2141 3425 2365 3496 pauperi
2397 3433 2578 3480 autem
2607 3425 2799 3481 dicatis
2832 3443 2845 3479 :
2880 3423 2961 3479 Tu
2999 3430 3082 3479 sta
3109 3421 3241 3487 illic,
3275 3427 3369 3474 aut
3399 3417 3530 3475 sede

1932 3515 2033 3570 sub
2062 3515 2295 3572 scabello
2324 3517 2521 3587 pedum
2549 3531 2795 3572 meorum
2825 3535 2840 3570 :
2868 3529 3047 3570 nonne
3069 3512 3330 3582 judicatis
3379 3507 3527 3580 apud

1931 3607 2311 3678 vosmetipsos,
2360 3616 2414 3664 et
2442 3606 2571 3664 facti
2603 3608 2735 3664 estis
2755 3607 2968 3680 judices
2994 3605 3388 3677 cogitationum
3418 3600 3529 3656 ini-

1933 3701 2200 3771 quarum?
2228 3701 2296 3757 Et
2323 3709 2517 3757 ctetera
2551 3700 2759 3774 (Jacob.
2787 3701 2870 3774 ιι).
2904 3700 3043 3756 [line
3073 3707 3129 3755 et
3150 3698 3344 3755 Petrus
3366 3695 3529 3752 dicit:

1941 3811 1960 3844 α
1995 3792 2195 3850 Omnes
2220 3800 2400 3850 autem
2428 3794 2661 3849 invicem
2682 3792 3048 3848 humilitatem
3076 3789 3370 3855 insinuate,
3399 3787 3529 3858 quia

1932 3885 2076 3943 Deus
2097 3885 2344 3958 superbis
2373 3886 2598 3952 resistit,
2623 3885 2919 3941 humilibus
2947 3890 3128 3940 autem
3160 3883 3252 3939 dat
3298 3879 3532 3950 gratiam

1936 3979 1990 4052 (Ι
2023 3979 2138 4035 Pet.
2169 3979 2246 4052 v).
2283 3999 2303 4033 ι
2353 3979 2579 4052 Mystice
2624 3986 2807 4035 autem
2854 3979 3032 4043 docet,
3064 3983 3125 4031 ut
3153 3973 3375 4030 divitem
3429 3968 3528 4026 ιιι-

1935 4070 2108 4127 deum
2135 4071 2228 4141 qui
2256 4071 2310 4125 in
2335 4070 2516 4126 littera
2540 4069 2674 4143 legis
2700 4068 2982 4140 gloriatur,
3015 4073 3070 4124 et
3093 4063 3409 4120 hmreticum
3437 4058 3532 4132 qui

1936 4161 2167 4232 superba
2195 4162 2495 4219 intentione
2538 4161 2748 4232 spernit
2788 4173 3007 4216 sensum
3050 4154 3398 4219 catholicum,
3429 4150 3532 4207 eli-

1936 4266 2068 4326 gens
2115 4268 2178 4310 ea
2214 4270 2334 4325 qua:
2385 4254 2500 4324 ipse
2554 4268 2698 4307 vana
2748 4249 3218 4319 argumentatione
3261 4245 3534 4302 construit

1938 4345 2160 4402 omnino
2185 4345 2509 4411 devitemus,
2536 4345 2663 4415 quia
2685 4358 2807 4399 cum
2836 4341 2913 4397 illi
2941 4338 3312 4411 evangelicam
3359 4334 3534 4391 humi-

1937 4437 2144 4494 litatem
2194 4437 2534 4508 despiciunt,
2603 4452 2756 4493 suam
2809 4432 3226 4506 perversitatem
3281 4427 3533 4484 omnibus

1938 4530 2300 4602 perniciosam
2348 4545 2471 4587 esse
2525 4530 2837 4586 ostendunt.
2875 4527 3043 4582 Iidem
3087 4538 3302 4596 quoque
3344 4522 3532 4579 exina-

1939 4623 2096 4677 niunt
2129 4637 2228 4679 nos
2274 4622 2361 4678 bis
2383 4630 2440 4677 et
2490 4630 2596 4689 ter,
2637 4636 2761 4677 cum
2805 4621 3036 4677 duorum
3079 4625 3531 4674 testamentorum

1942 4713 2310 4770 sinceritatem
2333 4721 2709 4784 corrumpunt,
2741 4720 2798 4768 et
2819 4710 3204 4768 rectitudinem
3234 4708 3358 4765 ﬁdei
3408 4724 3537 4764 san-

1939 4811 2044 4859 ctae
2066 4804 2350 4861 Trinitatis
2386 4804 2697 4875 ubicunque
2717 4810 2944 4875 possunt
2969 4801 3184 4858 auferre
3231 4815 3341 4857 non
3391 4799 3533 4856 desi—

1941 4903 2110 4952 stunt.
2141 4895 2200 4952 In
2235 4896 2534 4952 novissimo
2561 4911 2774 4967 quoque
2801 4909 2990 4950 errore
3036 4910 3136 4948 suo
3159 4893 3412 4961 deceptos
3441 4891 3532 4945 de-

1941 4988 2156 5055 rident,
2213 4988 2342 5058 quia
2389 4994 2592 5044 teterna
2640 4985 2958 5043 confusione
3009 4984 3127 5038 illos
3173 4983 3366 5051 dignos
3414 4997 3534 5040 esse

1941 5083 2247 5150 ostendent,
2281 5083 2499 5152 quando
2545 5096 2668 5136 cum
2717 5079 2930 5136 diabolo
2977 5085 3033 5132 et
3077 5075 3282 5146 angelis
3323 5074 3438 5144 ejus
3478 5076 3533 5130 in

1945 5189 2108 5247 paena
2133 5176 2393 5246 gehennae
2419 5173 2810 5246 perpetualiter
2837 5176 3073 5241 gement.
3100 5167 3335 5223 Proinde
3364 5168 3492 5222 dicit
3517 5185 3527 5220 :

2028 5286 2044 5319 ι
2097 5254 2328 5323 Attende
2356 5282 2425 5322 ne
2462 5267 2713 5322 seductus
2759 5263 2813 5317 in
2857 5260 3085 5317 stultitia
3127 5255 3448 5314 humilieris.
3507 5278 3525 5309 ι

1947 5361 2062 5418 Hoc
2095 5369 2179 5418 est
2199 5374 2428 5417 erronea
2467 5356 2709 5415 doctrina
2729 5355 3076 5426 depravatus,
3123 5364 3193 5407 ne
3229 5348 3529 5406 confunda-

1945 5452 2043 5509 ris.

2024 5561 2044 5595 ι
2079 5541 2199 5598 Noli
2228 5556 2348 5597 esse
2369 5538 2589 5595 humilis
2615 5538 2669 5593 in
2694 5536 2958 5608 sapientia
2981 5545 3096 5601 tua,
3121 5549 3191 5590 ne
3218 5531 3534 5590 humiliatus

1950 5653 1970 5687 ι
2020 5635 2074 5690 in
2105 5633 2390 5690 stultitiam
2417 5628 2714 5687 seducaris.
2755 5646 2773 5679 ι
2799 5627 2915 5683 Νοη
2938 5625 3258 5681 humilitatis
3278 5625 3532 5678 virtutem

1944 5729 2150 5784 habere
2177 5723 2471 5788 dissuadet,
2523 5737 2644 5792 qua:
2689 5721 2744 5776 in
2794 5720 3044 5776 omnibus
3087 5715 3369 5773 laudabilis
3415 5720 3529 5778 est;

1947 5819 2043 5876 sed
2063 5815 2446 5872 auctoritatem
2475 5812 2690 5866 ﬁrmam
2736 5821 2924 5867 contra
2954 5815 3350 5879 expugnatores
3385 5802 3532 5857 veri-

1947 5910 2076 5980 tatis
2097 5916 2283 5966 tenere
2307 5902 2482 5970 docet,
2510 5902 2637 5976 quia
2657 5901 2805 5960 nullo
2819 5899 2978 5961 modo
2997 5897 3084 5955 his
3105 5903 3187 5952 est
3207 5890 3529 5962 cedendum,
