4030 6478
536 426 634 492 881

1185 436 1244 489 Β.
1283 428 1537 490 RABANI
1574 428 1794 488 MAURI
1833 426 2154 487 ARCHlEP.
2198 427 2509 486 MOGUNT.
2549 426 2843 486 OPERUM
2884 428 3068 486 PARS
3106 429 3148 484 Ι.

3704 428 3816 484 852

533 547 863 605 ﬂedi‘ortiter
906 544 1285 603 resistendum.
1320 546 1475 603 Unde
1518 544 1717 601 Paulus
1750 544 1991 601 scribens
2041 544 2108 598 ad
2136 559 2185 621 Α
2214 540 2393 605 festat,
2424 543 2661 597 versutia
2685 540 2829 599 illius
2851 557 2909 599 se
2926 544 3212 615 deceptum
3226 536 3813 612 postmodumdolebit.

532 639 772 707 Galatas,
804 639 1177 713 hujuscemodi
1201 638 1508 696 hominibus
1534 638 1796 710 gloriatur
1823 636 2037 694 fortiter
2054 652 2115 694 se

529 732 819 799 Nstitisso,
850 736 1028 802 neque
1053 731 1122 787 ad
1167 732 1361 786 horam
1396 731 1625 786 cessisse
1676 728 1877 802 (Galat.
1907 728 1992 801 ιι).
2046 727 2117 784 Et

528 818 599 878 ad
637 822 991 880 Corinthios:
1027 841 1047 876 ι
1080 821 1137 878 lu
1174 836 1357 888 carne,
1386 822 1580 893 inquit,
1609 819 1965 887 ambulantes,
2005 828 2115 875 non

524 917 827 973 secundum
880 928 1102 975 carnem
1150 917 1466 973 militantes.
1516 916 1654 972 Nam
1702 922 1855 972 arma
1905 910 2115 970 militiai

524 1013 731 1066 nostrae
763 1024 875 1067 non
902 1008 1147 1067 carnalia
1175 1018 1324 1078 sunt,
1355 1010 1449 1067 sed
1487 1010 1732 1083 potentia
1764 1002 1879 1065 Deo
1903 1007 1971 1063 ad
2017 1007 2113 1063 de-

524 1102 882 1159 structionem
930 1103 1317 1169 munitionum,
1364 1098 1591 1160 consilia
1640 1104 2003 1169 destruentes,
2059 1106 2115 1158 et

520 1196 740 1248 omnem
771 1192 1111 1249 altitudinem
1151 1194 1497 1252 extollentem
1527 1213 1586 1254 se
1631 1194 1889 1254 adversus
1939 1194 2114 1252 scien-

523 1281 655 1337 tiam
689 1283 810 1352 Dei,
840 1294 895 1340 et
942 1287 998 1342 in
1045 1287 1414 1359 captivitatem
1453 1290 1758 1361 redigentcs
1786 1303 2002 1345 omnem
2030 1288 2114 1343 in-

523 1374 800 1433 tellectum
824 1378 886 1433 in
912 1378 1234 1451 obsequium
1275 1381 1498 1450 Christi,
1536 1392 1591 1439 et
1616 1385 1669 1438 in
1719 1392 1974 1454 promptu
2015 1382 2112 1438 ha-

521 1465 920 1527 bentesulcisci
943 1487 1161 1529 omnem
1188 1475 1610 1532 inobedientiam
1653 1475 1780 1549 (Tit.
1810 1475 1875 1549 ι).
1915 1497 1933 1529 ι
1974 1476 2111 1531 Hinc

522 1559 668 1616 idem
680 1564 956 1634 apostolus
979 1566 1246 1639 discipulo
1272 1583 1371 1626 suo
1395 1571 1933 1643 praecepitquomodo
1955 1587 2113 1642 quos-

517 1654 646 1709 dam
681 1656 1069 1729 redargueret,
1097 1660 1328 1717 dicens:
1368 1680 1389 1715 ί
1418 1663 1645 1737 Increpa
1689 1665 1810 1722 illos
1854 1666 2007 1735 dure,
2052 1676 2112 1725 ut

508 1747 637 1802 sani
659 1748 772 1804 sint
792 1750 845 1806 in
871 1752 978 1809 ﬁde
1005 1768 1115 1809 non
1143 1756 1487 1815 intendentes
1514 1759 1753 1816 Judaicis
1791 1760 2004 1831 fabulis,
2056 1770 2112 1819 et

508 1842 787 1900 mandatis
806 1845 1089 1904 hominum
1111 1853 1481 1908 aVersantium
1499 1868 1558 1910 se
1578 1870 1609 1909 a
1636 1855 1887 1912 veritate.
1913 1856 2108 1913 Omnia

2216 631 2370 690 Unde
2389 642 2444 689 et
2469 632 2845 705 subiungitur:

2290 743 2308 776 ι
2344 724 2485 781 Cave
2507 724 2605 780 tibi
2640 732 2695 780 et
2711 725 2931 781 attende
2960 722 3247 796 diligenter
3288 721 3498 778 anditui
3530 730 3649 788 tuo,
3677 737 3821 795 quo-

2221 834 2240 871 ι
2284 818 2433 873 niam
2450 832 2576 881 cum
2606 816 2958 877 subversione
2980 828 3073 874 tua
3092 814 3374 885 ambulas;
3396 817 3628 874 audiens
3645 819 3819 874 verba

2219 922 2241 966 ι
2282 911 2372 967 illa
2399 912 2554 983 quasi
2586 913 2642 968 in
2687 915 2923 980 somnis,
2945 912 3072 968 vide
3104 920 3166 967 et
3200 908 3453 983 vigilabis
3494 910 3651 966 omni
3698 908 3819 965 vita

2210 1006 2328 1060 tua.
2368 1002 2563 1061 »Νἱὶιίι
2596 1012 2793 1073 tutum,
2826 1002 2964 1062 nihil
3002 1004 3221 1061 ﬁrmum
3249 1001 3391 1076 apud
3434 1000 3627 1059 mundi
3665 1016 3819 1058 ama-

2208 1103 2408 1165 torem,
2433 1097 2557 1169 quia
2581 1112 2706 1153 cum
2730 1092 3079 1154 mutabilibus
3102 1094 3270 1152 rebus
3298 1094 3579 1150 inhianter
3603 1093 3819 1149 incum-

2200 1188 2314 1256 bit,
2338 1188 2497 1246 simul
2520 1204 2645 1246 cum
2683 1190 2791 1246 illis
2819 1190 3157 1246 incessanter
3182 1192 3548 1259 per-mutatur.
3579 1184 3658 1243 Ut
3684 1184 3817 1241 alibi

2204 1280 2478 1352 scriptum
2525 1289 2609 1337 est
2653 1298 2665 1335 :
2717 1300 2736 1333 ‹
2800 1279 3007 1338 Stultus
3049 1289 3112 1337 ut
3150 1279 3278 1336 luna
3334 1284 3586 1334 mutatur
3634 1274 3816 1350 (Ecd.

2210 1373 2407 1436 xxvii).
2447 1395 2466 1428 ι
2498 1368 2662 1432 Potes
2690 1382 2746 1431 et
2768 1376 3059 1432 haereticos
3096 1383 3151 1431 et
3170 1372 3340 1430 falsos
3366 1370 3717 1429 Christianos
3760 1371 3818 1427 in

2208 1466 2521 1538 hujusmodi
2556 1470 2865 1539 potentibus
2897 1466 3215 1540 spiritaliter
3237 1464 3568 1538 intelligere,
3615 1465 3819 1536 quibus

2212 1574 2492 1632 nunquam
2521 1561 2736 1633 plenam
2770 1558 2932 1619 ﬁdem
2963 1561 3223 1617 adhibere
3249 1554 3434 1627 debes,
3460 1560 3595 1631 quia
3630 1560 3820 1614 incon-

2213 1660 2422 1709 stantes
2452 1654 2653 1710 suntin
2677 1653 3061 1721 'omnibus,viis
3081 1653 3224 1718 suis;
3256 1660 3311 1710 et
3334 1652 3379 1709 si
3404 1660 3459 1708 te
3487 1651 3557 1707 ab
3574 1649 3690 1707 illis
3710 1666 3817 1707 non

2212 1746 2553 1812 observabis,
2579 1747 2798 1819 quando
2820 1748 3226 1819 consumpseris
3251 1762 3475 1803 carnem
3508 1754 3565 1802 et
3594 1754 3815 1818 corpus,

2210 1840 2331 1897 sine
2356 1839 2465 1897 fine
2496 1841 2807 1911 ptenitebis.

510 1939 719 1995 munda
769 1943 1022 1999 mundis:
1055 1946 1418 2016 coinquinatis
1462 1956 1643 2006 autem
1695 1958 1751 2007 et
1801 1926 2185 2012 inﬁdelibus‘B
2292 1952 2310 1983 ‘
2346 1930 2517 2004 Dilige
2559 1930 2752 2000 Deum,
2805 1940 2859 1989 εί
2888 1931 3081 1989 invoca
3129 1942 3254 1988 eum
3299 1931 3356 1986 in
3386 1930 3568 1987 531m
3616 1939 3735 1987 “"-
3792 1950 3812 1985 ’

512 2030 649 2086 nihil
673 2033 957 2103 mundum,
995 2038 1090 2093 sed
1123 2038 1417 2108 inquinata
1449 2049 1576 2098 sunt
1613 2058 1801 2099 eorum
1849 2054 1905 2101 et
1948 2062 2103 2104 mens

508 2132 568 2179 et
596 2127 947 2183 conscientia.
971 2129 1312 2189 Conﬁtentur
1332 2146 1393 2191 se
1414 2148 1573 2191 nosse
1599 2136 1794 2205 Deum,
1823 2136 1979 2195 factis
2008 2154 2103 2195 au-

508 2224 621 2271 tem
659 2229 879 2290 negant,
915 2236 1039 2277 cum
1069 2224 1179 2279 sint
1206 2224 1502 2282 abominati
1532 2238 1586 2283 et
1631 2229 1997 2302 incredibiles,
2049 2234 2104 2287 et

502 2308 579 2364 ad
602 2323 763 2365 omne
795 2326 931 2381 opus
952 2314 1151 2370 bonum
1188 2317 1404 2388 reprobi
1429 2317 1558 2391 (Tit.
1597 2321 1659 2393 ι).
1712 2342 1730 2374 ι
1761 2322 1904 2379 Hinc
1932 2332 1988 2379 et
2003 2323 2100 2381 Ju-

502 2402 610 2459 das
652 2406 928 2475 apostolus
962 2406 1081 2462 ait:
1120 2429 1137 2461 ε
1173 2409 1230 2465 1η
1270 2414 1567 2471 novissimo
1595 2423 1837 2489 tempore
1885 2417 2105 2475 venient

508 2494 778 2563 illusores,
813 2501 1111 2557 secundum
1132 2503 1399 2563 desideria
1430 2524 1529 2564 sua
1553 2510 1892 2567 ambulantes
1918 2513 1973 2567 in
2002 2512 2102 2568 im-

502 2585 835 2655 pietatibns.‘
873 2590 940 2646 Hi
974 2602 1101 2648 sunt
1144 2597 1237 2666 qui
1278 2610 1568 2672 segregant
1603 2604 1947 2675 semetipsos,
1987 2606 2102 2660 ani-

507 2678 701 2747 males,
755 2684 1009 2754 spiritum
1033 2702 1141 2742 non
1184 2688 1464 2747 habentes.
1488 2682 1600 2749 Vos
1649 2703 1852 2763 autem,
1894 2698 2102 2754 charis-

502 2770 654 2839 simi,
694 2777 1188 2846 superaediiicantes
1234 2783 1596 2855 vosmetipsos
1631 2787 1987 2844 sanctissima:
2010 2807 2102 2847 ve-

504 2870 636 2919 stra
654 2864 804 2936 fidei,
845 2869 901 2923 in
944 2868 1153 2940 Spiritu
1200 2882 1390 2930 sancto
1418 2886 1661 2945 orantes,
1708 2880 1854 2951 ipsos
1904 2897 2000 2937 vos
2045 2883 2099 2938 in

504 2955 795 3047 dilectione
838 2961 935 3017 Dei
979 2964 1222 3033 servate;
1274 2975 1329 3022 et
1378 2968 1479 3025 hos
1521 2971 1738 3040 quidem
1793 2973 2101 3047 redarguite

496 3044 771 3115 iudicatos
792 3050 974 3122 (Judw
1003 3057 1182 3128 xvm).
1220 3078 1239 3112 ι

576 3239 598 3274 ι
634 3223 946 3286 Advocatns
971 3245 1002 3284 a
1042 3232 1348 3302 potentiore
1392 3233 1611 3291 discede
1650 3255 1661 3290 :
1704 3250 1769 3292 ex
1806 3238 1911 3294 hoc
1953 3238 2096 3295 enim

2211 2023 2435 2081 Castoris
2462 2027 2766 2097 reprobatis
2806 2042 2927 2098 quae
2973 2025 3256 2084 mutabilia
3300 2034 3354 2082 et
3404 2025 3614 2083 caduca
3672 2036 3815 2093 sunt,

2194 2112 2312 2172 'itoc
2336 2114 2511 2171 solum
2561 2116 2705 2187 quod
2730 2117 2927 2174 stabile
2973 2124 3027 2174 et
3051 2128 3371 2172 mansurum
3395 2123 3496 2179 est,
3529 2130 3814 2173 commen-

2200 2202 2330 2275 dat;
2356 2207 2463 2265 hoc
2490 2216 2593 2276 est,
2624 2214 2686 2264 ut
2725 2206 2896 2265 Deum
2938 2208 3153 2281 diligas,
3184 2215 3241 2265 et
3265 2208 3522 2264 mandata
3552 2207 3677 2277 eius
3721 2207 3817 2264 ob-

2205 2310 2412 2367 serves,
2444 2308 2498 2356 et
2527 2301 2789 2356 auxilium
2817 2302 2935 2372 ejus
2956 2300 3200 2372 quOtidie
3220 2297 3479 2369 implores
3506 2316 3519 2352 :
3553 2297 3813 2369 quonia-

2213 2413 2233 2447 r
2280 2395 2454 2451 bonus
2478 2405 2564 2451 est
2595 2396 2857 2451 Dominus
2884 2395 3228 2465 sperantibus
3248 2392 3303 2447 in
3333 2408 3411 2459 se,
3441 2392 3643 2447 anima:
3673 2404 3816 2461 qua.

2204 2491 2349 2547 renti
2378 2491 2552 2546 illum.
2598 2489 2779 2561 Prope
2806 2498 2890 2545 est
2930 2488 3185 2544 omnibus
3235 2484 3559 2542 timentibus
3583 2499 3711 2540 eum
3761 2485 3813 2538 in

2199 2584 2455 2640 veritate.
2480 2581 2827 2639 Voluntatem
2854 2581 3167 2638 timentium
3194 2594 3254 2636 se
3294 2578 3479 2644 faciet,
3519 2585 3575 2633 et
3612 2577 3816 2633 oratio-

2202 2689 2304 2731 nes
2355 2691 2544 2732 eorum
2593 2673 2872 2741 exaudiet,
2916 2680 2971 2730 et
3015 2672 3196 2728 salvos
3240 2669 3401 2727 faciet
3447 2684 3543 2726 eos
3590 2666 3811 2740 (Three.

2204 2766 2313 2840 iii).
2359 2788 2377 2821 ι

2283 2879 2302 2911 ι
2335 2857 2508 2915 Omne
2519 2859 2719 2915 animal
2733 2856 2910 2930 diligit
2928 2856 3105 2913 simile
3128 2854 3231 2912 sibi
3249 2872 3263 2923 ;
3281 2855 3360 2911 sic
3375 2862 3430 2911 et
3448 2850 3634 2909 omnis
3651 2852 3812 2907 homo

2204 2964 2231 3005 ⁸(
2276 2955 2585 3026 proximum
2623 2952 2745 3008 sibi.
2781 2950 2971 3009 Omnis
3001 2964 3130 3007 caro
3164 2949 3233 3005 ad
3262 2946 3496 3004 similem
3539 2944 3645 3001 sibi
3684 2957 3812 2998 con-

2212 3067 2231 3102 ι
2273 3047 2539 3121 jungitur,
2580 3056 2636 3103 et
2660 3044 2838 3102 omnis
2869 3045 3036 3101 homo
3070 3041 3233 3099 simili
3283 3040 3388 3097 sibi
3432 3036 3751 3095 sociabitur.
3788 3052 3807 3085 ι

2202 3136 2285 3199 Ad
2314 3154 2377 3194 ea
2408 3155 2527 3210 quae
2554 3139 2803 3209 superius
2826 3136 3012 3209 posuit
3038 3134 3159 3191 haec
3182 3130 3470 3190 referenda
3504 3138 3665 3194 sunt,
3708 3126 3811 3182 boc

2203 3241 2308 3298 est,
2339 3241 2396 3287 ut
2418 3232 2644 3287 divitum
2668 3239 2723 3286 et
2742 3230 3044 3302 potentium
3072 3228 3232 3285 istius
3252 3225 3464 3292 mundi,
3489 3223 3585 3295 qui
3613 3230 3808 3294 super-

504 3328 529 3365 ι
572 3314 1230 3386 uragisteadvocabit.Ne
1250 3325 1531 3396 improbus
1545 3328 1644 3393 sis,
1666 3329 2094 3403 neimpingaris;
2125 3323 2172 3399 (ζ
2200 3322 2358 3381 biunt
2380 3325 2432 3380 in
2463 3324 2792 3380 abundantia
2823 3322 3136 3378 divitiarum
3166 3330 3408 3385 suarum,
3441 3315 3691 3373 declines
3723 3328 3811 3369 so-

456 3448 461 3451 »
504 3421 529 3459 ι
568 3416 627 3463 et
648 3424 718 3467 ne
754 3410 911 3484 longe
934 3415 1101 3482 absis,
1126 3426 1198 3473 ne
1227 3432 1322 3473 eas
1356 3419 1412 3473 in
1437 3420 1787 3476 oblivionem.
1840 3419 1921 3477 Ne
1966 3423 2097 3477 reti-

505 3513 529 3552 ι
566 3514 703 3558 neas
727 3518 796 3559 ex
815 3518 972 3577 aequo
1000 3507 1146 3579 loqui
1174 3518 1299 3565 cum
1323 3511 1441 3579 illo,
1468 3521 1525 3569 et
1565 3529 1634 3569 ne
1681 3515 1875 3570 credas
1911 3516 2095 3571 multis

503 3607 528 3642 ε
572 3590 754 3648 verbis
788 3592 962 3662 illius;
998 3612 1066 3653 ex
1091 3597 1257 3653 multa
1285 3602 1433 3657 enim
1482 3602 1695 3673 loquela
1742 3604 1974 3659 tentabit
2019 3613 2092 3671 te,

505 3699 528 3735 ι
568 3690 628 3738 et
658 3685 948 3743 subridens
995 3688 1353 3761 interrogabit
1388 3700 1445 3749 te
1474 3693 1543 3748 de
1578 3694 1914 3751 absconditis
1965 3695 2091 3750 tuis.

505 3791 528 3827 ι
572 3774 802 3833 immitis
825 3779 1039 3835 animus
1056 3781 1225 3846 illius,
1259 3791 1316 3838 et
1360 3786 1701 3841 conservabit
1738 3786 1907 3842 verba
1948 3795 2041 3842 tua
2078 3806 2089 3841 :

504 3884 527 3918 ι
568 3876 625 3923 et
650 3883 762 3925 non
785 3879 977 3940 parcet
1001 3872 1070 3928 de
1102 3872 1308 3929 malitia
1339 3882 1395 3931 et
1426 3877 1493 3932 de
1517 3877 1767 3933 vinculis.
1809 3899 1827 3931 ι
1866 3877 2097 3950 Tempe-

497 3970 689 4015 ranter
736 3976 844 4018 nos
910 3976 1071 4034 agere
1112 3976 1237 4021 cum
1284 3968 1647 4037 potestatibus
1693 3970 1849 4026 istius
1902 3971 2095 4028 ruendi

500 4053 765 4122 sapientia
796 4056 973 4123 docet,
1001 4066 1073 4114 ne
1092 4057 1265 4127 forte,
1286 4062 1341 4118 si
1365 4061 1587 4118 incaute
1613 4076 1737 4118 cum
1767 4062 1875 4119 illis
1901 4060 2093 4121 ambus

501 4142 697 4213 'emus,
744 4138 1103 4207 odendamus.
1136 4151 1436 4211 implentia
1456 4155 1605 4211 enim
1632 4155 1873 4227 ipsorum
1897 4164 1952 4214 et
1998 4170 2092 4213 su-

498 4235 1020 4311 perbiamqnenwr
1041 4243 1253 4301 deridet
1264 4246 1643 4303 innocentium
1667 4249 2092 4320 simplicitatem,

497 4336 553 4384 et
586 4330 989 4403 despectoseos
1020 4336 1208 4403 habet,
1247 4346 1383 4409 quos
1437 4355 1469 4395 a
1518 4341 1752 4414 negotiis
1806 4344 1993 4399 mundi
2036 4359 2096 4400 se

498 4419 775 4478 abstinere
800 4423 977 4494 videt;
1010 4428 1108 4485 sed
1134 4429 1393 4499 quoniam
1412 4432 1549 4488 ordo
1570 4431 1695 4489 talis
1716 4441 1802 4489 est
1848 4433 2093 4490 mortalis

496 4512 642 4581 vitae,
666 4514 850 4572 ut'ulii
876 4517 1148 4575 excellant
1180 4520 1385 4577 divitiis
1410 4528 1465 4576 et
1486 4524 1756 4592 potentia,
1796 4523 2096 4595 alii-depri-

495 4612 722 4660 tuantur
752 4607 940 4677 inopia
983 4617 1038 4665 et
1076 4619 1346 4682 egestate,
1374 4612 1457 4667 “ita
1498 4622 1633 4669 sane
1680 4629 1739 4669 se
1792 4613 2096 4670 conformet

2200 3416 2474 3480 cietatem,
2510 3424 2563 3471 et
2590 3428 2716 3471 cum
2760 3428 2826 3468 eo
2875 3412 3118 3469 amicitia
3162 3408 3512 3481 coniungat-is
3568 3408 3665 3479 qui
3720 3405 3812 3461 tibi

2199 3509 2380 3564 ‘studio
2410 3515 2463 3563 et
2491 3506 2751 3578 religione
2769 3520 2868 3577 par
2897 3512 2952 3561 et
2971 3510 3200 3560 consors
3237 3511 3340 3559 eSt.
3370 3494 3534 3565 Nam,
3578 3506 3642 3555 ut
3692 3508 3813 3554 san-

2199 3601 2271 3656 cti
2290 3599 2483 3655 Patres
2509 3592 2866 3663 tradiderunt,
2895 3611 3022 3652 cum
3045 3595 3213 3650 multa
3248 3595 3358 3650 sint
3382 3602 3586 3663 genera
3614 3588 3805 3645 amici-

2198 3690 2425 3757 tiarum,
2464 3706 2585 3762 qua:
2625 3689 2873 3745 carnales
2919 3696 2975 3744 et
3016 3689 3198 3743 minus
3247 3684 3618 3757 intelligentes
3668 3680 3811 3737 msti-

2196 3794 2353 3842 mant
2395 3784 2461 3841 ad
2494 3798 2675 3841 veram
2726 3784 3002 3855 pertinere
3048 3782 3414 3847 dilectionem,
3466 3774 3809 3836 solummodo

2198 3878 2303 3937 hoc
2332 3896 2500 3935 unum
2535 3893 2706 3952 genus
2733 3885 2816 3933 est
2853 3874 3142 3932 insolubile
3173 3873 3475 3937 charitatis,
3509 3870 3662 3944 quod
3710 3883 3808 3925 nec

2198 3970 2690 4029 commendationis
2739 3969 2913 4041 gratia
2941 4012 2955 4037 ,
3013 3985 3115 4025 nec
3163 3964 3326 4025 cilicii
3378 3966 3464 4022 vel
3518 3978 3807 4021 munerum

2198 4063 2515 4138 magnitudo
2539 4070 2922 4120 cont‘ractusve
2945 4059 3268 4131 cujusquam
3290 4059 3458 4125 ratio,
3484 4056 3572 4113 vel
3601 4064 3809 4111 natura

2196 4159 2494 4216 necessitas
2517 4157 2718 4231 jungit,
2747 4157 2841 4213 sed
2860 4155 2983 4212 sola
3026 4152 3321 4210 similitudo
3350 4151 3649 4213 virtutum;
3695 4144 3809 4202 lucc

2195 4256 2283 4307 est
2318 4262 2438 4322 quae
2466 4246 2629 4305 nullis
2654 4254 2894 4318 unquam
2921 4245 3139 4302 casibus
3181 4242 3466 4308 scinditur,
3495 4254 3662 4312 quam
3698 4254 3804 4293 non

2198 4343 2373 4400 solum
2420 4338 2716 4398 dissociare
2760 4338 2845 4396 vei
2879 4336 3060 4396 delere
3085 4338 3329 4395 locorum
3358 4336 3446 4391 vel
3501 4343 3807 4404 temporum

2197 4430 2485 4491 intervalla
2526 4448 2635 4489 non
2665 4430 2979 4504 praevalent,
3022 4429 3118 4486 sed
3151 4442 3218 4485 ne
3248 4438 3397 4484 mors
3422 4426 3643 4498 quidem
3693 4424 3805 4495 ipsa

2198 4524 2425 4584 divellit.
2452 4524 2587 4583 limo
2639 4537 2723 4583 est
2752 4540 2880 4581 vera
2910 4533 2965 4581 et
3017 4524 3321 4594 indisrupta‘
3367 4520 3591 4577 dilectio
3614 4561 3630 4584 ,
3687 4532 3806 4589 qua:

2196 4620 2414 4691 gemina
2446 4619 2743 4674 amicorum
2773 4616 3107 4688 perfectione
3133 4631 3199 4672 ac
3227 4616 3427 4670 virtute
3472 4611 3800 4675 concrescit,

496 4708 687 4755 savus
706 4698 913 4757 Christi
937 4710 1061 4757 cum
1087 4704 1450 4773 potestatibus
1478 4706 1689 4772 mundi,
1735 4714 1797 4760 ut
1835 4706 1917 4762 eis
1946 4706 2096 4761 debi~
2123 4698 2176 4768 Ι)
2202 4713 2357 4783 cujus
2386 4712 2555 4768 semel
2580 4712 2775 4768 initum
2808 4708 2983 4768 fmdus
3031 4706 3177 4764 nulla
3237 4708 3540 4765 adversitas
3589 4714 3800 4760 mutare

496 4801 613 4848 tum
639 4793 905 4850 honorem
949 4797 1243 4853 secundum
1282 4796 1695 4868 Scripturarum
1744 4799 2089 4854 traditionem

496 4884 764 4953 conferat,
794 4894 852 4942 et
880 4895 1062 4943 tamen
1094 4888 1344 4944 timorem
1367 4888 1585 4944 Domini
1612 4905 1679 4945 ac
1708 4889 2089 4945 mandatorum

493 4977 614 5049 ejus
654 4979 958 5036 cuﬂodiam
1001 4979 1151 5035 nullo
1201 4979 1363 5036 modo
1412 4981 1767 5052 derelinquat.
1823 4981 1977 5050 Quod
2033 4991 2088 5038 et

493 5065 688 5125 Petrus
714 5070 774 5125 in
796 5068 1043 5142 Epistola
1068 5086 1167 5127 sua
1198 5085 1300 5128 nos
1328 5085 1489 5144 agere
1533 5075 1799 5139 hortatur,
1854 5073 2046 5137 dicens
2073 5091 2086 5127 :

498 5178 518 5214 ι
554 5160 708 5219 Sicut
735 5166 881 5221 servi
911 5164 1009 5222 Dei
1037 5181 1228 5223 omnes
1252 5167 1539 5233 honorate,
1575 5166 1977 5224 fraternitatem
2006 5167 2087 5223 di-

490 5254 674 5327 ligite;
706 5259 877 5315 Deum
902 5260 1107 5326 timete,
1137 5274 1324 5332 regem
1346 5259 1701 5317 honoriﬁcate
1728 5260 1777 5333 (1
1806 5259 1921 5315 Pet.
1950 5260 2035 5333 ιι).
2063 5282 2081 5314 ι

492 5345 621 5404 Vult
642 5350 790 5406 enim
808 5364 917 5409 nos
963 5351 1161 5409 liberos
1198 5366 1320 5409 esse
1350 5367 1380 5406 a
1406 5350 1633 5406 servitio
1676 5350 1980 5422 culparum,
2027 5360 2089 5406 ut

490 5442 636 5499 servi
656 5441 930 5501 Creatoris
955 5444 1127 5500 nostri
1154 5444 1282 5499 boni
1310 5452 1367 5500 et
1390 5442 1579 5499 fideles
1609 5457 1931 5512 permanere
1959 5456 2086 5515 pos-

490 5536 692 5607 simus;
721 5545 778 5595 et
804 5545 990 5595 monet
1016 5545 1077 5592 ut
1115 5552 1415 5612 congruum
1462 5536 1674 5593 cunctis
1708 5536 2085 5608 impendamus

492 5632 776 5701 honorem,
800 5648 865 5689 ac
885 5633 1041 5705 juxta
1086 5631 1375 5702 imperium
1403 5631 1639 5700 Domini,
1675 5650 1693 5684 ‹
1726 5629 1926 5687 Caesari
1965 5644 2085 5704 qua:

490 5726 727 5785 Caesaris
753 5735 900 5795 sunt,
941 5736 995 5783 et
1017 5722 1130 5784 Deo
1162 5742 1281 5797 quae
1306 5728 1402 5783 Dei
1426 5736 1553 5784 sunt
1596 5726 1886 5783 reddamus
1931 5724 2081 5799 (Luc.

490 5820 607 5892 Kx).
643 5841 661 5874 ›
696 5818 800 5889 Qui
835 5829 1014 5876 autem
1044 5820 1261 5876 incaute
1292 5827 1346 5875 et
1378 5820 1780 5877 inconsiderate
1807 5835 1931 5876 cum
1960 5818 2084 5874 tali-

492 5911 595 5966 bus
620 5923 989 5979 conversatur,
1018 5924 1070 5970 et
1097 5915 1176 5970 eis
1198 5913 1318 5985 plus
1356 5926 1510 5983 aequo
1536 5913 1885 5984 semetipsum
1910 5913 2087 5970 maui-

2195 4814 2396 4877 potest,
2446 4819 2546 4860 nec
2592 4804 2983 4861 desideriorum
3025 4801 3265 4858 varietas
3312 4799 3539 4855 violare.
3592 4796 3800 4855 Cetera

2194 4913 2326 4953 vero
2354 4896 2701 4967 interrumpit
2751 4896 3066 4965 frequenter
3109 4908 3173 4948 ac
3206 4891 3395 4949 dividit
3425 4891 3675 4947 locorum
3726 4888 3801 4943 di-

2194 4990 2413 5057 scretio,
2443 4997 2499 5044 et
2545 4988 2743 5044 oblivio
2791 4985 3127 5057 temporalis,
3181 4993 3236 5040 et
3281 4982 3435 5038 verbi
3482 4980 3571 5037 vel
3622 4993 3800 5036 causa

2193 5082 2645 5153 negotiorumque
2668 5086 2999 5136 contractus.
3028 5074 3100 5134 Ut
3130 5076 3274 5133 enim
3320 5088 3388 5131 ex
3439 5074 3675 5129 diversis
3721 5067 3802 5127 vel

2194 5173 2333 5228 lucri
2367 5172 2451 5229 vel
2476 5171 2740 5239 libidinis,
2784 5170 2868 5227 vel
2910 5167 3400 5242 consanguinitatis
3442 5181 3507 5220 ac
3557 5162 3798 5221 necessi-

2196 5264 2443 5322 tudinum
2496 5262 2770 5318 variarum
2809 5261 3165 5318 societatibus
3213 5258 3421 5328 acquiri
3474 5256 3675 5319 solent,
3725 5255 3800 5310 ita

2196 5355 2569 5412 intercedente
2613 5353 2854 5426 qualibet
2880 5352 3099 5408 divortii
3148 5351 3435 5407 occasione
3490 5348 3795 5406 solmntur.

2195 5446 2364 5518 igitur
2412 5456 2575 5518 quam
2615 5446 3006 5503 inconveniens
3036 5445 3107 5501 sit
3134 5456 3323 5500 eorum
3367 5442 3627 5507 societas,
3658 5456 3799 5512 quos

2143 5527 2151 5534 ’
2194 5541 2533 5611 inazqualitas
2560 5541 2864 5597 animorum
2892 5548 2946 5594 et
2975 5538 3265 5609 disparitas
3308 5550 3522 5592 morum
3573 5535 3797 5591 omnino

2194 5632 2469 5705 disiungit,
2501 5633 2852 5703 subsequenti
2882 5632 3095 5688 ratione
3133 5642 3234 5701 per
3256 5626 3505 5700 exempla
3544 5641 3772 5697 compro

2192 5725 2306 5790 bat,
2334 5725 2518 5779 dicens
2546 5740 2560 5779 :

2271 5835 2289 5866 ‹
2323 5814 2383 5869 Si
2410 5814 2830 5871 communicabit
2863 5813 3021 5885 lupus
3049 5829 3188 5885 agno
3220 5810 3530 5884 aliquando,
3556 5810 3637 5865 sic
3655 5822 3791 5881 pec—

2200 5930 2220 5964 r
2268 5912 2601 5982 catorjusto.
2629 5909 2757 5976 Qun:
2784 5909 3206 5965 communicatio
3233 5914 3419 5964 sancto
3456 5900 3683 5975 homini,
3718 5900 3790 5957 ad
