4030 6500
475 384 582 442 855

1091 380 1177 437 ~B.
1215 379 1469 438 RABAN]
1503 379 1721 440 MAURI
1758 378 2079 440 A'RCHIEP.
2121 376 2436 451 MOGUNT.
2471 377 2760 438 OPERUM
2798 378 2982 436 PARS
3020 379 3060 435 l.

3647 380 3767 438 856

475 499 776 569 perfectum
796 508 918 552 esse
939 494 1137 562 virum,
1164 495 1257 568 qui
1283 496 1337 551 in
1363 494 1530 553 verbo
1550 510 1660 552 non
1679 494 1924 561 offendit,
1944 509 2068 551 cum
2096 495 2151 558 Α
2249 513 2270 546 ι
2314 495 2444 552 Viro
2465 494 2660 565 cupido
2689 503 2745 550 et
2775 496 2952 552 tenaci
2990 495 3108 551 sine
3136 493 3346 552 ratione
3392 504 3477 552 est
3510 495 3785 553 substan-

475 589 830 660 praemitteret
844 587 988 644 idem
1009 587 1283 658 apostolus
1309 587 1493 644 dicens
1520 606 1533 642 :
1564 606 1583 639 ι
1613 587 1670 641 ιιι
1694 587 1878 643 multis
1897 585 2069 642 offen-

472 683 654 738 dimus
685 696 876 737 omnes
905 679 1268 754 (Ιαεοὺ.ιιι).›
1303 680 1371 734 Ει
1391 679 1646 736 Salomon
1672 683 1779 738 ait:
1801 703 1819 735 ‹
1840 681 1958 737 Non
1986 693 2071 742 est

471 771 832 843 homojustus
861 773 916 829 in
947 781 1092 828 terra
1115 772 1206 844 qui
1239 772 1404 830 faciat
1431 773 1636 830 bonum
1660 784 1716 832 et
1742 792 1853 835 non
1880 788 2068 849 peccet

473 864 646 938 (Eccl.
675 865 841 939 vn).'i
875 866 943 922 Et
960 866 1249 923 Psalmista
1273 885 1285 921 :
1317 885 1336 919 ‹
1365 867 1499 940 Ego,
1523 869 1719 939 inquit,
1748 871 1864 926 dixi
1893 872 1949 926 in
1972 887 2066 928 ex-

469 975 631 1016 cessu
660 961 860 1017 mentis
887 975 1042 1027 meae,
1059 959 1245 1016 Omnis
1269 960 1432 1016 homo
1459 962 1693 1018 mendax
1724 961 1842 1035 (Ps.
1872 966 2058 1037 xxx)»

468 1049 540 1106 Et
583 1049 821 1107 Joannes
866 1051 1198 1124 evangelista
1224 1070 1237 1106 :
1267 1070 1285 1103 ι
1319 1050 1377 1107 Si
1409 1053 1724 1111 dixerimus
1750 1096 1766 1122 ,
1797 1056 1895 1124 ait,
1940 1057 2066 1128 quia

467 1151 754 1213 peccatum
784 1157 893 1200 non
926 1144 1206 1209 habemus,
1242 1143 1344 1214 ipsi
1380 1159 1481 1202 nos
1523 1147 1855 1216 seducimus,
1884 1157 1939 1205 et
1969 1166 2063 1207 ve-

471 1235 606 1289 ritas
630 1236 686 1290 in
717 1235 874 1292 nobis
899 1251 1007 1291 non
1035 1243 1120 1292 est
1147 1233 1202 1306 (1
1233 1236 1394 1292 Joan.
1416 1237 1478 1310 1).
1502 1258 1520 1291 ι
1555 1237 1638 1294 Ad
1667 1240 1810 1310 quod
1841 1257 2070 1313 respon-

471 1325 588 1380 deri
627 1333 806 1396 potest
845 1325 968 1395 quia
1014 1325 1242 1382 diversa:
1269 1327 1629 1384 offensionum
1660 1338 1787 1386 sunt
1832 1334 2061 1403 species.

471 1416 645 1470 Aliter
673 1431 906 1487 namque
935 1417 1112 1484 electi,
1143 1418 1301 1474 aliter
1332 1421 1611 1478 offendunt
1641 1425 1876 1494 reprobi,
1910 1424 2068 1483 Salo-

474 1522 634 1563 mone
664 1515 922 1577 testante,
942 1511 1049 1580 qui
1079 1511 1156 1566 ait
1181 1530 1195 1565 :
1229 1529 1248 1564 ι
1279 1511 1492 1584 Septies
1519 1516 1668 1571 enim
1696 1518 1842 1574 cadit
1860 1518 2064 1588 justus,

471 1608 528 1654 et
558 1601 789 1671 resurgit
818 1619 830 1655 :
859 1602 1010 1673 impii
1044 1613 1226 1661 autem
1269 1616 1527 1664 corruent
1552 1609 1607 1665 in
1644 1610 1848 1666 malum
1880 1610 2063 1684 (Prov.

473 1692 644 1765 xxw).
675 1715 694 1747 ι
729 1697 845 1751 Etsi
872 1698 1018 1752 enim
1037 1697 1217 1769 justus
1242 1716 1342 1772 per
1369 1701 1719 1774 fragilitatem
1744 1706 1948 1774 carnis,
1981 1705 2065 1762 vel

472 1785 836 1855 ignorantiam
875 1788 1016 1846 forte
1052 1791 1368 1860 offenderit,
1393 1793 1574 1864 justus
1601 1806 1779 1853 tamen
1810 1813 1931 1855 esse
1957 1814 2066 1854 non

2175 603 2197 640 ι
2241 586 2337 654 tia,
2367 594 2422 642 et
2449 587 2654 643 homini
2682 586 2844 643 livido
2864 589 2935 642 ad
2979 587 3110 658 quid
3133 588 3372 644 aurum?
3416 587 3521 656 Qui
3549 597 3788 645 acervat

2175 697 2195 733 ‹
2240 696 2308 737 ex
2333 681 2515 736 animo
2540 695 2638 736 suo
2679 679 2879 751 injuste
2920 679 3042 736 aliis
3077 688 3396 752 congregat,
3449 687 3509 735 et
3533 680 3592 735 in
3616 680 3790 737 bouis

2179 790 2199 824 ‹
2245 771 2393 827 illius
2418 772 2556 828 alius
2575 771 2961 829 luxuriabitur.
3000 792 3020 825 ι
3052 771 3312 828 Avaritiae
3324 779 3540 844 pestem
3560 773 3788 844 nequis-

2169 864 2362 920 simam
2385 863 2658 931 describit,
2690 880 2810 935 quae
2851 864 3130 920 excruciat
3160 873 3401 921 mentem
3431 864 3786 936 possessoris

2169 958 2278 1024 sui,
2303 972 2405 1013 nec
2427 971 2550 1013 eum
2581 957 2852 1028 permittit
2869 957 3073 1013 laboris
3104 957 3189 1014 sui
3217 959 3480 1030 consequi
3505 959 3782 1024 fructum,

2169 1052 2265 1108 sed
2288 1053 2402 1123 ipse
2436 1051 2490 1106 in
2519 1058 2760 1122 egestate
2788 1052 2956 1107 vitam
2996 1067 3154 1107 suam
3183 1065 3375 1123 agens,
3435 1053 3623 1108 omnia
3653 1066 3786 1122 quae

2168 1157 2267 1214 per
2289 1143 2374 1199 fas
2426 1141 2686 1213 nefasque
2714 1143 3081 1216 congregavit,
3137 1142 3260 1199 aliis
3291 1143 3663 1199 consumenda
3691 1158 3786 1198 re-

2174 1235 2392 1307 linquit.
2447 1236 2526 1291 De
2563 1252 2670 1306 quo
2711 1237 2767 1291 in
2813 1236 3140 1291 Ecclesiaste
3189 1235 3455 1306 scriptum
3497 1245 3628 1292 est:
3662 1257 3678 1289 ι
3723 1236 3786 1292 Si

2171 1328 2292 1397 quis
2318 1327 2516 1382 vixerit
2540 1325 2741 1381 multos
2768 1341 2956 1391 annos,
2996 1334 3050 1381 et
3068 1325 3256 1396 plures
3282 1325 3400 1382 dies
3440 1326 3624 1381 aetatis
3674 1325 3782 1381 ba-

2170 1417 2370 1485 buerit,
2402 1425 2458 1473 et
2484 1419 2665 1473 anima
2689 1418 2831 1474 illius
2884 1433 2992 1473 non
3019 1424 3205 1473 utatur
3246 1417 3408 1474 bonis
3447 1417 3779 1473 substantia

2171 1523 2304 1574 sum,
2327 1507 2710 1580 sepulturaque
2731 1517 2938 1577 careat,
2968 1509 3035 1565 de
3057 1509 3276 1583 hocego
3301 1509 3604 1580 pronuntio
3631 1507 3780 1580 quod

2169 1600 2364 1656 melior
2384 1601 2456 1656 sit
2483 1600 2578 1657 illo
2603 1601 2902 1658 abortivus.
2929 1599 3162 1656 Frustra
3191 1601 3338 1657 enim
3360 1599 3513 1655 venit
3545 1608 3604 1655 et
3643 1613 3776 1670 per-

2171 1694 2248 1764 git
2282 1693 2351 1749 ad
2391 1694 2664 1759 tenebras,
2708 1703 2763 1750 et
2796 1694 3070 1751 oblivione
3108 1694 3380 1751 delebitur
3404 1707 3610 1751 nomen
3663 1692 3784 1764 ejus

2174 1787 2400 1860 (Eccles.
2449 1787 2550 1860 vi).
2589 1809 2608 1843 ι
2645 1787 2850 1861 Nempe
2891 1790 3113 1846 divitem
3153 1805 3380 1846 avarum
3411 1790 3781 1856 demonstrat,

473 1877 706 1947 desistit,
741 1882 867 1951 quia
895 1892 956 1937 ut
977 1886 1293 1955 quotidiana
1339 1898 1423 1945 est
1469 1890 1776 1960 hujusmodi
1816 1901 1871 1948 et
1899 1893 2068 1950 inevi—
2095 1869 2146 1930 Β
2174 1882 2266 1952 qui
2295 1897 2418 1937 cum
2468 1880 2790 1936 stultissima
2815 1895 2874 1937 se
2898 1881 3165 1954 parcitate
3211 1881 3488 1948 crucians.
3542 1880 3672 1935 aliis
3688 1881 3786 1937 de-

477 1972 656 2028 labilis
698 1973 945 2043 offensio,
972 1977 1047 2032 ita
1089 1987 1175 2035 est
1213 1989 1270 2035 et
1307 1982 1621 2053 quotidiana
1661 1985 1967 2042 orationum
2009 2002 2074 2044 ac

475 2061 740 2118 bonorum
768 2079 995 2135 operum
1035 2068 1263 2136 medela,
1294 2085 1415 2140 quae
1452 2070 1813 2130 offendentem
1834 2073 2069 2144 justum,

475 2173 544 2211 ne
575 2158 629 2212 in
654 2166 856 2215 terram
881 2171 1129 2233 proruat,
1152 2173 1206 2220 et
1231 2167 1529 2237 nuptialem
1551 2169 1836 2228 charitatis
1860 2187 1924 2228 ac
1945 2172 2072 2229 fidei

471 2257 679 2305 vestem
706 2250 930 2321 pulvere
955 2254 1213 2312 vitiorum
1244 2258 1516 2326 sordidet,
1545 2261 1696 2317 ocius
1728 2261 1909 2335 erigit.
1947 2281 1968 2316 ‹
2010 2262 2071 2320 Si

470 2341 594 2410 quis
635 2357 766 2414 ergo
809 2344 865 2400 in
904 2346 1073 2404 verbo
1119 2364 1228 2405 non
1279 2349 1526 2418 offendit,
1567 2352 1656 2409 hic
1685 2353 1958 2423 perfectus
1984 2365 2071 2413 est

472 2433 574 2487 vir.
605 2455 624 2486 ι
657 2434 752 2490 lllo
780 2435 1033 2494 videlicet
1053 2440 1239 2505 verbo,
1265 2442 1421 2512 cujus
1449 2440 1805 2499 offensionem
1827 2446 2069 2502 humana

471 2534 652 2594 potest
679 2529 854 2585 vitare
876 2529 1161 2602 fragilitas,
1179 2541 1242 2588 ut
1263 2542 1346 2589 est
1375 2534 1600 2591 verbum
1624 2536 1756 2604 doli,
1779 2537 2070 2596 detractio-

473 2617 580 2683 nis,
613 2619 1034 2690 maledictionis,
1068 2627 1353 2696 superbiae,
1374 2627 1675 2698 jactantiaz,
1699 2633 2068 2692 excusationis

472 2707 528 2763 in
549 2712 809 2780 peccatis,
831 2715 1211 2783 aemulationis,
1243 2717 1618 2788 dissensionis,
1645 2721 1888 2789 haeresis,
1914 2739 2069 2781 men-

469 2799 635 2868 dacii,
664 2801 906 2874 perjurii,
943 2807 1038 2862 sed
1067 2817 1123 2861 et
1146 2807 1337 2865 otiosa:
1380 2824 1483 2866 nec
1519 2827 1626 2867 non
1668 2813 1833 2868 etiam
1878 2829 2068 2886 super-

470 2891 593 2947 flua:
637 2894 945 2964 locutionis,
975 2898 1032 2953 in
1062 2898 1150 2955 bis
1185 2915 1307 2972 qua:
1333 2903 1643 2958 necessaria
1687 2903 1941 2960 videntur
1965 2922 1980 2962 :
2009 2906 2066 2962 in

469 2998 578 3054 quo
601 2987 859 3045 nimirum
881 2992 1050 3048 verbo
1079 2993 1309 3064 quisque
1332 3010 1392 3052 se
1409 2996 1527 3053 sine
1555 2995 1854 3055 offensione
1879 3007 2034 3056 custo
2058 3029 2064 3036 ι

471 3074 571 3143 dit,
598 3076 686 3134 hic
706 3082 980 3150 perfectus
1009 3091 1092 3138 est
1116 3083 1221 3139 vir.

2173 1975 2415 2031 voranda
2460 1982 2748 2032 conservet
2789 1975 2955 2041 bona,
2997 1974 3220 2046 ejusque
3251 1974 3433 2029 anima
3475 1973 3783 2044 cupiditate

2172 2074 2228 2122 et
2271 2065 2501 2122 avaritia
2523 2065 2904 2133 'contabescat,
2935 2067 3107 2122 multo
3129 2066 3418 2122 deterioris
3443 2065 3782 2122 conditionis

2172 2160 2246 2214 sit
2295 2158 2543 2215 abortivo
2583 2158 2693 2224 illo,
2735 2159 2828 2231 qui
2858 2159 3047 2216 statim
3091 2166 3152 2214 ut
3203 2165 3365 2214 natus
3411 2167 3498 2213 est
3546 2158 3777 2213 interiit.

2170 2248 2265 2306 ille
2309 2249 2455 2306 enim
2497 2265 2598 2307 nec
2625 2249 2768 2306 mala
2811 2264 2914 2307 nec
2973 2251 3118 2308 bona
3156 2249 3312 2305 vidit.
3341 2249 3451 2306 Iste
3477 2263 3615 2305 vero
3653 2263 3778 2305 cum

2169 2341 2311 2398 bona
2357 2342 2686 2414 possederit,
2743 2357 2959 2415 semper
2996 2342 3175 2399 tristis
3217 2349 3286 2415 et_
3323 2341 3663 2414 cogitatione
3691 2355 3779 2396 ex-

2171 2432 2446 2490 cruciatus
2506 2441 2632 2502 est,
2687 2441 2745 2488 et
2769 2491 2780 2507 ,
2803 2443 2986 2490 tamen
3057 2434 3219 2490 ambo
3275 2432 3470 2504 aequali
3531 2432 3646 2489 fine
3687 2446 3778 2488 ra-

2167 2527 2409 2598 pientur.

2246 2639 2264 2672 (
2303 2619 2407 2689 Qui
2430 2619 2535 2676 sibi
2562 2635 2800 2691 nequam
2827 2628 2932 2688 est,
2965 2621 3055 2678 cui
3083 2619 3176 2676 alii
3204 2621 3378 2678 bonus
3403 2619 3547 2677 erit?
3583 2627 3641 2675 et
3664 2633 3777 2676 non

2174 2729 2194 2763 ‹
2233 2709 2622 2783 jucundabitur
2637 2713 2693 2768 in
2713 2713 2872 2770 bonis
2894 2712 3027 2770 suis.
3047 2712 3152 2780 Qui
3170 2712 3273 2768 sibi
3291 2711 3521 2778 invidet,
3539 2711 3678 2767 nihil
3696 2719 3782 2767 est

2174 2824 2194 2858 ι
2239 2806 2333 2862 illo
2369 2807 2620 2878 nequius.
2654 2807 2722 2862 Et
2760 2808 2876 2863 haec
2926 2805 3159 2863 redditio
3198 2813 3284 2862 est
3329 2806 3557 2860 malitiae
3595 2805 3775 2870 illius;

2174 2919 2195 2954 ι
2239 2909 2294 2957 et
2348 2901 2394 2957 si
2439 2901 2788 2969 benefeccrit,
2819 2902 3136 2973 ignoranter
3170 2911 3227 2959 et
3273 2918 3382 2958 non
3407 2902 3599 2958 valens
3625 2902 3774 2967 facit,

2172 3013 2192 3046 ι
2236 3000 2291 3048 et
2313 2994 2368 3050 in
2389 2995 2685 3052 novissimo
2716 2995 3063 3052 manisfestat
3081 2995 3346 3051 malitiam
3367 3010 3546 3051 suam.
3573 3015 3592 3048 ι
3623 2994 3778 3050 Licet

2166 3083 2284 3140 hinc
2311 3085 2609 3141 secundum
2639 3085 2947 3152 historiam,
2973 3085 3307 3142 voluntatem
3335 3094 3392 3141 et
3415 3086 3588 3141 vitam
3621 3085 3774 3140 avari

557 3186 576 3219 ε
613 3167 765 3225 Felix
805 3172 899 3243 qui
941 3189 1052 3231 non
1101 3176 1290 3232 habuit
1334 3176 1499 3233 animi
1547 3179 1630 3234 sui
1675 3178 1974 3247 tristitiam,
2007 3190 2063 3237 et
2111 3247 2120 3248 ί
2165 3183 2222 3230 Bt
2249 3175 2417 3232 invidi
2454 3177 2785 3244 describant,
2815 3177 2906 3248 (ιυί
2936 3177 3139 3233 frus“?
3187 3177 3465 3243 laborant:
3513 3177 3774 3247 quoniam

475 3285 495 3318 ι
539 3281 648 3322 non
673 3266 887 3323 excedit
916 3281 948 3322 a
973 3282 1070 3338 spe
1099 3283 1216 3325 sua.
1239 3289 1259 3323 ι
1284 3267 1440 3326 Felix
1469 3279 1552 3327 est
1578 3271 1670 3343 qui
1695 3273 1750 3327 in
1780 3273 2063 3344 praesentis
2090 3247 2138 3313 (ἶ
2169 3267 2413 3325 laborem
2438 3285 2596 3326 suum
2623 3247 2861 3326 inaniter
2883 3276 3234 3336 consumunt,
3259 3285 3364 3326 nec
3383 3270 3451 3325 de
3473 3270 3651 3329 bonis.
3664 3271 3776 3326 suis

473 3359 598 3415 vitae
641 3358 1063 3416 adversitatibus
1109 3375 1218 3417 non
1259 3362 1651 3430 contristatur,
1695 3364 1790 3419 sed
1838 3379 2068 3435 agonem

470 3465 628 3505 suum
654 3449 884 3506 Domino
911 3453 1277 3520 commendat,
1317 3469 1541 3525 sperans
1563 3457 1631 3512 ab
1653 3458 1772 3530 ipso
1795 3458 1849 3515 in
1882 3459 2067 3517 futura

471 3539 584 3595 vita
609 3542 918 3597 mercedem
943 3541 1148 3598 laboris
1181 3543 1287 3598 sui.
1318 3543 1450 3601 Item
1487 3545 1618 3601 felix
1661 3556 1748 3604 est
1787 3550 1881 3621 qui
1910 3559 2068 3608 cavet

470 3647 532 3689 se
557 3648 588 3688 a
623 3633 883 3704 peccatis.
916 3634 1070 3691 Unde
1101 3636 1296 3693 merito
1326 3639 1704 3708 contristatur,
1731 3641 1979 3714 quisquis
2009 3658 2068 3701 se

469 3723 556 3779 his
588 3724 908 3795 implicavit,
933 3734 989 3782 et
1013 3726 1172 3784 bonis
1204 3729 1458 3800 operibus
1489 3732 1710 3800 insistit,
1733 3749 1834 3804 pro
1868 3734 2067 3805 quibus

471 3830 694 3886 sperare
723 3816 884 3874 debet
912 3818 1135 3888 praemia
1158 3828 1377 3878 aatemae
1401 3822 1770 3882 vita-Omnis
1797 3827 1942 3882 enim
1971 3827 2065 3899 qui

471 3907 570 3963 Dei
597 3908 853 3966 mandata
877 3911 1131 3981 custodit,
1163 3921 1219 3968 et
1244 3912 1402 3969 fidem
1421 3954 1436 3980 ,
1465 3929 1616 3987 spem
1648 3924 1704 3973 et
1741 3917 2065 3975 charitatem

469 4013 692 4057 scrvare
713 4001 769 4057 in
797 4003 1047 4073 praesenti
1076 4005 1189 4062 vita
1209 4007 1510 4074 contendit,
1538 4008 1584 4063 si
1611 4023 1781 4079 usque
1803 4011 1872 4066 ad
1901 4010 2065 4068 ﬁnem

468 4096 899 4161 perseveraverit
947 4105 1205 4154 aaternam
1243 4099 1298 4155 in
1335 4100 1488 4157 caelis
1525 4099 1912 4159 beatitudinem
1940 4120 2063 4162 cum

468 4177 688 4244 Christo
732 4191 1046 4260 possndebit.
1098 4180 1240 4252 Dicit
1276 4196 1422 4253 enim
1464 4197 1701 4256 Joannes
1747 4203 2059 4273 apostolus:

472 4295 493 4330 ι
531 4278 873 4352 Charissimi,
899 4286 944 4341 si
967 4301 1063 4343 cor
1083 4297 1330 4344 nostrum
1362 4305 1472 4346 non
1502 4293 1914 4362 reprehenderit
1939 4312 2060 4365 nos,

469 4371 722 4429 fiduciam
752 4375 1016 4434 habemus
1057 4380 1126 4436 ad
1151 4378 1348 4448 Deum,
1375 4390 1430 4436 et
1455 4383 1814 4454 quodcunque
1842 4387 2064 4456 petieri-

466 4481 609 4532 mus,
643 4469 971 4539 accipiemus
1016 4472 1085 4528 ab
1112 4488 1178 4528 eo
1204 4492 1217 4528 :
1242 4475 1497 4544 quoniam
1529 4477 1782 4532 mandata
1827 4477 1944 4547 ejus
1969 4496 2063 4536 cu-

464 4559 733 4617 stodimus
753 4602 768 4628 ,
799 4570 854 4616 et
877 4578 941 4619 ea
969 4579 1089 4633 qua:
1129 4573 1255 4619 sunt
1283 4565 1484 4636 placita
1526 4583 1708 4623 coram
1735 4585 1802 4624 eo
1828 4568 2060 4628 facimus

461 4649 516 4722 (Ι
543 4649 708 4708 Joan.
741 4651 883 4726 111).»
917 4653 1024 4710 Cor
1060 4663 1304 4712 nostrum
1336 4673 1442 4714 non
1490 4661 1840 4730 reprehendit
1863 4679 1982 4729 nos,
2011 4664 2058 4720 si

463 4755 495 4796 a
529 4741 686 4797 malis
714 4744 925 4802 actibus
964 4747 1322 4817 abstinemus,
1353 4759 1409 4806 et
1437 4752 1581 4808 bona
1625 4768 1791 4823 opera
1837 4755 2054 4826 agimus

459 4847 570 4888 non
614 4847 714 4904 pro
757 4844 971 4893 terrena
1016 4837 1197 4908 laude,
1229 4842 1324 4898 sed
1366 4859 1466 4915 pro
1512 4844 1723 4902 caelesti
1762 4845 1952 4918 gloria.
1988 4847 2057 4904 Et

452 4923 612 4995 juxta
642 4926 773 4985 illud
803 4929 1149 4990 Dominicum
1173 4945 1524 5007 prazceptum,
1557 4939 1883 4998 dimittimus
1908 4940 2056 4996 debi-

457 5021 670 5078 toribus
711 5024 935 5091 nostris,
965 5025 1107 5082 sicut
1151 5035 1207 5083 et
1250 5029 1406 5086 nobis
1456 5030 1639 5087 debita
1681 5040 1868 5091 nostra
1893 5033 1962 5090 ab
1987 5048 2054 5090 eo

456 5112 659 5170 dimitti
698 5115 964 5174 volumus.
1004 5118 1156 5176 Tunc
1198 5119 1454 5178 fiduciam
1498 5123 1763 5181 habemus
1811 5127 1956 5198 quod
1984 5141 2050 5184 ea

453 5219 577 5276 quae
608 5222 640 5262 a
666 5207 776 5265 Deo
807 5212 1147 5281 petierimus,
1175 5215 1526 5287 accipiemus,
1556 5218 1685 5290 quia
1713 5218 1830 5290 ejus
1859 5221 2051 5278 volun-

451 5298 553 5353 tati
588 5300 960 5372 obtemperarc
997 5305 1052 5361 in
1077 5308 1330 5366 omnibus
1371 5311 1548 5381 parati
1598 5328 1803 5370 sumus.
1852 5313 2046 5388 Magna

450 5389 572 5446 haec
596 5399 653 5446 et
675 5391 1050 5453 desiderabilis
1076 5397 1326 5456 fidelibus
1351 5401 1479 5458 data
1499 5404 1808 5473 promissio.
1840 5406 1898 5461 Si
1922 5407 2047 5478 quis

447 5495 580 5538 vero
605 5489 716 5537 tam
742 5493 935 5542 vecors
974 5495 1031 5543 et
1070 5489 1337 5548 absurdus
1379 5501 1482 5560 est,
1507 5502 1568 5550 ut
1615 5497 1898 5566 promissis
1935 5514 2044 5557 non

447 5573 748 5633 delectetur
772 5579 1104 5649 coelestibus,
1136 5584 1328 5640 saltem
1359 5587 1709 5656 pertimescat
1750 5591 1874 5658 hoc,
1902 5593 2047 5663 quod

445 5681 478 5722 e
511 5669 786 5725 contrario
834 5669 1111 5742 Sapientia
1157 5677 1471 5735 terribiliter
1522 5681 1770 5750 intonat,
1814 5685 2043 5743 dicens:

2169 3377 2410 3432 unquam
2440 3361 2681 3418 laetitiam
2735 3363 3040 3431 habebunt,
3080 3372 3266 3420 tamen
3287 3361 3586 3434 allegorico
3610 3378 3774 3419 sensu

2170 3455 2455 3528 designant
2480 3457 2829 3529 philosophos
2861 3465 2916 3514 et
2946 3458 3256 3524 haereticos,
3303 3456 3396 3528 qui
3424 3457 3544 3513 sine
3565 3457 3773 3513 Christi

2169 3547 2276 3604 fide
2305 3556 2638 3621 congregant
2671 3547 2888 3605 divitias
2910 3547 3296 3621 dogmatumin
3333 3547 3543 3603 malum
3587 3563 3769 3613 suum,

2168 3655 2200 3695 a
2244 3641 2442 3712 quibus
2482 3641 2584 3711 ipsi
2623 3641 2825 3698 nullam
2866 3642 3159 3699 utilitatem
3203 3650 3434 3713 possunt
3476 3641 3764 3712 consequi,

2167 3749 2269 3790 nec
2314 3737 2676 3792 sectatoribus
2724 3737 2839 3792 suis
2910 3735 3148 3792 fructum
3210 3735 3522 3806 relinquere
3575 3749 3768 3806 perpe-

2167 3833 2355 3894 tuum;
2392 3827 2502 3883 imo
2547 3842 2767 3899 poenam
2819 3828 3008 3885 itidem
3050 3828 3366 3884 inventores
3392 3828 3668 3885 malorum
3699 3828 3768 3883 si-

2166 3916 2280 3972 mul
2305 3925 2360 3974 et
2384 3933 2651 3989 sequaces
2697 3933 2887 3976 eorum
2916 3925 3199 3976 merentur
3225 3927 3513 3984 aeternam,
3564 3927 3622 3973 et
3644 3933 3767 3988 per-

2166 4007 2302 4064 dunt
2326 4009 2546 4066 divitias
2603 4025 2732 4067 suas
2757 4024 2895 4082 quas
2931 4009 3034 4066 sibi
3063 4009 3453 4082 perpetualiter
3496 4009 3764 4082 proficere

2167 4102 2476 4171 sperabant.

2243 4210 2262 4244 ‹
2307 4192 2552 4265 Nequam
2600 4203 2686 4252 est
2711 4195 2900 4252 oculus
2943 4194 3118 4264 lividi,
3147 4202 3204 4252 et
3227 4201 3481 4252 avertens
3536 4192 3760 4261 faciem,

2171 4301 2191 4336 ι
2235 4290 2292 4340 et
2335 4285 2642 4358 despiciens
2675 4288 2914 4342 animam
2961 4303 3136 4344 suam.
3176 4306 3196 4340 ι
3230 4287 3368 4356 Quia
3398 4288 3653 4359 superius
3684 4288 3761 4343 di-

2163 4385 2321 4432 xerat
2350 4377 2486 4433 nihil
2513 4393 2636 4434 esse
2690 4379 2933 4450 iniquius
2976 4378 3069 4435 illo
3108 4378 3200 4450 qui
3242 4378 3343 4434 sibi
3375 4378 3605 4447 invidet,
3658 4379 3762 4435 hoc

2163 4474 2250 4522 est
2270 4467 2506 4540 legitime
2530 4469 2673 4526 bono
2711 4485 2819 4526 non
2858 4469 3030 4524 utitur
3053 4484 3333 4535 concesso,
3367 4483 3434 4524 eo
3465 4471 3613 4541 quod
3637 4485 3759 4541 pro-

2161 4567 2283 4631 pter
2305 4563 2589 4618 avaritiam
2632 4572 2687 4620 et
2714 4563 3036 4635 parcitatem
3075 4564 3299 4636 negligit
3319 4565 3526 4621 bonum
3554 4565 3757 4621 habere

2163 4656 2434 4728 largitatis
2449 4668 2504 4714 et
2531 4660 2941 4729 misericordiae,
2963 4661 3110 4718 hunc
3130 4675 3347 4733 quoque
3375 4662 3520 4719 idem
3535 4664 3750 4735 repetit,

2161 4753 2348 4810 dicens
2382 4773 2394 4809 :
2425 4755 2638 4812 oculum
2666 4755 2816 4812 lividi
2878 4771 3000 4812 esse
3035 4771 3290 4827 nequam,
3341 4755 3448 4813 hoc
3491 4765 3581 4814 est
3607 4771 3752 4813 men-

2160 4861 2270 4909 tem
2307 4852 2620 4926 malignam.
2660 4852 2818 4910 Unde
2859 4861 2915 4909 et
2971 4853 3172 4908 avertit
3224 4851 3422 4910 faciem
3475 4868 3654 4922 suam,
3687 4869 3753 4911 ne

2158 4943 2420 5017 indigenti
2477 4944 2904 5003 misericordiam
2973 4945 3219 5013 tribuat;
3287 4961 3390 5003 nec
3457 4959 3574 5003 suae
3629 4947 3748 5002 ani-

2157 5053 2260 5094 mae
2314 5039 2568 5106 consulit,
2609 5039 2888 5096 seminans
2920 5047 3138 5095 terrena
3179 5046 3242 5095 ut
3282 5047 3454 5094 metat
3481 5038 3750 5095 coelestia.

2159 5128 2465 5200 Congregat
2534 5130 2681 5187 enim
2747 5131 2965 5187 divitias
3014 5131 3070 5186 in
3116 5129 3322 5187 malum
3377 5146 3557 5187 suum.
3611 5129 3751 5187 The-

2157 5221 2437 5290 saurizat,
2479 5228 2535 5277 et
2575 5221 2793 5294 ignorat
2852 5223 2940 5279 cui
3007 5232 3305 5295 congregat
3344 5236 3410 5278 ea
3435 5263 3452 5289 ,
3520 5230 3578 5276 et
3630 5221 3748 5277 ani-

2156 5328 2248 5368 ma
2304 5311 2423 5383 ejus
2473 5328 2581 5369 non
2615 5312 2927 5384 implebitur
2969 5313 3149 5371 bonis.
3204 5311 3359 5371 Unde
3415 5318 3476 5369 et.
3515 5311 3746 5383 subjun-

2155 5409 2302 5482 gitur
2317 5425 2331 5463 :

2230 5517 2250 5551 ¢
2291 5497 2619 5555 Insatiabilis
2645 5498 2834 5555 oculus
2860 5499 3042 5572 cupidi
3081 5500 3136 5556 in
3186 5508 3344 5572 parte
3385 5499 3693 5571 iniquitatis
3726 5516 3741 5553 :

2158 5614 2177 5648 ε
2222 5610 2330 5652 non
2398 5593 2686 5651 satiabitur
2723 5597 2894 5652 donec
2944 5603 3229 5652 consumat
3278 5593 3586 5652 arefaciens
3619 5593 3736 5650 ani-

2150 5702 2296 5742 mam
2341 5701 2595 5758 suam,»
2649 5685 2780 5742 Sine
2830 5685 3008 5743 fructu
3073 5687 3222 5742 enim
3284 5688 3553 5743 bonorum
3610 5700 3736 5758 ope-

443 5761 547 5828 Qui
579 5781 596 5814 ι
631 5765 831 5820 avertit
879 5781 1065 5822 aurem
1095 5783 1269 5834 suam,
1299 5786 1366 5825 ne
1409 5775 1593 5833 audiat
1639 5777 1832 5849 legem,
1867 5780 2042 5836 oratio
2147 5794 2270 5833 rum
2324 5757 2596 5834 consumit
2650 5779 2818 5834 vitam
2879 5795 3052 5845 suam,
3100 5787 3158 5834 et
3201 5778 3445 5835 sterilem
3496 5780 3738 5836 animam

441 5849 561 5922 ejus
588 5855 694 5914 erit
717 5858 1066 5945 exsecrabilis
1094 5857 1279 5931 (Prov.
1306 5862 1448 5936 vm).
1474 5884 1492 5917 ι

2146 5872 2421 5946 perpetuis
2472 5872 2686 5945 ignibus
2729 5873 2988 5946 gehenna:
3017 5873 3184 5933 tradit
3215 5873 3657 5934 cxcruciandam.
