4030 6468
179 648 223 710 ᾖ.

269 413 372 474 857

1149 397 1500 459 COMMENT.
1540 395 1609 453 IN
1648 391 2258 452 ECCLESIASTICUM.
2298 423 2369 433 -—
2403 392 2530 448 LIB.
2569 392 2659 448 lll.

3419 395 3524 453 858

344 545 366 582 ‹
413 522 613 580 Oculus
639 519 813 576 malus
839 519 904 575 ad
932 516 1106 582 mala;
1140 523 1194 572 et
1226 530 1336 573 non
1375 512 1658 569 satiabitur
1683 524 1844 580 pane,
1871 515 1925 577 Α
2024 529 2042 559 ‹
2088 507 2143 562 In
2171 507 2434 562 divisione
2467 507 2629 562 sortis
2657 505 2724 560 da
2758 514 2814 560 et
2837 505 3044 577 accipe,
3072 512 3127 560 ct
3148 504 3386 575 justifica
3409 507 3525 562 ani-

258 591 294 672 ἰ
338 616 436 674 sed
487 613 735 684 indigens
772 619 828 668 et
866 611 920 664 in
965 608 1182 663 tristitia
1232 607 1338 662 erit
1379 619 1540 674 super
1600 617 1843 658 mensam

272 729 294 764 ε
339 722 517 766 suam.
565 724 584 758 ι
619 702 846 760 Oculum
871 701 961 757 hic
986 700 1220 772 appellat
1262 697 1616 754 intentionem
1649 694 1845 750 mentis

262 817 366 874 per
392 815 556 872 quam
583 795 757 852 malus
784 795 946 850 homo
979 807 1195 863 semper
1235 789 1413 861 vergit
1441 788 1508 842 ad
1531 787 1695 852 mala,
1719 800 1842 856 per-

263 910 422 952 versa
461 891 670 950 scilicet
689 904 855 960 opera
879 886 1124 943 faciendo
1155 875 1211 940 et
1254 881 1614 954 perpetrando
1654 879 1843 950 gravia

261 994 508 1060 peccata.
546 984 646 1040 Hic
664 998 774 1039 non
799 980 1084 1038 satiabitur
1112 992 1253 1049 pane
1281 977 1426 1042 vitae,
1456 975 1551 1031 sed
1580 974 1634 1029 in
1663 988 1842 1028 remu-

262 1079 549 1134 neratione
586 1076 767 1131 futura
795 1071 1090 1144 indigentia
1115 1068 1384 1126 laborabit
1410 1075 1692 1139 perpetua.
1728 1065 1842 1136 My—

262 1174 398 1231 stice
432 1180 613 1228 autem
641 1167 1020 1226 haereticorum
1044 1163 1251 1228 oculus,
1280 1162 1406 1234 quia
1430 1176 1642 1232 semper
1667 1159 1736 1214 ad
1757 1173 1842 1213 er-

261 1281 419 1325 rores
446 1264 750 1337 sequendos
794 1262 1036 1316 intentus
1060 1266 1162 1324 est,
1193 1271 1390 1328 panem
1416 1254 1714 1317 caelestem,
1740 1263 1842 1306 noc

261 1368 348 1417 est
381 1359 713 1416 intellectum
743 1354 937 1411 divinae
963 1351 1244 1424 sapientia:
1269 1365 1378 1405 non
1414 1354 1655 1402 meretur
1681 1361 1696 1411 ;
1747 1342 1842 1399 sed

261 1452 319 1508 in
353 1466 543 1507 mensa
566 1463 845 1506 sacrarum
876 1444 1280 1515 Scripturarum
1303 1440 1596 1512 indigentia
1645 1446 1838 1494 tenua-

261 1553 354 1601 tur
382 1544 729 1616 sempiterna)

866 1620 1092 1692 CAPUT
1129 1631 1196 1688 Χ.

261 1747 704 1818 Benefaciendum
729 1762 950 1817 semper,
975 1745 1100 1818 quia
1124 1759 1262 1818 mors
1287 1758 1388 1797 non
1411 1740 1585 1818 tardat
1624 1737 1686 1792 de
1729 1735 1840 1818 piro

333 1806 532 1886 sancto,
574 1819 650 1874 vel
693 1806 946 1888 martyre,
971 1806 1486 1886 uelconfessoremel
1515 1813 1664 1882 justo
1689 1806 1840 1862 :laus

333 1890 634 1961 Sapientia.

336 2022 356 2054 ι
399 2001 524 2069 Fili,
571 2000 618 2057 si
661 2001 851 2067 habes,
902 2000 1042 2056 bene
1066 1997 1153 2054 iac
1180 2006 1382 2064 tecum,
1413 2004 1468 2052 et
1498 1995 1611 2051 Deo
1650 1993 1839 2064 dignas

265 2109 286 2142 ι
330 2090 630 2147 oblationes
676 2090 831 2147 oﬂ'er.
886 2091 1089 2147 Memor
1124 2096 1240 2144 esto
1265 2087 1521 2157 quoniam
1547 2100 1695 2140 mors
1728 2098 1839 2138 non

263 2201 285 2236 ι
327 2185 525 2251 tardat,
559 2191 614 2240 et
666 2191 1047 2242 testamentum
1100 2181 1396 2236 inferorum
1443 2177 1586 2249 quod
1615 2177 1839 2232 demon-

263 2293 284 2327 ι
329 2283 559 2330 stratum
583 2283 667 2332 est
693 2275 811 2330 tibi.
845 2274 1251 2330 Testamentum
1275 2271 1419 2327 enim
1469 2269 1628 2340 hujus
1652 2265 1838 2322 mundi

263 2385 284 2419 ε
329 2376 505 2423 morte
530 2367 810 2423 morietur.
859 2387 879 2421 ι
911 2367 1039 2423 Haec
1088 2363 1412 2436 Evangelica
1444 2362 1692 2420 doctrina
1755 2367 1841 2416 est

257 2457 327 2514 ad
354 2458 589 2514 futuram
610 2465 665 2515 et
697 2458 974 2516 ccelestem
998 2473 1099 2515 nos
1127 2457 1400 2514 instruens
1425 2457 1613 2522 vitam,
1640 2463 1701 2510 ut
1716 2469 1842 2511 con-

257 2557 462 2619 tempta
501 2550 687 2605 mundi
709 2550 941 2616 luxuria,
963 2550 1230 2606 bonorum
1259 2563 1484 2618 operum
1519 2547 1709 2618 dignas
1741 2543 1839 2600 ob-

258 2640 488 2698 lationes
527 2642 638 2698 Deo
690 2641 933 2712 quotidie
995 2641 1286 2697 offeramus
1317 2659 1330 2694 :
1359 2640 1484 2710 quia
1537 2640 1703 2695 breve
1757 2643 1842 2692 est

256 2734 417 2804 hujus
460 2736 584 2791 vitae
630 2737 901 2807 spatium,
953 2737 1010 2792 in
1045 2751 1151 2808 quo
1197 2735 1325 2792 licet
1384 2733 1618 2805 operari.
1689 2731 1840 2786 Finis

257 2835 442 2882 autem
482 2827 858 2884 universorum
899 2829 1324 2900 appropinquat,
1349 2825 1562 2897 quando
1587 2824 1700 2896 jam
1729 2837 1838 2878 non

256 2927 344 2974 est
393 2929 605 2991 tempus
648 2921 929 2991 operandi,
979 2921 1073 2976 sed
1114 2918 1355 2989 singulos
1403 2932 1644 2989 quosque
1682 2916 1840 2987 juxta

258 3010 513 3066 meritum
572 3027 729 3068 suum
779 3013 1180 3068 remunerandi.
1242 3011 1395 3067 Unde
1450 3011 1566 3080 ipsa
1624 3007 1840 3063 Veritas

257 3105 374 3160 ait:
422 3123 442 3157 ι
475 3105 690 3162 Currite
715 3105 843 3162 dum
883 3105 1063 3160 lumen
1094 3105 1323 3170 habetis,
1342 3119 1412 3159 ne
1448 3103 1586 3157 forte
1610 3099 1841 3157 tenebrae

255 3211 354 3252 vos
399 3197 857 3268 comprehendant
895 3195 1077 3268 (Ioan.
1121 3196 1242 3268 xu).
1279 3215 1299 3248 ι
1333 3195 1400 3250 Ει
1441 3194 1571 3249 item
1601 3211 1613 3246 :
1649 3215 1667 3244 ι
1702 3192 1838 3246 Dum

256 3288 453 3356 lucem,
478 3290 675 3360 inquit,
700 3289 934 3356 habetis,
961 3289 1167 3346 credite
1185 3289 1240 3343 in
1264 3287 1462 3352 lucem,
1495 3293 1555 3340 ut
1590 3283 1685 3339 lilii
1706 3283 1842 3338 lucis

257 3383 381 3440 sitis
425 3381 635 3455 (Ibid.).
671 3402 690 3430 ι
720 3383 790 3438 Ει
816 3382 1052 3438 iterum:
1091 3401 1110 3433 ι
1164 3380 1477 3452 Operamiui
1515 3379 1687 3436 donec
1728 3376 1844 3433 dies

261 3484 387 3529 est:
417 3475 565 3530 venit
591 3475 735 3530 enim
759 3489 886 3541 nox,
929 3472 1274 3546 quandojam
1303 3488 1413 3530 non
1447 3473 1574 3528 licet
1628 3470 1845 3542 operari

261 3562 448 3634 (Joan.
473 3563 572 3637 ιχ).
604 3585 622 3617 ι
655 3564 792 3621 Hinc
815 3575 870 3622 et
892 3565 1091 3620 Paulus
1113 3565 1225 3619 ait:
1257 3583 1277 3616 ‹
1315 3565 1458 3634 Ergo
1484 3565 1611 3620 dum
1625 3571 1846 3637 tempus

259 3657 546 3726 habemus,
581 3671 867 3730 operemur
894 3659 1097 3715 bonum
1140 3658 1209 3715 ad
1238 3673 1451 3724 omnes,
1478 3657 1714 3712 maxime
1743 3672 1844 3711 au-

260 3759 375 3808 tem
399 3753 468 3807 ad
497 3753 822 3811 domesticos
847 3752 973 3810 fidei
997 3750 1198 3825 (Galat.
1228 3749 1328 3824 vr).
1359 3770 1377 3803 ι
1407 3751 1483 3806 De
1509 3751 1614 3806 hoc
1639 3759 1695 3806 et
1719 3751 1845 3806 sub-

257 3842 503 3916 iungitur
527 3862 542 3900 :

339 3953 360 3987 ε
405 3935 544 3992 Ante
574 3944 806 3994 mortem
843 3936 1073 3994 benefac
1098 3937 1275 3994 amico
1318 3945 1432 4002 tuo,
1455 3943 1511 3991 et
1549 3935 1846 3991 secundum

270 4044 291 4080 ε
335 4027 481 4084 vires
504 4037 626 4084 tuas
649 4031 1004 4102 exporrigens
1027 4033 1093 4086 da
1114 4031 1340 4101 pauperi
1367 4047 1382 4096 ;
1412 4036 1468 4084 et
1488 4043 1595 4083 non
1635 4026 1729 4082 def
1729 4041 1850 4080 rau-

269 4135 290 4170 ι
348 4118 493 4175 deris
521 4135 552 4173 a
579 4120 665 4176 die
695 4120 856 4188 bona,
894 4131 950 4176 et
992 4121 1256 4193 particula
1283 4121 1409 4176 boni
1439 4120 1619 4190 operis
1647 4133 1757 4173 non
1798 4125 1851 4172 te

270 4227 292 4264 ι
336 4218 626 4280 pmtereat
653 4226 668 4265 :
696 4227 878 4268 nonne
908 4212 1028 4268 aliis
1061 4213 1336 4283 relinques
1377 4211 1593 4266 labores
1649 4218 1771 4265 tuos
1797 4216 1852 4263 et

273 4321 294 4356 ι
342 4302 632 4359 dolores?»
674 4302 774 4359 Hic
807 4313 1019 4375 tempus
1061 4313 1144 4360 est
1189 4302 1579 4367 benefaciendi,
1614 4301 1722 4356 illic
1757 4316 1854 4354 au-

266 4401 377 4452 tem
414 4396 722 4453 mercedem
753 4396 1069 4467 accipiendi.
1102 4394 1203 4451 llic
1249 4404 1459 4466 tempus
1489 4394 1710 4460 laboris,
1745 4392 1855 4449 illic

267 4489 494 4558 requiei.
538 4487 637 4547 Hic
670 4490 806 4546 hora
852 4490 1175 4556 seminandi,
1214 4489 1322 4543 illic
1354 4487 1565 4543 fructus
1594 4485 1850 4542 metendi.

1955 621 1973 653 ε
2019 617 2163 656 mam
2197 610 2363 656 tuam.
2387 602 2526 656 Ante
2552 601 2758 656 obitum
2796 609 2944 655 tuum
2976 615 3201 672 operare
3235 600 3526 670 justitiam,

1955 710 1974 743 ε
2018 692 2276 762 quoniam
2307 706 2416 746 non
2457 698 2538 746 est
2564 691 2703 761 apud
2731 689 2934 746 inferos
2967 691 3209 746 invenire
3258 692 3460 747 cibum.
3497 710 3519 746 ›

1945 781 2004 838 In
2051 784 2310 840 divisione
2354 783 2517 838 sortis
2544 782 2637 837 dat
2661 789 2716 837 et
2743 782 2958 853 accipit,
3014 783 3108 854 qui
3160 782 3250 838 hic
3295 783 3526 839 verbum

1945 873 2204 929 doctrina:
2248 873 2508 944 proximis
2556 873 2668 928 suis
2699 873 2977 943 impendit,
3030 882 3086 929 et
3131 875 3397 930 bonorum
3433 889 3527 930 ac-

1942 970 2094 1018 tuum
2125 963 2368 1033 exempla
2407 963 2682 1032 relinquit,
2730 971 2790 1018 ut
2823 963 2878 1018 in
2905 963 3087 1019 futuro
3111 979 3211 1034 pro
3256 965 3360 1020 hoc
3385 980 3527 1036 prae-

1943 1057 2112 1112 mium
2150 1065 2367 1112 aeterna:
2408 1056 2532 1111 vitm
2558 1056 2809 1127 accipiat.
2841 1054 3111 1111 Justiﬁcat
3161 1056 3250 1112 ille
3279 1057 3521 1112 animam

1945 1162 2115 1214 suam,
2139 1146 2230 1216 qui
2254 1162 2354 1217 per
2379 1145 2771 1201 confessionem
2803 1152 2859 1200 et
2883 1146 3261 1214 paenitentiam
3298 1147 3528 1201 mundat

1943 1248 2180 1294 mentem
2203 1254 2390 1305 suam;
2439 1247 2494 1293 et
2520 1246 2776 1309 operatur
2806 1237 3095 1309 justitiam,
3124 1238 3218 1308 qui
3240 1240 3523 1294 mandato-

1943 1345 2062 1384 rum
2091 1328 2186 1383 Dei
2225 1328 2538 1399 diligentem
2579 1329 2743 1383 habet
2770 1328 3092 1394 custodiam,
3137 1328 3393 1400 quoniam
3413 1343 3522 1384 non

1944 1429 2026 1476 est
2069 1421 2211 1491 apud
2245 1421 2447 1478 inferos
2500 1423 2744 1478 invenire
2778 1423 2975 1487 cibum,
3008 1423 3111 1478 hoc
3153 1432 3237 1478 est
3267 1422 3522 1494 pabulum

1943 1515 2084 1570 vitae.
2132 1534 2150 1567 ‹
2179 1514 2446 1582 Quoniam
2476 1532 2584 1572 non
2633 1524 2736 1582 est,
2791 1517 2986 1587 inquit,
3017 1518 3074 1572 in
3095 1527 3271 1573 morte
3297 1518 3388 1588 qui
3413 1531 3524 1573 me-

1944 1621 2064 1662 mor
2091 1608 2162 1662 sit
2184 1607 2261 1662 tui
2295 1626 2308 1662 :
2338 1609 2394 1663 in
2423 1607 2636 1665 inferno
2665 1615 2846 1665 autem
2881 1609 3005 1679 quis
3038 1610 3387 1666 confitebitur
3426 1609 3524 1666 tibi

1945 1699 2116 1770 (Psal.
2141 1699 2256 1770 vr)?
2286 1720 2304 1753 ι

2021 1829 2040 1862 ι
2084 1809 2272 1866 Omnis
2319 1826 2449 1867 caro
2502 1811 2643 1868 sicut
2669 1810 2874 1867 faenum
2916 1820 3234 1879 veterascet,
3281 1820 3336 1869 et
3385 1811 3527 1870 sicut

1867 1882 1968 1952 ΒΑ
2009 1899 2194 1956 folium
2216 1899 2548 1957 fructificans
2571 1903 2625 1958 in
2645 1904 2838 1958 arbore
2858 1904 3038 1958 viridi.
3057 1904 3174 1958 Alia
3198 1913 3526 1976 generantur

1945 2008 1965 2042 ‹
2009 1998 2064 2047 et
2108 1991 2212 2046 alia
2242 1992 2567 2062 dejiciuntur
2602 2011 2614 2048 :
2647 1994 2728 2049 sic
2763 1987 3042 2066 generatio
3097 1995 3279 2050 carnis
3311 2004 3365 2051 et
3393 2011 3524 2051 san-

1945 2100 1964 2133 ‹
2008 2081 2186 2154 guinis
2216 2097 2231 2136 :
2265 2081 2369 2138 alia
2398 2083 2605 2149 ﬁnitur,
2657 2093 2713 2140 et
2759 2084 2862 2140 alia
2889 2085 3150 2140 nascitur.
3184 2105 3203 2138 ι
3235 2084 3527 2156 Comparat

1937 2173 2232 2227 humanam
2279 2183 2530 2228 naturam
2579 2175 2877 2230 secundum
2922 2176 3107 2231 carnis
3148 2176 3514 2232 conditionem

1938 2264 2005 2328 ad
2039 2264 2172 2320 fumi
2198 2272 2254 2320 et
2293 2264 2406 2321 folii
2440 2266 2848 2323 similitudinem
2878 2285 2891 2322 :
2918 2267 3045 2338 quia
3089 2267 3230 2325 sicut
3255 2267 3438 2323 lenum
3465 2267 3522 2323 in

1940 2365 2106 2424 terra,
2152 2357 2236 2412 vel
2276 2356 2462 2413 folium
2488 2359 2540 2413 iu
2565 2358 2760 2414 arbore
2802 2359 3065 2427 nascitur,
3100 2359 3318 2425 crescit,
3351 2359 3525 2416 vires-

1939 2450 2033 2518 cit,
2081 2450 2388 2508 exsiccatur
2431 2459 2489 2507 et
2539 2451 2809 2520 dejicitur,
2843 2452 2919 2507 ita
2963 2451 3146 2508 carnis
3183 2459 3383 2507 nostrae
3421 2465 3526 2507 na.

1938 2552 2063 2600 tura
2085 2543 2327 2600 nascitur
2377 2559 2442 2600 ex
2489 2545 2745 2616 progenie
2780 2553 3086 2616 parentum,
3123 2544 3322 2601 crescit
3353 2545 3409 2600 in
3444 2544 3527 2600 in-

1937 2634 2106 2692 fantia
2129 2644 2294 2708 atque
2344 2636 2599 2707 pueritia,
2641 2634 2880 2693 florescit
2906 2637 2962 2691 in
3003 2636 3386 2703 adolescentia,
3411 2651 3527 2690 ma-

1940 2730 2166 2786 turescit
2190 2730 2247 2785 in
2271 2729 2576 2800 juventute,
2600 2729 2800 2786 arescit
2827 2729 2882 2784 in
2905 2737 3206 2795 senectute,
3255 2736 3310 2784 et
3337 2727 3524 2797 dejici-

1940 2832 2028 2879 tur
2049 2824 2105 2878 in
2130 2831 2325 2878 morte.
2352 2822 2505 2878 Unde
2522 2838 2621 2893 per
2647 2821 3018 2878 Ecclesiasten
3045 2821 3277 2877 dicitur:
3305 2838 3327 2872 ι
3351 2819 3528 2875 Gene-

1939 2915 2078 2970 ratio
2102 2915 2252 2969 vadit
2279 2923 2334 2969 et
2356 2913 2633 2984 generatio
2661 2911 2833 2978 venit,
2865 2920 3009 2967 terra
3044 2911 3100 2966 in
3138 2909 3392 2966 saeculum
3419 2915 3528 2965 stat

1942 3006 2166 3078 (Eccles.
2201 3007 2262 3077 ι).
2306 3025 2324 3057 ›
2366 3004 2504 3060 Hinc
2549 3011 2604 3059 et
2648 3003 2815 3062 Isaias
2843 3004 2921 3058 ait
2953 3019 2967 3057 :
3005 3021 3023 3054 ι
3055 3001 3248 3058 Omnis
3283 3016 3412 3057 caro
3449 2999 3530 3055 fe-

1940 3114 2088 3164 num,
2109 3106 2163 3154 et
2185 3097 2363 3154 omnis
2389 3097 2559 3168 gloria
2582 3095 2697 3166 ejus
2719 3095 2873 3167 quasi
2899 3094 2997 3151 ﬂos
3019 3095 3167 3164 agri;
3193 3095 3530 3150 exsiccatum

1944 3200 2028 3247 est
2061 3190 2270 3257 fenum,
2301 3199 2356 3244 et
2400 3189 2594 3246 cecidit
2639 3188 2756 3255 flos,
2785 3187 2913 3259 quia
2959 3187 3182 3258 spiritus
3217 3185 3315 3240 Dei
3347 3184 3530 3240 suilla-

1945 3284 2023 3338 vit
2050 3283 2104 3337 in
2130 3298 2214 3339 eo.
2247 3282 2389 3337 Vere
2435 3281 2618 3336 fenum
2655 3287 2741 3335 est
2781 3278 3044 3351 populus:
3069 3277 3402 3351 exsiccatum
3450 3282 3534 3331 est

1945 3375 2150 3441 fenum,
2179 3373 2372 3430 cecidit
2412 3372 2554 3437 flos;
2610 3371 2836 3448 verbum
2885 3377 3069 3426 autem
3109 3367 3325 3425 Domini
3357 3365 3532 3432 nostri

1947 3475 2131 3523 manet
2178 3467 2232 3521 in
2284 3472 2546 3520 aeternum
2605 3461 2740 3534 (Isa.
2793 3460 2910 3534 ιι).
2945 3481 2964 3514 ι
3017 3459 3059 3515 A
3115 3457 3355 3530 generali
3405 3456 3534 3512 inci-

1945 3558 2145 3628 piens:
2177 3574 2196 3606 «
2246 3554 2436 3610 Omnis
2483 3567 2611 3608 caro
2655 3550 2859 3616 fenum,
2891 3557 2947 3606 et
2989 3549 3167 3605 omnis
3209 3547 3382 3620 gloria
3409 3545 3526 3615 ejus

1947 3651 2102 3723 quasi
2142 3648 2241 3705 ﬂos
2290 3648 2421 3714 feni,
2454 3667 2473 3700 ι
2506 3646 2755 3718 pervenit
2789 3645 2858 3700 ad
2901 3643 3152 3714 speciale,
3178 3649 3238 3696 ut
3266 3638 3536 3696 nihilomi-

1947 3759 2050 3799 nus
2099 3741 2245 3797 dicat
2265 3741 2331 3797 de
2355 3739 2584 3812 populo:
2636 3757 2655 3789 ι
2701 3738 2840 3792 Vere
2877 3735 3061 3791 fenum
3098 3742 3184 3790 est
3222 3731 3474 3805 populus.
3511 3749 3529 3784 ι

1945 3835 2016 3890 Ει
2075 3847 2265 3890 revera
2296 3833 2343 3888 si
2392 3832 2514 3902 quis
2569 3829 2919 3901 fragilitatem
2981 3827 3164 3883 carnis
3192 3825 3440 3895 aspiciat,
3477 3831 3535 3878 et

1950 3927 2094 4000 quod
2123 3943 2222 3998 per
2273 3925 2533 3981 horarum
2575 3929 2852 3978 momenta
2916 3919 3213 3976 crescimus
3245 3925 3409 3986 atque
3439 3914 3537 3968 de-

1950 4020 2267 4084 crescimus,
2301 4032 2402 4072 nec
2431 4016 2487 4070 in
2511 4014 2701 4070 eodem
2729 4027 3016 4068 manemus
3060 4017 3226 4075 statu,
3257 4009 3540 4079 ipsumque

1950 4113 2093 4182 quod
2113 4111 2402 4181 loquimur,
2428 4109 2695 4163 dictamus
2720 4114 2775 4161 et
2799 4103 3087 4160 scribimus
3117 4101 3183 4156 de
3203 4101 3329 4156 vita:
3343 4107 3542 4156 nostra:

1951 4211 2106 4275 parte
2159 4200 2505 4272 praetervolat
2528 4240 2544 4264 ,
2593 4214 2698 4253 non
2745 4195 3010 4252 dubitavit
3067 4208 3285 4249 carnem
3355 4191 3542 4246 fenum

1953 4296 2156 4360 dicere,
2193 4301 2249 4348 ct
2280 4293 2450 4364 gloria
2492 4289 2609 4359 ejus
2645 4286 2801 4357 quasi
2828 4286 3016 4340 florem
3063 4284 3194 4348 feni,
3223 4283 3339 4337 sive
3386 4289 3538 4352 prata

1954 4398 2310 4456 camporum:
2345 4381 2435 4452 qui
2496 4381 2696 4435 dudum
2750 4375 2948 4442 infans,
3010 4375 3189 4430 subito
3235 4388 3416 4444 puer;
3451 4372 3543 4443 qui

1953 4493 2110 4548 puer,
2138 4482 2359 4546 repente
2398 4472 2615 4541 juvenis
2641 4487 2655 4536 ;
2706 4477 2761 4524 et
2791 4481 2963 4538 usque
2994 4467 3062 4521 ad
3083 4472 3422 4521 senectutem
3448 4477 3546 4532 per

267 4555 424 4638 Unde
447 4588 505 4637 et
543 4595 641 4653 per
685 4580 910 4637 Paulum
939 4555 1176 4636 dicitur:
1209 4599 1227 4631 ι
1265 4580 1396 4648 Quae
1425 4579 1569 4635 enim
1621 4577 1856 4634 semina-
1879 4609 1933 4669 Β
1958 4571 2131 4642 spatia
2159 4575 2400 4625 mutatur
2423 4566 2651 4630 incerta,
2684 4569 2740 4618 et
2789 4567 2917 4615 ante
2947 4575 3008 4616 se
3052 4573 3240 4615 senem
3271 4555 3543 4669 intelligit,

267 4673 411 4729 verit
430 4673 616 4741 homo,
642 4673 759 4730 haec
781 4682 835 4729 et
858 4681 1060 4740 metet;
1090 4681 1146 4729 et
1170 4673 1297 4729 alibi
1331 4692 1343 4727 :
1383 4691 1401 4724 ι
1438 4673 1540 4740 Qui
1571 4687 1754 4743 parce,
1774 4671 1856 4725 in-

268 4764 404 4835 quit,
455 4764 705 4831 seminat,
756 4779 920 4838 parce
948 4773 1004 4821 et
1041 4772 1254 4831 metet;
1311 4771 1366 4818 et
1391 4765 1484 4835 qui
1520 4763 1754 4819 seminat
1800 4760 1858 4814 in

269 4857 757 4926 benedictionibus,
813 4859 880 4914 de
945 4857 1414 4913 benedictionibus
1471 4861 1638 4909 metet
1691 4853 1860 4906 vitam

269 4958 530 5007 {sternam
560 4968 575 5008 :
603 4950 833 5006 hilarem
851 4951 996 5007 enim
1016 4951 1260 5006 datorem
1281 4948 1454 5020 diligit
1471 4948 1613 5002 Deus
1633 4945 1717 5018 (II
1733 4944 1858 5000 Cor.

270 5042 375 5115 ιχ).
415 5063 435 5098 ι
494 5043 633 5101 Hinc
678 5052 734 5101 et
783 5044 842 5099 in
887 5042 1196 5099 Proverbiis
1248 5041 1526 5110 Sapientia
1580 5039 1853 5102 admonet,

272 5136 499 5198 dicens:
534 5159 555 5193 ‹
591 5141 887 5216 Usquequo
909 5139 1062 5212 piger
1093 5139 1369 5194 dormies?
1389 5136 1604 5206 quando
1633 5149 1860 5189 consur-

273 5250 369 5307 ges
397 5250 428 5291 e
455 5249 644 5292 somno
674 5235 812 5291 tuo?
840 5233 1122 5290 Paululum
1151 5227 1699 5301 dormies,paululum
1730 5227 1859 5282 dor-

275 5327 517 5394 mitahis,
557 5328 835 5398 paululum
867 5337 1121 5382 censeres
1170 5337 1388 5388 manus,
1427 5328 1488 5375 ut
1517 5318 1775 5383 dormias,
1808 5325 1864 5374 et

277 5419 461 5476 veniet
483 5420 579 5476 tibi
603 5420 758 5491 quasi
805 5419 980 5474 viator
1007 5424 1241 5489 egestas,
1289 5422 1344 5470 et
1382 5413 1668 5486 pauperies
1707 5411 1863 5482 quasi

276 5515 364 5570 vir
388 5522 667 5582 armatus;
704 5514 752 5570 si
780 5526 911 5569 vero
940 5511 1166 5582 impiger
1218 5507 1404 5574 fueris,
1438 5507 1620 5563 veniet
1646 5513 1705 5560 ut
1744 5505 1863 5561 fons

279 5606 476 5664 messis
499 5614 608 5670 tua,
639 5613 695 5661 et
713 5603 1093 5676 egestaslonge
1115 5598 1336 5669 fugieta
1358 5608 1411 5654 te
1458 5598 1642 5669 (Prov.
1685 5597 1786 5669 vi).
1837 5617 1856 5650 ι

281 5702 515 5761 Mundus
528 5701 674 5755 enim
691 5697 886 5754 transit
901 5704 956 5752 et
979 5693 1415 5765 concupiscentia
1436 5690 1571 5758 ejus.
1601 5689 1739 5744 Justi
1767 5705 1864 5744 au-

282 5804 397 5854 tem
428 5795 484 5851 in
514 5798 833 5864 perpetuum
851 5789 1055 5855 vivent,
1071 5785 1278 5857 etapud
1302 5783 1590 5843 Dominum
1616 5788 1700 5838 est
1721 5796 1865 5838 mer-

285 5902 382 5950 ces
413 5900 624 5945 eorum.

1959 4678 2122 4736 quam
2160 4661 2416 4731 juvenem
2457 4672 2566 4713 non
2611 4668 2732 4711 esse
2782 4653 3033 4710 miretur.
3062 4651 3296 4710 Pulchra
3323 4647 3544 4713 mulier,

1962 4770 2082 4825 quae
2113 4752 2636 4810 adolescentulorum
2651 4752 2776 4816 post
2804 4762 2864 4804 se
2893 4746 3145 4803 trahebat
3161 4759 3370 4817 greges,
3394 4749 3546 4796 arata

1963 4846 2142 4902 fronte
2170 4846 2513 4902 contrahitur
2546 4863 2559 4901 :
2588 4855 2645 4901 et
2678 4861 2799 4917 quae
2827 4843 2980 4915 prius
3015 4839 3210 4902 amori,
3242 4843 3432 4906 postea
3469 4833 3549 4886 fa-

1965 4939 2125 4996 stidio
2166 4947 2268 4994 est.
2321 4937 2476 5006 Quod
2529 4947 2585 4992 et
2620 4938 2870 5010 egregius
2913 4932 3054 5004 apud
3088 4929 3309 4985 Graecos
3361 4924 3550 4982 scribit

1963 5039 2150 5087 orator
2203 5030 2440 5101 speciem
2485 5029 2730 5100 corporis
2773 5034 2866 5081 aut
2900 5035 3142 5094 tempore
3182 5017 3414 5073 deficere
3457 5021 3552 5068 aut

1961 5122 2222 5194 languore
2244 5122 2510 5178 consumi.
2551 5120 2835 5175 Exsiccata
2871 5123 2956 5171 est
2990 5114 3152 5184 igitur
3181 5123 3328 5175 caro,
3376 5113 3430 5162 et
3464 5119 3554 5161 ce-

1963 5216 2099 5272 cidit
2137 5213 2503 5284 pulchritudo,
2569 5213 2694 5283 quia
2743 5209 2968 5280 spiritus
3000 5203 3202 5261 furoris
3253 5201 3352 5257 Dei
3388 5207 3552 5270 atque

1967 5309 2250 5367 sententia:
2270 5307 2419 5363 ﬂavit
2449 5308 2502 5362 in
2532 5323 2618 5372 ea,
2649 5312 2709 5360 ut
2736 5320 2768 5359 a
2797 5299 3036 5374 generali
3070 5294 3437 5368 disputatione
3484 5290 3554 5346 ad

1969 5403 2260 5474 Scriptura:
2281 5402 2528 5458 ordinem
2554 5404 2913 5460 revertamur,
2941 5392 3030 5463 qui
3061 5396 3240 5462 portat
3259 5386 3554 5458 imaginem

1973 5495 2194 5560 terreni,
2234 5502 2290 5549 et
2319 5492 2487 5548 servit
2511 5490 2659 5544 vitiis
2700 5495 2864 5556 atque
2885 5483 3130 5548 luxuriae,
3167 5479 3284 5550 ejus
3307 5493 3434 5535 caro
3471 5475 3550 5530 fe-

1973 5603 2100 5642 num
2150 5593 2250 5650 est,
2283 5585 2492 5652 ﬂosque
2511 5580 2848 5652 praeteriens.
2873 5576 2976 5644 Qui
3000 5583 3180 5629 autem
3206 5571 3371 5626 habet
3391 5577 3557 5637 atque

1973 5677 2208 5734 custodit
2245 5675 2538 5744 imaginem
2576 5670 2836 5734 caelestis,
2892 5667 2982 5722 illa
3011 5681 3139 5721 caro
3160 5670 3266 5729 est,
3298 5673 3418 5730 quae
3438 5670 3556 5711 cer-

1974 5771 2054 5825 nit
2092 5767 2328 5822 salutare
2350 5763 2586 5829 Domini,
2616 5777 2736 5833 quae
2758 5759 3001 5830 quotidie
3044 5760 3334 5810 renovatur
3374 5748 3430 5803 in
3457 5759 3554 5801 eo-

1974 5861 2293 5938 gitationem
2322 5854 2620 5914 secundum
2641 5852 2933 5926 imaginem
2955 5844 3252 5910 Creatoris,
3282 5847 3338 5898 et
3370 5837 3564 5930 incon:
