4030 6542
503 446 614 503 859
1149 441 1208 496 Β.
1253 438 1508 496 RABANI
1542 435 1764 495 MAURI
1803 434 2118 493 ARCHIEP.
2161 434 2469 493 MOGUN'I‘.
2506 433 2789 492 OPERUM
2831 434 3010 491 PARS
3047 437 3087 492 1.
3679 438 3804 496 860

502 558 757 631 rnptibile
811 565 974 628 atque
1017 557 1326 614 immortale
1377 571 1576 628 corpus
1615 555 1888 626 accipiens
1911 562 2089 609 mutat
2112 557 2165 618 Α
2190 553 2460 609 scribendi
2492 553 2712 608 adhibet
2726 552 2966 609 studium
2987 555 3285 609 secundum
3315 555 3560 626 regulam
3591 558 3809 630 utique

494 654 725 727 gloriam
748 667 856 708 non
878 659 1123 707 naturam
1150 665 1165 704 :
1197 670 1216 702 ‹
1252 649 1488 706 Verbum
1520 657 1700 706 autem
1724 649 1819 705 Dei
1835 648 2024 715 nostri,
2055 668 2075 701 ι
2188 646 2335 713 ﬁdei,
2358 654 2413 701 et
2437 659 2657 701 sensum
2678 645 3025 713 catholicum,
3043 650 3502 709 remunerationis
3524 667 3643 709 sua“:
3660 664 3804 711 non

482 758 555 804 εει
574 747 735 817 iniqui
757 747 925 803 veri»
944 745 1127 802 satiati
1146 752 1289 810 sunt,
1311 763 1332 798 ι
1351 744 1741 816 permanentia
1762 751 2043 800 aeternum.
2057 764 2076 797 ι
2182 738 2379 810 perdet
2404 739 2703 809 praemium.

492 840 657 897 {inde
682 836 1069 910 subiungitur:
1459 854 1471 867 ί
2262 852 2279 884 ι
2329 830 2542 888 Stutuet
2575 833 2817 889 casulam
2862 848 3017 890 suam
3060 835 3131 891 ad
3150 846 3356 891 manus
3382 834 3550 904 illius,
3603 846 3666 893 et
3688 848 3805 894 Te-

577 950 597 983 (
640 930 818 989 Ome
845 942 992 1002 '0an
1019 930 1374 1001 corruptibile
1399 930 1457 985 in
1480 929 1856 996 ﬁne-deﬁciet;
1914 936 1967 985 et
1993 929 2086 1000 qui
2192 945 2211 977 ι
2257 926 2543 996 quiescunt
2586 926 2646 981 in
2687 926 2873 983 casula
2931 927 3075 984 illius
3110 931 3261 985 ‘bona
3276 936 3388 999 'per
3417 944 3615 985 mum.
3660 946 3691 981 τ
3724 926 3806 985 Et

492 1040 525 1075 κ
562 1021 702 1077 illud
748 1029 1029 1093 operatur,
1052 1020 1156 1076 ibit
1180 1032 1305 1076 cum
1340 1020 1492 1092 ipso;
1554 1028 1614 1075 et
1639 1034 1799 1076 omne
1822 1036 1958 1092 opus
1978 1020 2087 1076 ele-
2187 1020 2315 1089 quid
2342 1028 2438 1091 per
2474 1019 2726 1075 'Casulam
2746 1021 2859 1076 nisi
2903 1021 3193 1078 sacerdotii
3232 1021 3800 1094 dignitas-exprimi-

494 1131 549 1164 η·
571 1121 718 1167 ctum
750 1111 1160 1184 justiﬁeabitur.
1192 1111 1260 1166 Et
1312 1111 1403 1181 qui
1433 1120 1691 1183 operatur
1715 1112 1863 1180 illud,
1908 1114 2088 1169 “hono-

502 1221 525 1253 ‹
570 1202 784 1258 rabitur
806 1202 863 1257 in
878 1202 994 1258 illo.
1032 1220 1053 1255 ι
1072 1202 1230 1273 οθριιε
1256 1204 1608 1275 corruptibile
1634 1205 1688 1259 in
1710 1205 1821 1260 ﬁne
1850 1204 2083 1272 deﬁciet,

504 1294 724 1364 quando
775 1294 1012 1351 cumulis
1066 1296 1514 1366 concupiscentia
1554 1311 1688 1351 'cum
1737 1296 2089 1352 int‘ructuosis

486 1386 757 1457 operibus
787 1387 972 1444 carnis
992 1387 1049 1442 in
1070 1386 1183 1444 ﬁne
1203 1391 1496 1461 {praesentis
1534 1391 1658 1446 vita:
1686 1392 1802 1447 sine
1835 1406 2089 1448 remune-

490 1479 715 1536 ratione
741 1478 956 1536 deﬁciet
981 1480 1107 1536 vitae
1128 1466 1375 1549 aeternae;
1422 1490 1478 1539 et
1501 1484 1593 1554 qui
1622 1482 1756 1539 illud
1800 1494 2081 1554 operatur,

490 1572 771 1644 eumipsa
796 1573 914 1639 ibit,
955 1574 1181 1644 quando
1202 1577 1389 1632 anima
1419 1576 1579 1632 simul
1608 1591 1732 1631 cum
1761 1592 1946 1644 carne,
1986 1592 2091 1648 per

488 1676 666 1734 quam
693 1666 954 1735 peccavit,
982 1680 1083 1736 pro
1108 1667 1350 1737 peccatis
1392 1667 1505 1722 suis
1528 1667 1581 1721 in
1604 1654 1883 1724 interitum
1908 1670 2087 1736 vadit;

501 1762 556 1810 et
584 1770 744 1811 omne
765 1770 901 1827 opus
928 1756 1161 1813 electum
1176 1757 1584 1827 justiﬁcabitur,
1609 1758 1713 1814 hoc
1736 1768 1841 1827 est,
1867 1757 2091 1815 effectus

492 1846 765 1904 bonarum
813 1850 1111 1917 actionum,
1160 1851 1392 1923 justitiaa
1430 1850 1721 1922 praemium
1751 1850 2088 1919 merebitur;

2178 1111 2322 1167 'tur?
2363 1110 2456 1167 llle
2492 1113 2639 1167 enim
2668 1113 2908 1168 casulam
2962 1129 3113 1169 suam
3163 1115 3230 1169 ad
3258 1128 3455 1171 manus
3500 1115 3803 1187 sapientia:

2189 1202 2430 1273 apponit,
2459 1203 2550 1272 qui
2575 1203 2813 1259 doctoris
2833 1203 3070 1260 cilicium
3096 1204 3152 1259 in
3200 1202 3447 1261 Ecclesia
3464 1220 3681 1278 gerens
3706 1218 3800 1261 sa-

2180 1307 2272 1348 nae
2300 1295 2561 1350 doctrinae
2588 1310 2757 1366 opera
2787 1295 3013 1366 iustitia:
3044 1296 3343 1368 conjungit,
3406 1305 3470 1353 ut
3500 1298 3795 1354 auditores

2186 1398 2318 1439 suos
2360 1398 2464 1455 per
2502 1392 2709 1441 rectam
2761 1388 3067 1444 doctrinam
3102 1388 3263 1443 simul
3298 1388 3570 1457 instruat,
3596 1399 3657 1444 et
3690 1402 3799 1459 per

2190 1476 2328 1531 bona
2361 1479 2633 1550 exempla,
2658 1487 2721 1535 ut
2748 1480 2804 1537 in
2822 1481 3113 1553 utriusque
3134 1483 3378 1538 muneris
3390 1482 3546 1539 utilis
3572 1481 3671 1537 ﬁat
3700 1497 3797 1538 ex-

2189 1571 2473 1640 pensione.

2268 1686 2286 1717 ί
2334 1666 2551 1724 Statuet
2579 1669 2904 1725 ﬁlios'suos
2932 1669 3035 1725 sub
3064 1670 3314 1741 tegmine
3358 1668 3526 1735 illius,
3591 1678 3645 1724 et
3696 1669 3798 1724 sub

2200 1778 2219 1809 ι
2266 1760 2436 1815 ramis
2477 1761 2620 1817 illius
2640 1762 2971 1818 morabitur.
3022 1760 3352 1833 Protegetura
3386 1762 3503 1818 sub
3547 1761 3793 1831 tegmine

2198 1868 2217 1899 ι
2256 1850 2407 1906 illius
2446 1866 2477 1906 a
2518 1850 2752 1919 fervore,
2813 1860 2871 1908 et
2900 1852 2961 1907 in
3005 1852 3179 1924 gloria
3225 1850 3344 1922 (αξξυς
3386 1852 3727 1923 requiescet.
3768 1870 3787 1901 ι

488 1949 860 2014 Operatorque
892 1944 1031 2000 illius
1052 1945 1418 2001 ibonorabitur
1442 1946 1496 2000 in
1527 1946 1668 2016 ipso,
1717 1946 1934 2015 quando
1965 1960 2089 2001 ctum
2117 1946 2166 2012 Β
2195 1941 2346 1997 Tunc
2378 1942 2517 1999 ﬁlios
2565 1960 2692 1999 suos
2736 1945 2911 2000 bonus
2934 1944 3125 2000 doctor
3176 1952 3380 2000 statuet
3407 1945 3512 1999 sub
3570 1951 3792 2015 tegmen

500 2037 692 2094 electis
733 2038 939 2110 angelis
964 2048 1019 2095 et
1047 2041 1252 2097 sanctis
1279 2041 1609 2108 hominibus,
1634 2055 1809 2111 regno
1855 2024 2098 2111 potietur
2190 2034 2484 2103 sapientia
2508 2074 2524 2100 ,
2606 2034 2825 2104 quando
2888 2034 3135 2091 subditos
3198 2049 3291 2090 eos
3346 2034 3513 2089 faciet
3586 2033 3799 2088 caelesti

436 2164 447 2171 -
491 2120 707 2187 ~aeterno
737 2149 751 2186 :
774 2132 922 2203 quod
940 2139 996 2187 et
1014 2131 1216 2189 Paulus
1236 2133 1513 2205 apostolus
1537 2135 1588 2189 in
1619 2134 1855 2204 Epistula
1880 2148 2090 2190 sua-os-

2199 2126 2497 2197 disciplina:
2530 2145 2541 2179 :
2573 2127 2701 2197 quia
2760 2134 2815 2182 et
2867 2127 2967 2181 sub
3000 2126 3173 2181 ramis
3217 2125 3363 2180 illius
3402 2124 3797 2189 morabuntur,

501 2223 696 2291 tendit,
718 2223 905 2280 dicens
938 2242 993 2279 τι
1020 2224 1196 2281 Nolite
1216 2239 1432 2291 errare,
1470 2226 1613 2281 Deus
1648 2240 1757 2281 non
1784 2226 2046 2281 irridetur
2077 2242 2091 2291 ;
2201 2219 2418 2289 quando
2466 2218 2619 2288 juxta
2661 2219 3012 2274 traditionem
3068 2217 3186 2287 ejus
3240 2215 3800 2288 irreprehensibiliter

498 2331 622 2385 qua;
640 2317 786 2373 enim
808 2317 1500 2385 seminaverithomo,!hzec
1526 2327 1579 2374 εει
1610 2327 1807 2385 metet;
1837 2320 2096 2390 quoniam
2198 2310 2686 2365 conversabuntur.
2748 2310 3072 2381 Protegetur
3116 2310 3219 2365 sub
3269 2309 3508 2381 tegmine
3560 2308 3712 2363 illius
3754 2323 3791 2361 'a

496 2408 594 2477 qui
616 2409 858 2465 seminat
888 2410 942 2464 in
969 2422 1135 2464 carne
1155 2410 1360 2476 suagde
1376 2426 1546 2467 came
1576 2419 1751 2467 metet
1794 2412 2099 2482 corruptio.
2200 2404 2434 2471 fervore,
2456 2407 2585 2476 quia
2613 2405 2730 2475 ejus
2754 2419 2985 2460 ‘munere
3004 2405 3071 2459 ab
3088 2403 3436 2460 inimicorum
3466 2401 3793 2459 deimdetnr

502 2513 661 2565 nem;
689 2500 784 2570 qui
797 2508 980 2555 autem
1011 2500 1246 2557 seminat
1270 2502 1327 2557 in
1355 2503 1571 2572 spiritu,
1599 2503 1668 2559 de
1692 2504 1888 2574 spiritu
1924 2510 2096 2561 metet

500 2592 670 2647 vitam
703 2591 1188 2666 aeternamrwuiat.
1220 2594 1326 2666 vi).
1368 2614 1391 2646 ι

576 2706 597 2737 ι
638 2684 839 2743 Beatus
854 2687 940 2742 vir
960 2689 1061 2759 'qui
1082 2687 1143 2742 in
1166 2689 1432 2759 sapientia
1459 2705 1555 2746 sua
1573 2691 1901 2759 morabitur,
1927 2694 2093 2763 etqui

502 2796 525 2829 ε
572 2778 627 2833 in
646 2777 857 2848 iustitia
890 2795 994 2837 sua
1040 2783 1411 2850 meditabitur,
1450 2791 1508 2839 et
1544 2784 1601 2839 in
1626 2799 1787 2840 sensu
1822 2786 2095 2857 cogitabit

500 2887 525 2922 ι
567 2870 1109 2944 circumspectionem
1166 2873 1281 2931 Dei.
1320 2895 1341 2928 ι
1386 2875 1612 2932 Beatum
1648 2877 1795 2932 illum
1843 2891 1965 2934 esse
2003 2880 2096 2935 de-

498 2961 692 3017 scribit
717 2962 891 3033 quiin
914 2964 1181 3035 sapientia
1220 2966 1545 3033 morabitur,
1586 2968 1689 3023 hoc
1717 2976 1803 3022 est
1842 2968 1895 3022 in
1924 2968 2095 3023 medi-

496 3054 707 3109 tatione
733 3064 1045 3112 sanctarum
1061 3055 1468 3129 Scripturarum
1502 3060 1751 3116 assiduus
1770 3061 1895 3128 erit,
1926 3068 1981 3116 et
1999 3076 2092 3117 se-

498 3147 736 3201 cundum
767 3147 821 3203 id
870 3151 1014 3220 quod
1033 3150 1116 3206 ibi
1139 3150 1271 3224 legit
1296 3159 1444 3208 recte
1473 3153 1706 3208 vivendo
1740 3167 1908 3224 opera
1958 3152 2093 3209 facit

493 3234 755 3306 iustitiae;
807 3246 865 3295 et
907 3240 1025 3298 haec
1093 3256 1258 3314 agens
1302 3258 1413 3300 non
1464 3244 1768 3317 humanum
1819 3246 2087 3312 favorem,

2188 2496 2383 2554 furore
2410 2517 2421 2552 :
2456 2499 2545 2553 hic
2569 2506 2624 2553 et
2649 2498 2701 2552 in
2720 2498 2892 2570 gloria
2905 2497 3023 2567 ejus
3045 2498 3377 2568 requiescet,
3398 2496 3529 2567 quia
3550 2508 3650 2566 per
3672 2492 3791 2563 eius

2188 2592 2456 2646 ducatum
2484 2604 2635 2661 spem
2658 2590 3024 2647 vitaeeeternae
3046 2590 3289 2645 habebit.

2272 2684 2428 2755 (om.
2454 2683 2574 2756 ιχγ.)
2610 2703 2630 2735 ς
2673 2684 2775 2754 Qui
2814 2684 2970 2739 timet
3010 2684 3184 2739 Deum
3208 2682 3377 2737 faciet
3402 2680 3571 2747 bona,
3606 2687 3658 2735 et
3698 2679 3794 2749 qui

2203 2797 2223 2829 ε
2268 2778 2557 2833 centinens
2580 2786 2667 2833 est
2687 2778 2913 2849 iustitia
2936 2775 3305 2849 apprehendet
3316 2771 3492 2828 illam.
3524 2792 3549 2825 η)
3572 2771 3791 2841 Perspi-

2190 2887 2359 2928 cuum
2416 2880 2501 2928 est
2540 2874 2693 2943 quod
2734 2882 2923 2939 nemo,
2979 2871 3082 2926 nisi
3128 2885 3230 2942 per
3270 2869 3527 2924 timorem
3576 2865 3675 2922 Dei
3738 2874 3791 2920 et

2199 2967 2667 3022 conversationem
2697 2966 2944 3038 iustitiae,
2994 2972 3284 3021 exsecutor
3326 2962 3452 3018 fieri
3474 2961 3658 3033 possit
3701 2974 3789 3016 sa-

2188 3056 2451 3127 pientiae;
2500 3065 2703 3127 quanto
2756 3057 2901 3112 enim
2939 3057 3062 3127 quis
3109 3054 3395 3112 sollicitior
3434 3052 3619 3110 estin
3669 3066 3791 3107 cus-

2197 3152 2344 3207 todia
2408 3153 2790 3209 mandatorum
2846 3154 2942 3208 Dei
2968 3195 2982 3219 ,
3040 3161 3095 3208 et
3166 3154 3461 3209 studiosior
3528 3152 3590 3206 in
3651 3151 3792 3223 just:

2196 3248 2631 3314 conversatione,
2678 3248 2833 3303 tanto
2874 3248 3083 3319 iargius
3128 3248 3337 3318 gaudet
3384 3248 3445 3303 'in
3494 3247 3779 3318 sapientia:

495 3332 871 3389 sed-divinam
909 3335 1108 3406 quaerit
1146 3335 1386 3404 ioudem,
1440 3336 1517 3392 illi
1579 3338 1678 3394 soli
1730 3339 1951 3408 placere
1991 3355 2087 3394 cu-
2119 3333 2163 3396 C
2191 3340 2565 3411 perceptione.

494 3423 675 3493 piens,
699 3425 792 3496 qui
820 3426 1097 3498 inspector
1122 3435 1207 3483 est
1219 3429 1409 3493 cordis
1430 3437 1485 3485 et
1518 3440 1677 3501 quem
1708 3444 1871 3486 nemo
1900 3429 2093 3487 fallere

494 3526 705 3590 potest.

578 3622 600 3661 ι
645 3611 746 3678 Qui
774 3612 1051 3682 excogitat
1083 3613 1201 3670 vias
1218 3614 1368 3671 illius
1394 3616 1447 3671 in
1467 3631 1569 3671 suo
1598 3616 1760 3673 corde
1820 3626 1873 3672 ct
1916 3617 1971 3673 in
2001 3618 2095 3674 ab-

499 3721 528 3754 π
568 3701 837 3757 acceditis
862 3702 1005 3760 illius
1030 3704 1362 3777 intelligens,
1386 3706 1596 3765 vadens
1618 3719 1745 3779 post
1769 3708 1915 3765 illam
1938 3709 2094 3781 quasi

504 3810 530 3847 ι
567 3795 945 3871 investigator,
997 3808 1053 3858 et
1100 3802 1159 3857 in
1194 3803 1296 3860 viis
1354 3804 1501 3860 illius
1546 3807 1869 3861 consistens.
1930 3825 1950 3855 ι
1982 3804 2095 3862 Via:

501 3889 784 3959 sapientiae
802 3900 938 3948 sunt
964 3900 1235 3967 praecepta
1287 3897 1491 3965 divina,
1525 3907 1580 3953 et
1606 3897 1923 3954 abscondita
1948 3898 2096 3955 illius

500 3980 750 4039 celestis
778 3991 912 4040 sunt
940 3996 1307 4043 sacramenta.
1338 3986 1469 4045 Haec
1498 4005 1629 4061 ergo
1672 3991 1762 4062 qui
1809 3990 2095 4061 diligenter

497 4076 698 4146 discit,
736 4085 800 4134 ‘et
824 4078 1071 4137 studiose
1110 4078 1425 4139 meditando
1474 4084 1729 4151 rimatur,
1788 4086 1892 4140 hoc
1931 4099 2095 4156 opere

498 4168 730 4224 studens
754 4169 1045 4240 perlicere,
1106 4170 1253 4244 quod
1311 4188 1445 4230 sana
1502 4175 1756 4248 intelligit
1788 4175 1924 4245 ﬁde,
1976 4178 2094 4248 ipse

502 4258 621 4315 sine
672 4260 839 4318 dubio
898 4263 1096 4322 beatus
1141 4265 1266 4335 erit,
1303 4269 1429 4339 quia
1482 4269 1752 4326 conditori
1788 4287 1900 4327 suo
1939 4282 2095 4326 vera-

503 4350 644 4408 eiter
680 4353 914 4425 placebit
952 4375 966 4411 :
1012 4359 1156 4429 quod
1196 4367 1259 4414 et
1298 4358 1586 4417 Psalmista
1633 4362 1884 4417 similiter
1946 4378 2095 4419 com-

501 4442 772 4512 probavit,
820 4446 1052 4503 dicen‘s:
1093 4466 1112 4502 ι
1144 4446 1299 4505 Beati
1352 4451 1684 4507 immaculati
1736 4453 1794 4507 in
1843 4454 1951 4520 via,
2001 4455 2093 4525 qui

503 4533 781 4590 anibulant
830 4538 891 4592 in
947 4538 1067 4610 lege
1104 4539 1344 4597 Domini.
1398 4541 1557 4598 Beati
1628 4545 1720 4614 qui
1777 4553 2095 4601 scrutantur

502 4626 815 4682 testimonia
870 4628 991 4699 eius
1016 4671 1032 4698 ,
1076 4633 1145 4687 in
1204 4636 1320 4689 toto
1391 4634 1554 4691 corde
1610 4635 1905 4706 exquirant
1966 4648 2091 4693 cum

502 4717 675 4789 (Paul.
712 4723 926 4795 CXVI").
966 4734 985 4777 ι

577 4833 596 4865 ι
632 4816 745 4883 'Qui
780 4817 1008 4889 respicit
1058 4822 1163 4890 per
1187 4818 1491 4891 Yen’estras,
1540 4830 1595 4879 'et
1640 4823 1698 4879 in
1727 4824 1910 4896 januis
1945 4823 2089 4880 illius

499 4920 524 4962 ἡ
563 4910 808 4969 audiens.
866 4932 885 4966 ›
934 4912 1215 4971 Fenestrze
1266 4925 1392 4971 sunt
1438 4918 1716 4989 sapientiae
1776 4920 2089 4975 testimonia

501 5001 798 5076 Scriptura:
840 5018 1045 5074 sacrae;
1096 5008 1265 5079 ianua
1313 5024 1526 5081 quoque
1572 5011 1769 5083 linguae
1822 5012 2088 5083 praedica-

499 5108 678 5154 torum
727 5100 783 5156 in
834 5100 918 5157 his
960 5101 1060 5173 qui
1108 5103 1325 5159 assidue
1384 5102 1641 5159 discendo
1695 5110 2087 5169 commoratur,

498 5194 824 5266 oculumque
895 5198 1094 5253 mentis
1164 5206 1221 5254 et
1282 5212 1469 5253 aurem
1537 5195 1858 5254 obedientize
1930 5197 2086 5253 exhi-

497 5283 612 5347 bet,
636 5285 727 5342 ille
752 5284 1125 5357 proculdubio
1142 5286 1687 5361 'claritatem'superni
1718 5288 1940 5345 luminis
1960 5302 2087 5360 per-

499 5377 684 5447 cipie‘t.

578 5489 594 5521 ι
638 5469 740 5537 Qui
779 5472 1071 5542 requiescit
1091 5472 1247 5544 juxta
1277 5474 1494 5531 domum
1524 5474 1690 5539 illius,
1737 5473 1873 5529 etin
1911 5474 2084 5545 parie-

506 5582 523 5613 ι
550 5562 692 5618 tibus
707 5561 848 5619 illius
860 5564 1030 5635 ﬁgens
1052 5566 1256 5636 palum.
1284 5587 1302 5619 ι
1324 5567 1554 5622 Domum
1574 5567 1861 5638 sapientiae
1889 5582 2081 5638 possu-

496 5664 622 5711 mus
668 5652 978 5728 intelligere
1021 5655 1360 5729 Scripturam
1403 5670 1638 5727 sacram,
1667 5660 1755 5716 ubi
1804 5661 1918 5731 ipsa
1955 5660 2089 5714 latet

497 5746 555 5803 et
571 5745 878 5803 veiamﬁnto
898 5746 1211 5805 litterarum
1253 5750 1472 5822 tegitur,
1515 5734 1607 5807 sed
1637 5765 1666 5806 a
1692 5753 1780 5823 pie
1834 5768 2081 5823 quaeren-

498 5833 647 5897 tibus
700 5837 992 5897 salubriter
1042 5841 1350 5909 invenitur;
1409 5843 1644 5913 parietes
1703 5853 1883 5898 autem
1940 5842 2082 5901 illius

500 5922 609 5992 duo
631 5928 1155 6003 sunﬂ‘estameuta,
1174 5934 1327 6011 iubis
1354 5938 1446 6009 qui
1476 5936 1591 6007 ﬁgit
1613 5936 1816 6009 palum,
1838 5938 1945 5995 hoc
1978 5952 2077 6010 est,

2275 3452 2292 3483 ι
2340 3431 2406 3487 Et
2454 3432 2695 3488 obv‘iabit
2738 3426 2823 3488 illi
2885 3435 3039 3504 quasi
3086 3443 3265 3490 mater
3318 3434 3703 3500 honoriﬁcam,
3741 3444 3791 3490 et

2200 3544 2221 3578 ε
2256 3526 2422 3597 quasi
2448 3525 2644 3582 mulier
2669 3542 2700 3581 a
2722 3527 3040 3598 virginitate
3063 3529 3322 3599 suscipiet
3348 3527 3525 3583 illum.
3559 3548 3577 3580 ι
3602 3526 3795 3584 Merito

2189 3630 2327 3687 ergo
2370 3616 2652 3687 Sapientia
2701 3627 2877 3672 mater
2922 3627 3267 3687 nuncupatur
3302 3626 3529 3688 propter
3558 3619 3791 3689 ‘g‘ratiam

2192 3707 2534 3770 nutrimenti,
2584 3716 2639 3762 et
2664 3708 2818 3779 virgo
2842 3716 3067 3779 propter
3110 3708 3344 3779 Speciem
3368 3708 3791 3779 pulchritudinis

2190 3802 2251 3856 et
2298 3805 2647 3857 sanctitatem
2700 3801 2989 3869 castitatis,
3042 3802 3299 3873 quoniam
3340 3801 3484 3858 nihil
3522 3802 3581 3857 in
3616 3816 3686 3859 ea
3713 3808 3791 3857 est

2196 3891 2535 3948 immundum
2589 3907 2763 3962 neque
2826 3892 3271 3962 coinquinatum;
3331 3893 3447 3962 ipsa
3502 3900 3597 3947 est
3650 3892 3787 3948 enim

2192 3986 2402 4041 candor
2450 3985 2596 4041 lucis
2652 3993 2890 4049 aeternis,
2969 3994 3025 4041 et
3072 3984 3354 4056 specuinm
3406 3984 3526 4040 sine
3578 3983 3787 4040 macula

2192 4078 2292 4134 Βθί
2346 4076 2670 4147 majestatis,
2719 4085 2776 4133 et
2826 4078 3006 4148 imago
3057 4076 3316 4133 bonitatis
3362 4075 3535 4140 illius,
3598 4084 3654 4131 et
3699 4088 3790 4146 per

2191 4171 2367 4244 ipsam
2398 4171 2575 4227 sanati
2597 4180 2724 4227 sunt
2746 4171 3059 4241 quicunque
3087 4170 3409 4240 placuerunt
3431 4165 3547 4225 Deo
3581 4168 3611 4223 a
3636 4168 3781 4238 prin-

2192 4264 2362 4337 cipis.

2272 4379 2289 4411 ‹
2334 4358 2551 4416 Cibavit
2594 4358 2748 4413 illum
2790 4372 2933 4431 pane
2968 4358 3093 4412 vita;
3144 4367 3201 4412 et
3240 4344 3567 4412 intcileetus.
3622 4372 3645 4407 ι
3690 4348 3783 4410 ‘Di-

2197 4452 2338 4507 citur
2382 4452 2540 4523 panis
2577 4451 2721 4518 vitae,
2774 4450 2979 4507 dicitur
3014 4458 3072 4506 et
3118 4448 3278 4520 panis
3328 4444 3646 4514 mendacii;
3692 4442 3782 4501 Sed

2194 4546 2351 4614 panis
2399 4545 2524 4599 vitae
2574 4559 2775 4617 corpus
2828 4550 2912 4599 est
2958 4542 3184 4608 Christi,
3231 4541 3316 4599 vel
3354 4542 3611 4598 doctrina
3657 4541 3780 4598 divi-

2194 4650 2279 4693 na:
2314 4638 2590 4708 sapientiae
2631 4658 2643 4692 :
2688 4659 2706 4690 ‹
2758 4638 2883 4709 quia
2918 4640 3027 4693 no’n
3073 4636 3129 4690 in
3173 4649 3317 4707 pane
3350 4635 3466 4692 solo
3496 4635 3641 4691 vivit
3690 4634 3780 4691 ho-

2117 4712 2172 4772 D
2195 4744 2309 4797 mo,
2346 4730 2439 4786 sed
2485 4730 2541 4785 in
2566 4731 2715 4786 omni
2762 4728 2932 4785 verbo
2964 4728 3107 4800 quod
3147 4724 3396 4797 procedit
3436 4724 3510 4783 de
3566 4738 3664 4783 ore
3692 4725 3776 4782 Dei

2192 4820 2412 4894 (Matth.
2442 4822 2541 4895 iv).
2576 4842 2594 4876 ι
2630 4818 2795 4878 Panis
2823 4835 2956 4879 vero
2978 4821 3249 4878 mendacii
3274 4820 3525 4877 doctrina
3556 4822 3642 4876 est
3672 4816 3774 4874 iue-

2194 4914 2516 4981 reticorum,
2544 4930 2667 4986 quae
2706 4915 3163 4972 commessoribus
3197 4916 3310 4971 suis
3355 4910 3591 4971 mortem
3618 4913 3772 4969 infert

2191 5014 2528 5077 perpetuam.

2269 5121 2288 5153 ‹
2332 5100 2400 5156 Et
2442 5114 2583 5172 aqua
2605 5100 2885 5171 sapientiae
2905 5100 3162 5157 salutaris
3186 5098 3397 5173 potavit
3419 5096 3594 5155 illum.
3635 5118 3654 5152 ι
3682 5097 3772 5154 Le-

2196 5193 2344 5267 gitur
2377 5193 2590 5264 aquain
2604 5194 2775 5260 bono,
2804 5192 3006 5266 legitur
3034 5193 3163 5250 etin
3190 5192 3331 5249 malo
3357 5210 3373 5260 ;
3420 5191 3517 5249 sed
3546 5200 3686 5263 aqua
3725 5191 3771 5245 in

2194 5287 2340 5344 bono
2381 5287 2650 5360 signiﬁcat
2681 5288 2910 5359 gratiam
2935 5286 3172 5359 Spiritus
3194 5287 3398 5351 sancti,
3418 5284 3771 5342 velbaustum

2196 5376 2437 5433 cceiestis
2467 5375 2779 5447 Sapientiae,
2822 5384 2888 5433 ut
2916 5386 3000 5433 est
3028 5376 3161 5432 iﬂud
3186 5375 3532 5433 Dominicnm
3582 5394 3595 5431 :
3631 5394 3649 5427 ι
3674 5373 3770 5443 Qui

2196 5466 2413 5537 biberit,
2441 5470 2637 5541 inquit,
2662 5482 2858 5540 aquam
2886 5480 3049 5542 quam
3075 5482 3174 5541 ego
3204 5471 3348 5526 dab‘o
3370 5469 3445 5537 ’el,
3471 5464 3569 5525 ﬁet
3612 5469 3672 5525 in
3713 5483 3770 5524 eo

2192 5564 2315 5622 fons
2352 5576 2507 5636 aqua":
2540 5563 2784 5620 salientis
2816 5565 2872 5619 in
2908 5563 3077 5619 vitam
3123 5568 3387 5619 mmmam
3413 5558 3599 5635 (Joau.
3622 5560 3717 5633 tv).
3746 5562 3764 5613 i

2190 5654 2344 5729 Aqua
2398 5666 2575 5713 autem
2623 5658 2678 5711 in
2725 5656 2888 5723 malo,
2939 5664 2998 5710 ut
3034 5666 3118 5711 eSt
3167 5654 3297 5711 illud
3322 5656 3379 5710 in
3418 5653 3767 5711 Proverbiis:

2198 5769 2217 5802 σ
2257 5749 2425 5821 Aqua:
2446 5750 2663 5805 furtivae
2678 5749 2945 5805 dulciores
2974 5756 3120 5815 sunt,
3144 5755 3198 5803 et
3225 5747 3380 5818 panis
3427 5745 3770 5803 absconditus

2190 5845 2408 5902 suavior
2424 5843 2611 5917 (Prov.
2644 5842 2720 5916 ix)
2754 5861 2766 5897 :
2793 5852 2811 5895 t
2841 5838 2982 5913 quod
3007 5843 3261 5897 nimirum
3274 5839 3551 5913 signiﬁcat
3573 5847 3766 5899 sectam

2189 5950 2244 6001 et
2267 5940 2634 6013 deceptionem
2658 5936 3058 6004 haereticorum,
3084 5950 3204 6007 qua:
3223 5936 3536 5995 errantibus
3554 5936 3768 6007 propter
