4030 6470
356 397 459 457 861

1243 395 1594 453 COMMENT.
1638 396 1704 451 ΓΝ
1744 394 2356 452 ECCLESIASTICUM.
2397 428 2464 437 —
2503 395 2629 473 ωδ.
2672 397 2758 454 Ill.

3513 398 3617 454 862

354 512 722 586 eloquentiam
746 509 1047 569 verborum
1077 510 1292 567 videtur
1333 527 1452 568 esse
1482 512 1701 566 suavior
1730 518 1783 564 et
1807 526 1932 581 pro-
1958 515 2011 573 A
2039 511 2287 568 conferre
2313 513 2451 567 velle
2470 513 2728 584 gratiam,
2757 511 2801 567 si
2829 510 2894 565 ad
2921 507 3037 580 ejus
3055 519 3456 582 perceptionem
3487 530 3620 570 con-

352 604 907 752 bafagtnﬁmabitur
947 695 1004 752 in
1054 694 1164 764 illo,
1214 704 1271 751 et
1304 709 1411 750 non
1444 693 1708 750 flectetur.
1761 714 1780 746 ι
1808 692 1931 748 Fir~

350 786 600 845 Dabitur
654 786 713 842 in
751 786 955 843 sanctis
1014 786 1148 844 viris
1176 786 1328 857 vigor
1350 785 1587 842 calestis
1624 784 1928 856 sapientia,

348 879 445 950 qui
492 878 669 935 nescit
714 877 988 935 hareticis
1035 860 1093 937 et
1141 879 1606 952 impugnatoribus
1650 879 1932 936 catholica

346 970 478 1028 fidei
528 979 585 1028 et
627 986 771 1028 vera
809 971 1085 1043 religionis
1153 972 1263 1029 ullo
1322 973 1482 1030 modo
1548 970 1773 1036 cedere,
1835 973 1930 1030 sed

347 1063 565 1120 fortiter
620 1050 919 1133 resistere;
968 1074 1028 1123 et
1090 1067 1199 1123 hoc
1257 1068 1458 1123 donum
1501 1075 1586 1123 est
1640 1064 1775 1135 Dei,
1835 1068 1928 1138 qui

348 1156 540 1226 utique
596 1170 697 1227 per
758 1155 997 1229 Spiritus
1052 1158 1139 1215 sui
1204 1159 1436 1231 gratiam
1495 1158 1682 1215 fideles
1738 1167 1928 1215 contra

344 1249 693 1307 adversarios
726 1265 854 1309 suos
894 1248 1168 1307 confortat
1208 1259 1267 1308 et
1300 1252 1542 1309 roborat.
1583 1251 1736 1308 Unde
1762 1259 1817 1308 et
1842 1265 1925 1307 se—

386 1342 568 1401 uitur:

344 1358 568 1485 qntmgt.
586 1429 894 1485 continebit
930 1429 1081 1484 illum
1121 1437 1178 1485 et
1203 1444 1310 1485 non
1345 1427 1725 1485 confundetur.
1762 1446 1780 1479 ι
1827 1424 1930 1493 Qui

335 1524 483 1582 enim
502 1525 745 1580 adhaeret
771 1523 1019 1586 Domino,
1047 1539 1389 1594 nequaquam
1430 1521 1802 1579 confusionem
1826 1520 1929 1575 ini-

336 1619 608 1675 micorum
630 1617 889 1688 patietur,
918 1618 1021 1674 sed
1041 1617 1273 1673 veritate
1296 1617 1546 1672 vincente
1569 1614 1702 1670 satis
1729 1615 1928 1683 ubique

337 1708 726 1767 honorabitur.
781 1707 934 1765 Unde
1002 1709 1260 1778 propheta
1334 1709 1401 1764 ad
1465 1707 1751 1761 Dominum
1816 1705 1928 1759 aii:

2038 605 2255 677 dignam
2273 620 2460 660 eorum
2482 605 2749 661 invenerit
2770 604 3135 674 diligentiam;
3167 604 3297 660 dicit
3320 607 3465 661 enim
3487 607 3617 663 alibi

2035 698 2150 767 ipsa
2182 698 2492 768 Sapientia:
2529 718 2548 750 ι
2576 698 2688 769 Ego
2732 697 3017 769 diligentes
3042 712 3131 753 me
3154 696 3395 769 diligam,
3444 708 3499 755 et
3525 699 3618 770 qui

2032 805 2194 845 mane
2207 790 2549 861 vigilaverint
2571 790 2640 846 ad
2668 806 2775 857 me,
2803 791 3078 846 invenient
3099 806 3187 847 me
3216 787 3401 862 (Prov.
3424 791 3565 865 vni).
3591 811 3612 845 ι

2033 881 2185 948 Quod
2208 889 2391 936 autem
2417 882 2691 951 sequitur:

2106 993 2127 1028 ι
2161 973 2419 1030 Homines
2445 974 2595 1029 stulti
2631 989 2740 1028 non
2780 973 3037 1029 videbunt
3062 974 3249 1041 illam;
3283 974 3441 1047 longe
3468 976 3614 1032 enim

2035 1085 2056 1119 ‹
2086 1067 2241 1122 abest
2266 1082 2297 1120 a
2325 1066 2577 1136 superbia
2596 1075 2651 1121 et
2675 1066 2815 1128 dolo,
2842 1087 2860 1117 ι
2883 1067 3121 1121 ostendit
3148 1082 3539 1137 supervacuum
3564 1078 3618 1125 et

2028 1162 2269 1217 inutilem
2314 1176 2434 1218 esse
2463 1161 2841 1217 bareticorum
2868 1160 3129 1227 laborem,
3184 1163 3274 1233 qui
3299 1179 3444 1234 pene
3479 1178 3615 1234 quo-

2026 1252 2158 1307 tidie
2225 1252 2490 1307 desudant
2540 1251 2781 1308 docendo
2828 1260 2884 1306 et
2932 1251 3254 1318 scribendo,
3311 1250 3615 1307 divinorum

2025 1342 2288 1398 librorum
2314 1342 2636 1398 ventilantes
2663 1344 2984 1408 sententias,
3032 1358 3156 1397 cum
3200 1344 3393 1413 procul
3419 1345 3618 1401 sintab

2024 1433 2376 1504 intelligentia
2404 1448 2548 1488 vera
2573 1433 2890 1502 sapientiae;
2941 1432 3195 1502 superbia
3234 1432 3379 1488 enim
3404 1430 3617 1487 illorum

2024 1542 2126 1597 qua
2158 1534 2507 1581 contemnunt
2556 1534 2866 1581 sanctorum
2894 1523 3115 1579 Patrum
3146 1524 3299 1593 sequi
3349 1522 3613 1595 regulam,

2023 1628 2078 1677 et
2107 1619 2260 1674 dolus
2291 1635 2397 1689 quo
2419 1619 2691 1674 auditores
2722 1633 2849 1673 suos
2878 1632 2909 1671 a
2950 1617 3167 1671 tramite
3198 1615 3430 1684 justitia
3457 1613 3617 1670 sedu-

2021 1730 2145 1771 cere
2190 1721 2420 1777 certant,
2475 1728 2582 1767 non
2613 1711 2879 1782 permittit
2906 1724 3000 1765 eos
3029 1710 3096 1764 ad
3148 1708 3290 1763 illius
3331 1706 3619 1779 pervenire

341 1822 361 1855 (
416 1802 673 1859 Universi
717 1802 810 1873 qui
861 1810 915 1857 te
964 1810 1307 1873 exspectant,
1354 1801 1602 1867 Domine,
1652 1815 1760 1855 non
1811 1815 1934 1855 00n-
2019 1806 2303 1871 notitiam;
2343 1804 2472 1860 caci
2498 1803 2641 1860 enim
2678 1811 2823 1867 sunt,
2854 1810 2909 1857 et
2947 1802 3117 1857 duces
3144 1816 3434 1866 caecorum,
3479 1798 3618 1854 etin

338 1896 669 1963 fundantur;
692 1895 1099 1961 00M“!!de
1131 1896 1304 1967 iniqui
1328 1895 1594 1952 “Ciean
1623 1910 1760 1951 vana
1794 1882 1998 1966 (130.13
2025 1914 2267 1956 errorem
2296 1899 2571 1953 mittentes
2597 1914 2610 1949 :
2660 1896 2782 1952 ideo
2804 1911 2929 1951 cum
2969 1890 3293 1965 sequacibus
3322 1893 3436 1951 suis
3457 1890 3618 1949 simul

334 1989 521 2062 nux);
556 2009 575 2041 ι
611 1996 667 2044 et
688 1989 857 2044 item:
891 2008 911 2040 ‹
953 1988 1152 2046 Beatus
1190 1988 1275 2043 vir
1311 1988 1405 2058 qui
1447 1987 1691 2058 implevit
1720 1986 1930 2042 deside-

337 2077 480 2130 rium
508 2090 664 2132 suum
685 2092 754 2133 ex
780 2078 937 2150 ipsis,
964 2095 1074 2136 non
1098 2079 1487 2148 confundetur,
1515 2080 1641 2136 dum
1665 2080 1919 2151 loquetur

334 2168 572 2224 inimicis
597 2170 711 2226 suis
748 2170 803 2225 in
824 2179 1001 2241 porta.

410 2280 428 2312 ι
474 2260 748 2317 Exaltahit
788 2262 940 2317 illum
966 2262 1107 2332 apud
1130 2262 1406 2333 proximos
1434 2277 1584 2328 suos,
1616 2271 1670 2317 et
1717 2262 1773 2316 in
1802 2276 1917 2317 me-

340 2373 357 2405 ‹
403 2354 492 2409 dio
540 2354 796 2411 Ecclesia
830 2354 1040 2426 aperiet
1082 2370 1144 2411 os
1177 2355 1343 2422 illius,
1376 2363 1433 2411 et
1480 2353 1724 2425 implebit
1757 2353 1909 2407 illum

338 2464 355 2495 ι
402 2445 596 2516 spiritu
637 2447 915 2517 sapientia
962 2456 1019 2501 et
1050 2447 1374 2513 intellectus,
1428 2455 1476 2502 et
1553 2446 1689 2502 stola
1730 2446 1916 2517 gloria

338 2560 353 2589 ι
398 2539 592 2594 vestiet
608 2537 781 2594 illum.
805 2536 1204 2594 Jueunditatem
1236 2546 1291 2594 et
1330 2538 1743 2593 exsultationem
1798 2538 1917 2593 the-

337 2648 354 2680 ι
403 2631 699 2687 saurizabit
734 2646 896 2701 super
929 2631 1102 2697 illum,
1134 2641 1191 2686 et
1245 2632 1298 2687 in
1328 2632 1546 2686 nomine
1571 2638 1777 2685 aterno
1805 2631 1915 2685 ha-

338 2743 355 2775 ι
402 2725 657 2781 reditahit
702 2724 873 2779 illum.
946 2744 964 2775 ι
1024 2724 1310 2795 Eleganter
1364 2723 1630 2792 expressit
1683 2720 1913 2777 formam

329 2816 696 2888 apostolorum
724 2826 780 2873 et
799 2817 1211 2887 pradicatorum
1244 2818 1417 2872 sancti
1449 2815 1745 2888 Evangelii,
1777 2830 1915 2885 quos

328 2911 510 2967 divina
531 2911 819 2983 sapientia,
862 2910 1114 2966 Christus
1152 2910 1419 2977 videlicet,
1444 2910 1536 2980 qui
1568 2918 1654 2965 est
1685 2910 1777 2965 Dei
1804 2910 1913 2965 vir-

324 3012 415 3058 tus
438 3010 495 3060 et
524 3002 621 3059 Dei
640 3003 926 3074 sapientia,
944 3003 1216 3059 universa
1228 3003 1529 3074 praposuit
1550 3002 1831 3069 Ecclesia,
1860 3012 1915 3059 et

326 3111 441 3166 prie
491 3097 704 3154 cateris
752 3096 990 3153 fidelium
1036 3097 1208 3153 turbis
1236 3097 1300 3151 .in
1326 3111 1457 3152 arce
1485 3097 1769 3168 dignitatis
1801 3096 1913 3152 col-

320 3188 554 3255 iocavit;
584 3190 730 3245 hunc
750 3204 882 3261 ergo
903 3199 1103 3245 catum
1129 3189 1389 3244 eximium
1419 3188 1703 3244 doctorum
1728 3186 1910 3242 divina

2023 1991 2216 2047 cadent
2244 1990 2298 2043 in
2341 1988 2549 2044 foveam
2584 1987 2918 2057 perditionis.

2098 2099 2116 2132 ι
2165 2079 2278 2134 Viri
2304 2080 2590 2135 mendaces
2615 2094 2723 2134 non
2752 2086 2911 2134 erunt
2934 2076 3077 2133 illius
3104 2091 3399 2144 memores,
3429 2084 3485 2133 et
3512 2075 3617 2151 virj

2026 2191 2046 2224 ο
2089 2187 2311 2227 veraces
2337 2171 2680 2227 invenientur
2704 2170 2758 2224 in
2794 2168 2904 2226 illa.
2937 2189 2955 2221 ι
3018 2167 3119 2236 Qui
3162 2175 3287 2223 sunt
3312 2167 3414 2222 viri
3458 2181 3614 2222 men-

2021 2268 2200 2330 daces,
2237 2266 2341 2320 nisi
2368 2264 2610 2320 haeretici
2631 2274 2688 2319 et
2719 2278 2910 2319 omnes
2935 2272 3284 2334 corruptores
3307 2261 3442 2333 legis
3479 2261 3617 2317 Dei?

2019 2359 2111 2428 qui
2140 2374 2244 2413 non
2274 2366 2402 2412 sunt
2438 2356 2717 2427 sapientia
2745 2354 2842 2410 Dei
2874 2369 3164 2419 memores,
3216 2353 3342 2424 quia
3372 2354 3616 2409 veritatis

2019 2458 2145 2505 sunt
2183 2449 2506 2512 desertores,
2546 2456 2601 2503 et
2627 2447 3007 2502 mandatorum
3040 2443 3241 2501 Christi
3278 2452 3615 2515 contempto-

2018 2557 2125 2599 res.
2160 2542 2217 2597 Si
2243 2542 2384 2596 enim
2408 2556 2640 2597 veraces
2665 2554 2784 2596 esse
2801 2540 3121 2605 voluissent,
3144 2554 3425 2610 nunquam
3446 2538 3616 2593 Evan-

2016 2630 2158 2703 gelio
2186 2630 2280 2686 Dei
2318 2631 2589 2685 contraria
2620 2628 2888 2685 sentirent
2910 2628 2997 2685 vel
3019 2629 3293 2685 docerent.
3341 2627 3433 2682 Ait
3465 2627 3611 2682 enim

2016 2723 2133 2795 ipsa
2158 2723 2404 2779 Veritas:
2451 2742 2469 2774 ε
2499 2721 2689 2779 Omnis
2733 2723 2825 2793 qui
2855 2731 2939 2778 est
2960 2738 3028 2778 ex
3058 2722 3308 2789 veritate,
3336 2720 3487 2776 audit
3514 2735 3613 2775 vo-

2014 2833 2134 2874 cem
2177 2832 2386 2872 meam:
2424 2837 2441 2869 »
2468 2817 2570 2871 viri
2608 2831 2736 2888 ergo
2757 2831 2981 2872 veraces
3016 2816 3136 2870 ideo
3180 2814 3530 2870 inveniuntur
3560 2812 3613 2866 in

2016 2909 2125 2975 illa,
2157 2909 2282 2979 quia
2310 2908 2600 2973 credendo,
2624 2907 2953 2973 meditando,
2987 2914 3152 2977 atque
3176 2906 3314 2961 bene
3335 2906 3613 2977 operando

2015 3016 2229 3071 semper
2249 3006 2655 3056 commorantur
2685 2998 2739 3052 in
2768 2997 2903 3067 ipsa.

2093 3119 2109 3150 ι
2148 3100 2212 3155 Et
2246 3114 2554 3156 successum
2580 3098 2863 3153 habebunt
2898 3113 3076 3168 usque
3104 3098 3173 3154 ad
3218 3097 3612 3169 inspectionem

2021 3210 2039 3242 ι
2078 3191 2191 3247 Dei.
2234 3212 2251 3244 ›
2298 3191 2361 3246 Hi
2392 3206 2520 3264 ergo
2545 3205 2875 3258 successum,
2908 3191 3011 3246 hoc
3041 3199 3143 3257 est,
3175 3190 3479 3261 profectum
3503 3191 3611 3246 vir-

324 3283 569 3353 ptﬂenlia
628 3283 774 3339 illius
821 3281 1055 3353 Spiritus
1111 3282 1195 3337 sui
1237 3281 1411 3353 gratia
1456 3278 1800 3345 ἱιιιιιιιίυθνίῑι
1853 3286 1909 3333 et
1938 3271 1983 3335 C
2010 3294 2189 3341 tutum
2216 3285 2511 3351 habebunt,
2562 3300 2733 3355 usque
2778 3285 2846 3340 ad
2873 3284 3388 3356 contemplationem
3427 3285 3612 3342 vultus

327 3374 462 3429 foris
492 3374 701 3445 copiam
758 3373 1078 3430 elocutionis
1126 3373 1549 3439 administravit,
1600 3381 1660 3427 ut
1707 3371 1908 3426 bonum

328 3466 474 3535 ⁸11³οά
523 3466 626 3537 ipsi
675 3465 1043 3537 intelligehant
1090 3472 1293 3531 mente,
1352 3464 1472 3519 aliis
1528 3461 1762 3519 facundo
1820 3478 1912 3518 ex-

324 3566 592 3628 ponerent
660 3570 953 3625 sermone;
1004 3567 1058 3613 et
1114 3566 1282 3627 recte,
1334 3564 1393 3610 ut
1438 3571 1683 3612 summus
1728 3554 1909 3611 Domi—

327 3667 452 3718 nus,
482 3651 579 3722 qui
596 3651 790 3707 electis
814 3650 1092 3721 discipulis
1116 3651 1231 3706 suis
1258 3648 1548 3707 sacerdotii
1582 3648 1905 3720 dignitatem

326 3743 537 3810 tribuit,
558 3743 886 3816 elegantiam
912 3743 1078 3799 simul
1108 3759 1256 3798 sana
1282 3742 1564 3807 doctrina,
1600 3749 1655 3796 et
1675 3741 1905 3797 avidita-

322 3852 437 3898 tem
476 3854 755 3898 sacram
778 3841 1042 3895 virtutum
1078 3840 1359 3904 tribueret,
1407 3846 1673 3908 quatenus
1710 3852 1906 3892 nomen

318 3937 522 3992 bonum
550 3941 607 3992 et
644 3935 928 4007 ριἀηἰιιω
962 3947 1212 4004 magnum
1252 3934 1311 3987 in
1343 3930 1551 3987 calcati
1599 3944 1766 4001 regno
1806 3945 1907 4000 pro

318 4032 425 4086 hoc
464 4028 849 4086 hmditarent
876 4028 932 4083 in
952 4035 1296 4099 perpetuum.

398 4144 415 4174 ε
460 4122 719 4180 Homines
738 4122 890 4179 stuiti
915 4137 1022 4177 non
1049 4124 1460 4193 apprehendent
1481 4124 1662 4189 illam;
1715 4131 1773 4178 et
1805 4120 1901 4176 ho-

324 4236 345 4265 ‹
389 4216 566 4271 mines
603 4215 809 4272 sensati
862 4214 1158 4271 obviabunt
1195 4214 1302 4270 illi.
1358 4234 1379 4268 ο
1426 4214 1688 4271 Homines
1752 4210 1903 4267 stulti

319 4318 446 4365 sunt
492 4310 712 4381 pagani,
749 4310 841 4380 qui
866 4309 1010 4365 idola
1046 4322 1188 4364 vana
1220 4309 1409 4365 colunt
1458 4324 1556 4379 pro
1600 4321 1731 4364 vero
1758 4307 1900 4371 Deo;

308 4408 444 4455 sunt
469 4411 528 4457 et
565 4399 762 4467 Judaei,
781 4402 875 4472 qui
907 4400 1283 4470 ornetfigentes
1327 4399 1527 4457 Filium
1557 4399 1679 4467 Dei,
1704 4408 1762 4455 et
1790 4414 1904 4456 res-

314 4500 545 4562 puentes
596 4493 946 4566 Evangelium
1002 4494 1121 4565 ejus
1159 4493 1488 4565 temporibus
1520 4494 1733 4566 gratia,
1786 4506 1905 4548 um-

314 4588 470 4641 bram
494 4584 630 4658 legis
661 4598 881 4641 servare
922 4586 1133 4641 vdent.
1173 4584 1310 4641 Sunt
1336 4586 1500 4641 etiam
1530 4593 1586 4641 et
1629 4584 1894 4650 haretici,

317 4681 407 4751 qui
437 4681 805 4737 sinceritatem
836 4694 1118 4737 sacrarum
1155 4680 1559 4751 Scripturarum
1587 4679 1701 4735 suis
1746 4693 1895 4734 erro-

318 4774 467 4831 ribus
500 4783 873 4844 corrumpunt,
901 4782 958 4829 et
980 4774 1230 4829 homines
1256 4772 1408 4828 falsis
1444 4772 1709 4828 doctrinis
1754 4770 1897 4826 deci-

314 4865 489 4936 piunt.
517 4864 584 4921 Hi
604 4879 734 4936 ergo
755 4880 946 4920 omnes
971 4879 1075 4919 non
1103 4864 1513 4934 apprehendent
1544 4864 1894 4933 sapientiam,

313 4961 440 5031 quia
476 4959 715 5031 Spiritus
738 4967 961 5016 sanctus
1000 4958 1294 5029 disciplina
1315 4956 1537 5027 effugiet
1578 4957 1799 5021 ﬁctum;
1844 4966 1897 5011 et

314 5053 371 5107 in
416 5051 741 5108 malevoiam
793 5052 1029 5106 animam
1070 5064 1178 5104 non
1223 5048 1468 5104 introibit
1516 5048 1803 5119 sapientia.
1853 5048 1897 5102 E

315 5146 593 5202 contrario
612 5153 798 5200 autem
822 5143 1077 5200 homines
1117 5142 1338 5205 sensati,
1372 5142 1475 5196 hoc
1511 5148 1617 5207 est,
1650 5140 1896 5196 homines

314 5238 569 5295 catholici
593 5246 649 5293 et
676 5235 1014 5307 religiosighi
1036 5235 1261 5290 obviam
1280 5232 1380 5298 illi,
1394 5233 1520 5302 quia
1547 5231 1891 5303 cogitatione,

316 5345 589 5398 sermone,
617 5330 777 5387 simul
805 5338 860 5385 et
882 5340 1047 5399 opere
1072 5328 1271 5383 divina
1295 5326 1593 5381 decernunt
1617 5326 1896 5394 obtempe-

314 5438 441 5480 rare
472 5424 755 5479 voluntati.
808 5421 1068 5492 Superius
1113 5420 1258 5475 enim
1308 5420 1552 5484 dixerat,
1599 5416 1743 5488 quod
1798 5417 1896 5486 qui

301 5520 600 5578 'continens
622 5526 769 5574 esset
783 5516 1024 5587 justitia,
1042 5517 1088 5570 is
1107 5513 1535 5584 apprehenderet
1549 5512 1891 5582 sapientiam,

311 5623 369 5670 et
421 5614 668 5671 obviaret
694 5612 771 5667 illi
815 5612 967 5681 quasi
1006 5616 1191 5664 mater
1240 5605 1622 5672 honorificam;
1670 5617 1727 5661 et
1751 5619 1895 5660 nunc

314 5704 450 5761 dicit
504 5713 781 5762 sensatum
812 5704 1081 5759 hominem
1117 5701 1338 5756 obviare
1372 5699 1546 5754 eidem
1591 5697 1891 5768 sapientia,

300 5808 376 5856 'ut
419 5796 787 5868 intelligamus
830 5797 1066 5851 divinam
1114 5795 1370 5864 pietatem
1416 5805 1632 5861 semper
1661 5805 1891 5860 pronam

319 5909 441 5951 esse
491 5892 560 5950 ad
589 5889 1038 5955 misericordiam,
1075 5898 1121 5943 ei
1176 5894 1363 5956 sponte
1389 5898 1540 5939 suam
1584 5882 1894 5938 hominibus

1922 4636 1976 4697 D

2011 3378 2129 3445 Dei,
2178 3380 2350 3435 donec
2385 3388 2589 3434 aterna
2619 3378 2867 3436 claritate
2914 3379 3108 3434 divina
3158 3376 3459 3448 maiestatis
3486 3394 3610 3434 cum

2011 3469 2216 3543 angelis
2256 3469 2346 3525 Dei
2376 3468 2762 3540 perpetualiter
2790 3470 3054 3524 satientur
3078 3511 3091 3535 ,
3147 3477 3203 3525 et
3233 3468 3526 3540 impleatur
3554 3470 3609 3524 in

2009 3564 2089 3620 eis
2116 3563 2245 3618 illud
2267 3558 2567 3620 Psalmista
2590 3561 2735 3633 quod
2762 3562 2828 3617 de
2848 3562 3036 3617 electis
3059 3561 3154 3617 Dei
3182 3562 3281 3617 sub
3310 3570 3438 3633 typo
3454 3562 3610 3618 bona

2009 3655 2221 3711 arboris
2267 3655 2530 3727 protulit,
2582 3656 2810 3711 dicens:
2872 3672 2893 3705 ι
2924 3653 3041 3709 Erit
3090 3663 3349 3724 tanquam
3398 3653 3607 3727 lignum

2007 3750 2150 3821 quod
2198 3750 2496 3820 plantatum
2523 3757 2607 3805 est
2634 3764 2791 3805 secus
2819 3749 3080 3804 decursus
3107 3763 3373 3820 aquarum
3400 3787 3416 3813 ,
3463 3745 3609 3816 quod

2004 3841 2241 3898 fructum
2278 3858 2437 3897 suum
2466 3841 2616 3897 dabit
2644 3842 2696 3896 in
2728 3850 2969 3911 tempore
2998 3857 3133 3906 suo;
3184 3849 3242 3896 et
3272 3838 3459 3895 folium
3491 3836 3609 3907 ejus

2005 3952 2112 3994 non
2154 3938 2385 4005 decidet,
2438 3944 2495 3992 et
2534 3936 2715 3993 omnia
2762 3951 3093 4006 quacunque
3144 3933 3334 3989 fecerit
3386 3946 3609 4002 prospe-

2004 4031 2272 4085 rabuntur
2309 4029 2480 4102 (Psal.
2519 4028 2583 4101 ι).
2612 4047 2636 4082 θ
2696 4028 3066 4084 Ambulahunt
3114 4026 3259 4081 enim
3308 4024 3373 4080 de
3406 4023 3608 4078 virtute

2004 4121 2061 4178 in
2091 4122 2380 4188 virtutem;
2410 4120 2680 4176 videbitur
2712 4120 2851 4175 Deus
2875 4119 3101 4175 deorum
3138 4117 3191 4172 in
3221 4114 3371 4172 Sion.
3402 4102 3448 4170 E
3480 4128 3607 4168 con-

2006 4216 2177 4271 trario
2204 4229 2356 4281 vero,
2406 4214 2536 4283 quid
2571 4220 2831 4283 sequatur
2862 4211 2928 4268 de
2967 4208 3297 4266 adversariis
3330 4207 3464 4279 legis
3510 4205 3605 4260 Dei

2004 4308 2301 4363 videamus.

2081 4418 2099 4450 ι
2132 4398 2249 4454 Non
2272 4406 2359 4453 est
2386 4396 2629 4467 speciosa
2656 4395 2776 4449 laus
2796 4393 2851 4448 in
2882 4407 2976 4448 ore
2998 4388 3324 4462 peccatoris,
3348 4386 3603 4459 quoniam

2007 4512 2026 4545 ι
2056 4508 2165 4549 non
2185 4500 2268 4547 est
2297 4506 2328 4544 a
2361 4489 2592 4545 Domino
2616 4488 2833 4543 missus.
2875 4506 2895 4538 ι
2924 4483 3042 4540 Non
3073 4491 3155 4539 est
3179 4482 3322 4537 enim
3347 4479 3459 4535 Deo
3485 4478 3601 4550 pla-

1999 4587 2109 4644 cita
2159 4585 2403 4641 doctrina
2460 4583 2862 4647 haereticorum,
2912 4593 3032 4649 qua
3074 4574 3264 4631 fraude
3292 4582 3348 4630 et
3396 4570 3603 4627 malitia

2000 4682 2159 4752 plena
2188 4689 2291 4745 est,
2323 4687 2378 4734 et
2405 4675 2686 4731 mendacio
2713 4673 2933 4737 sordet;
2968 4686 3080 4726 .nec
3111 4668 3212 4740 ipsi
3239 4682 3306 4723 ex
3334 4664 3468 4729 Deo,
3498 4662 3602 4719 hoc

1999 4784 2117 4841 est,
2167 4774 2235 4828 ab
2273 4771 2475 4842 Spiritu
2508 4768 2605 4824 Dei
2664 4773 2791 4822 sunt
2833 4764 2901 4820 ad
2938 4760 3348 4835 praedicandum
3386 4755 3599 4821 directi,

2000 4866 2097 4923 sed
2122 4864 2357 4934 maligno
2388 4861 2580 4932 spiritu
2607 4856 2777 4914 inflati
2816 4871 2878 4911 ex
2908 4854 3071 4911 corde
3100 4868 3197 4907 suo
3225 4847 3506 4921 proferunt
3536 4860 3599 4900 ea

1999 4974 2121 5030 qua
2148 4970 2403 5026 perverse
2445 4954 2756 5024 loquuntur.
2802 4951 2878 5005 De
2922 4948 3119 5018 quibus
3149 4943 3438 5000 Psalmista
3470 4941 3547 4996 ait
3577 4957 3591 4994 :

2007 5066 2026 5100 ι
2066 5047 2230 5102 Labia
2261 5046 2443 5101 dolosa
2476 5045 2532 5099 in
2559 5043 2742 5107 corde,
2798 5050 2853 5097 et
2885 5038 3048 5095 corde
3076 5035 3239 5093 locuti
3262 5040 3387 5090 sunt
3415 5030 3555 5087 mala
3585 5050 3597 5086 :

1998 5141 2272 5211 disperdat
2302 5138 2561 5194 Dominus
2584 5137 2839 5192 universa
2869 5133 3010 5189 labia
3040 5130 3246 5195 dolosa,
3277 5135 3333 5182 et
3360 5124 3601 5195 linguam

1999 5231 2449 5302 magniloquam:
2510 5228 2602 5300 qui
2669 5226 2964 5281 dixerunt:
3026 5221 3296 5289 Linguam
3354 5221 3601 5271 nostram

1998 5323 2489 5395 magnificahimus,
2539 5320 2680 5375 labia
2719 5326 2904 5374 nostra
2943 5333 2973 5371 a
3000 5311 3156 5371 nobis
3180 5318 3325 5377 sunt,
3356 5308 3480 5381 quis
3506 5322 3601 5361 no-

1998 5427 2111 5474 ster
2142 5416 2400 5472 Dominus
2422 5412 2595 5486 (Paul.
2625 5411 2726 5484 ii)?
2759 5432 2778 5464 ο
2835 5406 2977 5477 Hinc
3002 5417 3056 5464 et
3074 5422 3173 5479 per
3198 5403 3490 5461 Jeremiam
3520 5398 3601 5453 di-

2000 5513 2173 5568 citur:
2202 5531 2218 5561 ‹
2241 5509 2399 5563 Falso
2425 5507 2701 5578 propheta
2722 5504 3086 5559 vaticinantur
3108 5500 3164 5555 in
3187 5496 3408 5553 nomine
3438 5503 3591 5548 meo:

2003 5620 2111 5660 non
2138 5603 2258 5658 misi
2285 5617 2398 5665 eos,
2426 5610 2482 5655 et
2512 5614 2617 5654 non
2642 5597 2874 5669 pracepi
2894 5596 2998 5662 eis,
3025 5606 3200 5663 neque
3234 5589 3445 5645 locutus
3475 5596 3593 5637 sum

1934 5684 1939 5689 ’
2003 5696 2073 5751 ad
2100 5710 2213 5750 eos.
2266 5691 2542 5748 Visionem
2590 5690 2928 5755 mendacem,
2979 5693 3036 5741 et
3069 5679 3503 5740 divinationem,
3540 5679 3597 5727 et

2000 5786 2443 5850 fraudulentiam,
2470 5793 2525 5839 et
2562 5784 2928 5841 seductionem
2958 5776 3139 5836 cordis
3159 5772 3243 5832 sui
3267 5766 3596 5844 prophetam

2001 5878 2156 5936 vobis
2185 5874 2357 5951 (Hier.
2391 5874 2525 5948 xw).
