4030 6510
673 297 702 314 δ

505 357 609 415 863

1137 359 1199 415 Β.
1240 358 1496 416 ΒΛΒΑΝῘ
1534 357 1753 418 MAURI
1789 354 2051 417 ARCHIE:

2156 357 2460 416 MOGUNT.
2505 357 2794 416 OPERUM
2830 357 3013 414 PARS
3048 357 3091 414 1.

3654 361 3773 418 865

580 492 598 524 1
638 473 899 540 Quoniam
935 489 965 529 a
991 474 1102 530 Deo
1131 475 1369 547 profecta
1397 483 1480 531 est
1501 477 1786 547 Sapientia.
1820 495 1838 528 1
1882 473 2068 530 Omnis
2095 477 2146 538 Α
2170 483 2288 530 est:
2348 494 2367 527 1
2405 475 2751 546 Concupiscis
2788 476 3149 547 sapientiam?
3187 473 3358 532 Serva
3387 475 3672 546 mandata,
3710 488 3774 534 et

502 566 643 619 enim
673 565 932 636 sapientia
965 566 1128 638 (sicut
1175 567 1501 636 principium
1549 566 1669 620 libri
1716 565 1874 634 hujus
1913 573 2079 619 testa-

503 655 608 726 tur)
638 670 667 708 a
693 655 918 712 Domino
945 657 1053 712 Deo
1073 664 1177 724 est,
1209 657 1334 726 quia
1365 656 1613 712 Christus
1655 657 1965 728 unigenitus
1985 653 2080 711 Dei

498 746 665 802 Filius
697 764 727 803 a
773 749 883 804 Deo
925 749 1088 805 Patre
1126 755 1286 804 natus
1313 757 1416 814 est,
1445 749 1535 818 qui
1563 749 1617 803 in
1644 747 1935 820 Evangelio
1964 749 2078 802 ait:

503 857 522 889 1
558 839 711 894 Exivi
737 856 768 895 a
795 841 976 908 Patre,
1006 850 1060 897 et
1082 841 1205 897 veni
1234 843 1290 896 in
1327 841 1586 896 mundum
1632 839 1811 911 (Joan.
1841 839 1953 912 xw)
1980 857 1994 906 ;
2024 847 2079 896 et

497 931 734 986 iterum:
775 950 794 984 1
827 932 938 1003 Ego
980 932 1072 1000 lux
1120 933 1172 988 in
1216 933 1360 987 hunc
1408 932 1668 986 mundum
1714 931 1838 986 veni
1890 929 2075 1002 (Joan.

495 1024 616 1097 xu).
648 1045 666 1078 ι
715 1025 762 1079 Α
790 1025 902 1082 Deo
951 1026 1095 1081 enim
1143 1024 1385 1096 profecta
1429 1032 1513 1079 est
1564 1024 1848 1095 sapientia,
1886 1023 2014 1092 quia
2043 1037 2075 1078 a

496 1117 640 1173 fonte
680 1118 803 1174 vitae
830 1119 1091 1190 processit
1119 1119 1362 1174 veritatis
1411 1118 1679 1184 doctrina,
1712 1117 1797 1173 cui
1826 1117 1930 1174 rite
1959 1133 2076 1172 om-

494 1209 578 1264 nis
617 1210 874 1280 competit
896 1210 1032 1276 laus,
1062 1209 1234 1265 virtus
1275 1218 1328 1265 et
1357 1209 1546 1280 gloria.
1598 1208 1752 1265 Unde
1800 1217 1854 1264 et
1896 1209 2074 1279 sequi-

495 1309 582 1356 tur
614 1321 628 1357 :

570 1411 587 1443 1
621 1391 910 1464 Sapientiae
936 1391 1080 1449 enim
1122 1391 1219 1448 Dei
1250 1393 1446 1448 astabit
1475 1391 1611 1457 laus,
1651 1399 1706 1446 et
1734 1390 1786 1446 in
1812 1406 1905 1447 ore
1928 1391 2070 1447 ﬁdeli

498 1499 517 1534 1
559 1483 871 1550 abundabit,
926 1491 979 1538 et
1023 1484 1328 1540 dominator
1355 1485 1502 1540 dabit
1550 1499 1668 1540 eam
1699 1484 1775 1539 illi
1811 1483 1896 1556 (II
1930 1485 2066 1540 Tim.

491 1577 574 1649 11).
606 1599 624 1632 ι
651 1580 751 1635 Dat
770 1580 912 1635 enim
929 1581 1185 1636 Dominus
1209 1580 1348 1636 ﬁdeli
1373 1581 1599 1636 amatori
1624 1596 1720 1636 suo
1740 1579 2068 1636 intellectum

490 1668 763 1740 sapientia:
807 1679 863 1725 et
907 1671 1072 1726 verba
1115 1672 1440 1741 prudentiae,
1488 1679 1546 1726 ut
1596 1671 1727 1743 legis
1768 1688 1876 1727 sua:
1903 1687 2066 1726 verax

489 1759 701 1830 agnitor
740 1767 793 1816 et
820 1759 1041 1818 idoneus
1085 1762 1272 1818 doctor
1317 1763 1545 1828 existat;
1593 1777 1693 1818 nec
1725 1762 1838 1832 ipse
1864 1762 2063 1818 donum
2090 1805 2139 1865 Β
2167 1763 2270 1836 111).
2312 1783 2330 1816 ι

487 1851 752 1922 largitatis
802 1868 910 1908 suae
936 1853 1094 1909 alicui
1144 1854 1363 1920 invidet,
1394 1855 1485 1925 qui
1524 1854 1637 1910 vult
1669 1869 1858 1910 omnes
1885 1854 2062 1910 homi-

485 1959 581 1998 nes
611 1944 787 2000 salvos
807 1960 944 2013 esse,
973 1953 1026 2002 et
1045 1947 1111 2002 ad
1137 1947 1464 2016 agnitionem
1484 1948 1726 2003 veritatis
1745 1947 2060 2017 pervenire;

489 2036 611 2092 ideo
639 2047 1031 2108 consequenter
1059 2039 1208 2094 dicit.

559 2150 578 2183 1
613 2131 731 2189 Non
760 2133 960 2189 dixeris
999 2149 1096 2204 per
1125 2135 1290 2190 Deum
1313 2135 1465 2191 abest
1491 2154 1503 2189 :
1535 2150 1655 2206 quae
1685 2133 1802 2189 odit
1827 2134 1969 2189 enim
1998 2147 2066 2190 ne

485 2219 694 2277 feceris.
731 2242 751 2275 ι
813 2222 1121 2280 Cavendum
1173 2232 1256 2281 est
1305 2241 1372 2281 ne
1400 2240 1464 2280 ea
1506 2225 1790 2290 faciamus,
1841 2240 1960 2294 qua:
1987 2224 2064 2280 illi

483 2313 768 2384 displicere
791 2315 1009 2371 omnino
1033 2332 1141 2372 non
1170 2316 1504 2388 ignoramus,
1532 2323 1586 2370 et
1609 2316 1686 2371 sic
1713 2315 1828 2386 ejus
1854 2315 2067 2384 sapien-

483 2405 570 2459 tia:
596 2407 861 2463 veraciter
911 2409 1205 2478 participes
1257 2424 1460 2464 sumus.
1511 2408 1664 2465 Unde
1698 2417 1752 2464 et
1802 2408 2064 2479 scriptum

2185 565 2442 622 Dominus
2468 567 2728 636 praebebit
2755 567 2899 622 illam
2927 566 3023 621 tibi
3051 565 3220 635 (Eccl.
3251 567 3310 638 1).
3352 587 3371 620 ι

2261 677 2278 709 1
2316 657 2432 713 Non
2467 659 2614 714 dicas
2644 677 2657 712 :
2703 658 2793 714 llle
2823 673 2911 714 me
2942 658 3285 729 implanavit;
3333 674 3444 714 non
3482 659 3628 715 enim
3665 675 3775 715 ne-

2188 765 2208 799 1
2243 749 2463 805 cessarii
2505 757 2629 805 sunt
2657 749 2731 804 illi
2774 749 3017 806 homines
3047 750 3216 821 impii.
3262 769 3280 803 1
3333 750 3450 807 Non
3494 759 3582 808 est
3611 753 3770 806 enim

2180 842 2380 898 erroris
2409 842 2602 908 nostri,
2653 849 2708 896 et
2745 856 2925 912 pravae
2967 841 3193 897 actionis
3233 856 3396 897 causa
3442 842 3553 897 Deo
3583 842 3766 912 depu-

2179 937 2358 1002 tanda,
2395 935 2519 1006 quia
2549 935 2702 990 ruina
2726 943 2910 991 nostra
2934 951 3042 991 non
3063 941 3148 992 est
3165 933 3244 990 illi
3276 935 3616 1001 necessaria,
3663 935 3767 990 sed

2179 1027 2349 1095 magis
2384 1027 2496 1096 ipse
2521 1026 2714 1082 allevat
2741 1041 2929 1081 omnes
2955 1026 3045 1095 qui
3089 1034 3272 1093 ruunt,
3300 1035 3353 1081 et
3378 1026 3538 1096 erigit
3563 1040 3768 1081 omnes

2176 1117 2376 1183 elisos;
2427 1118 2493 1173 de
2522 1133 2629 1188 quo
2672 1117 2904 1173 Jacobus
2952 1118 3225 1188 apostolus
3267 1118 3321 1172 in
3365 1117 3607 1187 Epistola
3660 1132 3765 1172 sua

2176 1209 2407 1279 scripsit,
2445 1209 2631 1266 dicens
2659 1225 2674 1264 :
2707 1228 2726 1261 1
2760 1209 2930 1266 Nemo
2950 1225 3074 1266 cum
3098 1217 3352 1274 tentatur,
3383 1210 3530 1265 dicat
3559 1208 3708 1278 quod
3733 1224 3764 1261 :1

2174 1301 2284 1357 Deo
2313 1310 2584 1356 tentetur:
2637 1303 2778 1357 Deus
2826 1302 2972 1357 enim
3021 1302 3315 1356 intentator
3359 1301 3631 1355 malorum
3675 1306 3768 1354 est

2174 1391 2382 1465 (Iacob.
2417 1393 2458 1463 1)
2490 1409 2503 1460 ;
2536 1411 2556 1445 ›
2600 1391 2917 1448 subauditur
2957 1399 3426 1455 tentamentorum,
3469 1390 3589 1460 ipse
3610 1391 3763 1444 enim

2172 1483 2439 1539 neminem
2468 1490 2655 1538 tcutat.
2686 1503 2704 1536 ι
2737 1483 2813 1537 Ea
2839 1483 3082 1538 videlicet
3110 1483 3426 1547 tentatione,
3461 1497 3586 1551 quae
3611 1481 3764 1536 deci-

2167 1575 2248 1644 pit
2281 1575 2510 1630 miseros
2540 1583 2600 1629 ut
2630 1582 2855 1645 peccent
2882 1592 2894 1627 :
2933 1593 2950 1626 1
2975 1556 3158 1629 'Bonus
3190 1581 3276 1629 est
3316 1574 3464 1627 enim
3493 1572 3762 1628 Dominus

2169 1669 2510 1740 sperantibus
2537 1670 2591 1724 in
2641 1684 2731 1738 se,
2784 1669 2977 1724 animae
3019 1667 3280 1739 quterenti
3328 1666 3481 1722 illum
3531 1665 3759 1738 (Thren.

2246 1875 2264 1908 1
2308 1857 2479 1913 Omne
2504 1864 2970 1914 exsecramentum
2998 1855 3200 1912 erroris
3227 1855 3342 1912 odit
3361 1855 3527 1923 Deus,
3557 1863 3615 1909 et
3645 1870 3756 1910 non

2172 1969 2192 2003 1
2236 1950 2339 2007 crit
2377 1951 2609 2007 amabile
2654 1951 2964 2007 timentibus
2992 1948 3160 2004 illum.
3194 1968 3212 2001 ι
3257 1948 3410 2004 Sicut
3457 1948 3606 2004 enim
3633 1962 3756 2002 om-

2161 2059 2283 2099 nem
2321 2059 2560 2100 errorem
2588 2045 2884 2099 detestatur
2914 2040 3078 2107 Deus,
3125 2041 3202 2096 sic
3227 2047 3281 2095 et
3327 2039 3416 2094 ille
3453 2039 3545 2108 qui
3597 2037 3756 2091 timet

2162 2137 2354 2203 Deum,
2407 2146 2722 2194 exsecratur
2750 2136 3055 2192 universam
3102 2134 3307 2191 erroris
3329 2132 3657 2204 nequitiam,
3699 2139 3758 2185 et

2161 2231 2306 2286 omni
2360 2231 2538 2286 studio
2583 2237 2745 2300 atque
2774 2229 3068 2300 sagacitate
3104 2225 3320 2283 festinat
3353 2224 3644 2296 pervenire
3683 2223 3753 2278 ad

2165 2323 2408 2381 veritatis
2433 2323 2701 2380 notitiam.

1659 2715 1955 2795 LIBER
2031 2714 2509 2811 QUARTUS

994 2952 1220 3015 CAPUT
1253 2956 1544 3016 PRIMUM.

481 3044 634 3110 Quod
661 3046 802 3102 Deus
849 3047 913 3101 ab
959 3048 1106 3103 initio
1151 3051 1411 3106 hominem
1460 3053 1775 3109 constituens
1800 3054 1854 3109 in
1890 3071 2050 3109 manu

929 3135 1028 3174 sua
1056 3120 1329 3176 consilium
1360 3123 1590 3194 reliquit.

555 3245 572 3277 1
605 3227 745 3284 Deus
790 3228 858 3284 ab
890 3228 1040 3286 initio
1078 3233 1353 3289 constituit
1381 3236 1652 3292 hominem
1676 3277 1692 3303 ,
1733 3243 1788 3292 et
1837 3235 2055 3308 reliquit

481 3339 499 3370 1
537 3320 686 3376 illum
717 3323 768 3377 in
816 3338 978 3379 manu
1027 3327 1232 3383 consilii
1285 3329 1408 3385 sui:
1451 3331 1647 3402 adjecit
1703 3330 1956 3386 mandata
1999 3340 2054 3386 et

480 3432 499 3465 ε
535 3425 801 3487 praecepta
831 3435 946 3476 sua.
970 3441 989 3474 ι
1019 3420 1274 3478 Conditor
1301 3437 1429 3494 ergo
1455 3431 1638 3480 noster
1661 3424 1876 3494 quando
1901 3439 2054 3480 crea-

471 3510 547 3593 vit
575 3513 770 3568 coelum
799 3523 852 3569 et
893 3525 1113 3583 terram,
1143 3527 1197 3573 ct
1225 3521 1468 3575 diversas
1517 3521 1725 3591 species
1751 3521 2050 3592 germinum

473 3610 634 3670 atque
661 3605 975 3663 animalium
1006 3610 1059 3664 in
1079 3611 1158 3666 eis
1201 3627 1322 3667 esse
1348 3613 1644 3680 constituit,
1676 3611 1952 3668 hominem
1982 3615 2050 3668 ad

475 3691 762 3762 imaginem
813 3711 965 3753 suam
1009 3701 1278 3767 condidit,
1321 3703 1637 3773 caeterisque
1687 3703 2050 3759 animantibus

474 3781 622 3836 illum
653 3785 889 3855 prmfecit
910 3829 925 3855 ,
957 3789 1090 3847 dans
1133 3791 1208 3847 illi
1232 3792 1461 3850 liberum
1509 3794 1814 3860 arbitrium,
1846 3804 1907 3850 ut
1934 3797 2050 3867 ipse

472 3876 758 3948 imaginem
796 3881 891 3937 Dei
916 3891 1124 3951 tenens,
1179 3893 1378 3954 quanto
1405 3886 1687 3956 gloriosior
1722 3885 1912 3943 fuisset
1939 3903 2048 3944 cat-

472 3969 621 4037 teris,
654 3979 806 4030 tanto
836 3977 1078 4032 devotior
1113 3985 1256 4033 esset
1294 3978 1349 4032 in
1376 3976 1708 4047 subiectione
1736 3980 1818 4036 sui
1857 3980 2046 4036 condi-

470 4064 622 4118 toris.
656 4065 762 4121 Sed
788 4067 878 4123 ille
897 4069 1097 4126 abusus
1116 4085 1372 4126 concessa
1396 4070 1498 4128 hac
1519 4080 1786 4142 potestate
1808 4088 1906 4144 per
1925 4089 2048 4144 sug-

469 4156 766 4225 gestionem
795 4161 1000 4231 antiqui
1041 4163 1304 4232 serpentis
1328 4167 1501 4220 erexit
1522 4181 1580 4222 se
1610 4167 1663 4221 in
1695 4168 2047 4224 contrarieta-

471 4256 577 4301 tem
625 4250 708 4304 sui
755 4251 997 4319 artiﬁcis,
1029 4254 1215 4310 volens
1243 4257 1459 4326 propria
1489 4259 1565 4313 uti
1594 4268 1861 4328 potestate
1883 4302 1899 4324 ,
1943 4277 2044 4316 nec

467 4339 711 4394 subditus
738 4356 856 4397 esse
899 4345 998 4400 sub
1024 4347 1286 4402 creatoris
1324 4349 1405 4402 sui
1451 4349 1833 4404 dominatione.
1889 4350 2043 4407 Unde

468 4431 771 4490 factum-cst
790 4446 849 4492 ut
876 4447 1243 4509 trausgressor
1266 4441 1641 4496 mandatorum
1656 4443 1750 4497 Dei
1777 4445 2038 4512 existens,

2156 2961 2328 3018 solum
2357 2959 2571 3032 culpant
2618 2957 2774 3014 malae
2801 2956 3094 3014 voluntatis
3135 2963 3190 3014 et
3236 2956 3466 3013 actionis
3495 2957 3739 3012 remitte-

2155 3065 2256 3121 ret,
2290 3054 2383 3110 sed
2410 3054 2576 3108 etiam
2609 3052 2749 3108 bene
2777 3050 2932 3118 velle,
2964 3066 3124 3122 agere
3153 3059 3314 3121 atque
3342 3050 3395 3104 in
3420 3049 3507 3104 his
3529 3064 3744 3119 perma-

2155 3165 2283 3203 nere
2312 3149 2539 3203 donaret
2566 3167 2578 3202 :
2613 3161 2633 3196 1
2665 3143 2836 3201 Omne
2861 3143 3007 3200 enim
3030 3185 3045 3208 ,
3082 3143 3254 3215 inquit
3280 3141 3560 3213 apostolus
3587 3139 3742 3195 Jaco-

2156 3240 2276 3304 bus,
2323 3241 2506 3296 datum
2544 3241 2844 3311 optimum,
2893 3245 2947 3292 et
2991 3250 3150 3293 omne
3196 3235 3397 3290 denunt
3436 3233 3741 3303 perfectum

2157 3330 2439 3385 desursum
2467 3338 2570 3396 est,
2601 3331 2935 3386 descendens
2964 3344 2994 3383 a
3035 3336 3190 3398 patre
3215 3326 3478 3380 luminum
3527 3325 3738 3395 (Iacob.

2153 3422 2194 3492 1)
2227 3441 2238 3477 :
2271 3442 2289 3474 ι
2321 3423 2413 3494 qui
2439 3424 2595 3494 quale
2629 3425 2701 3480 sit
2737 3424 2965 3478 liberum
2992 3422 3297 3489 arbitrium,
3329 3420 3474 3490 quod
3498 3421 3740 3474 humano

2153 3515 2344 3586 spiritu
2370 3516 2566 3587 agitur,
2613 3525 2669 3573 et
2692 3515 2850 3587 quale
2890 3516 2960 3572 sit
2983 3515 3125 3585 quod
3150 3528 3182 3569 a
3208 3513 3318 3569 Deo
3357 3514 3589 3585 regitur,
3621 3514 3737 3568 evi-

2151 3608 2341 3664 denter
2369 3609 2644 3674 ostendit,
2689 3608 2876 3664 dicens
2903 3625 2917 3661 :
2971 3626 2990 3658 1
3023 3605 3178 3674 Quod
3210 3606 3256 3662 si
3281 3603 3456 3661 zelum
3488 3619 3737 3660 amarum

2151 3702 2376 3767 habetis,
2402 3711 2459 3758 et
2481 3702 2856 3758 contentiones
2883 3701 2990 3756 sint
3013 3700 3068 3756 in
3096 3698 3346 3756 cordibus
3371 3699 3590 3765 vestris,
3635 3715 3738 3754 no-

2150 3791 2242 3849 lite
2271 3793 2487 3865 gloriari
2521 3793 2807 3849 adversum
2837 3793 3120 3848 veritatem
3167 3798 3224 3847 et
3247 3793 3541 3847 mendaces
3569 3806 3693 3848 esse
3717 3809 3733 3844 :

2148 3899 2258 3940 non
2302 3892 2386 3940 est
2437 3884 2542 3940 ista
2591 3884 2850 3956 sapientia
2901 3882 3186 3939 desursum
3231 3882 3588 3948 descendens,
3641 3883 3736 3938 sed

2147 3985 2383 4044 terrena,
2413 3976 2684 4044 animalis,
2721 3975 3019 4043 diabolica;
3047 3975 3138 4032 ubi
3174 3975 3317 4032 enim
3353 3976 3500 4032 zelus
3526 3985 3584 4032 et
3606 3991 3735 4033 cou-

2149 4069 2339 4134 tentio,
2389 4068 2464 4123 ibi
2491 4067 2850 4124 inconstantia
2880 4075 2934 4123 et
2967 4082 3125 4123 omne
3149 4082 3286 4137 opus
3317 4082 3541 4137 pravum
3568 4083 3584 4122 :
3609 4083 3730 4138 qua:

2145 4170 2326 4217 autem
2379 4161 2660 4218 desursum
2701 4168 2783 4217 est
2813 4159 3103 4230 sapientia,
3131 4159 3364 4230 primum
3389 4159 3608 4229 quidem
3631 4175 3732 4229 pu-

2144 4253 2265 4309 dica
2296 4261 2398 4319 est,
2424 4254 2615 4310 deinde
2641 4251 2884 4323 paciﬁca,
2920 4252 3183 4317 modesta,
3211 4251 3510 4317 suadibilis,
3568 4251 3728 4320 plena

2145 4347 2517 4402 misericordia
2552 4355 2606 4400 et
2627 4345 2891 4401 fructibus
2912 4343 3088 4409 bonis,
3131 4357 3236 4398 non
3263 4342 3583 4411 dijudicans,
3608 4344 3730 4399 sine

2144 4437 2483 4492 simulatione
2522 4436 2725 4508 (Iacob.
2765 4435 2850 4508 11).
2887 4453 2906 4488 ι
2942 4433 3260 4504 Quicunque
3285 4450 3414 4506 ergo
3444 4435 3529 4491 his
3559 4436 3729 4490 virtu-

467 4524 518 4577 id
549 4527 688 4593 quod
720 4529 1000 4584 sublimius
1033 4531 1239 4600 accepit
1279 4547 1390 4600 prae
1434 4535 1642 4590 caeteris
1666 4575 1680 4600 ,
1712 4536 2038 4592 minoratum
2062 4533 2117 4593 D
2144 4529 2286 4584 libus
2315 4529 2530 4584 ειυάθῐιῑ
2555 4535 2717 4596 atque
2759 4527 3042 4590 iuberem,
3079 4539 3187 4580 ηοῐι
3213 4539 3338 4588 sua,
3372 4525 3468 4580 ⁵θά
3490 4541 3723 4595 super!“

466 4617 690 4673 haberet
709 4620 854 4674 omni
892 4629 1131 4692 tempore
1154 4639 1264 4679 suae
1288 4625 1756 4696 peregrinationis.
1801 4627 1910 4683 Nec
1925 4627 2037 4696 jam

465 4708 620 4763 aliter
646 4712 842 4767 salvari
888 4715 1091 4784 possit,
1142 4716 1244 4771 nisi
1270 4732 1367 4789 per
1394 4719 1623 4789 gratiam
1653 4717 1781 4775 Jesu
1811 4718 2035 4789 Christi,

463 4802 710 4858 videlicet
732 4805 814 4858 sui
845 4805 1257 4877 Redemptoris;
1311 4809 1539 4866 liberum
1563 4811 1706 4867 enim
1751 4812 2039 4868 arbitrium

462 4912 519 4951 sc
550 4905 932 4965 cxcmcaverat,
962 4907 1017 4953 et
1040 4899 1213 4969 ipsum
1238 4915 1296 4955 se
1337 4900 1644 4956 illuminare
1665 4917 1772 4957 non
1801 4911 2035 4972 poterat.

460 4989 612 5046 Nunc
655 4999 832 5046 autem
880 4991 1022 5046 idem
1064 4993 1349 5048 arbitrium
1389 5010 1709 5051 conversum
1752 5004 1876 5064 est,
1928 5011 2034 5053 non

459 5097 708 5138 eversum
733 5100 748 5149 ;
799 5091 856 5139 et
879 5084 1134 5139 donatum
1181 5092 1266 5140 est
1292 5085 1341 5139 ei
1372 5085 1530 5142 aliter
1561 5087 1718 5151 velle,
1765 5087 1923 5142 aliter
1949 5103 2038 5143 sa-

459 5191 606 5245 pere,
629 5175 785 5230 aliter
811 5190 992 5246 agere,
1015 5185 1070 5231 et
1096 5175 1516 5232 incolumitatem
1560 5192 1713 5231 suam
1744 5193 1850 5232 non
1871 5178 1925 5231 in
1955 5191 2033 5245 se,

459 5267 554 5321 sed
584 5267 637 5320 in
661 5267 868 5322 medico
897 5267 1182 5333 collocare,
1240 5269 1364 5338 quia
1388 5267 1618 5324 necdum
1659 5276 1769 5323 tam
1795 5268 2034 5338 perfecta

459 5355 628 5410 utitur
658 5357 909 5424 sanitate,
959 5367 1020 5413 ut
1051 5374 1114 5413 ea
1139 5373 1258 5428 quae
1306 5357 1357 5413 ei
1386 5367 1710 5425 nocuerant,
1766 5368 2037 5427 nequeant

451 5445 562 5516 jam
596 5463 808 5515 nocere,
834 5458 926 5504 aut
951 5450 1005 5504 in
1031 5449 1335 5505 salubribus
1361 5451 1532 5520 possit
1553 5451 1664 5520 jam
1691 5450 1897 5506 viribus
1923 5451 2035 5506 suis

461 5546 779 5609 temperare.
810 5540 1042 5595 Proinde
1089 5541 1249 5597 homo
1279 5541 1369 5609 qui
1403 5541 1455 5594 in
1487 5541 1656 5595 libero
1683 5541 1906 5596 arbitrio
1932 5541 2034 5598 fuit

458 5632 647 5697 malus,
677 5633 730 5686 in
758 5633 873 5702 ipso
897 5632 1068 5686 libero
1114 5635 1336 5688 arbitrio
1369 5634 1542 5689 factus
1567 5645 1649 5690 est
1674 5635 1845 5690 bonus
1870 5653 1883 5702 ;
1938 5639 2032 5693 sed

456 5736 553 5791 per
577 5738 633 5776 se
663 5723 856 5788 malus,
890 5738 986 5793 per
1007 5721 1177 5776 Deum
1198 5724 1389 5789 bonus,
1421 5725 1511 5793 qui
1538 5740 1660 5779 eum
1697 5725 1770 5780 ita
1795 5727 1848 5779 in
1883 5727 2031 5780 illum

455 5813 715 5870 anitialem
765 5815 1026 5871 honorem
1053 5813 1158 5869 alio
1187 5815 1339 5872 initio
1379 5817 1710 5884 reformavit,
1742 5827 1802 5874 ut
1843 5819 1892 5874 ei
1921 5833 2028 5876 non

2141 4620 2403 4688 sapientia
2426 4617 2675 4674 illustrati
2704 4624 2867 4672 sunt:
2901 4616 3158 4688 quoniam
3197 4616 3461 4672 Dominus
3497 4617 3593 4672 dat
3633 4634 3723 4672 sa-

2139 4714 2414 4782 pientiam,
2443 4721 2499 4769 et
2520 4730 2550 4768 a
2567 4713 2705 4770 facie
2730 4714 2845 4784 ejus
2865 4712 3094 4769 scientia
3123 4721 3178 4767 et
3204 4712 3512 4768 intellectus
3539 4710 3719 4784 (Pror.

2139 4807 2202 4877 11)
2226 4823 2240 4872 ;
2268 4813 2324 4861 et
2351 4806 2466 4861 haec
2494 4821 2680 4862 eorum
2709 4807 2992 4862 verissima
3013 4805 3181 4878 gloria
3214 4815 3319 4871 est,
3346 4805 3389 4860 si
3417 4821 3525 4861 non
3557 4806 3610 4860 in
3643 4822 3721 4872 se,

2139 4899 2233 4955 sed
2259 4899 2313 4953 in
2339 4898 2567 4955 Domino
2594 4900 2910 4968 gloriantur.

2212 5009 2231 5042 1
2270 4991 2326 5046 Si
2351 4991 2587 5047 volueris
2630 4992 2885 5047 mandata
2916 5005 3236 5047 conservare
3260 5031 3276 5057 ,
3321 4992 3722 5046 conservabunt

2144 5099 2163 5132 1
2198 5089 2273 5148 te,
2301 5090 2357 5138 et
2384 5082 2440 5136 in
2460 5091 2776 5154 perpetuum
2804 5082 2965 5136 ﬁdem
2994 5082 3245 5153 placitam
3289 5081 3491 5137 facere.
3530 5102 3549 5134 ι
3584 5081 3718 5148 Qui-

2137 5190 2349 5246 cunque
2372 5191 2502 5247 ergo
2528 5176 2778 5232 mandata
2802 5176 2897 5231 Dei
2918 5175 3223 5242 custodire,
3251 5183 3307 5231 et
3333 5176 3591 5245 operibus
3613 5175 3716 5230 im-

2135 5266 2286 5336 plere
2310 5267 2564 5339 elegerit,
2595 5267 2862 5337 ﬁdemque
2885 5274 3090 5323 rectam
3114 5275 3170 5322 et
3196 5266 3522 5322 catholicam
3546 5281 3718 5336 usque

2136 5359 2191 5414 in
2215 5359 2375 5415 ﬁnem
2400 5361 2523 5414 vitae
2541 5360 2798 5426 tenuerit,
2827 5360 2894 5414 ab
2923 5358 3134 5415 insidiis
3153 5358 3356 5428 antiqui
3387 5359 3560 5414 hostis
3586 5359 3715 5412 illae-

2136 5467 2229 5508 sus
2255 5453 2354 5507 sub
2382 5451 2713 5521 protectione
2736 5451 3117 5520 omnipotentis
3143 5450 3238 5505 Dei
3264 5449 3508 5505 manebit
3537 5467 3551 5503 :
3588 5449 3711 5517 quia

2135 5550 2189 5597 et
2213 5543 2327 5613 ipsa
2352 5540 2567 5596 Veritas
2596 5542 2648 5596 in
2671 5543 2960 5612 Evangelio
2983 5541 3252 5608 ostendit,
3305 5541 3397 5597 ubi
3425 5541 3504 5596 ait
3534 5556 3550 5595 :
3606 5558 3626 5591 1
3653 5538 3712 5594 Si

2135 5636 2256 5706 quis
2292 5651 2595 5690 sermonem
2623 5650 2800 5689 meum
2825 5636 3142 5699 servaverit,
3173 5643 3401 5690 mortem
3437 5649 3545 5690 non
3568 5634 3714 5687 vidc-

2132 5729 2214 5783 hit
2233 5728 2288 5782 in
2315 5739 2574 5783 aeternum
2606 5727 2784 5800 (Joau.
2809 5731 2980 5800 v111).1
3010 5729 3075 5783 Et
3102 5730 3226 5783 item
3254 5746 3267 5783 :
3299 5747 3317 5779 1
3353 5729 3409 5782 Si
3435 5728 3560 5798 quis
3582 5726 3702 5780 dili—

2133 5819 2212 5891 git
2230 5834 2336 5886 me,
2377 5835 2681 5878 sermonem
2723 5837 2902 5877 meum
2953 5822 3228 5889 servabit;
3269 5829 3326 5876 et
3369 5821 3533 5877 Pater
3555 5834 3705 5877 meus
