4030 6472
250 425 361 485 865

1141 415 1494 475 COMMENT.
1531 415 1599 471 IN
1633 411 2247 473 ECCLESIASTICUM.
2286 444 2356 456 —-
2392 414 2519 473 LIB.
2557 415 2647 472 IV.

3411 417 3517 474 866

253 539 439 611 diliget
470 550 617 602 cum,
668 541 724 591 et
753 533 822 590 ad
871 547 994 590 eum
1039 532 1349 590 veniemus.
1391 539 1446 586 et
1492 529 1827 587 mansionem
1851 528 2145 597 ADomini
2192 544 2405 601 semper
2433 529 2865 602 contemplentur
2909 531 3080 587 bonos
3126 537 3180 586 et
3207 529 3410 597 malos,
3463 545 3520 591 ct

233 631 393 704 .apud
415 645 538 686 eum
571 627 831 684 faciemus
853 625 1036 698 (Joan.
1067 625 1198 696 xxv).
1240 645 1260 678 ι

328 742 347 775 ι
376 721 642 795 Apposuit
671 721 765 777 tibi
792 734 989 790 aquam
1023 728 1078 775 et
1104 719 1303 790 ignem,
1333 717 1400 774 ad
1427 716 1569 788 quod
1595 717 1830 774 volueris

252 833 274 868 ι
310 813 528 886 porrige
571 827 793 868 manum
842 819 1011 868 tuam.
1047 831 1066 864 ι
1125 810 1186 867 In
1236 807 1360 882 igne
1401 809 1678 866 tribulatio
1704 850 1720 878 ,
1773 810 1831 865 in

247 918 392 975 aqua
413 903 751 976 refrigerium
777 903 1118 974 exprimitur.
1147 902 1406 974 Apposita
1431 917 1562 972 ergo
1585 909 1711 958 sunt
1738 915 1829 957 co-

246 1010 369 1051 ram
418 994 576 1053 nobis
600 993 878 1052 tribulatio
904 1035 920 1061 ,
947 1002 1003 1049 et
1026 993 1396 1066 prosperitas;
1425 999 1472 1050 sl
1499 993 1828 1050 voluerimus

245 1098 412 1156 Opere
436 1097 695 1141 exercere
713 1083 968 1140 mandata
997 1083 1113 1151 Dei,
1159 1084 1478 1141 habebimus
1502 1084 1828 1143 consolatio-

246 1193 375 1235 nem
396 1178 522 1236 vita:
545 1188 798 1246 aeternae;
845 1181 894 1236 si
931 1188 1116 1238 autem
1143 1187 1542 1252 contemptores
1565 1179 1828 1238 fuerimus

245 1271 626 1328 mandatorum
653 1272 790 1344 ejus,
824 1281 1081 1346 sequetur
1105 1289 1206 1332 nos
1245 1273 1302 1330 in
1333 1273 1518 1330 furore
1537 1289 1710 1346 poenae
1737 1289 1828 1348 ge-

243 1359 438 1418 hennae
466 1379 482 1417 :
513 1363 658 1434 quod
697 1373 754 1420 et
778 1363 1200 1423 evidentioribus
1228 1371 1621 1436 consequenter
1642 1365 1824 1436 expri-

243 1452 414 1509 mitur
439 1454 644 1524 verbis,
667 1470 792 1511 cum
814 1455 1184 1530 subjungitur:

320 1564 340 1598 ‹
373 1545 515 1602 Ante
553 1548 830 1606 hominem
855 1550 962 1606 vita
983 1558 1039 1606 et
1059 1567 1228 1618 mors,
1270 1552 1471 1609 bonum
1497 1560 1553 1609 et
1578 1555 1778 1610 malum
1806 1572 1822 1609 :

247 1656 270 1690 ι
311 1639 456 1709 quod
477 1639 743 1710 placuerit
770 1641 820 1698 ei
846 1683 861 1710 ,
907 1643 1124 1700 dabitur
1149 1643 1248 1700 illi.
1279 1664 1299 1698 ι
1355 1643 1538 1702 Multis
1577 1645 1722 1702 enim
1765 1645 1824 1701 in

241 1729 376 1788 locis
394 1741 584 1790 sancta
613 1733 893 1806 Scriptura
935 1751 1034 1793 nos
1063 1737 1284 1794 instruit
1304 1738 1574 1808 quomodo
1597 1755 1696 1811 per
1723 1739 1824 1795 ob-

237 1822 568 1878 servantiam
599 1833 990 1896 praeceptorum
1013 1826 1107 1882 Dei
1135 1827 1408 1898 possimus
1438 1829 1680 1886 haeredes
1703 1829 1823 1886 ﬁeri

237 1911 476 1970 caelestis
517 1915 708 1985 regni;
755 1923 812 1972 et
847 1931 878 1974 e
898 1917 1142 1974 contario
1172 1918 1408 1989 qualiter
1428 1934 1526 1991 per
1549 1919 1822 1993 negligen-
1849 1906 1898 1968 Β

236 2004 370 2061 tiam
394 2015 450 2062 et
475 2016 842 2081 contemptum
867 2011 1158 2068 verborum
1182 2011 1318 2083 ejus,
1346 2012 1548 2069 erimus
1566 2013 1821 2085 pabulum

235 2099 378 2172 ignis
408 2102 618 2157 aeterni.
657 2102 806 2161 Unde
849 2104 906 2160 in
945 2104 1366 2164 Deuteronomio
1398 2106 1659 2177 scriptum
1698 2114 1817 2162 cst:

241 2209 262 2244 ι
299 2190 357 2248 Si
381 2192 606 2251 audiens
619 2193 823 2265 judicia
845 2197 1059 2254 Domini
1093 2199 1418 2258 custodieris
1442 2216 1508 2257 ea
1527 2209 1584 2257 et
1604 2200 1819 2270 feceris,

234 2284 506 2342 custodiet
543 2285 802 2345 Dominus
834 2288 977 2346 Deus
1004 2298 1130 2348 tuus
1156 2291 1255 2348 tibi
1283 2299 1500 2364 pactum
1526 2301 1584 2349 et
1605 2292 1823 2350 miseri-

232 2377 496 2445 cordiam,
529 2394 690 2451 quam
717 2380 919 2452 juravit
943 2384 1192 2455 patribus
1218 2384 1344 2452 tuis,
1376 2393 1433 2441 et
1451 2385 1637 2459 diliget
1667 2395 1738 2455 te,
1767 2394 1834 2460 et,

235 2468 619 2540 multiplicabit
642 2471 823 2545 (Deut.
853 2480 975 2548 vn).
1003 2495 1024 2530 ι
1077 2475 1145 2532 Et
1171 2476 1371 2534 iterum
1398 2495 1411 2534 :
1450 2496 1471 2531 ‹
1504 2478 1715 2548 Sciens,
1746 2479 1824 2535 in-

232 2561 371 2632 quit,
403 2563 531 2634 quia
550 2564 810 2624 Dominus
831 2567 974 2625 Deus
1010 2576 1134 2626 tuus
1162 2569 1280 2640 ipse
1307 2577 1391 2627 est
1417 2571 1562 2628 Deus
1580 2568 1740 2628 fortis
1767 2578 1824 2627 et

232 2651 430 2721 ﬁdelis,
476 2656 784 2714 custodiens
806 2666 1024 2730 pactum
1049 2667 1106 2716 et
1134 2660 1563 2718 misericordiam
1593 2661 1822 2733 diligen-

231 2744 378 2802 tibus
401 2761 480 2814 se,
511 2755 566 2803 et
591 2747 677 2804 his
703 2750 798 2820 qui
823 2751 1132 2807 custodiunt
1159 2761 1430 2825 przccepta
1453 2754 1570 2826 ejus
1596 2755 1653 2810 in
1676 2753 1823 2811 mille

231 2839 647 2910 generationes;
678 2849 735 2897 et
762 2842 993 2899 reddens
1033 2843 1339 2902 odientibus
1385 2861 1446 2902 se
1482 2846 1668 2902 statim
1690 2887 1706 2914 ,
1744 2848 1823 2903 ita

229 2935 290 2984 ut
318 2929 595 2999 disperdat
626 2945 721 2988 eos
743 2971 760 2999 ,
807 2938 863 2988 et
885 2933 1025 2990 ultra
1053 2949 1164 2991 non
1188 2934 1420 3005 differat,
1464 2937 1709 3008 protinus
1742 2937 1822 2994 eis

231 3021 525 3078 restituens
545 3024 690 3093 quod
713 3032 994 3081 merentur
1012 3025 1225 3100 (Ibid).
1263 3047 1284 3080 ι
1309 3026 1446 3084 Hinc
1473 3037 1530 3084 et
1547 3043 1648 3099 per
1674 3026 1824 3084 Psal-

230 3112 448 3170 mistam
476 3115 672 3173 dicitur
697 3135 710 3174 :
760 3135 779 3170 ι
812 3117 1061 3177 Custodit
1088 3120 1350 3177 Dominus
1383 3135 1574 3178 omnes
1599 3120 1822 3193 diligen-

229 3216 314 3263 tes
340 3222 419 3273 se,
448 3217 504 3264 et
525 3223 714 3266 omnes
733 3221 1050 3282 peccatores
1076 3213 1351 3285 disperdet
1371 3212 1544 3287 (Psal.
1569 3213 1770 3286 cxuv).
1795 3233 1814 3266 ›

1932 623 2144 679 noverit
2171 623 2375 691 omnia,
2402 631 2582 679 tamen
2602 623 2820 696 proprie
2844 622 2986 680 oculi
3014 622 3410 694 ejus-dicuntur
3450 627 3517 680 ad

1930 717 2184 774 timentes
2215 732 2340 773 eum
2380 717 2672 787 respicere,
2714 717 2840 790 quia
2864 717 3248 773 misericordiae
3286 716 3402 787 ejus
3433 719 3519 774 in-

1931 806 2099 864 tuitus
2125 808 2192 864 ad
2213 807 2332 864 illos
2361 809 2604 865 maxime.
2631 809 2888 881 respicit;
2935 816 2991 865 et
3015 824 3080 865 ea
3100 808 3299 864 dicitur
3324 824 3520 883 agnos-

1929 915 2077 968 cere,
2107 916 2225 971 quac
2245 908 2460 958 constat
2492 916 2618 957 eum
2641 903 2875 973 probare
2902 918 2918 969 ;
2950 917 3121 972 eaque
3145 901 3374 969 nescire,
3398 916 3520 974 qua:

1929 997 2076 1054 nullo
2101 997 2262 1054 modo
2301 997 2419 1054 vult
2441 998 2692 1069 probare.
2725 997 2881 1054 Unde
2910 998 3171 1068 scriptum
3209 1005 3324 1054 est:
3363 1015 3382 1049 ε
3412 997 3522 1054 Νο-

1927 1089 2006 1145 vit
2033 1091 2292 1147 Dominus
2316 1089 2462 1146 viam
2477 1087 2773 1159 justorum,
2804 1098 2860 1146 et
2878 1090 2983 1145 iter
3007 1090 3293 1162 impiorum
3314 1089 3518 1159 peribit

1929 1179 2102 1254 (Psal.
2130 1179 2170 1254 ι)
2202 1198 2216 1236 :
2244 1180 2383 1237 Hinc
2408 1188 2464 1237 et
2490 1181 2547 1237 in
2571 1179 2864 1253 Evangelio
2882 1179 3079 1251 legitur
3103 1181 3172 1236 ad
3195 1179 3387 1236 stultas
3414 1180 3522 1235 vir-

1929 1271 2082 1343 gines
2109 1272 2386 1344 pulsantes
2413 1273 2633 1341 ostium,
2657 1280 2713 1329 et
2736 1273 3018 1329 introitum
3044 1286 3168 1328 sero
3191 1280 3517 1341 quaerentes,

1926 1366 2045 1438 ipse
2081 1367 2338 1424 Dominus
2367 1367 2750 1439 respondisse:
2782 1367 2956 1423 Amen
2982 1366 3104 1422 dico
3129 1365 3303 1434 vobis,
3335 1365 3521 1422 nescio

1925 1479 2024 1521 vos
2045 1464 2263 1538 (Matth.
2291 1465 2422 1539 xxv)
2451 1483 2464 1520 :
2499 1484 2519 1518 ι
2550 1471 2606 1521 et
2630 1463 2752 1520 ideo
2776 1462 2906 1534 quid
2930 1461 3236 1519 faciendum
3265 1459 3423 1517 nobis
3451 1460 3523 1516 sit

1927 1565 2324 1628 consequenter
2351 1556 2607 1614 ostendit
2630 1596 2647 1623 ,
2699 1555 2884 1611 dicens
2917 1573 2930 1608 :
2999 1572 3018 1607 ‹
3051 1549 3283 1623 Vigilate
3311 1552 3517 1623 itaque,

1926 1649 2054 1720 quia
2088 1649 2312 1706 nescitis
2358 1649 2503 1706 diem
2530 1663 2708 1720 neque
2749 1648 2962 1704 horam.
3001 1664 3021 1698 ι
3055 1644 3253 1701 Beatus
3281 1658 3411 1717 ergo
3436 1652 3522 1700 est

1925 1741 2019 1811 qui
2042 1741 2229 1813 vigilat
2254 1755 2485 1813 semper,
2518 1749 2575 1798 et
2622 1739 2856 1796 custodit
2885 1736 3209 1794 vestimenta
3242 1749 3365 1802 sua,
3415 1734 3522 1790 hoc

1923 1842 2031 1903 est,
2055 1843 2208 1890 actus
2241 1848 2388 1901 suos,
2418 1848 2488 1890 ne
2529 1833 2705 1888 nudus
2735 1830 2994 1897 ambulet,
3043 1836 3100 1885 et
3133 1843 3242 1886 non
3269 1825 3521 1884 videlicet

1925 1941 2125 1982 vacuus
2153 1925 2310 1982 bonis
2345 1923 2600 1996 operibus
2625 1924 2682 1979 in
2710 1923 2945 1978 adventu
2984 1919 3184 1993 judicis
3211 1927 3470 1992 appareat
3500 1936 3515 1974 :

1923 2019 2049 2090 quia
2077 2020 2159 2075 ira
2182 2019 2289 2075 viri
2316 2033 2425 2075 non
2454 2025 2642 2090 parcet
2687 2017 2743 2073 in
2770 2017 2858 2073 die
2899 2014 3168 2080 vindictae,
3192 2021 3249 2069 et
3278 2027 3375 2069 rex
3423 2012 3520 2085 qui

1923 2113 2076 2171 sedet
2100 2113 2156 2169 in
2184 2113 2320 2170 solio
2362 2111 2553 2182 judicii
2603 2111 2831 2183 dissipat
2878 2123 3040 2166 omne
3089 2106 3292 2163 malum
3317 2106 3517 2162 intuitu

1921 2217 2040 2260 suo.
2086 2201 2249 2258 Juxta
2277 2209 2361 2259 est
2388 2201 2536 2259 enim
2564 2197 2681 2258 dies
2707 2199 2942 2268 Domini,
2984 2206 3040 2256 et
3064 2195 3414 2255 tribulabitur
3440 2194 3518 2251 ibi

1921 2295 2100 2353 fortis.

1998 2409 2018 2442 ι
2049 2389 2263 2447 Nemini
2298 2389 2576 2447 mandavit
2625 2388 2790 2460 impie
2833 2401 2995 2460 agere
3034 2393 3090 2442 et
3117 2383 3321 2443 nemini
3369 2383 3520 2440 dedit

1928 2500 1949 2537 ι
1979 2484 2213 2555 spatium
2255 2482 2534 2555 peccandi.
2568 2502 2588 2536 ι
2622 2480 2776 2538 Sicut
2801 2480 2948 2536 enim
2985 2478 3250 2536 Dominus
3284 2492 3393 2534 non
3435 2485 3520 2534 est

1923 2585 2114 2632 auctor
2140 2583 2492 2647 peccatorum
2537 2582 2848 2630 nostrorum
2868 2612 2884 2640 ,
2915 2571 2990 2627 ita
3016 2585 3118 2626 nec
3158 2570 3394 2642 spatium
3422 2568 3522 2624 ali-

1923 2669 2068 2740 quod
2101 2669 2361 2740 temporis
2388 2667 2688 2733 concessit,
2738 2665 2794 2720 in
2817 2678 2925 2736 quo
2954 2664 3117 2721 homo
3149 2663 3368 2734 impune
3392 2675 3520 2733 pec-

1923 2776 2048 2819 care
2073 2762 2289 2833 possit;
2321 2762 2416 2818 sed
2444 2775 2662 2832 semper
2681 2759 2904 2815 mandat
2926 2772 3045 2830 quae
3079 2765 3229 2814 recta
3261 2765 3410 2826 sunt,
3463 2762 3519 2813 et

1922 2854 2140 2912 cohibet
2166 2855 2443 2911 hominem
2463 2867 2495 2908 a
2518 2853 2745 2910 delictis.

1998 2962 2019 2998 ι
2053 2945 2172 3001 Νοη
2199 2946 2345 3001 enim
2370 2943 2708 3015 concupiscit
2737 2941 3130 2998 multitudinem
3175 2939 3410 2995 filiorum
3439 2937 3523 2992 in-

1930 3055 1950 3090 c
1986 3035 2226 3092 ﬁdelium
2253 3043 2309 3092 et
2337 3035 2630 3091 inutilium.
2668 3053 2687 3086 )
2747 3032 3096 3090 Solummodo
3135 3045 3263 3103 ergo
3290 3029 3368 3085 illi
3400 3027 3518 3098 pla-

1924 3136 2029 3196 cet,
2071 3128 2218 3199 quod
2242 3128 2446 3184 bonum
2476 3135 2598 3195 est;
2653 3126 2830 3182 omnis
2858 3131 3040 3180 autem
3067 3121 3400 3193 perversitas
3439 3119 3524 3175 in-

1926 3219 2165 3276 ﬁdelium
2205 3227 2259 3275 et
2289 3217 2558 3273 inutilium
2584 3217 2634 3272 ei
2663 3215 2949 3287 displicet:
3006 3233 3024 3266 ‹
3053 3212 3318 3282 Quoniam
3341 3209 3524 3281 justus

229 3299 369 3358 Hinc
393 3310 450 3358 et
481 3301 737 3360 Salomon
765 3305 841 3361 ait
866 3325 880 3362 :
919 3324 938 3358 ι
971 3306 1316 3365 Abominatio
1339 3315 1424 3366 est
1453 3307 1683 3366 Domino
1712 3308 1824 3364 vita
1850 3287 1896 3352 Ο
1927 3311 2210 3376 Dominus,
2238 3319 2292 3366 et
2314 3308 2585 3379 justitiam
2610 3309 2818 3375 dilexit,
2847 3306 3157 3378 aequitatem
3185 3303 3319 3359 vidit.
3339 3301 3521 3357 vultus

229 3390 417 3463 impii;
448 3395 540 3464 qui
577 3396 823 3467 sequitur
853 3396 1120 3466 justitiam
1139 3439 1154 3465 ,
1183 3399 1421 3471 diligitur
1447 3403 1515 3456 ab
1543 3415 1609 3458 eo
1635 3399 1820 3472 (Prov.

229 3481 347 3554 xv).
378 3500 396 3535 ι
428 3482 564 3540 Hinc
589 3493 643 3541 et
679 3487 796 3556 ipsa
827 3487 1044 3544 Veritas
1070 3487 1126 3544 in
1149 3488 1440 3562 Evangelio
1461 3489 1576 3544 ait:
1605 3509 1625 3543 ι
1661 3488 1720 3546 Si
1747 3491 1825 3546 vis

229 3573 303 3630 ad
327 3573 496 3630 vitam
543 3577 773 3648 ingredi,
801 3595 960 3636 serva
989 3581 1245 3638 mandata
1271 3581 1487 3656 (Matth.
1522 3581 1660 3653 xxx).
1697 3602 1718 3636 ι
1757 3584 1826 3639 Ει

230 3666 364 3723 item
389 3685 402 3722 :
441 3686 460 3719 ι
488 3666 592 3735 Qui
623 3669 866 3739 solverit,
897 3672 1092 3744 inquit,
1120 3688 1291 3729 unum
1319 3674 1385 3730 de
1409 3673 1682 3731 mandatis
1707 3675 1826 3730 istis

232 3760 492 3831 minimis,
521 3771 577 3818 et
596 3764 844 3821 docuerit
867 3766 948 3822 sic
974 3767 1243 3835 homines,
1265 3768 1522 3824 minimus
1540 3767 1823 3825 vocabitur

232 3853 287 3909 in
310 3868 476 3926 regno
497 3855 778 3912 caelorum.
812 3857 916 3926 Qui
938 3867 1118 3916 autem
1143 3858 1334 3916 fecerit
1358 3868 1414 3916 et
1443 3859 1707 3926 docuerit,
1738 3859 1827 3915 hic

232 3962 465 4020 magnus
513 3951 798 4008 vocabitur
834 3951 892 4009 in
929 3967 1097 4026 regno
1134 3952 1397 4011 caelorum
1445 3953 1663 4026 (Matth.
1691 3953 1768 4025 v).
1801 3972 1822 4006 ι

233 4038 304 4094 Et
329 4039 490 4096 item:
543 4059 562 4092 ι
593 4040 713 4098 Νοη
740 4050 825 4099 est
859 4043 1024 4100 arbor
1071 4044 1238 4112 bona,
1280 4059 1401 4117 quae
1437 4043 1569 4101 facit
1617 4043 1828 4100 fructus

234 4132 448 4200 malos;
491 4147 667 4207 neque
689 4138 854 4194 arbor
881 4138 1044 4207 mala,
1074 4138 1280 4197 faciens
1314 4139 1552 4198 fructum
1580 4139 1783 4196 bonum
1810 4156 1824 4194 :

236 4240 575 4299 unaquaque
601 4229 744 4286 enim
785 4232 949 4289 arbor
991 4248 1061 4289 ex
1084 4231 1263 4288 fructu
1305 4247 1404 4289 suo
1444 4233 1825 4305 cognoscitur:

238 4318 418 4374 omnis
444 4321 628 4388 arbor,
659 4337 779 4393 qua:
801 4339 911 4381 non
937 4323 1069 4381 facit
1095 4325 1332 4381 fructum
1358 4327 1581 4395 bonum,
1610 4326 1828 4384 excide-

241 4420 332 4468 tur
358 4422 414 4468 et
434 4413 490 4470 in
514 4415 694 4487 ignem
717 4416 968 4473 mittetur
1005 4417 1156 4490 (Luc.
1186 4417 1285 4490 v1).
1320 4439 1340 4470 ι

322 4523 342 4558 ι
371 4505 639 4574 Quoniam
683 4508 852 4564 multa
873 4510 1137 4581 sapientia
1164 4510 1282 4577 Dei,
1309 4516 1365 4566 et
1384 4510 1543 4567 fortis
1565 4510 1621 4565 in
1642 4518 1834 4581 poten—

1924 3404 2044 3475 ejus
2073 3422 2086 3459 :
2131 3403 2247 3460 odit
2271 3417 2460 3458 omnes
2482 3403 2576 3472 qui
2602 3408 2898 3472 operantur
2925 3398 3297 3468 iniquitatem,
3327 3404 3382 3451 et
3399 3408 3523 3464 per-

1924 3497 2016 3554 det
2042 3510 2232 3554 omnes
2253 3495 2348 3566 qui
2375 3494 2670 3566 loquuntur
2696 3491 3038 3548 mendacium
3067 3485 3240 3561 (Psal.
3266 3485 3344 3556 x).
3379 3504 3400 3538 ι

2564 3604 2794 3662 CAPUT
2826 3603 2890 3659 ll.

1925 3701 2005 3758 De
2044 3701 2382 3756 multitudine
2429 3698 2663 3769 ﬁliorum
2715 3696 2980 3751 malorum
3020 3709 3128 3749 non
3174 3676 3520 3748 esse'ltetan-

2069 3774 2195 3828 dum
2217 3792 2236 3830 :
2262 3788 2486 3843 quorum
2509 3786 2667 3841 opera
2705 3783 2946 3839 perversa
2984 3771 3376 3820 commemorat.

2000 3867 2154 3940 (Car.
2187 3864 2323 3938 xvr.)
2351 3885 2370 3918 ‹
2404 3863 2484 3920 Ne
2502 3861 2820 3935 jucunderis
2842 3861 2899 3916 in
2925 3858 3053 3915 ﬁliis
3093 3856 3295 3929 impiis,
3321 3855 3368 3912 si
3388 3852 3528 3910 mul-

1934 3976 1955 4012 ι
1991 3958 2343 4030 tiplicentur;
2372 3971 2484 4012 non
2506 3953 2796 4013 oblecteris
2823 3965 2988 4022 super
3017 3951 3192 4022 ipsos,
3225 3947 3272 4004 si
3295 3961 3405 4005 non
3442 3953 3529 4003 est

1936 4071 1956 4105 ι
1995 4052 2158 4108 timor
2187 4051 2286 4108 Dei
2321 4051 2378 4108 in
2412 4050 2559 4116 illis;
2608 4063 2717 4103 non
2739 4045 2931 4102 credas
2954 4043 3079 4098 vita:
3105 4041 3346 4107 illorum,
3386 4047 3532 4094 etne

1938 4163 1957 4198 ι
1999 4143 2305 4216 respexeris
2356 4142 2412 4197 in
2463 4140 2681 4197 labores
2733 4137 2966 4193 illorum.
2999 4154 3017 4187 ι
3081 4131 3210 4188 Haec
3259 4129 3531 4187 sententia

1932 4243 2123 4293 contra
2154 4250 2250 4290 eos
2275 4233 2420 4288 valet
2456 4232 2549 4301 qui
2569 4230 2904 4286 delectantur
2953 4226 3011 4281 in
3050 4222 3396 4280 multitudine
3430 4221 3530 4276 oh-

1933 4326 2278 4398 sequentium
2323 4331 2379 4380 et
2429 4323 2486 4378 in
2516 4319 2691 4378 turbis
2728 4316 3116 4386 discipulorum
3141 4354 3158 4380 ,
3207 4327 3309 4368 nec
3339 4318 3534 4367 curant

1844 4471 1847 4473 _
1933 4427 2118 4477 utrum
2146 4417 2447 4474 secundum
2492 4413 2745 4469 timorem
2789 4409 2889 4466 Dei
2914 4413 3325 4473 conversentur,
3354 4402 3536 4474 operi-

1934 4514 2144 4582 busque
2195 4509 2504 4568 deserviant
2548 4505 2793 4578 iustitiae,
2851 4519 2922 4559 an
2969 4500 3268 4559 sceleribus
3303 4497 3534 4554 diversis

249 4613 270 4649 ι
303 4596 399 4664 tia,
421 4598 610 4656 videns
628 4613 819 4657 omnes
838 4600 958 4658 sine
980 4600 1402 4658 intermissione.
1431 4621 1451 4654 ι
1482 4601 1671 4658 Nullus
1688 4601 1836 4657 enim
1858 4653 1914 4676 ﬁ
1937 4605 2300 4676 implicentur.
2330 4600 2467 4659 Cum
2488 4597 2828 4656 solummodo
2853 4595 2945 4653 illa
2971 4610 3102 4652 vera
3127 4595 3202 4652 sit
3218 4595 3277 4650 in
3303 4591 3537 4651 subditis

240 4689 590 4758 praesentiam
613 4689 712 4748 Dei
737 4690 974 4764 eﬂ‘ugere
1010 4700 1210 4764 potest,
1240 4707 1342 4750 nec
1367 4693 1570 4766 aliquid
1595 4693 1836 4766 cogitare

242 4789 339 4838 aut
389 4797 551 4854 agere
597 4786 740 4856 quod
782 4802 909 4843 eum
959 4786 1144 4844 lateat.
1193 4785 1348 4843 Unde
1398 4786 1661 4859 scriptum
1712 4794 1835 4841 est:

249 4891 270 4928 ι
303 4874 504 4931 Omnes
526 4877 628 4932 via:
651 4877 933 4935 hominum
960 4886 1149 4950 patent
1165 4878 1337 4935 oculis
1355 4877 1508 4948 ejus;
1546 4877 1836 4949 spirituum

242 4967 576 5038 ponderator
617 4978 702 5027 est
728 4970 1009 5039 Dominus,
1058 4972 1186 5043 quia
1221 4971 1478 5040 majestas
1506 4972 1623 5043 ejus
1653 4972 1836 5027 omnia

244 5061 655 5130 comprehendit
684 5059 866 5134 (Prov.
896 5064 1029 5137 xvr).
1069 5083 1090 5118 ι
1140 5064 1294 5132 Quod
1313 5072 1369 5119 et
1392 5063 1681 5120 Psalmista
1702 5079 1836 5120 con-

244 5153 512 5221 siderans,
541 5156 618 5211 ait
650 5174 663 5210 :
699 5175 718 5208 ι
747 5157 866 5226 Quo
893 5156 984 5214 ibo
1021 5173 1053 5214 a
1077 5159 1271 5230 spiritu
1297 5166 1404 5225 tuo,
1437 5166 1492 5214 et
1512 5175 1544 5214 a
1575 5157 1715 5214 facie
1747 5165 1838 5213 tua

245 5262 356 5317 quo
378 5245 616 5320 fugiam:
670 5248 716 5304 si
745 5249 1042 5306 ascendere
1069 5250 1126 5306 in
1153 5250 1386 5318 cmlum,
1429 5260 1489 5305 tu
1517 5249 1628 5306 illic
1656 5265 1749 5317 es;
1792 5249 1840 5307 si

246 5342 582 5399 descendere
634 5342 690 5398 in
747 5340 1049 5408 infernum,
1094 5342 1224 5398 ades
1280 5340 1453 5414 (Psat.
1492 5341 1779 5414 cxxxvm).
1814 5361 1834 5396 ›

248 5434 318 5491 Et
359 5434 480 5493 ideo
507 5451 731 5492 necesse
772 5444 856 5492 est
907 5444 967 5492 ut
1012 5437 1176 5492 homo
1203 5451 1419 5507 semper
1467 5437 1524 5492 in
1551 5437 1699 5494 omni
1728 5437 1840 5492 vita

248 5545 351 5588 sua
401 5538 590 5586 cautus
633 5531 733 5597 sit,
784 5538 839 5584 et
884 5545 951 5586 ea
1000 5531 1238 5603 cogitet,
1279 5531 1532 5602 loquatur
1592 5540 1648 5589 et
1692 5540 1837 5602 agat,

251 5634 373 5694 qua:
400 5620 583 5677 divino
612 5621 722 5677 sint
749 5620 908 5692 digna
935 5629 1249 5694 conspectu,
1302 5631 1500 5692 etquae
1526 5621 1600 5678 illi
1625 5621 1842 5693 placere

251 5716 487 5772 valeant.

331 5826 350 5858 ι
383 5804 538 5863 Oculi
565 5807 776 5863 Domini
808 5811 875 5866 ad
900 5811 1153 5867 timentes
1177 5825 1321 5875 eum,
1353 5816 1408 5864 ct
1447 5810 1560 5879 ipse
1589 5818 1843 5880 agnoscet

258 5915 286 5956 ι
326 5913 544 5961 omnem
592 5916 813 5976 operam
859 5904 1110 5963 hominis.
1140 5923 1161 5958 ›
1219 5902 1477 5974 Quamvis
1527 5917 1654 5976 ergo
1700 5903 1845 5963 oculi

1858 4653 1915 4718 D

1940 4696 2246 4764 delectatio,
2299 4693 2391 4750 ubi
2437 4707 2629 4749 sensus
2665 4689 2956 4762 prudentia
3002 4697 3059 4744 et
3104 4688 3364 4744 honestas
3412 4685 3537 4740 vitae

1940 4791 2369 4848 commendatur.
2395 4785 2666 4844 Caeterum
2709 4783 2905 4838 melius
2927 4789 3014 4837 est
3037 4781 3094 4836 in
3119 4787 3331 4836 secreta
3350 4790 3540 4848 quem-

1941 4883 2076 4940 libet
2097 4883 2294 4953 degere
2321 4879 2454 4945 vita,
2485 4891 2649 4948 quam
2692 4875 2834 4931 inter
2859 4871 3289 4941 indisciplinatos
3323 4877 3537 4936 tempo-

1941 4991 2063 5032 rum
2103 4987 2325 5030 suorum
2375 4968 2639 5028 inutiliter
2676 4978 3000 5024 consumere
3045 4960 3240 5034 spatia.
3295 4955 3452 5016 Unde
3480 4961 3538 5012 et

1940 5066 2187 5140 sequitur
2209 5084 2222 5119 :

2018 5178 2038 5212 ι
2075 5157 2263 5214 Melior
2283 5164 2366 5213 cst
2392 5154 2539 5213 enim
2587 5169 2726 5210 unus
2755 5151 2953 5207 timens
2979 5147 3172 5214 Deum,
3202 5159 3366 5217 quam
3392 5143 3542 5201 mille

1948 5268 1969 5302 ι
2004 5249 2099 5306 ﬁlii
2153 5250 2303 5321 impii
2337 5267 2350 5303 :
2383 5248 2516 5305 utile
2551 5245 2691 5303 mori
2739 5245 2855 5300 sine
2885 5241 3012 5298 filiis
3037 5254 3202 5312 quam
3233 5237 3543 5309 relinquere

1949 5365 1968 5399 ι
2006 5345 2144 5402 ﬁlios
2165 5344 2379 5416 impios.
2411 5364 2428 5395 ›
2460 5341 2574 5398 Hoc
2597 5349 2654 5396 et
2687 5337 2939 5394 Salvator
2972 5335 3030 5392 in
3059 5331 3353 5403 Evangelio
3380 5331 3538 5387 inve-

1943 5437 2092 5493 nitur
2118 5437 2370 5509 probare,
2418 5435 2510 5490 ubi
2561 5431 2745 5489 docuit
2791 5427 3085 5500 discipulos
3132 5441 3260 5483 suos
3288 5424 3358 5480 ab
3389 5422 3540 5480 omni

1949 5531 2204 5588 seandalo
2233 5544 2445 5594 cavere,
2470 5528 2692 5584 dicens:
2748 5546 2767 5577 ι
2801 5523 2860 5580 Si
2881 5522 3070 5579 oculus
3104 5528 3230 5576 tuus
3266 5517 3539 5575 scandali-

1951 5631 2040 5678 zat
2062 5630 2134 5687 te,
2180 5637 2312 5677 erue
2340 5635 2463 5675 eum
2489 5626 2545 5674 et
2568 5617 2771 5688 projice
2798 5616 2896 5671 abs
2931 5622 3003 5668 te.
3059 5612 3268 5669 Bonum
3309 5616 3391 5664 est
3417 5621 3541 5663 cum
3575 5641 3578 5644 -

1949 5731 2059 5771 uno
2095 5716 2251 5771 oculo
2297 5715 2502 5769 intrare
2529 5713 2584 5767 in
2611 5726 2834 5783 regnum
2883 5709 3020 5774 Dei,
3058 5721 3221 5777 quam
3247 5704 3380 5759 duos
3407 5715 3539 5755 ocu-

1948 5806 2033 5863 los
2056 5806 2343 5863 habentem
2369 5805 2507 5860 mitti
2538 5804 2591 5859 in
2619 5804 2920 5875 gehennam
2951 5799 3091 5871 ignis
3117 5815 3130 5863 ;
3164 5805 3220 5852 et
3244 5794 3290 5850 si
3319 5793 3540 5849 dextera

1953 5916 2147 5963 manus
2168 5911 2259 5961 tua
2285 5899 2618 5962 scandalizat
2661 5906 2734 5966 te,
2782 5894 3038 5957 abscinde
3071 5905 3190 5948 eam
3235 5897 3290 5947 et
3339 5881 3542 5960 projice
