4030 6478
516 341 621 400 867

1188 330 1247 386 Β.
1290 325 1548 384 RABANI
1584 323 1805 382 MAURI
1843 320 2167 380 ARCHIEP.
2210 316 2523 376 MOGUNT.
2568 312 2854 373 OPERUM
2892 315 3075 372 PARS
3108 314 3199 375 IV.

3709 319 3821 378 868

515 459 613 515 abs
641 464 730 512 te:
782 451 1002 524 expedit
1029 448 1172 506 enim
1195 447 1292 501 tibi
1320 453 1379 501 ut
1408 450 1596 516 pereat
1641 457 1809 498 unum
1836 438 2111 495 membro—
2136 442 2188 505 Α
2214 446 2268 494 et
2294 438 2615 509 semetipsos
2662 435 2719 490 in
2758 434 3013 506 laqueum
3064 433 3387 506 perditionis
3423 443 3645 494 aeterna
3692 440 3826 497 Itis-

514 567 634 606 rum
663 557 898 612 tuorum,
929 559 1095 616 quam
1117 549 1287 599 totum
1306 553 1504 610 corpus
1530 547 1683 595 tuum
1712 542 1806 592 eat
1831 536 1887 591 in
1914 534 2115 607 gehen-

514 659 637 697 nam
669 640 885 714 (Matth.
920 636 1018 709 is).
1057 656 1079 689 ι

583 774 599 805 ‹
636 752 720 808 Ab
743 766 853 811 uno
881 755 1096 830 sensato
1124 736 1515 802 inbabitabitur
1536 742 1735 815 patria,
1782 748 1836 796 et
1866 757 1897 796 a
1926 726 2106 796 tribus

512 867 529 898 ι
565 845 747 915 impiis
768 844 1064 899 deseretur.
1097 859 1116 892 ο
1157 840 1272 896 HOc
1300 845 1385 894 est
1407 852 1438 892 a
1465 835 1733 892 catholico
1758 833 1977 905 populo,
2014 832 2108 905 qui

509 938 562 992 in
593 937 801 997 unitate
832 934 959 991 ﬁdei
1004 938 1379 997 conversatur,
1409 938 1556 984 terra
1597 926 1855 983 Ecclesiae
1893 926 2107 982 inhabi-

505 1030 708 1087 tabitur
725 1070 740 1095 ,
766 1037 821 1085 et
855 1028 923 1084 ab
950 1025 1242 1092 haereticis,
1272 1024 1365 1094 qui
1390 1023 1443 1078 in
1472 1029 1675 1078 sancta:
1691 1020 1978 1076 Trinitatis
2000 1020 2106 1078 ﬁde

503 1130 713 1187 errant,
746 1122 1044 1178 deseretur.
1078 1118 1154 1173 De
1174 1117 1371 1188 quibus
1391 1112 1771 1171 dicitJoannes
1795 1114 2101 1185 apostolus:

507 1233 526 1265 ι
560 1213 641 1268 Ex
670 1212 827 1267 nobis
871 1210 1143 1275 exierunt,
1174 1207 1269 1263 sed
1303 1222 1411 1263 non
1438 1214 1595 1262 erant
1622 1220 1688 1261 ex
1714 1205 1909 1270 nobis;
1944 1205 1991 1261 si
2035 1222 2103 1261 ex

503 1305 659 1361 nobis
708 1310 931 1366 essent,
995 1298 1422 1371 permansissent
1471 1297 1660 1368 utique
1707 1296 1990 1351 nobiscum
2050 1295 2103 1368 (I

500 1390 664 1448 J‘oan.
693 1391 779 1465 ιι).
810 1410 831 1444 ›
878 1387 1052 1445 Aliter
1077 1430 1093 1457 ,
1143 1402 1285 1444 unus
1326 1394 1574 1443 sensatus
1622 1384 1848 1457 intelligi
1900 1393 2100 1457 potest,

501 1486 595 1559 qui
643 1484 939 1543 secundum
994 1482 1243 1555 regulam
1286 1490 1489 1538 sanctae
1539 1480 1839 1553 Scriptum
1892 1480 2000 1538 ﬁde
2043 1489 2101 1538 et

501 1591 663 1648 opere
692 1576 747 1632 in
777 1575 970 1632 semita
1013 1572 1574 1646 permanetjustitiaz:
1602 1580 1716 1629 tres
1741 1579 1925 1628 autem
1946 1571 2099 1645 impii

499 1667 593 1738 qui
613 1666 844 1739 patriam
864 1667 1125 1722 deserunt
1151 1704 1165 1731 ,
1195 1664 1274 1719 illi
1305 1674 1431 1720 sunt
1454 1665 1547 1735 qui
1571 1663 1922 1736 cogitatione,
1948 1662 2100 1739 locu-5

500 1759 645 1815 tione
672 1764 730 1814 et
749 1772 935 1829 opere,
959 1755 1281 1827 semetipsos
1301 1770 1332 1810 a
1354 1755 1621 1811 bonorum
1642 1762 1991 1826 sequestrans
2009 1769 2097 1811 so-

2214 538 2409 588 tentes.

2285 641 2305 675 ‹
2347 620 2416 675 Ει
2444 619 2585 676 sicut
2622 624 2881 675 sexcenta
2928 616 3103 679 millia
3140 617 3427 689 peditum,
3461 620 3561 691 qui
3584 635 3825 695 eum

2215 733 2234 766 ι
2269 719 2397 785 gata
2418 719 2548 769 sunt
2586 711 2645 769 in
2668 709 2929 771 duritiam
2965 710 3149 773 cOrdis
3185 710 3290 769 sui.
3327 728 3348 763 ι
3378 711 3601 773 Veteris
3629 728 3825 773 recor-

2210 806 2370 867 datur
2390 802 2651 871 historiae,
2676 801 2771 860 ubi
2794 810 3055 861 sexcenta
3083 802 3191 865 tria
3217 802 3393 867 millia
3413 803 3822 876 krach

2209 897 2307 968 qui
2323 896 2577 961 exierunt
2608 895 2676 952 de
2694 894 2941 969 Atlgypto.
2961 904 3191 967 propter
3217 895 3489 959 duritiam.
3510 899 3703 959 cordis
3728 901 3819 965 ali

2204 989 2469 1063 prostrati
2491 996 2620 1046 sunt
2645 989 2711 1047 in
2729 988 2983 1054 deserto,
3012 995 3070 1044 et
3096 1003 3261 1047 nemo
3279 988 3501 1050 illortun
3521 992 3585 1051 iu
3605 1000 3821 1051 terra.

2209 1080 2651 1154 repromissionis
2692 1079 2918 1139 intravit
2955 1089 3155 1150 prater
3177 1079 3345 1140 haue
3383 1090 3447 1140 et
3471 1083 3663 1150 Galen,
3720 1086 3821 1156 φά

2208 1174 2423 1231 sincera
2445 1171 2553 1229 ﬁde
2597 1179 2653 1228 et
2678 1170 2865 1233 devoti
2887 1170 2947 1231 in
2990 1171 3088 1234 Dei
3130 1172 3362 1233 servitio
3384 1184 3824 1244 persuaserunt

2208 1263 2400 1336 (Nam.
2442 1261 2576 1335 κιν),

2282 1374 2302 1409 ‹
2338 1354 2477 1413 Etsi
2522 1370 2669 1413 unus
2701 1353 2895 1417 fuisset
2943 1362 3268 1421 cervicem,
3310 1356 3519 1425 enim
3538 1358 3591 1416 si
3619 1358 3819 1418 fuisset

2210 1466 2229 1499 ‹
2260 1447 2536 1503 immunis.
2576 1469 2595 1501 ι
2646 1446 2889 1509 Censura
2920 1448 3070 1515 enim
3089 1448 3257 1515 ἅνω
3276 1448 3473 1521 iudicii
3492 1453 3815 1522 aquitan-

2203 1547 2392 1603 servat
2414 1538 2471 1594 in
2496 1539 2769 1606 omnibus,
2805 1546 2862 1599 et
2890 1540 3010 1603 ideo
3033 1555 3137 1601 nec
3175 1541 3271 1601 uni
3290 1556 3394 1603 nec
3420 1543 3675 1613 μωὶω
3691 1562 3814 1616 par-

2203 1639 2312 1698 cet,
2341 1632 2387 1689 si
2416 1647 2475 1691 se
2503 1646 2537 1695 a
2556 1631 2797 1703 peccatis
2844 1647 2952 1691 non
2983 1634 3393 1700 converterint;
3424 1634 3810 1701 annumenim

2098 1732 2107 1743 ‘
2200 1732 2517 1797 potentum,
2536 1731 2596 1787 ut
2623 1723 2681 1783 in
2710 1722 2992 1795 Scriptura
3024 1732 3250 1785 testatur
3278 1724 3442 1793 Deus.
3476 1727 3811 1799 multum

497 1850 729 1917 cietate,
782 1819 887 1905 nec
917 1819 1032 1919 jam
1061 1848 1118 1904 in
1150 1819 1328 1918 patria
1359 1819 1863 1918 consistuntiquia
1883 1861 1984 1918 per
2007 1846 2093 1901 di-
2121 1822 2173 1886 Β
2202 1819 2517 1919 ὤηῄιιδωπν
2703 1826 2800 1879 ω
3398 1825 3615 1919 mli
3644 1825 3699 1880 in
3723 1840 3811 1881 ie-

495 1956 654 1998 versa
716 1940 925 1998 scelera
984 1955 1017 1995 a
1082 1938 1325 1995 ﬁdelium
1396 1939 1671 1995 consortio
1742 1954 1804 1995 se
1869 1939 2089 1995 abscin-

496 2032 650 2088 (lunt.

571 2167 590 2200 ‹
617 2145 785 2204 Multa
808 2144 936 2205 talia
961 2145 1098 2211 vidit
1128 2145 1318 2204 oculus
1344 2160 1519 2214 meus,
1548 2153 1605 2203 et
1627 2146 1853 2204 fortiora
1897 2149 2092 2204 horum

498 2258 517 2293 ι
556 2240 763 2297 audivit
808 2240 955 2297 auris
980 2254 1126 2297 mea.
1163 2260 1182 2292 ›
1214 2239 1431 2309 Quanto
1483 2241 1627 2296 enim
1654 2242 1776 2312 quis
1814 2242 2095 2299 ardentius

396 2338 402 2346 '
493 2331 655 2391 discit
683 2331 854 2407 legem
894 2332 1012 2397 Dei,
1064 2340 1215 2388 tanto
1254 2330 1461 2403 majore
1510 2333 1752 2389 scientiae
1793 2333 2095 2395 illustratur

492 2423 737 2495 lumine;
768 2433 825 2479 et
842 2433 1055 2497 quanto.
1071 2425 1383 2497 diligentius
1427 2427 1684 2485 mandata
1714 2428 1811 2483 Dei
1837 2442 2091 2485 servave-

493 2515 586 2583 rit,
614 2525 766 2572 tanto
791 2517 1021 2587 amplius
1047 2517 1102 2570 in
1129 2516 1378 2587 profectu
1420 2518 1686 2574 virtutum
1713 2527 1769 2574 et
1808 2520 2095 2575 charitatis

492 2610 693 2666 mentis
713 2624 822 2665 suae
843 2609 1021 2667 sinum
1050 2608 1267 2669 dilatari
1294 2611 1571 2681 gaudebit.
1608 2611 1759 2673 Unde
1796 2612 1913 2689 ipsa
1942 2613 2095 2668 Veri-

493 2711 579 2759 tas
605 2702 721 2758 ait:
761 2721 779 2754 ι
809 2700 913 2772 Qui
945 2701 1107 2758 habet
1138 2703 1393 2761 mandata
1419 2718 1540 2759 mea
1580 2715 1635 2759 ct
1661 2712 1844 2760 servat
1889 2718 1977 2771 ea,
2004 2702 2097 2759 ille

490 2804 577 2854 est
599 2795 693 2868 qui
718 2795 892 2866 diligit
914 2810 1042 2861 me;
1085 2796 1179 2866 qui
1214 2805 1397 2857 autem
1425 2796 1599 2869 diligit
1641 2813 1748 2863 me,
1779 2798 2020 2870 diligitur
2063 2813 2097 2853 a

489 2885 653 2943 Patre
683 2901 831 2957 meo,
875 2896 931 2943 et
961 2900 1063 2963 ego
1097 2887 1315 2959 diligam
1358 2903 1504 2957 eum,
1543 2897 1597 2945 et
1644 2890 2002 2951 manifestabo
2045 2891 2094 2947 ei

489 2978 756 3057 me'msum
784 2976 967 3051 (Ioan.
999 2978 1135 3051 x1v).

2196 1915 2439 1988 metipso
2484 1914 2694 1986 exigit,
2731 1922 2830 1976 aut
2882 1914 3117 1971 districti
3146 1914 3349 1986 judicia
3395 1917 3811 1983 unum

2195 2007 2475 2077 punietur.

2277 2115 2299 2147 ι
2330 2095 2703 2159 Misericordia
2730 2095 2877 2157 enim
2904 2103 2961 2155 et
2984 2096 3073 2157 ira
3093 2105 3181 2157 est
3205 2113 3337 2157 cum
3351 2098 3466 2157 illo.
3492 2100 3699 2159 Potens
3714 2118 3807 2164 es-

2204 2208 2224 2243 ‹
2260 2189 2467 2255 oratio,
2522 2198 2583 2245 et
2632 2187 2916 2251 madeas
2970 2189 3130 2249 iram.
3171 2208 3193 2242 ι
3658 2197 3805 2253 enim

2204 2300 2224 2334 ι
2259 2282 2479 2345 Domini,
2504 2296 2667 2352 super
2695 2282 2951 2345 timentes
2981 2297 3111 2345 eum
3132 2284 3421 2353 redundat,
3456 2296 3515 2343 et
3544 2288 3631 2344 ira
3677 2304 3805 2345 can-

2205 2394 2225 2429 ι
2266 2374 2632 2447 temptoribus
2653 2374 2772 2447 ejus
2794 2384 3104 2445 praeparata
3128 2385 3235 2435 est.
3275 2398 3295 2431 ι
3325 2374 3486 2449 Apud
3514 2394 3647 2438 eum
3668 2396 3804 2452 pura

2199 2476 2254 2525 et
2281 2469 2474 2529 devota
2502 2468 2733 2531 multum
2760 2469 3019 2540 praevalet
3045 2472 3246 2538 oratio,
3294 2480 3351 2528 et
3378 2471 3533 2539 itiner
3568 2476 3693 2547 ejus
3712 2492 3803 2532 su-

2197 2576 2296 2632 per
2323 2576 2420 2619 cor
2448 2561 2799 2632 imposititens
2850 2562 3089 2622 hominis
3361 2567 3449 2623 cui
3478 2582 3647 2639 pinna
3680 2570 3802 2627 vius

2199 2653 2357 2711 dictae
2392 2661 2547 2711 recte
2573 2651 2904 2713 eiundetur.

2276 2765 2294 2803 ς
2340 2745 2659 2819 Secundum
2706 2749 3145 2808 misericordiam
3194 2767 3371 2819 sitam,
3419 2767 3504 2810 sic
3529 2756 3806 2828 correptio

2205 2860 2223 2893 ι
2259 2839 2447 2899 illius:
2496 2841 2774 2899 hominem
2825 2844 3129 2900 secundum
3188 2858 3479 2917 operasua
3506 2845 3739 2915 iudicat.
3776 2867 3797 2903 ι

2197 2964 2268 2985 -τ-
2301 2953 2320 2987 (
2347 2933 2541 2992 iustus
2559 2950 2697 3007 ergo
2738 2944 2822 2993 est
2856 2935 3121 2994 Dominus
3148 2938 3203 2993 in
3229 2938 3485 2997 omnibus
3530 2940 3641 2997 viis
3667 2940 3797 3005 suis,

2199 3035 2253 3085 et
2280 3036 2504 3085 sanctus
2524 3029 2582 3084 in
2612 3030 2868 3089 omnibus
2895 3031 3153 3102 operibus
3175 3032 3309 3101 suis,
3338 3032 3433 3103 qui
3452 3032 3650 3089 reddet
3682 3033 3803 3088 uni—

567 3111 586 3145 (
620 3091 683 3149 In
1010 3092 1701 3196 .peccanti‘umhesardebi-t
1746 3095 1910 3196 ignis,
1942 3096 2098 3196 etin
2138 3192 2167 3196 μ
2200 3121 2399 3192 omne
2448 3122 2751 3179 mm
2999 3139 3138 3180 sua:
3180 3124 3267 3180 his
3589 3126 3686 3196 qui
3713 3140 3798 3181 ⁵ο,

494 3190 709 3287 sugente
757 3182 1065 3287 incredibili
1097 3183 1422 3287 exardescit
1447 3185 1549 3287 ira.
1571 3204 1608 3268 ⁴ι
1668 3184 1754 3241 Ira
1784 3187 1984 3287 divinae
2011 3187 2095 3287 in-
2121 3192 2168 3257 C
2200 3182 2441 3271 “nam
2467 3214 2788 3285 mmmam
2822 3182 2965 3272 ’Μ
2994 3216 3178 3286 om,“
3683 3216 3801 3287 ei“

845 3282 903 3331 et
927 3274 1069 3348 ignis
1088 3273 1257 3349 justte
1275 3276 1496 3335 ultionis
1518 3265 1573 3334 in
1591 3280 1934 3349 peccantium
1960 3281 2097 3336 mul-

491 3365 721 3427 titudine
760 3374 816 3423 et
843 3365 902 3423 in
928 3364 1169 3425 ﬁdelium
1204 3375 1352 3427 coetu
1386 3369 1586 3427 merito
1613 3368 1941 3437 exardescit,
1968 3372 2097 3445 quia

490 3458 627 3514 dura
646 3473 801 3517 mens
826 3459 1048 3517 illorum
1067 3460 1507 3519 comminationis
1531 3462 1629 3519 Dei
1662 3464 1959 3523 vindictam
1980 3481 2093 3527 non

488 3549 729 3620 expavit,
756 3563 857 3605 nec
894 3551 965 3607 ob
994 3554 1357 3611 reverentiam
1398 3555 1637 3611 nominis
1672 3554 1788 3623 ejus
1818 3572 1878 3613 se
1912 3572 1942 3611 a
1972 3573 2098 3628 pec-

490 3640 632 3696 catis
660 3656 937 3711 coercere,
963 3651 1019 3700 et
1060 3642 1289 3715 iustitiae
1313 3647 1569 3717 operibus
1620 3647 1875 3707 insistere
1904 3649 2094 3706 voluit.

494 3729 650 3786 Unde
678 3731 879 3791 dicitur
895 3746 993 3806 per
1011 3733 1344 3809 PrOphetam
1371 3753 1385 3791 :
1442 3756 1460 3790 ι
1496 3736 1640 3793 Pluit
1661 3752 1825 3811 super
1845 3748 2098 3813 peccato-

492 3837 591 3883 res
613 3822 875 3898 laqueus:
922 3827 1089 3900 ignis,
1132 3829 1380 3902 sulphur,
1410 3838 1468 3887 et
1487 3830 1713 3904 spiritus
1734 3831 2096 3903 procellarum

491 3930 619 3987 W3
647 3916 831 3983 ωιὶρὶε
850 3933 1039 3987 eorum
1067 3919 1244 3995 (Paul.
1267 3922 1347 3997 ι).
1389 3944 1409 3977 ι

571 4049 591 4083 ι
626 4029 745 4089 Non
774 4045 1140 4094 oneraverunt
1163 4052 1266 4109 pro
1287 4038 1531 4109 peccatis
1554 4039 1668 4097 suis
1685 4040 1893 4111 antiqui
1916 4041 2102 4115 gigan-

499 4142 521 4176 ι
556 4133 660 4190 tes,
687 4127 781 4195 qui
807 4128 1071 4187 destructi
1112 4141 1242 4189 sunt
1274 4133 1612 4191 conﬁdentes
1636 4152 1751 4194 sum
1794 4137 2004 4206 virtuti,
2042 4148 2105 4197 et

499 4232 520 4266 ι
553 4229 662 4271 non
684 4218 929 4288 pepercit
950 4224 1379 4293 peregrinationi
1402 4225 1567 4295 Loth,
1588 4235 1646 4284 et
1671 4239 1991 4288 exsecratus
2012 4242 2105 4290 est

501 4325 520 4360 ι
551 4307 677 4365 illos
698 4325 811 4381 prae
832 4315 1088 4385 superbia
1121 4318 1275 4374 verbi
1310 4318 1547 4377 illorum.
1578 4320 1699 4379 Non
1724 4324 1983 4382 misertus
2012 4333 2103 4383 est

497 4414 519 4449 ι
555 4395 663 4459 illis
703 4409 920 4472 gentem
952 4411 1125 4462 totum
1153 4409 1408 4478 perdas,
1459 4420 1517 4467 et
1549 4413 1903 4472 extollentem
1950 4431 2011 4472 se
2040 4417 2101 4472 in

496 4509 521 4544 ι
555 4491 669 4548 suis
691 4496 954 4563 peccatis.
990 4516 1011 4553 ι
1060 4499 1320 4571 Gigantes
1340 4504 1439 4560 bos
1460 4498 1717 4577 appellat,
1748 4509 1841 4579 qui
1863 4509 2098 4566 terrenis

490 4580 783 4641 desideriis
827 4585 1024 4645 incliti
1049 4626 1063 4654 .
1108 4596 1168 4645 et
1192 4603 1542 4661 peccatorum
1587 4598 1822 4655 sarcinis
1849 4614 2095 4671 νωθείας-ι

491 4672 638 4738 vati,
678 4687 776 4732 eor
817 4675 1145 4737 indomabile
1173 4692 1409 4752 gerunt,
1455 4700 1557 4743 nec
1584 4688 1650 4743 ad
1697 4690 2095 4759 paenitudinem

496 4760 630 4821 illud
670 4761 890 4825 ﬂectere
934 4773 1324 4841 cernentium;
1380 4784 1668 4848 propterea
1716 4779 2095 4843 misericordis

495 4854 592 4945 Dei
621 4855 850 4930 indigni,
877 4860 1265 4922 detrimentum
1285 4882 1397 4924 suae
1426 4870 1619 4928 salutis
1643 4873 2011 4945 perpeticutes
2033 4876 2091 4934 in

495 4944 776 5009 interitum
803 4958 1071 5011 aeternum
1100 4969 1405 5028 corruunt;
1467 4974 1695 5035 possunt
1736 4944 1794 5023 et
1843 4969 2091 5027 haeretici

492 5037 596 5095 hoc
621 5043 840 5100 nomine
886 5046 1197 5118 designari,
1236 5053 1328 5122 qui
1381 5056 1717 5115 conﬁdentes
1748 5060 1803 5115 in
1845 5062 2092 5121 scientia

493 5144 606 5191 sum
638 5135 857 5207 virtute,
915 5150 975 5197 et
1020 5142 1075 5198 in
1105 5144 1310 5203 divitiis
1350 5148 1649 5220 gloriantes
1675 5155 1979 5224 rhetorica,
2019 5161 2088 5216 ab

494 5228 700 5286 ornaris
737 5232 825 5287 sui
848 5232 1010 5291 devio
1037 5238 1315 5306 recedere,
1348 5251 1406 5297 et
1432 5243 1500 5299 ad
1525 5245 1667 5301 viam
1694 5249 1945 5306 veritatis
1965 5267 2093 5308 cono

1027 5329 1233 5389 idcirco
1261 5336 1687 5408 peregrinationi
1713 5340 1950 5410 illorum,
1979 5360 2087 5415 qua

846 5412 949 5470 ﬁde
984 5428 1234 5479 extorres
1254 5424 1373 5481 ﬁeri
1398 5407 1699 5499 elegerunt,
1734 5407 1979 5489 divinum
1996 5407 2090 5504 iu-

734 5514 842 5563 non
876 5517 1084 5575 parcet,
1129 5513 1231 5571 sed
1255 5522 1426 5573 totam
1456 5494 1930 5590 gentem-illorum
1962 5494 2090 5599 per-

493 5586 603 5686 det,
653 5603 945 5652 exsecraris
987 5613 1083 5657 eos
1122 5606 1360 5663 maxime
1398 5586 1619 5682 propter
1650 5586 2089 5686 superbiamuo-

493 5682 689 5740 ctrinze
714 5700 967 5758 nequam.
996 5698 1471 5772 etextollentiam,
1500 5722 1606 5777 qua
1633 5710 1688 5764 in
1708 5682 1945 5780 peccatis
1975 5716 2089 5772 suis

492 5780 855 5845 δυνθιιιὸειιᾶο
877 5798 934 5843 se
952 5784 1209 5857 iactitant
1249 5804 1653 5857 contemnentes
1674 5801 1939 5871 judicium
1964 5808 2081 5877 Dei,

2197 3302 2604 3375 prestoiantur,
2632 3304 2863 3376 gloriam
2886 3314 2943 3363 et
2962 3306 3227 3363 honorem
3251 3314 3309 3363 et
3332 3306 3797 3380 incorruptionem

2199 3395 2593 3465 quarentibm,
2643 3397 2813 3454 vitam
2840 3407 3138 3467 aeternam;
3189 3400 3279 3456 bis
3303 3408 3512 3467 autem,
3550 3402 3648 3472 qui
3678 3409 3804 3463 sunt

2199 3503 2266 3545 ex
2292 3490 2663 3557 contentione,
2692 3498 2751 3549 et
2772 3491 2867 3562 qui
2896 3506 3007 3548 non
3034 3492 3388 3564 acquiescant
3412 3493 3661 3559 veritati,
3683 3508 3803 3550 cre-

2200 3579 2339 3636 dunt
2377 3589 2563 3638 autem
2614 3583 2911 3653 iniquitati,
2950 3584 3091 3640 iram
3120 3593 3178 3640 et
3210 3584 3672 3656 indignationem,
3700 3584 3799 3639 tri-

2198 3671 2537 3730 bulationem
2564 3682 2618 3731 et
2646 3675 2954 3746 angustiam
2984 3674 3164 3747 (Rom.
3197 3676 3285 3748 ιι),
3323 3695 3342 3729 ι
3378 3684 3439 3732 ut
3462 3676 3794 3748 perpetuali-

2200 3781 2287 3827 ter
2313 3773 2371 3828 in
2402 3773 2527 3844 igne
2553 3774 2868 3831 crucientur
2893 3782 3118 3830 mter-no.

2276 3885 2295 3917 ι
2336 3863 2458 3921 Non
2486 3865 2708 3938 eﬂugiet
2736 3866 2793 3922 in
2820 3866 3013 3936 rapina
3040 3871 3320 3937 peccator,
3350 3870 3407 3920 et
3453 3879 3566 3922 non
3615 3873 3794 3921 retar-

2210 3973 2231 4007 s
2260 3956 2415 4014 dabit
2463 3955 2777 4015 sulerentia
2805 3957 3239 4023 misericordiam
3292 3956 3568 4015 facientis.
3605 3976 3629 4011 ι
3661 3956 3795 4015 Peo-

2200 4054 2354 4103 cstor
2391 4047 2592 4119 quippe
2619 4049 2674 4104 in
2717 4049 2906 4119 rapina
2934 4064 3046 4106 non
3081 4047 3324 4121 etl‘ugiet,
3366 4049 3495 4121 quia
3523 4049 3798 4119 τιμάω-

2198 4140 2271 4196 tis
2296 4155 2410 4197 suae
2437 4141 2642 4211 justam
2687 4142 2933 4199 exsolvet
2961 4142 3300 4211 vindictam;
3333 4152 3391 4200 et
3420 4157 3533 4203 non
3559 4143 3799 4215 protela-

2199 4243 2289 4290 tur
2310 4234 2621 4293 suffercitus
2637 4237 3066 4294 misericordiam
3086 4236 3362 4305 facientis,
3386 4238 3514 4308 quia
3529 4237 3795 4309 patientia

2195 4341 2495 4398 pauperum
2523 4340 2634 4382 non
2660 4328 2862 4399 peribit
2901 4328 2959 4384 in
2985 4327 3174 4396 ﬁnem,
3216 4329 3316 4386 sed
3342 4329 3618 4402 condigna
3653 4345 3800 4387 me!»

2197 4418 2329 4475 cede
2385 4421 2847 4477 remunerabitur.
2880 4418 3037 4477 Unde
3076 4422 3194 4492 ipsa
3233 4420 3455 4479 Veritus
3512 4422 3799 4495 discipulis

2200 4513 2256 4567 in
2299 4513 2595 4585 Evangelio
2620 4514 2737 4569 ait:
2775 4532 2794 4565 ι
2830 4514 2887 4569 ln
2918 4514 3185 4586 patientia
3231 4521 3417 4571 vestra
3446 4515 3796 4587 possiddiitis

2199 4603 2411 4659 annuas
2458 4612 2673 4661 vestras
2715 4604 2869 4677 (Luc.
2903 4605 3045 4678 ut).
3085 4625 3109 4660 δ
3144 4623 3166 4658 α
3200 4606 3354 4662 Beati
3380 4606 3792 4671 misericordes,

2198 4695 2455 4765 quoniam
2484 4695 2590 4767 ipsi
2617 4696 3051 4762 misericordiam
3079 4704 3510 4769 consequentur.
3552 4717 3575 4751 ι

2273 4807 2294 4841 ι
2335 4789 2529 4851 Omnis
2554 4790 2932 4847 misericordia
2963 4789 3127 4848 faciet
3166 4792 3350 4848 locum
3375 4791 3680 4863 unicuique
3705 4806 3793 4847 so-

2202 4897 2222 4934 ι
2255 4884 2494 4941 eundum
2548 4883 2803 4939 meritum
2852 4897 3081 4955 operum
3113 4898 3361 4952 suorum,
3407 4893 3467 4941 et
3491 4887 3790 4943 secundum

2199 4995 2219 5028 ι
2259 4975 2591 5033 intellectum
2610 4976 3069 5048 peregrinationis
3090 4977 3283 5048 ipsius.
3318 4998 3339 5031 ι
3365 4976 3556 5035 Gloria
3585 4988 3787 5045 autem,

2194 5068 2392 5134 honor,
2416 5076 2472 5123 et
2490 5081 2595 5138 pax
2634 5067 2739 5123 erit
2777 5068 2927 5127 omni
2969 5069 3217 5139 operanti
3239 5069 3445 5127 bonum
3476 5088 3491 5125 :
3526 5072 3787 5142 quoniam

2195 5162 2288 5232 qui
2312 5162 2545 5218 seminat
2567 5162 2621 5216 in
2652 5160 3052 5230 benedictione,
3084 5163 3152 5219 de
3177 5163 3656 5223 benedictionibus
3679 5178 3789 5219 me—

2194 5263 2272 5309 tet
2306 5256 2473 5310 vitam
2525 5262 2807 5311 aeternam.
2868 5254 3025 5322 Quod
3077 5263 3261 5312 autem
3294 5257 3427 5313 dicit
3476 5258 3789 5317 miserisa-

2195 5349 2340 5406 diam
2380 5348 2560 5405 facere
2602 5348 2781 5405 locum
2809 5347 3101 5419 unicuique
3126 5349 3427 5406 secundum
3448 5350 3785 5407 innascu-

2191 5440 2643 5511 peregrinationis
2682 5438 2874 5511 ipsius,
2899 5440 3136 5496 ostendit
3161 5441 3308 5511 quod
3353 5442 3669 5514 quicunque
3690 5444 3787 5498 bo-

2193 5530 2280 5586 nis
2301 5530 2559 5602 operibus
2582 5538 2758 5587 certat
2790 5530 3044 5587 mandata
3090 5530 3188 5587 Dei
3235 5532 3511 5588 custodire
3540 5532 3598 5588 in
3623 5531 3786 5602 hujus

2192 5622 2648 5692 peregrinationis
2695 5630 2956 5693 tempore,
2986 5629 3043 5677 et
3067 5622 3157 5693 pio
3186 5620 3373 5679 labore
3399 5639 3524 5681 cum
3576 5624 3781 5693 gemitu

2192 5726 2246 5769 et
2299 5715 2553 5787 lacrymis
2590 5716 2768 5770 studet
2806 5723 3027 5785 peccata
3076 5729 3171 5770 sua
3210 5717 3531 5782 emundare,
3578 5725 3779 5771 aeterna

2193 5810 2376 5878 quiete
2427 5810 2724 5867 merebitur
2778 5808 3070 5866 consolari.
3128 5809 3282 5867 Unde
3330 5812 3595 5885 scn'ptum
3644 5820 3775 5866 est:
