4030 6538
280 363 388 420 869

1172 358 1525 417 COMMENT.
1566 358 1634 412 IN
1670 358 2280 419 ECCLESIASTICUM.
2304 391 2378 406 -—
2414 362 2543 418 LIB.
2583 361 2672 418 IV.

3459 367 3562 425 870

286 497 307 530 ι
344 475 497 534 Beati
519 476 612 547 qui
634 474 820 547 lugent
855 488 1018 541 nunc,
1059 473 1316 545 quoniam
1347 472 1451 542 ipsi
1504 471 1862 527 consolabun-
1891 476 1947 538 Α
1971 473 2052 530 dit
2111 475 2342 531 virtutes
2376 493 2387 529 :
2423 477 2489 531 de
2533 476 2732 547 quibus
2783 478 3045 549 scriptum
3097 489 3180 537 cst
3217 468 3233 535 ε’
3268 501 3286 533 ι
3323 482 3565 541 Laudato

282 580 392 626 tur.
424 570 577 627 Beati
601 569 691 640 qui
727 569 975 625 esuriant
1000 575 1054 623 et
1083 568 1276 623 sitiunt
1296 565 1588 636 justitiam,
1617 566 1875 636 quoniam

280 666 387 739 ipsi
442 665 837 720 saturabuntur
862 660 1079 735 (Matth.
1112 662 1167 734 v)
1199 678 1213 717 :
1250 680 1268 712 ι
1322 660 1451 716 hinc
1496 667 1551 715 et
1600 657 1875 730 Sapientia

282 760 401 815 ait:
437 776 457 809 ι
494 756 615 826 Qui.
644 756 890 827 sequitur
913 755 1177 827 justitiam
1225 752 1760 819 etmisericordiam,
1793 752 1877 807 in-

280 851 467 907 veniet
495 849 663 904 vitam
688 845 1377 917 et-justitiam‘ct‘gloriam
1396 841 1581 914 (Prov.
1611 842 1747 914 xxi).
1779 863 1797 895 ι

889 936 1125 994 CAPUT
1147 936 1234 992 ιιιε

282 1033 566 1118 Sapientis
578 1032 959 1118 (“captitum
983 1039 1161 1118 peccat
1179 1030 1328 1118 quis,
1342 1030 1409 1118 ’ξπ
1422 1029 1604 1118 domo,
1637 1029 1871 1118 iri-egro,

351 1099 411 1161 in
438 1104 618 1170 corde,
651 1103 708 1158 in
724 1102 889 1168 luto,
918 1099 1025 1158 m
1050 1099 1231 1159 dicat:
1256 1100 1307 1155 Α
1332 1099 1790 1165 Deoabscoudar,
1820 1108 1871 1154 et

353 1177 579 1248 quisme,
599 1174 775 1235 videt?
805 1172 1093 1248 quia_Deus
1115 1173 1293 1229 omnia
1312 1189 1415 1229 sua
1443 1171 1715 1241 majestate
1744 1187 1872 1225 cou-

352 1244 503 1318 spicit
526 1256 682 1317 atque
713 1244 1125 1315 comprehendit.

356 1359 372 1389 ι
406 1338 523 1393 Νοη
580 1338 771 1393 dicas:
826 1336 872 1391 A
922 1337 1032 1392 Deo
1067 1336 1394 1401 abscondar,
1452 1342 1507 1390 et
1562 1349 1628 1388 ex
1660 1348 1873 1389 summo

279 1435 402 1513 quis
433 1432 539 1488 mei
567 1431 1003 1489 memorabitur?
1044 1432 1098 1486 In
1130 1432 1328 1502 populo
1360 1446 1553 1503 magno
1576 1446 1685 1486 non
1708 1446 1875 1503 agno-

277 1545 402 1585 scar
432 1548 445 1583 :
480 1543 600 1598 qua:
651 1537 736 1589 est
791 1528 937 1589 enim
986 1529 1168 1585 anima
1216 1542 1336 1583 mea
1377 1528 1431 1582 in
1462 1536 1572 1582 tam
1610 1527 1876 1583 immensa

278 1620 573 1675 creatura?
598 1638 617 1670 ι
655 1618 851 1691 Arguit
874 1633 969 1673 eos
994 1619 1086 1689 qui
1111 1618 1298 1675 dicunt
1327 1618 1496 1675 Deum
1546 1632 1650 1673 non
1667 1633 1874 1674 curare

279 1711 549 1777 mortalia,
590 1717 645 1765 et
688 1710 805 1766 vias
855 1710 1137 1767 hominum
1166 1726 1277 1766 non
1326 1710 1660 1776 examinare,
1691 1717 1873 1767 osten-

278 1803 414 1863 dens
456 1802 753 1859 manifeste
798 1804 945 1874 quod
989 1805 1105 1859 hate
1136 1803 1299 1875 impia
1329 1804 1400 1859 sit
1428 1803 1705 1871 cogitatio,
1749 1817 1874 1856 cum

277 1896 458 1952 omnis
487 1894 764 1966 Scriptura
815 1911 968 1951 sacra
1016 1903 1249 1953 teStetur
1280 1894 1416 1949 nihil
1459 1895 1629 1951 latere
1676 1895 1869 1957 Deum,

277 1994 336 2042 et
360 1986 531 2043 oculis
561 1986 676 2057 ejus
716 1993 913 2043 cuncta
937 1993 1145 2057 patere.
1179 1984 1331 2041 Hanc
1376 1986 1543 2040 etiam
1568 1985 1872 2042 errantium

276 2079 603 2137 sententiam
630 2077 980 2155 reprehendit
1000 2077 1223 2148 Eliphaz
1254 2075 1623 2142 Themanites,
1649 2076 1705 2130 in
1731 2075 1874 2131 libro

277 2167 401 2237 Job,
440 2169 515 2224 ita
541 2168 726 2225 dicens
759 2186 771 2222 :
811 2187 830 2219 ‹
869 2168 950 2223 Αη
980 2184 1088 2224 non
1119 2168 1326 2243 cogitas
1347 2169 1492 2238 quod
1520 2167 1663 2223 Deus
1692 2168 1874 2225 excel-

279 2262 394 2320 sior
419 2261 561 2319 coelo
610 2262 699 2329 sit,
729 2269 785 2317 et
821 2276 984 2332 super
1014 2261 1293 2319 stellarum
1342 2263 1576 2319 vertices
1615 2262 1874 2318 sublime-

280 2354 414 2410 tur?
450 2353 517 2411 Et
544 2353 679 2408 dicis
707 2369 720 2406 :
752 2352 892 2420 Quid
920 2351 1069 2407 enim
1115 2353 1266 2408 novit
1321 2354 1602 2419 Dominus,
1645 2364 1699 2408 ct
1720 2353 1877 2427 quasi

278 2460 380 2517 per
434 2443 719 2516 caliginem
743 2443 995 2514 judicat?
1049 2442 1233 2500 Nubes
1284 2444 1567 2500 latibulum
1605 2445 1742 2515 ejus,
1778 2458 1881 2499 nec

280 2543 473 2590 nostra
500 2535 811 2591 considerat
840 2553 852 2588 :
880 2541 934 2591 et
966 2535 1113 2591 circa
1152 2535 1405 2592 cardines
1429 2535 1555 2592 coeli
1581 2536 1876 2606 perambu-

280 2627 359 2683 lat
385 2626 530 2698 (Job.
563 2627 663 2697 x1).
696 2625 787 2684 Sic
818 2636 874 2682 et
889 2626 1187 2689 Psalmista
1236 2629 1504 2684 veraciter
1542 2629 1638 2684 Dei
1684 2636 1879 2699 poten-

284 2719 417 2775 tiam
448 2718 776 2788 intelligens,
829 2719 905 2774 ita
935 2719 1136 2788 iniquis
1166 2719 1548 2789 exprobrando
1577 2718 1653 2775 ait
1683 2733 1697 2772 :
1736 2737 1755 2770 ‹
1788 2717 1877 2773 In-

285 2805 514 2880 telligite
567 2824 712 2865 nunc
767 2809 861 2880 qui
916 2809 1239 2879 insipientes
1291 2810 1423 2864 estis
1469 2809 1521 2864 in
1571 2808 1793 2880 populo,
1826 2817 1882 2864 et

281 2902 436 2959 stulti
484 2900 770 2972 aliquando
826 2900 1000 2971 sapite
1031 2917 1044 2952 :
1075 2899 1180 2975 Qui
1221 2899 1486 2971 plantavit
1531 2914 1741 2967 aurem,
1769 2914 1882 2954 non

286 2994 514 3053 audiet?
543 3004 637 3051 aut
660 2994 753 3065 qui
780 2992 939 3048 ﬁnxit
984 2992 1224 3060 oculum,
1272 3008 1379 3048 non
1408 2992 1760 3048 considerat?
1785 2992 1881 3063 qui

285 3087 511 3165 corripit
556 3096 771 3159 gentes,
826 3102 941 3143 non
981 3086 1215 3157 arguet?
1263 3086 1356 3163 qui
1410 3087 1567 3141 docet
1604 3085 1880 3143 hominem

284 3178 611 3237 scientiam?
670 3176 932 3232 Dominus
975 3177 1127 3231 novit
1178 3174 1535 3249 cogitationes
1594 3175 1876 3233 hominum

1983 580 2129 631 eum,
2158 565 2282 622 οωιὶ
2325 565 2609 632 caelorum,
2638 574 2697 621 et
2721 581 2876 637 aquae
2904 583 3025 639 quas
3057 584 3221 641 super
3248 572 3417 629 cmlos
3441 582 3569 632 sunt

1981 659 2204 716 laudent
2234 674 2433 717 nomen
2466 659 2681 715 Domini
2706 657 2882 729 (Psal.
2907 662 3132 735 cxnwti)
3158 680 3173 729 ;
3208 663 3273 719 ἰὴ·
3293 676 3449 721 terrae
3473 681 3566 722 ve-

1981 769 2044 809 ro
2069 752 2332 809 vocabulo
2358 753 2605 809 homines
2626 759 2687 808 et
2716 760 3034 809 terrestrem
3065 764 3399 824 creaturam,
3424 758 3567 814 sicut

1980 846 2047 902 in
2066 846 2246 917 abyssi
2284 844 2567 900 intbrnalia
2621 845 2849 900 denotat
2871 846 2991 902 loca
3041 855 3103 902 es
3138 847 3361 919 spiritus
3388 850 3480 921 qui
3512 851 3569 908 in

1980 940 2117 1012 ipsis
2168 948 2604 996 conversantur:
2646 940 2977 1011 quae-omnia
3017 941 3086 997 int
3101 952 3393 1014 conspectu
3424 932 3571 1001 sum-

1980 1029 2277 1101 miijudici's
2302 1034 2804 1100 commovebuntur,
2838 1034 2972 1103 quia
3007 1034 3125 1106 ejus
3154 1036 3348 1093 viatore
3372 1052 3441 1093 ac
3464 1048 3572 1093 ser-

1983 1140 2110 1181 rore
2143 1126 2547 1191 concutiuntur,
2596 1135 2663 1181 et‘
2704 1127 3067 1182 reverentiam
3097 1128 3343 1185 tribuunt
3382 1130 3572 1186 virtuti

1980 1225 2036 1272 et
2064 1218 2341 1287 sapientiae
2388 1218 2504 1284 Dei,
2534 1233 2633 1288 per
2662 1232 2826 1289 quem
2857 1217 3003 1273 facta
3033 1225 3160 1275 sunt
3188 1221 3393 1288 omnia,
3416 1221 3573 1293 juxta

1981 1308 2225 1379 Apostoli
2268 1311 2611 1365 sententiam.
2648 1329 2677 1361 «ι
2700 1310 2761 1365 In
2786 1309 3179 1367 nomineJesu'
3218 1325 3389 1367 omne
3432 1327 3574 1384 genu

1980 1401 2239 1457 ﬂectatur
2291 1402 2615 1469 caelestium,
2685 1405 3053 1472 terrestrium,
3115 1414 3171 1462 et
3234 1405 3574 1463 infernorum

1983 1489 2153 1563 (Phil.
2172 1492 2254 1566 n).
2287 1512 2306 1546 ›
2340 1493 2447 1550 Per
2467 1503 2680 1552 montes
2702 1496 2918 1552 enimet
2937 1497 3102 1553 colles
3120 1498 3573 1569 potentium'pern

1985 1593 2125 1639 sena
2149 1584 2597 1651 demonstratur;
2629 1593 2694 1641 ev
2707 1601 2809 1657 per
2836 1584 3193 1643 fundamenta
3225 1596 3410 1655 terrae,
3449 1603 3576 1644 con-

1983 1676 2107 1732 silia
2151 1677 2419 1734 mentium
2450 1678 2831 1733 humanarum.
2863 1677 2989 1735 Haec
3039 1695 3169 1752 ergo
3219 1682 3287 1736 ad
3322 1680 3579 1736 intuitum

1981 1770 2081 1825 Dei
2112 1770 2563 1837 contremiscunt,
2609 1771 2736 1841 quia
2788 1769 2909 1839 ejus
2936 1758 3135 1828 ditioni
3179 1773 3411 1829 omnino
3450 1774 3580 1829 sub-

1900 1877 1953 1962 ];
1982 1862 2223 1917 duntur:
2258 1863 2315 1918 in
2354 1862 2636 1935 Scriptura
2689 1864 2888 1935 quippe
2935 1878 3105 1919 sacra-
3143 1865 3579 1936 seepemontium

1986 1954 2210 2011 nomine
2258 1954 2679 2027 prmdieantium:
2704 1955 3225 2028 altitudo-signatur.
3259 1957 3337 2011 De
3381 1957 3580 2028 quibus

1981 2066 2083 2125 per
2110 2048 2716 2107 Psalmistam-dicitur:
2755 2069 2772 2100 ι
2808 2048 3119 2120 Suscipiant
3155 2058 3368 2105 montes
3388 2063 3578 2121 pacem

1981 2145 2182 2217 populo
2210 2152 2301 2199 tuo
2334 2140 2507 2215 (Psal'.
2544 2142 2735 2214 bxxl):
2774 2161 2792 2193 ›
2833 2142 3579 2214 θιθοιὶιῳιίρρθσρνωάἱοδωι

1983 2252 2076 2294 res
2100 2245 2320 2293 aeternae
2344 2235 2533 2306 patriae
2572 2249 2679 2290 non
2722 2234 2997 2290 immerito
3028 2242 3243 2289 montes
3287 2241 3579 2303 vocantur,

1982 2330 2110 2402 quia
2146 2344 2245 2399 per
2268 2329 2395 2384 vitae
2424 2344 2535 2384 suae
2567 2328 2946 2385 celsitudinem
2995 2328 3106 2382 ima
3133 2335 3405 2384 terrarum
3429 2330 3584 2385 dese-

1986 2429 2134 2486 runt,
2165 2428 2220 2475 et
2241 2419 2381 2475 caelo
2407 2420 2694 2491 propinqui
2726 2419 2900 2487 ﬁunt;
2939 2419 3203 2489 subjectis
3236 2435 3365 2490 ergo
3389 2420 3585 2476 divina:

1985 2511 2255 2568 voluntati
2291 2511 2480 2567 electis
2526 2512 2619 2567 Dei
2669 2511 2782 2566 sola
2834 2520 3096 2583 repugnat
3139 2526 3292 2568 mens
3318 2512 3583 2582 superbo-

1985 2624 2131 2674 rum,
2166 2606 2269 2666 sed.
2298 2606 2575 2663 contraire
2602 2604 2677 2660 illi
2709 2613 2984 2677 satagens,
3012 2606 3128 2676 ipso
3156 2618 3219 2660 se
3249 2605 3432 2676 gladio
3454 2619 3586 2660 con-

1986 2700 2332 2756 tradictionis
2384 2699 2629 2771 frangit:
2662 2699 2838 2755 ordini
2892 2699 3429 2767 interno'renititur,
3489 2697 3585 2755 sed

1986 2792 2101 2848 suis
2143 2792 2289 2848 victa
2343 2792 2634 2849 conatibus
2680 2791 2898 2859 ligatur.
2934 2789 3312 2846 Unde~in.Job
3339 2792 3427 2847 ita'
3451 2790 3588 2846 scri-

1984 2889 2139 2955 ptum
2181 2892 2266 2939 est
2301 2902 2313 2937 :
2353 2902 2371 2934 ι
2409 2882 2542 2951 Quis
2576 2881 2778 2937 restitit
2809 2882 2857 2937 ei
2889 2888 2942 2937 et
2971 2896 3159 2951 pacem
3203 2881 3437 2936 habuit?
3460 2880 3587 2950 quia

1986 2989 2246 3046 perversa
2275 2990 2431 3030 mens
2457 2973 2601 3028 unde
2627 2988 2688 3028 se
2716 2980 3213 3028 contra-auctorem
3244 2972 3427 3044 erigit,
3456 2971 3586 3026 inde

1984 3081 2047 3122 se
2082 3066 2138 3122 in
2167 3066 2460 3137 semetipsa
2502 3064 2823 3131 confundit;
2874 3064 3083 3120 habere
3119 3079 3253 3137 ergo
3281 3077 3586 3134 pacem-re-

1985 3156 2186 3212 sistens
2234 3171 2345 3212 non
2398 3162 2603 3227 potest,
2657 3155 2786 3226 quia
2815 3155 3281 3226 dum-superbiam
3335 3153 3587 3211 confusio

286 3269 545 3343 quoniam
566 3283 722 3325 vanae
746 3277 872 3326 sunt
908 3268 1081 3340 (Psal.
1107 3241 1284 3341 XCIII):
1322 3288 1339 3320 ι
1368 3268 1436 3323 Ει
1464 3268 1628 3325 item:
1664 3286 1682 3318 ι
1713 3266 1879 3324 Scru-

1992 3248 2262 3319 sequitur,
2313 3248 2458 3320 quod
2507 3247 2675 3303 stulte
2714 3262 2814 3318 per
2853 3246 3071 3317 culpam
3123 3246 3351 3319 geritur,
3400 3246 3504 3302 hoc
3535 3245 3588 3300 in

286 3372 432 3428 tans,
460 3361 665 3432 inquit,
703 3362 867 3418 corda
893 3369 947 3417 et
976 3374 1136 3416 renes
1162 3361 1306 3417 Deus
1335 3358 1489 3432 (Psal
1514 3361 1633 3433 vn).
1670 3381 1689 3414 ›
1724 3361 1880 3419 Unde

289 3465 468 3529 etper
498 3454 845 3513 Salomonem
899 3455 1138 3512 dicitur:
1184 3472 1202 3504 ι
1243 3453 1444 3510 Omnes
1472 3453 1574 3511 viae
1598 3453 1881 3509 hominum

286 3554 483 3619 patent
506 3546 676 3602 oculis
705 3546 799 3602 Dei
827 3544 1010 3613 (Prov.
1040 3546 1154 3618 XVI)
1187 3565 1199 3599 :
1240 3565 1259 3599 ι
1292 3544 1431 3603 Hinc
1453 3553 1509 3600 et
1535 3559 1634 3616 per
1654 3544 1880 3601 Paulum

289 3638 529 3696 dicitur:
573 3657 591 3690 ι
629 3636 789 3694 Vivus
813 3646 898 3694 est
927 3638 1073 3694 enim
1128 3651 1308 3693 sermo
1353 3637 1468 3701 Dei,
1504 3645 1559 3692 et
1582 3637 1795 3705 eﬁicax,
1824 3646 1881 3693 et

286 3729 677 3804 penetrabilior
730 3731 881 3786 omni
932 3729 1109 3802 gladio
1164 3730 1386 3801 ancipiti
1414 3745 1429 3783 :
1457 3737 1514 3785 et
1566 3729 1880 3800 pertingens

288 3837 463 3894 usque
516 3823 585 3877 ad
616 3821 935 3878 divisionem
975 3821 1169 3877 animae
1196 3835 1261 3878 ac
1286 3821 1531 3891 spiritus,
1558 3837 1882 3893 compagum

290 3931 508 3988 quoque
546 3925 602 3972 et
645 3914 1031 3981 medullarum,
1090 3929 1155 3970 ac
1183 3914 1450 3971 discretor
1494 3910 1881 3993 cogitationum

296 4017 353 4064 ct
374 4007 737 4064 iutentionum
767 4005 948 4062 cordis
987 4003 1173 4077 (Hebr.
1202 4006 1301 4077 tv).

370 4118 387 4151 ι
427 4099 567 4157 Ecce
601 4098 800 4161 coelum
825 4106 881 4154 et
928 4096 1054 4154 εαξη
1084 4097 1368 4166 caelorum,
1398 4097 1627 4170 abyssus
1670 4106 1727 4154 et
1754 4098 1879 4155 uni-

314 4212 332 4244 ‹
372 4206 529 4249 versa
556 4180 743 4258 terra;
790 4198 847 4246 et
894 4204 1017 4261 quae
1045 4189 1101 4245 in
1125 4189 1206 4247 eis
1234 4197 1363 4245 sunt
1388 4188 1444 4245 in
1493 4197 1789 4261 conspectu
1822 4189 1884 4245 il-

306 4302 325 4335 ι
362 4283 468 4339 lius
514 4280 1033 4349 commovebuntur;
1076 4288 1289 4338 montes
1316 4281 1477 4337 simul
1509 4289 1566 4338 et
1620 4281 1789 4339 colles
1817 4290 1877 4339 et

300 4393 321 4429 ι
358 4374 709 4435 fundamenta
739 4384 919 4442 terrae,
969 4383 1026 4430 et
1052 4390 1177 4430 cum
1205 4376 1553 4445 conspexerit
1599 4374 1693 4432 illa
1716 4375 1881 4442 Deus,

301 4484 322 4519 ε
360 4474 601 4523 tremore
627 4466 1005 4523 concutientur
1036 4483 1049 4520 :
1082 4472 1139 4521 et
1164 4465 1220 4520 in
1254 4466 1505 4522 omnibus
1525 4466 1611 4523 his
1641 4468 1885 4523 insensa-

1989 3342 2202 3412 agentis
2225 3355 2385 3413 pcena
2410 3341 2738 3405 mirabiliter
2756 3340 3067 3396 ordinatur.

2068 3473 2086 3506 ι
2119 3454 2188 3509 Et
2207 3467 2370 3509 omne
2390 3452 2829 3524 corintelligitur
2850 3453 2920 3509 ab
2946 3452 3062 3519 illo,
3089 3460 3146 3508 et
3167 3452 3285 3509 vias
3310 3451 3454 3508 illius
3468 3452 3592 3524 quis

1995 3564 2016 3598 α
2054 3544 2307 3617 intelligit
2340 3564 2352 3599 :
2386 3546 2765 3617 et‘procellam
2796 3561 2959 3617 quam
2992 3560 3094 3602 nec
3148 3545 3340 3602 oculus
3386 3546 3594 3603 videbit

1994 3655 2015 3691 ι
2053 3637 2334 3695 hominis?
2367 3658 2386 3691 ›
2420 3636 2554 3693 Cum
2598 3638 2745 3693 enim
2793 3639 2976 3695 omnia
3016 3636 3288 3709 sapientia
3317 3636 3594 3695 Creatoris

1988 3732 2149 3799 sciat,
2201 3740 2255 3787 et
2291 3731 2474 3787 omnia
2504 3730 2780 3787 noscendo
2839 3729 3125 3801 dijudicet,
3166 3729 3594 3803 profunditatem

1987 3833 2174 3880 tamen
2225 3823 2439 3879 consilii
2485 3825 2569 3879 sui
2597 3831 2654 3879 et
2684 3825 2987 3895 potentiam
3020 3822 3232 3897 judicii,
3289 3836 3409 3894 quae
3455 3837 3586 3894 pro-

1988 3917 2138 3979 cellae
2161 3919 2382 3974 nomine
2410 3917 2501 3972 hic
2522 3916 2859 3989 designatur,
2900 3931 3063 3974 nemo
3090 3924 3382 3987 penetrare
3434 3921 3593 3985 pote-

1986 4010 2082 4079 rit,
2116 4008 2552 4083 quoniam‘juxta
2585 4011 2637 4066 id
2666 4010 3123 4081 quod’sequitur:

2066 4141 2085 4174 ι
2124 4121 2522 4193 Νίιιῐιριιιῐὶιωι
2561 4137 2731 4193 opera
2752 4121 2896 4178 illius
2919 4130 3048 4179 sunt
3079 4121 3134 4177 in
3167 4118 3470 4187 absconsis,
3497 4118 3594 4177 sed

1993 4233 2013 4266 ι
2058 4209 2467 4283 operajustitia:
2520 4212 2643 4280 quis
2693 4212 3029 4277 enuntiabit,
3060 4220 3155 4268 aut
3205 4212 3330 4282 quis
3356 4210 3591 4268 sustine-

1993 4319 2013 4352 α
2056 4301 2177 4356 bit?
2198 4319 2216 4351 ι
2252 4299 2389 4367 Quia
2416 4314 2483 4355 ea
2505 4300 2686 4356 nullus
2704 4304 2772 4357 ad
2792 4302 3059 4371 liquidum
3087 4302 3408 4372 dignoscere
3432 4309 3585 4372 pote-

1986 4393 2061 4449 rit
2074 4406 2099 4449 .:
2135 4410 2152 4444 ‹
2187 4390 2762 4461 Incomprehensibilia
2790 4391 2938 4448 enim
2975 4399 3102 4448 sunt
3118 4390 3324 4460 judicia
3365 4393 3509 4464 ejus,
3531 4401 3591 4448 et

1987 4480 2394 4554 investigabiles
2450 4480 2552 4536 viae
2596 4481 2735 4551 ejus.
2783 4500 2802 4533 ι
2836 4480 3069 4536 Tantum
3104 4495 3236 4552 ergo
3289 4481 3418 4537 hinc
3446 4481 3589 4537 ratio

303 4579 326 4615 ι
362 4571 475 4618 tum
517 4568 601 4617 est
639 4576 755 4617 cor.
791 4580 810 4614 ι
861 4559 1157 4617 Enumerat
1195 4558 1468 4630 praecipua
1511 4559 1579 4618 de
1616 4558 1879 4617 creaturis

303 4652 391 4673 me
455 4652 679 4673 ___-.:.-_
706 4652 876 4673 ως,
910 4652 1201 4673 ----__,___
1242 4650 1741 4673 __-.___.-.“_-_-m
1782 4651 1857 4673 λε,

1992 4580 2258 4630 creatura:
2307 4586 2602 4644 agnoscere
2658 4572 2879 4642 poterit,
2914 4580 3179 4643 quantum
3211 4573 3289 4628 illi
3338 4573 3585 4630 revelare

297 4652 419 4721 Dei,
446 4652 680 4724 qualiter
701 4652 883 4708 omnia
908 4652 1205 4712 secundum
1242 4650 1576 4709 voluntatem
1593 4666 1747 4707 suam
1776 4651 1887 4708 dis-

296 4744 479 4817 posuit
532 4751 693 4815 atque
739 4742 1040 4814 dispensat,
1090 4751 1151 4798 ut
1193 4743 1547 4815 intelligatur,
1612 4745 1661 4803 si
1686 4743 1895 4816 majora

299 4836 560 4908 majestas
586 4834 703 4905 ejus
732 4835 1167 4907 comprehendit,
1194 4836 1412 4891 minora
1434 4837 1598 4893 etiam
1619 4836 1711 4892 illo
1730 4838 1894 4894 modo

301 4942 426 4984 eum
459 4925 629 4985 latere
654 4940 762 4981 non
789 4940 970 4998 posse.
998 4924 1155 4981 Nulla
1186 4926 1333 4987 enim
1363 4935 1619 4984 creatura
1647 4928 1894 4986 invisibi-

300 5019 369 5077 lis
392 5019 553 5079 estin
588 5026 881 5095 conspectu
906 5017 1047 5091 ejus,
1078 5021 1206 5091 quia
1251 5021 1534 5092 aequaliter
1580 5032 1635 5078 et
1665 5039 1890 5097 magnos

302 5128 425 5175 rum
452 5116 506 5167 et
525 5127 820 5184 parvorum
849 5113 963 5189 ipse
989 5122 1204 5170 creator
1229 5122 1350 5180 est;
1374 5114 1631 5185 quoniam
1654 5129 1721 5170 ex
1750 5116 1891 5185 ipso,

306 5214 363 5263 et
396 5220 493 5278 per
520 5207 719 5283 ipsum,
755 5215 810 5263 et
836 5207 891 5262 in
938 5207 1058 5277 ipso
1089 5214 1216 5263 sunt
1238 5207 1454 5273 omnia;
1491 5215 1545 5261 et
1570 5207 1754 5262 omnia
1797 5222 1893 5277 pa-

307 5307 438 5355 vent
462 5309 518 5356 et
553 5300 988 5356 contremiscunt
1048 5299 1116 5354 ad
1175 5308 1366 5355 nutum
1396 5299 1550 5371 ejus:
1586 5299 1699 5356 sola
1745 5300 1893 5355 enim

308 5395 590 5453 rationalis
620 5402 884 5455 creatura:
932 5393 1184 5450 voluntas
1212 5394 1266 5449 in
1317 5394 1588 5464 perversis
1617 5395 1893 5449 contraria

305 5487 385 5545 illi
408 5486 595 5553 sentit,
612 5485 721 5547 sed
747 5500 857 5544 non
882 5484 1215 5556 praevalebit,
1243 5484 1369 5555 quia
1395 5486 1451 5541 iu
1486 5485 1761 5542 voluntate
1783 5501 1895 5542 om-

309 5578 608 5650 nipotentis
658 5577 955 5634 conditoris
1011 5576 1262 5633 universa
1298 5585 1425 5632 sunt
1466 5579 1662 5647 posita,
1694 5586 1749 5633 et
1786 5593 1893 5633 non

310 5681 397 5728 est
448 5670 541 5739 qui
592 5669 762 5739 possit
820 5669 1076 5725 resistere
1127 5671 1390 5727 voluntati
1442 5670 1579 5739 ejus,
1631 5673 1894 5726 Dominus

313 5765 458 5821 enim
492 5762 867 5823 universorum
919 5765 1033 5837 ipse
1061 5775 1162 5822 est.
1200 5766 1420 5839 Mystiee
1459 5776 1639 5822 autem
1670 5768 1723 5823 in
1772 5766 1893 5822 οωΙὶ

314 5860 537 5915 uoutine
567 5857 812 5917 militiam
848 5860 1122 5917 caelestem
1158 5871 1209 5916 ct
1243 5861 1509 5933 angelicas
1539 5859 1893 5930 comprehen-

1994 4663 2231 4720 voluerit
2284 4664 2461 4735 pietas
2494 4662 2789 4734 largitoris.
2846 4660 3002 4719 Unde
3061 4662 3306 4718 dicitur:
3348 4681 3368 4713 ς
3410 4660 3591 4735 Opera

1991 4755 2221 4827 justitia:
2249 4757 2374 4828 quis
2405 4756 2748 4813 euuntiabit?
2783 4765 2877 4811 aut
2899 4757 3021 4829 quis
3046 4756 3377 4813 sustinebit?
3412 4777 3430 4810 ι
3464 4756 3592 4829 quia

1998 4850 2142 4909 sicut
2163 4865 2324 4907 nemo
2348 4851 2634 4907 enuntiare
2688 4859 2870 4921 potest
2901 4850 3133 4920 justitize
3154 4851 3249 4907 Dei
3265 4849 3589 4907 .sublimita-

1998 4947 2129 5007 tem,
2181 4941 2260 4995 ita
2286 4955 2389 4996 nec
2425 4939 2652 4996 suﬁ‘erre
2685 4941 2829 4996 valet
2872 4938 3206 5009 iudiciorum
3255 4939 3376 5009 ejus
3408 4939 3592 4995 distri-

1998 5030 2254 5098 ctionem,
2284 5030 2390 5087 nisi
2431 5030 2519 5086 cui
2546 5031 2659 5102 ipse
2684 5031 2987 5098 donaverit,
3033 5037 3092 5087 et
3125 5038 3388 5101 quantum
3425 5029 3591 5086 dona-

1999 5126 2159 5180 verit.

2075 5237 2095 5269 ‹
2131 5217 2313 5290 Longe
2347 5218 2495 5275 enim
2547 5224 2631 5274 est
2682 5224 3070 5273 testamentum
3096 5231 3129 5271 a
3154 5212 3506 5286 quibusdam,
3531 5224 3587 5274 et

2003 5328 2021 5360 ι
2062 5307 2417 5380 interrogatio
2439 5307 2678 5363 omnium
2709 5306 2765 5360 in
2784 5305 3253 5361 consummatione
3268 5314 3370 5362 est.
3407 5326 3427 5360 ι
3451 5305 3590 5363 Lon-

1998 5415 2064 5473 ge
2090 5409 2174 5456 est
2198 5407 2583 5457 testamentum
2610 5414 2640 5453 a
2664 5397 2910 5469 paganis,
2943 5396 3037 5468 qui
3082 5396 3402 5454 idalolatria:
3428 5412 3587 5454 exer-

2000 5499 2127 5548 cent
2166 5490 2462 5548 falsitatem
2488 5507 2502 5558 ;
2534 5489 2692 5561 longe
2720 5496 2804 5544 est
2838 5498 2895 5545 et
2920 5490 2989 5545 ab
3013 5488 3306 5554 haereticis,
3334 5488 3429 5560 qui
3459 5487 3584 5543 ﬁdei

2001 5585 2315 5641 deserentes
2368 5584 2675 5648 veritatem,
2734 5590 2913 5638 sectas
2975 5590 3297 5638 construunt
3344 5579 3583 5644 erroris,

1999 5677 2155 5747 longe
2194 5685 2277 5732 est
2320 5684 2375 5731 et
2398 5691 2428 5729 a
2458 5675 2616 5731 malis
2671 5676 2969 5743 catholicis,
3011 5676 3104 5746 qui
3138 5676 3263 5731 licet
3289 5674 3452 5729 ﬁdem
3490 5686 3579 5726 re-

2000 5777 2143 5824 ctam
2197 5777 2436 5833 teneant,
2464 5776 2643 5823 tamen
2684 5784 2847 5839 opera
2886 5768 3006 5824 ﬁdei
3037 5768 3303 5837 condigna
3330 5780 3436 5820 non
3483 5763 3576 5816 ha-

1998 5860 2146 5928 bent,
2175 5870 2230 5917 et
2268 5868 2555 5932 propterea
2598 5860 2910 5918 testamenti
2940 5859 3034 5915 Dei
3066 5856 3337 5913 veraciter
3360 5850 3584 5924 partici«
