4030 6534
487 427 589 486 871

1123 425 1185 481 Β.
1226 424 1480 482 RABAN]
1513 424 1738 484 MAURI
1776 424 2098 482 ARCHIEP.
2140 420 2452 481 MOGUNT.
2492 419 2782 481 OPERUM
2814 419 2995 479 PARS
3031 420 3123 477 IV.

3658 419 3777 479 επ

488 553 587 611 pes
630 551 738 594 non
781 543 927 604 sunt,
960 555 978 589 ι
1016 537 1143 607 quia
1169 536 1446 593 auditores
1495 536 1633 610 legis
1659 552 1767 595 non
1792 535 2065 605 justiﬁca-
2095 539 2146 601 Λ
2178 552 2197 586 ‹
2238 544 2290 590 et
2315 533 2468 589 initia
2500 534 2740 604 ipsorum
2771 534 2825 588 in
2874 532 3123 605 gentibus
3150 536 3283 590 suis.
3319 552 3340 589 ι
3373 534 3457 619 Ex
3483 549 3596 607 quo
3634 548 3779 607 ergo

488 633 691 687 buntur
727 629 870 701 apud
911 628 1106 695 Deum,
1156 628 1252 685 sed
1308 628 1543 685 factores
1597 629 1752 699 legis.
1795 648 1814 682 ι
1873 630 2073 684 Dicunt

488 723 632 780 enim
658 737 717 778 se
743 736 903 777 inesse
932 721 1130 787 Deum,
1172 719 1331 777 factis
1363 728 1543 777 autem
1570 729 1771 791 negant
1797 738 1812 788 ;
1849 722 1946 776 sed
1973 722 2072 777 ho-

489 831 612 872 rum
665 815 908 871 omnium
951 814 1309 887 interrogatio
1324 814 1398 885 .in,
1447 814 1916 873 consummatione
1964 820 2071 880 est,

488 908 704 982 quando
723 920 829 965 non
854 907 942 963 die
958 905 1151 977 iudicii
1172 892 1372 977 singuli
1399 905 1627 962 reddent
1668 905 1937 960 rationem
1959 904 2072 961 Deo

487 1021 586 1077 pro
611 1003 898 1073 animabus
935 1002 1050 1059 suis
1082 1020 1095 1055 :
1132 1018 1152 1067 ς
1184 1008 1402 1071 πωπω
1433 999 1664 1070 recipiet
1700 999 2074 1070 unusquisque

486 1097 707 1170 propria
728 1094 973 1168 corporis
1001 1094 1087 1157 sui
1120 1100 1282 1166 prout
1305 1093 1496 1166 gessit,
1548 1092 1662 1149 sive
1701 1092 1927 1161 bonum,
1958 1092 2074 1149 sive

488 1191 712 1248 malum.
746 1192 771 1241 ‘i

564 1302 584 1335 ι
630 1280 732 1350 Qui
757 1280 1062 1337 minoratur
1086 1279 1250 1335 corde
1288 1276 1495 1349 cogitat
1535 1276 1738 1343 inania,
1765 1284 1823 1334 et
1843 1275 1929 1331 vir
1966 1275 2073 1331 im-

495 1391 515 1425 ‹
552 1372 792 1443 prudens
820 1378 878 1427 et
908 1384 1098 1428 errans
1143 1369 1349 1442 cogitat
1391 1367 1578 1425 stulta.
1614 1387 1634 1420 ›
1669 1367 1969 1424 Minoratur
1989 1381 2077 1422 er-

490 1479 559 1537 go
587 1463 769 1527 corde,
801 1462 898 1533 qui
950 1461 1157 1518 recedit
1189 1476 1222 1516 a
1249 1460 1498 1517 veritatis
1522 1460 1758 1516 tramite.
1799 1458 1900 1515 Hie
1925 1459 2074 1532 cogi-

490 1562 570 1611 tat
590 1553 793 1621 inania,
820 1553 924 1610 hoc
943 1560 1048 1609 'est
1066 1552 1203 1609 falsa
1223 1567 1323 1624 pro
1351 1552 1499 1609 veris
1527 1551 1822 1609 meditatur
1842 1553 2076 1609 condere

488 1639 781 1718 dogmata;
811 1652 905 1702 aut
928 1644 999 1701 -si
1047 1644 1185 1701 falsa
1219 1660 1330 1702 non
1358 1644 1537 1712 docet,
1587 1659 1849 1716 perversa
1894 1652 2075 1702 tamen

485 1732 708 1811 impune
740 1752 803 1795 se
851 1736 1026 1794 credit
1070 1751 1228 1808 posse
1281 1752 1446 1809 agere
1490 1751 1679 1808 opera.
1708 1736 1811 1794 Hic
1838 1753 1968 1810 ergo
1989 1737 2076 1793 vir

484 1815 801 1902 imprudens
828 1836 886 1885 et
909 1843 1100 1887 errans
1120 1830 1319 1886 merito
1356 1828 1579 1897 dicitur,
1622 1830 1750 1901 quia
1775 1829 1940 1886 stulta
1965 1830 2071 1889 hu-.

2174 628 2411 686 hominis
2445 628 2799 699 propaginem
2831 626 3061 683 dilatare
3112 626 3256 682 Deus
3300 627 3588 697 disposuit,
3647 628 3777 685 sin-

2175 718 2421 794 gularum
2448 719 2690 791 gentium
2717 718 2983 789 originem
3011 732 3108 789 per
3130 726 3316 789 partes
3343 718 3587 790 singulas
3606 735 3780 793 utun-

2178 814 2232 871 di
2262 812 2542 879 discrevit,
2571 811 2646 867 ita
2674 819 2736 868 ut
2763 826 3104 883 unaquaque
3138 827 3273 882 gens
3299 826 3368 868 ex
3395 813 3647 882 parentis
3690 814 3779 869 sui

2177 906 2445 965 vocabulo
2470 905 2839 973 denominata,
2864 904 3023 962 sedes
3042 905 3292 977 proprias
3315 905 3371 961 in
3397 905 3631 978 singulis
3653 923 3783 978 pro-

2176 997 2373 1057 vinciis
2424 996 2746 1068 possideret.
2794 994 3019 1068 Mystice
3071 1003 3257 1053 autem
3287 995 3471 1053 divina
3495 999 3782 1069 sapientia

2176 1091 2479 1148 Ecclesiam
2510 1104 2667 1146 suam
2689 1090 2999 1157 instituens,
3026 1102 3127 1161 per
3165 1089 3335 1147 totius
3377 1097 3570 1162 partes
3617 1090 3784 1146 orbis

2176 1184 2325 1241 illam
2349 1183 2614 1249 dilatavit,
2636 1191 2801 1253 atque
2824 1182 2881 1238 in
2909 1181 3136 1254 singulis
3164 1182 3419 1253 gentibus
3442 1182 3773 1248 collocavit,

2176 1278 2254 1334 ita
2282 1286 2344 1335 ut
2372 1276 2628 1349 specialia
2682 1275 2904 1339 nomina
2942 1274 2999 1330 in
3032 1274 3261 1330 diversis
3304 1273 3442 1331 locis
3462 1274 3786 1331 vindicaret

2175 1370 2301 1429 sibi.
2338 1369 2489 1427 Unde
2511 1376 2596 1424 est
2618 1366 2842 1439 quodin
2879 1364 3204 1438 Apocalypsi
3248 1372 3460 1437 septem
3480 1364 3780 1431 Ecclesiis,

2176 1477 2297 1535 quae
2317 1461 2538 1519 fuerunt
2558 1461 2611 1516 in
2635 1459 2789 1525 Asia,
2821 1472 3004 1516 sermo
3028 1456 3126 1514 Dei
3154 1456 3396 1514 directus
3425 1457 3522 1523 sit,
3552 1457 3785 1528 quando

2177 1556 2370 1630 angelo
2397 1555 2644 1628 Smyrnae
2676 1553 2954 1619 Ecclesia,
2981 1559 3038 1607 et
3064 1551 3257 1624 angelo
3297 1550 3556 1623 Pergami
3582 1550 3784 1607 Eccle-

2176 1650 2296 1715 sia,
2324 1647 2624 1721 angeloque
2652 1646 2926 1733 Thyatira
2974 1644 3250 1712 Ecclesia,
3301 1643 3560 1701 similiter
3582 1651 3643 1699 et
3672 1659 3786 1699 ca-

2176 1741 2310 1798 teris
2337 1738 2670 1813 evangelista
2702 1738 2942 1797 Joannes
2959 1737 3117 1808 jussu
3143 1736 3245 1794 Dei
3292 1737 3613 1796 admonitus
3638 1738 3785 1793 scri-

2174 1836 2305 1906 psit,
2345 1840 2401 1890 et
2424 1848 2490 1889 ea
2511 1848 2632 1904 qua
2679 1833 2737 1889 in
2787 1833 2869 1890 eis
2906 1831 3126 1909 fuerunt
3170 1829 3497 1902 corrigenda
3544 1829 3783 1903 singulis

475 1921 778 1994 juscemodi
811 1930 896 1980 est
941 1922 1271 1981 aestimatio:
1309 1941 1328 1974 ι
1365 1921 1496 1990 Quae
1519 1922 1667 1979 enim
1721 1923 2071 1981 seminaverit
2096 1917 2146 1980 B
2174 1925 2518 1984 annuntiavit
2547 1924 2732 1997 (ᾼηοσ,
2761 1922 2919 1997 1,2).

483 2016 670 2084 homo,
708 2015 828 2072 hac
851 2024 908 2072 et
932 2022 1142 2081 metet:
1180 2032 1199 2068 ι
1246 2014 1504 2085 quoniam
1532 2015 1676 2070 Deus
1724 2029 1835 2070 non
1878 2013 2073 2083 iri-ide:

482 2118 596 2183 tur,
651 2094 748 2167 Sed
802 2100 1095 2181 unicuique
1128 2106 1427 2174 secundum
1462 2107 1684 2180 propria
1719 2106 1909 2165 reddet
1958 2121 2072 2164 me-

481 2192 612 2292 nsa;
642 2199 649 2203 ί

470 2328 503 2346 .ι
540 2358 547 2361 1
908 2355 912 2359 1
952 2326 969 2347 ρ
1125 2291 1311 2350 APUT
1339 2292 1428 2350 IV.

478 2384 794 2446 Exhortatio
845 2385 1130 2461 Sapientia
1208 2384 1440 2470 qualiter
1483 2383 1778 2457 disciplina
1828 2391 2072 2442 teneatur

1177 2474 1264 2513 ma

557 2586 579 2622 ι
614 2569 755 2627 Audi
774 2584 883 2639 me,
925 2570 1026 2638 ﬁli,
1056 2577 1115 2626 et
1141 2570 1291 2627 disce
1318 2570 1660 2641 disciplinam
1681 2584 1894 2637 sensus,
1920 2580 1989 2641 .et
2014 2569 2072 2628 in

484 2679 508 2716 ι
536 2662 720 2720 verbis
741 2663 878 2719 meis
904 2662 1125 2731 attende
1148 2663 1396 2731 mrcorde
1416 2670 1531 2731 tuo,
1557 2670 1613 2717 et
1634 2662 1889 2737 dicamgn
1909 2661 2074 2733 aqui-

485 2774 506 2808 ι
543 2762 658 2811 tate
710 2744 1072 2826 disciplinam,
1120 2762 1199 2811 et~
1230 2746 1525 2821 scrutabor
1558 2768 1816 2827 enarrare
1842 2767 2070 2825 sapien-

486 2861 508 2896 ι
546 2844 761 2900 tiam.)
803 2844 1077 2917 Admonet
1118 2853 1346 2915 paterna
1396 2844 1759 2902 sollicitudine
1782 2844 1870 2913 vir
1895 2842 2071 2900 eccle-

477 2922 733 2992 siasticus
757 2949 897 3005 eos;
928 2950 1068 3008 quos
1105 2934 1205 2991 ﬁlii
1256 2918 1796 3007 nuncupatnomine
1839 2944 1894 2991 et
1916 2941 2068 3006 optat

480 3024 684 3099 habere
708 3024 941 3109 loco,‘ut
966 3026 1312 3105 disciplinam
1361 3022 1557 3099 sensus
1582 3026 1818 3095 discant,
1850 3027 1955 3083 hoc
1985 3033 2069 3082 est

476 3114 605 3171 ﬁdei
634 3115 856 3171 audiant
905 3117 1218 3185 veritatem,
1279 3124 1335 3173 et
1363 3117 1647 3174 attendant
1675 3113 1736 3173 in
1775 3117 1941 3189 corde
1968 3130 2068 3173 suo

478 3209 547 3266 ad
575 3211 743 3267 verba
772 3210 965 3282 ipsius,
998 3212 1212 3270 scilicet
1257 3221 1319 3270 ut
1343 3214 1462 3270 sine
1491 3213 1796 3281 cessatione
1846 3228 2069 3270 servare

2251 2038 2271 2073 ι
2319 2017 2548 2077 Ornavit
2572 2017 2627 2072 in
2654 2014 2918 2073 atemum
2953 2027 3119 2084 opera
3162 2011 3401 2080 illorum,
3430 2024 3538 2068 nec
3565 2011 3783 2067 eSurie-

2178 2130 2199 2166 ι
2233 2117 2361 2168 runt
2391 2124 2494 2166 nec
2514 2107 2935 2172 laboraverunt;
2966 2113 3022 2162 et
3060 2120 3172 2161 non
3195 2103 3528 2161 destiterunt
3550 2101 3625 2157 ab
3645 2116 3784 2173 ope-

2178 2220 2200 2255 c
2244 2202 2397 2258 ribus
2433 2199 2565 2257 suis.
2600 2218 2620 2253 ι
2652 2197 2986 2270 Praeparavit
3011 2196 3181 2253 enim'
3205 2196 3350 2252 Deus
3379 2209 3553 2266 opera
3583 2193 3780 2249 Eccle-

2170 2294 2267 2351 sia
2292 2308 2422 2361 sua,
2452 2299 2509 2350 et
2532 2290 2815 2349 charitatis
2844 2289 3132 2361 splendore
3168 2287 3345 2360 ipsam
3368 2285 3775 2358 perpetualiter

2170 2383 2462 2443 illustravit
2490 2400 2506 2440 :
2531 2389 2823 2456 propterea
2844 2379 3069 2437 nullam
3080 2378 3346 2453 virtutum
3369 2377 3661 2449 patiuntur
3678 2389 3778 2448 pe-

2170 2477 2553 2547 nuriammec.
2579 2473 2813 2546 pigritia
2860 2470 3185 2539 lassitudine
3215 2469 3497 2536 deﬁciunt,
3536 2466 3640 2526 sed
3688 2466 3778 2524 in-

2170 2570 2319 2639 tenti.
2336 2568 2495 2626 bonis
2522 2566 2779 2639 operibus
2805 2560 3024 2636 semper
3050 2562 3330 2621 insistunt.
3594 2562 3601 2571 '

2180 2733 2189 2740 υ
2246 2682 2267 2715 ι
2300 2660 2686 2731 Unusquisque
2738 2657 3052 2731 proximum
3104 2656 3211 2713 sibi
3255 2654 3772 2729 nea-angustiam,

2173 2772 2197 2808 ι
2239 2740 2413 2823 usque
2435 2752 2492 2807 in
2515 2766 2710 2807 avum.
2749 2768 2770 2803 ι
2814 2748 2954 2818 Quia
2981 2765 3003 2801 ι
3033 2746 3409 2820 οιιεινίιιιειιριι
3431 2740 3777 2818 quat-ithm

2176 2863 2197 2899 ι
2229 2861 2328 2903 sua
2352 2852 2481 2902 sunt
2529 2843 2580 2917 (Ι
2624 2843 2749 2899 Cor.
2776 2841 2924 2915 xui),
2960 2861 2981 2896 ι
3014 2841 3111 2897 sed
3155 2855 3279 2911 qua
3305 2838 3559 2909 aliorum.
3615 2837 3773 2895 Unde

2168 2937 2428 3010 praecepit
2454 2934 2769 3007 Apostolus,
2807 2933 3035 3003 dicens;
3074 2928 3591 3007 qgt~Tanquamﬁliis
3613 2929 3768 2987 dine:

2167 3029 2482 3087 Dilatamini
2511 3036 2567 3085 et
2584 3043 2703 3096 vos,
2732 3035 2789 3084 et
2817 3026 2986 3101 nolite
3030 3025 3223 3098 iugum
3251 3026 3452 3081 ducere
3494 3027 3627 3080 cum
3650 3022 3773 3077 inﬁ-

2168 3121 2402 3179 delibus.
2432 3139 2451 3174 »
2490 3118 2755 3192 Latitudo.
2772 3117 3017 3195 mandati
3074 3116 3314 3175 eharitas
3343 3123 3449 3184 est,
3500 3115 3634 3188 quia
3678 3113 3770 3169 ubi

2172 3209 2414 3266 charitas
2436 3216 2640 3275 manet,
2682 3224 2797 3281 non
2821 3217 2952 3287 sunt
2993 3208 3277 3281 angustia.
3325 3205 3388 3265 ιιι
3417 3206 3539 3277 ipsa
3582 3204 3772 3261 latitu-

474 3303 731 3359 studeant
773 3276 837 3360 ea
866 3276 988 3375 quae
1025 3305 1095 3360 ad
1127 3319 1344 3361 morum
1389 3305 1666 3378 pertinent
1712 3296 2063 3376 probitatem,
2094 3276 2140 3342 Ο
2171 3304 2297 3361 dine
2321 3312 2443 3361 erat
2459 3294 2755 3379 Apostolus
2792 3276 2923 3367 eum
2945 3276 3192 3361 diceret:
3239 3321 3258 3355 ι
3281 3300 3370 3371 .Os
3390 3276 3646 3361 nostrum
3674 3316 3773 3373 pa-

474 3403 531 3451 et
551 3395 629 3451 sic
658 3395 928 3453 veraciter
960 3396 1259 3468 disciplina
1293 3405 1349 3454 et
1369 3398 1649 3469 sapientia
1685 3399 1882 3454 divina
1909 3405 2071 3465 erunt

475 3482 875 3545 meditatores':
901 3489 1028 3560 quia
1065 3507 1083 3540 ι
1125 3490 1231 3560 qui
1248 3491 1477 3561 verbum
1506 3491 1605 3549 Dei
1642 3485 1841 3548 retinet
1866 3491 1926 3548 in
1946 3506 2070 3549 cor-

476 3578 544 3635 de
566 3580 710 3636 bono
733 3589 789 3635 et
809 3568 1035 3650 optimo,
1073 3580 1312 3673 frueturn
1338 3579 1528 3638 afferet
1556 3582 1611 3637 in
1647 3582 1929 3653 patientia.
1969 3603 1991 3638 ι

551 3690 571 3722 «
612 3671 680 3725 Ει
705 3672 761 3726 in
787 3672 969 3729 verbis
1018 3672 1153 3728 meis
1180 3671 1399 3739 attende
1427 3674 1485 3729 in
1519 3674 1685 3730 corde
1712 3681 1843 3742 tuo,
1866 3682 1922 3730 et
1946 3674 2070 3733 dico

480 3780 500 3814 ι
537 3762 593 3816 in
616 3763 873 3836 aequitate
895 3764 1119 3836 spiritus
1158 3754 1413 3837 virtutes,
1462 3781 1601 3837 quas
1630 3758 1809 3839 posuit
1844 3767 1990 3827 Deus
2009 3767 2067 3823 in

478 3877 499 3912 ι
533 3872 698 3929 opera
731 3873 830 3915 sua
859 3859 929 3921 ab
950 3914 955 3919 ,
980 3859 1158 3928 initio,
1190 3866 1249 3915 et
1269 3859 1326 3915 in
1361 3860 1593 3917 veritate
1635 3860 1860 3918 enuntio
1889 3861 2069 3929 scien-

478 3971 499 4006 ι
534 3953 666 4008 tiam
712 3951 853 4024 ejus,
882 3961 940 4008 et
968 3952 1022 4007 in
1055 3951 1264 4023 judicio
1302 3952 1401 4009 Dei
1440 3967 1609 4024 opera
1638 3953 1807 4023 ipsius
1848 3953 1916 4009 ab
1956 3952 2064 4009 ini-

479 4060 500 4094 ι
543 4043 637 4099 tio.
676 4062 695 4097 ι
740 4042 1017 4110 Quienim
1043 4044 1206 4099 corde
1234 4041 1445 4099 intento
1464 4042 1717 4114 veritatis
1746 4042 1950 4114 appetit
1973 4042 2066 4098 ha-

471 4137 604 4192 bere
625 4135 896 4201 notitiam,
930 4135 1047 4207 ipse
1093 4134 1427 4191 intellectum
1454 4133 1698 4195 sobrium
1719 4148 1844 4190 cum
1870 4131 2066 4190 effectu

471 4210 733 4281 virtutum
758 4225 816 4281 in
844 4226 963 4298 lege
1010 4225 1225 4282 Domini
1257 4225 1479 4282 festinat
1532 4218 1776 4294 habere;
1808 4234 1866 4282 et
1891 4226 1969 4284 sic
1995 4227 2066 4283 ad

472 4315 701 4388 gratiam
722 4310 820 4370 Dei
840 4314 1214 4386 accipiendam
1260 4316 1463 4386 poterit
1512 4315 1845 4390 pertingere,
1887 4316 1964 4372 ita
2003 4322 2066 4372 ut

472 4406 610 4461 sciat
641 4420 868 4477 operum
886 4407 985 4463 Dei
1008 4407 1077 4462 ab
1103 4406 1331 4464 exordio
1376 4408 1666 4477 rationem,
1706 4423 1827 4479 quae
1870 4422 2064 4464 secun-

472 4500 599 4555 dum
621 4499 1110 4571 justumjudicium
1137 4518 1296 4559 suum
1331 4503 1400 4558 ab
1449 4502 1605 4560 initio
1632 4503 1749 4575 ipse
1770 4504 2061 4573 ordinavit,

2169 3402 2248 3452 tet
2274 3395 2345 3451 ad
2372 3409 2490 3463 vos,
2518 3408 2554 3452 0
2590 3392 2875 3461 Corinthii,
2915 3408 3014 3451 cor
3040 3400 3290 3451 nostrum
3329 3392 3618 3450 dilatatum
3656 3401 3770 3460 est,

2168 3478 2278 3544 non
2300 3486 2695 3559 angustiamini
2728 3486 2785 3541 in
2817 3484 2971 3543 vobis
3002 3483 3089 3557 (ΙΙ
3112 3482 3238 3540 Cor.
3263 3482 3363 3555 vn).
3394 3503 3414 3536 ι
3458 3483 3590 3541 Ideo
3622 3485 3773 3541 enim

2168 3578 2297 3636 alibi
2317 3578 2513 3651 legitur
2541 3597 2555 3633 :
2587 3596 2608 3632 ‹
2641 3578 2840 3635 Latum
2875 3579 3192 3643 mandatum
3229 3585 3378 3648 tuum
3406 3577 3567 3635 valde
3586 3573 3768 3650 (Pal.

2167 3672 2357 3746 cxvm)
2389 3692 2402 3728 :
2434 3693 2454 3727 ›
2490 3674 2635 3746 quod
2666 3681 2751 3732 est
2770 3673 2941 3733 latum
2975 3671 3291 3730 mandatum
3316 3673 3542 3731 datum:
3570 3690 3593 3727 ι
3626 3672 3771 3730 Man-

2167 3766 2355 3823 datum
2410 3783 2614 3825 novum
2658 3768 2729 3825 do
2779 3768 2953 3836 vobis,
2987 3775 3050 3824 ut
3084 3782 3182 3825 vos
3232 3766 3467 3825 invicem
3523 3766 3770 3838 diligatis

2168 3858 2356 3933 (Joan.
2408 3860 2554 3932 xm).
2594 3880 2613 3913 ι
2648 3859 2898 3925 Charitas
2938 3874 3070 3932 ergo
3115 3874 3224 3916 non
3273 3866 3622 3932 angustatur.
3676 3856 3771 3914 Vis

2169 3966 2279 4008 non
2335 3952 2617 4024 angustari
2650 3952 2710 4009 in
2761 3954 2950 4011 terra?
2976 3953 3039 4011 In
3084 3953 3196 4010 lato
3242 3934 3469 4019 habita;
3500 3951 3770 4023 quidquid

2170 4041 2317 4099 enim
2337 4042 2438 4100 tibi
2460 4042 2651 4100 fecerit
2678 4034 2866 4112 homo,
2920 4060 3031 4101 non
3054 4051 3111 4100 te
3154 4051 3432 4116 angustat,
3465 4042 3595 4115 quia
3629 4042 3768 4100 illud

2167 4134 2371 4206 diligis,
2400 4136 2546 4207 quod
2564 4151 2675 4195 non
2698 4144 2861 4193 nocet
2890 4155 2903 4191 :
2933 4137 3119 4205 homo,
3149 4137 3318 4194 Deum
3342 4135 3544 4209 diligis,
3566 4134 3768 4192 frater-

2165 4226 2394 4285 nitatem
2418 4228 2614 4300 diligis,
2648 4228 2824 4302 legem
2858 4228 2953 4285 Dei
2982 4228 3182 4298 diligis,
3214 4227 3520 4285 Ecclesiam
3545 4226 3647 4285 Dei
3679 4227 3765 4283 di-

2165 4319 2311 4392 ligis,
2348 4322 2679 4393 sempiterna
2728 4335 2940 4379 merces
2962 4322 3107 4378 erit:
3147 4340 3167 4374 ι
3219 4320 3465 4379 Laboras
3498 4321 3559 4379 in
3589 4329 3760 4390 terra,

2168 4413 2265 4471 sed
2294 4413 2582 4485 pervenies
2611 4415 2682 4471 ad
2704 4413 2946 4472 fructum
2968 4412 3340 4486 promissum:
3368 4412 3493 4486 quis
3520 4413 3623 4471 tibi
3659 4412 3763 4469 tol-

2166 4505 2231 4562 lit
2259 4507 2405 4577 quod
2434 4506 2658 4578 diligis?
2689 4527 2710 4560 ι

470 4596 526 4647 et
570 4591 626 4646 in
681 4597 826 4647 statu
877 4591 1219 4649 rectitudinis
1265 4607 1587 4675 permanere
1608 4655 1614 4662 ,
1637 4593 1898 4650 decrevit.
1951 4594 2061 4652 Sed
2085 4632 2141 4695 Β
2245 4613 2265 4648 ι
2297 4594 2417 4652 Non
2446 4596 2523 4651 sis
2549 4595 2884 4653 incredibilis
2902 4595 3070 4653 verbo
3094 4594 3260 4659 illius.
3298 4610 3318 4646 ι
3346 4591 3758 4663 Quiasuperius

472 4684 598 4753 quia
623 4698 750 4754 pars
777 4693 1040 4742 creatura
1085 4700 1184 4757 per
1216 4701 1541 4744 consensum
1572 4687 1843 4745 suasionis
1875 4686 2061 4744 diabo-
2085 4682 2135 4695 “’
2167 4683 2384 4742 dixerat
2410 4685 2683 4756 quomodo
2705 4684 2850 4743 Deus
2886 4686 2957 4743 ab
2986 4685 3144 4742 initio
3171 4684 3230 4740 in
3252 4682 3481 4741 scientia
3530 4691 3588 4739 et
3607 4682 3757 4753 judi-

469 4775 590 4832 lica
617 4777 830 4845 cecidit,
862 4794 1051 4857 rursus
1073 4794 1195 4835 eam
1219 4781 1456 4837 auctoris
1500 4781 1586 4837 sui
1611 4781 1852 4852 potentia
1875 4797 1906 4836 a
1928 4795 2061 4837 casu

470 4868 683 4936 erexit;
718 4869 1039 4929 mirabiliter
1062 4872 1209 4930 enim
1259 4873 1783 4951 omnipotens‘Deus
1805 4872 1873 4929 ab
1902 4871 2060 4931 initio

468 4969 778 5017 creaturam
806 4976 961 5017 suam
988 4976 1089 5034 per
1109 4963 1338 5019 verbum
1390 4980 1550 5026 suum
1578 4956 1842 5041 condidit,
1870 4971 1927 5020 et
1950 4965 2056 5020 mi-

474 5053 698 5111 rabilius
724 5055 781 5112 in
810 5053 917 5110 ﬁne
948 5054 1270 5112 saeculorum
1313 5070 1411 5127 per
1435 5057 1681 5112 eumdem
1720 5056 2057 5129 unigenitum

472 5145 670 5201 Filium
690 5160 848 5202 suum
882 5160 1005 5201 eam
1043 5147 1338 5217 reparavit,
1389 5148 1605 5217 quando
1633 5149 1933 5214 hominem,
1962 5147 2056 5219 qui

473 5246 542 5301 ad
568 5242 857 5315 imaginem
882 5242 981 5298 Dei
999 5250 1217 5299 creatus
1247 5249 1350 5308 est,
1385 5241 1598 5298 arbitrii
1627 5242 1876 5298 libertate
1907 5241 2056 5298 dela-

471 5354 649 5410 psum,
680 5351 901 5393 rursum
926 5350 1026 5406 per
1051 5337 1284 5407 gratiam
1312 5351 1467 5392 suam
1496 5336 1549 5390 in
1581 5335 1869 5406 pristinum
1886 5337 2055 5392 resti-

475 5426 596 5494 tuit,
626 5435 682 5483 et
705 5426 1081 5484 ordinabiliter
1110 5442 1176 5482 ac
1192 5426 1340 5498 juste
1363 5441 1489 5483 eum
1540 5426 1724 5482 vivere
1762 5427 1963 5494 docuit,
1993 5436 2056 5484 ut

470 5522 614 5593 quod
651 5521 803 5591 origo
833 5535 944 5574 non
974 5520 1322 5589 custodierat,
1362 5523 1638 5592 reparatio
1667 5532 2014 5578 conservaret
2040 5540 2053 5578 :

471 5613 576 5670 huc
602 5626 733 5682 ergo
756 5612 885 5667 licet
931 5612 1021 5668 hic
1068 5613 1249 5684 aliquo
1276 5614 1438 5672 modo
1466 5614 1752 5671 historiam
1781 5615 2058 5685 explicans

470 5712 703 5769 retexat,
743 5711 922 5758 tamen
960 5702 1153 5759 altiore
1200 5718 1362 5761 sensu
1391 5713 1594 5763 statum
1640 5718 1843 5763 sanctae
1872 5708 2058 5765 Eccle-

468 5793 565 5848 sia
596 5790 827 5846 dilucide
848 5789 1176 5847 manifestat.

549 5904 567 5938 ι
605 5884 686 5944 Ab
706 5876 1049 5946 institutione
1069 5886 1311 5957 ipsorum
1345 5888 1591 5947 disunxit
1625 5899 1810 5961 partes
1839 5890 2054 5951 illorum

2164 4778 2250 4834 cio
2302 4777 2653 4835 ordinaverat
2680 4795 2847 4851 opera
2874 4795 2992 4847 sua,
3044 4794 3189 4836 nunc
3235 4779 3306 4833 ad
3348 4776 3756 4834 observantiam

2162 4869 2547 4925 mandatorum
2575 4870 2714 4941 ejus,
2746 4869 3019 4927 sententia
3042 4868 3100 4925 in
3137 4868 3318 4925 media
3343 4867 3560 4925 ratione
3585 4867 3755 4923 inter-

2160 4959 2361 5031 posita,
2414 4960 2717 5016 auditorem
2769 4960 3019 5017 hortatur
3070 4976 3142 5017 ne
3190 4958 3529 5018 incredibilis
3586 4959 3755 5015 verbo

2162 5050 2306 5108 illius
2340 5052 2379 5106 a‘
2394 5058 2538 5117 statu
2561 5050 2902 5108 rectitudinis
2926 5050 3213 5109 deﬂectere
3239 5058 3555 5125 prasumat.
3576 5049 3656 5106 Et
3672 5050 3753 5107 sic

2160 5145 2359 5202 iterum
2390 5146 2457 5202 ad
2488 5134 2855 5218 narrationem
2890 5145 3248 5218 interceptam
3268 5145 3430 5213 redit,
3454 5142 3753 5201 ostendens

2158 5238 2391 5308 qualiter
2445 5237 2731 5293 clementia
2767 5237 3048 5311 Creatoris
3088 5247 3212 5310 post
3236 5252 3423 5295 casum
3455 5237 3750 5309 pristinum

2159 5330 2437 5401 reparavit
2462 5344 2632 5400 genus
2659 5329 2959 5385 humanum
2983 5329 3206 5387 dicens:

2233 5449 2252 5482 ι
2288 5429 2420 5486 Post
2463 5429 2580 5486 hac
2614 5430 2757 5487 Deus
2783 5429 2840 5487 in
2871 5438 3071 5487 terram
3117 5429 3376 5501 reSpexit,
3404 5438 3461 5486 et
3503 5428 3750 5501 implevit

2154 5522 2303 5579 illam
2351 5522 2507 5578 bonis
2545 5520 2677 5579 suis.
2712 5540 2731 5575 υ
2763 5523 3024 5593 Respexit
3074 5537 3206 5596 ergo
3251 5522 3394 5580 Deus
3428 5523 3487 5579 in
3537 5531 3743 5579 terram

2155 5618 2404 5674 humana
2428 5624 2659 5683 natura,
2689 5616 2905 5686 quando
2946 5631 3066 5672 eam
3093 5617 3481 5677 misericordia
3516 5631 3633 5673 sua
3656 5615 3742 5671 in-

2156 5709 2293 5764 tuitu
2323 5714 2636 5763 restaurare
2666 5706 2925 5764 decrevit.
2959 5706 3205 5778 Implevit
3229 5707 3376 5763 illam
3400 5707 3561 5762 bonis
3604 5706 3739 5771 suis,

2154 5799 2259 5853 fide
2294 5798 2547 5853 videlicet
2570 5806 2736 5865 recta,
2765 5814 2889 5854 cum
2914 5799 3155 5854 virutum
3192 5798 3467 5869 operibus,
3500 5796 3595 5868 qui
3618 5794 3741 5866 Spi-

2155 5891 2322 5949 ritum
2346 5904 2504 5948 suum
2527 5891 2585 5948 in
2622 5888 2874 5949 cordibus
2905 5889 3245 5949 credentium
3273 5888 3570 5954 distribuit,
3592 5884 3738 5945 sicut
