4030 6472
294 441 398 499 873
445 393 462 408 ο

1148 430 1506 493 COMMENT.
1545 429 1612 486 IN
1652 426 2264 484 ECCLESIASTICUM.
2305 458 2373 468 —-
2410 426 2539 483 LIB.
2580 426 2672 484 IV.

3454 428 3559 486 874

291 553 558 624 scriptum
575 559 661 609 est
683 567 700 606 :
738 566 758 603 ι
797 547 1097 620 Unicuique
1119 554 1299 603 autem
1325 545 1487 602 datur
1512 543 1878 600 manifestatio
1903 546 1955 608 Α
1974 541 2066 614 jus
2085 544 2334 616 exempla
2358 559 2458 617 pro
2483 553 2643 618 captu
2669 553 2858 604 nostro
2887 547 3067 619 sequi,
3094 546 3247 618 cujus
3281 546 3561 605 adhaerere

293 641 530 714 Spiritus
579 641 649 698 ad
681 640 1014 696 utilitatem:
1048 638 1139 694 alii
1191 637 1412 708 quidem
1453 651 1553 708 per
1610 635 1872 706 Spiritum

291 734 453 789 datur
493 748 675 790 sermo
725 731 1024 804 sapientiaz,
1073 729 1166 784 alii
1193 737 1376 784 autem
1425 742 1604 784 sermo
1631 726 1874 782 scicntia:

290 823 589 879 secundum
633 823 883 878 eumdem
914 819 1202 892 Spiritum,
1245 817 1403 875 alteri
1433 818 1568 874 fides
1594 817 1650 872 in
1681 817 1873 874 eodem

290 913 521 986 Spiritu,
575 913 667 970 alii
701 913 875 986 gratia
927 912 1224 969 sanitatum
1270 911 1326 966 in
1377 926 1486 967 uno
1515 907 1742 982 Spiritu,
1779 907 1872 964 alii

287 1011 531 1081 operatio
568 1010 854 1077 virtutum,
885 1009 978 1064 alii
1011 1008 1313 1080 prophetia,
1357 1007 1448 1062 alii
1476 1007 1733 1062 discretio
1761 1006 1873 1078 spi-

294 1105 522 1173 rituum,
539 1105 629 1161 alii
657 1119 854 1177 genera
875 1103 1202 1174 linguarum,
1239 1101 1329 1156 alii
1358 1101 1734 1171 interpretatio
1760 1115 1871 1157 ser-

291 1213 538 1254 monum.
571 1198 698 1254 Haec
751 1206 932 1253 autem
980 1196 1164 1252 omnia
1215 1202 1474 1266 operatur
1524 1211 1666 1252 unus
1710 1203 1872 1266 atque

287 1287 434 1346 idem
477 1287 732 1360 Spiritus,
763 1287 1010 1344 dividens
1055 1285 1277 1357 singulis
1315 1295 1478 1357 prout
1513 1286 1628 1342 vult
1662 1285 1715 1359 (Ι
1743 1286 1866 1342 Cor.

295 1380 419 1451 xu).
453 1400 472 1433 ι
521 1380 587 1436 Ει
611 1380 738 1452 quia
785 1380 841 1436 in
871 1380 1156 1450 praesentia
1184 1377 1279 1433 Dei
1300 1379 1477 1436 omnis
1504 1378 1688 1434 vitalis
1736 1392 1869 1434 con-

283 1477 394 1526 stat
416 1471 622 1538 anima,
651 1478 707 1527 et
732 1470 801 1526 ad
824 1469 1076 1540 opificem
1099 1469 1522 1540 omnipotentem
1553 1469 1718 1526 totius
1741 1483 1870 1540 ope-

282 1560 360 1616 ris
388 1560 609 1631 respicit
654 1561 913 1630 conditio,
944 1575 1175 1632 sequens
1210 1560 1476 1621 sententia
1498 1562 1716 1632 probat,
1744 1577 1868 1618 eum

280 1650 623 1724 subjungitur
650 1670 667 1708 :

360 1760 379 1795 ι
412 1743 610 1799 Anima
647 1744 826 1802 omnis
875 1744 1055 1802 vitalis
1112 1745 1451 1802 denuntiavit
1495 1754 1622 1802 ante
1671 1745 1867 1803 faciem

285 1851 306 1887 ι
349 1833 538 1907 ipsius,
567 1845 624 1893 et
648 1836 764 1908 ipsa
788 1837 1000 1894 iterum
1034 1839 1276 1896 reversio
1307 1839 1540 1896 illorum.
1573 1859 1594 1892 ι
1619 1839 1761 1896 Ante
1784 1838 1866 1895 fa-

278 1927 418 1983 ciem
441 1928 586 1984 enim
612 1930 827 1987 Domini
857 1931 1145 1988 denuntiat
1171 1933 1352 1988 anima
1399 1932 1599 2000 vitalis,
1629 1947 1755 1989 cum
1778 1947 1866 1987 co—
1893 1919 1940 1980 B

277 2020 565 2090 gitationes
592 2021 761 2089 videt,
812 2036 878 2079 ac
924 2023 1094 2080 totius
1121 2022 1247 2078 vita:
1274 2024 1374 2093 ipsi
1403 2031 1554 2095 patet
1579 2038 1857 2078 arcanum.

279 2111 433 2169 Unde
487 2112 758 2185 Propheta
813 2115 884 2171 ad
930 2115 1220 2172 Dominum
1249 2116 1431 2172 dicit:
1479 2134 1497 2168 ι
1547 2115 1863 2172 intellexisti

276 2203 636 2272 cogitationes
666 2219 816 2260 meas
843 2220 876 2260 a
902 2205 1059 2277 longe
1103 2205 1282 2279 (Psal.
1337 2206 1602 2280 cxxxvm)
1627 2223 1643 2274 ;
1671 2215 1726 2264 et
1753 2207 1858 2262 ite-

276 2311 397 2351 rum
421 2311 437 2352 :
474 2316 493 2352 ί
521 2298 650 2370 quia
668 2297 926 2370 cogitatio
944 2299 1181 2355 hominis
1201 2298 1548 2356 conﬁtebitur
1567 2299 1664 2355 tibi
1685 2295 1857 2371 (Psal.

278 2387 483 2460 Lxxv);
521 2408 540 2442 ι
577 2396 634 2446 et
669 2405 929 2447 rursum:
961 2409 980 2443 σ
1022 2389 1283 2447 Dominus
1324 2390 1474 2446 novit
1500 2390 1859 2464 cogitationes

274 2480 554 2537 hominum
590 2479 763 2554 (Psal.
804 2483 1004 2556 nem);
1038 2501 1059 2536 ι
1092 2491 1148 2539 et
1175 2482 1296 2554 ipsa
1345 2483 1546 2539 iterum
1589 2481 1697 2540 erit
1741 2483 1859 2555 ejus

274 2571 537 2638 reversio,
586 2571 840 2642 quoniam
888 2572 1154 2642 sapientia
1180 2572 1277 2629 Dei
1302 2573 1546 2630 continet
1567 2575 1774 2640 omnia,
1801 2584 1858 2631 et

269 2661 340 2715 ad
363 2659 541 2732 ipsum
586 2663 821 2718 refertur
854 2663 1032 2720 omnis
1083 2673 1355 2730 creatura,
1411 2662 1565 2734 cujus
1611 2665 1855 2736 potentia

269 2754 568 2809 secundum
606 2753 830 2809 modum
870 2761 1080 2809 natura:
1133 2769 1247 2810 sua:
1287 2763 1465 2810 exstat
1512 2754 1771 2823 condita;
1801 2765 1858 2814 et

267 2846 396 2918 quia
419 2846 562 2902 inter
586 2855 815 2903 exteras
833 2855 1114 2903 creaturas
1132 2846 1352 2903 excellit
1372 2854 1566 2903 natura
1589 2849 1849 2917 humana,

265 2950 367 3007 pro
395 2949 460 2991 eo
487 2935 633 3007 quod
658 2936 729 2992 ad
765 2935 1061 3007 imaginem
1090 2937 1190 2995 Dei
1208 2937 1428 2995 condita
1453 2938 1681 2997 rationis
1709 2955 1848 3012 prae-

265 3025 411 3084 valet
435 3028 698 3101 potentia,
726 3043 856 3086 mox
880 3030 1147 3100 sequitur.

266 3229 420 3305 Quod
435 3231 590 3305 Deus
636 3231 703 3305 de
747 3243 889 3305 terra
1152 3143 1436 3305 Zominem,
1465 3246 1514 3294 et
1560 3239 1849 3295 secundum

1977 636 2153 704 donis,
2200 635 2354 707 cujus
2403 637 2776 709 obtemperare
2826 639 3112 706 mandatis,
3157 648 3242 696 est
3267 639 3560 712 imaginem

1973 728 2096 796 Det,
2143 744 2308 800 quam
2356 729 2414 784 in
2450 739 2632 786 vetere
2678 730 2898 798 homine
2943 731 3299 802 perdidimus,
3337 747 3562 806 recupe-

1975 834 2099 876 rare
2127 819 2182 874 in
2216 835 2375 876 novo.
2408 819 2525 876 Non
2559 815 2688 893 ergo
2715 825 3012 879 secundum
3052 839 3270 896 corpus,
3324 825 3424 883 sed
3476 841 3564 883 se-

1973 911 2211 967 cundum
2238 909 2572 967 intellectum
2600 913 2817 981 mentis,
2847 912 2919 968 ad
2960 913 3253 986 imaginem
3284 915 3380 970 Dei
3405 930 3562 972 crea-

1976 1008 2062 1057 tus
2085 1009 2170 1057 est
2216 1001 2410 1068 homo;
2443 1002 2693 1072 quodque
2730 1012 2787 1059 et
2835 1003 2890 1058 in
2939 1004 3055 1075 ipso
3083 1021 3312 1078 corpore
3355 1007 3560 1065 habeat

1973 1096 2264 1166 quamdam
2291 1096 2704 1168 proprietatem,
2732 1114 2854 1169 qua:
2880 1099 2983 1155 hoc
3011 1100 3232 1166 indicet,
3263 1103 3411 1174 quod
3436 1119 3557 1160 ere~

1973 1194 2064 1243 cta
2093 1193 2303 1243 statura
2328 1185 2507 1243 factus
2528 1196 2627 1253 est,
2669 1196 2730 1243 ut
2752 1188 2855 1244 hoc
2883 1188 3003 1259 ipso
3025 1190 3430 1259 admoneretur,
3452 1209 3562 1250 non

1973 1277 2078 1335 sibi
2109 1285 2324 1333 terrena
2354 1292 2476 1335 esse
2502 1281 2780 1346 sectanda,
2833 1280 2979 1337 velut
3005 1283 3294 1353 pecoribus
3327 1300 3559 1355 quorum

1969 1371 2218 1442 voluptas
2247 1371 2425 1429 omnis
2448 1387 2516 1428 ex
2565 1381 2708 1429 terra
2735 1382 2837 1430 est.
2863 1373 3020 1431 Unde
3048 1375 3105 1430 in
3131 1375 3310 1432 alvum
3361 1386 3561 1433 cuneta

1969 1476 2142 1533 prona
2192 1470 2356 1532 atque
2407 1470 2683 1534 prostrata
2741 1473 2887 1522 sunt.
2948 1463 3109 1520 Juxta
3160 1467 3303 1537 quod
3340 1466 3561 1538 quidam

1967 1561 2249 1622 poetarum
2283 1553 2645 1624 pulcherrime
2671 1570 2734 1611 ac
2759 1555 3043 1614 verissime
3070 1556 3206 1613 dixit
3245 1555 3426 1630 (Ovid.
3458 1555 3554 1615 lib.

1968 1662 1989 1704 1
2023 1645 2406 1718 Metamorph.)
2436 1665 2450 1702 :

2093 1783 2361 1852 Pronaque
2380 1791 2745 1852 cnmspec‘tent
2767 1787 2990 1852 animalia
3012 1794 3192 1852 estora
3215 1794 3399 1841 terram
3413 1825 3432 1852 ,

2063 1845 2164 1913 ~9s
2185 1845 2365 1913 hornini
2386 1845 2596 1898 sublime
2615 1847 2772 1913 dedit,
2793 1847 3071 1913 coelumque
3105 1850 3279 1913 videre

2092 1905 2263 1970 Jussit,
2288 1917 2342 1960 et
2360 1915 2556 1960 erectos
2577 1909 2637 1959 ad
2660 1905 2823 1961 sidera
2847 1905 3028 1962 toller'e
3053 1911 3234 1963 vultus.

1965 2009 2228 2083 Congruit
2249 2027 2379 2085 ergo
2414 2022 2471 2068 et
2513 2012 2710 2086 corpus
2760 2015 2878 2084 ejus
2907 2017 3101 2073 anima:
3147 2018 3397 2074 rationali
3449 2035 3555 2076 non

1964 2105 2260 2160 secundum
2305 2104 2642 2164 lineamenta.
2676 2107 2986 2181 figurasque
3032 2112 3425 2180 membrorum,
3463 2113 3561 2168 sed

1961 2198 2144 2268 potius
2177 2199 2472 2255 secundum
2522 2199 2577 2254 id
2606 2201 2750 2270 quod
2804 2201 2860 2257 in
2909 2201 3108 2258 coelum
3155 2213 3396 2260 erectum
3451 2213 3555 2273 est,

1962 2289 2033 2344 ad
2083 2290 2339 2346 intuenda
2368 2304 2488 2361 quae
2517 2290 2573 2345 in
2601 2306 2830 2362 corpore
2873 2292 3045 2365 ipsius
3091 2295 3276 2351 mundi
3321 2311 3558 2368 superna

1961 2390 2109 2447 sunt,
2143 2381 2283 2437 sicut
2311 2381 2492 2438 anima
2515 2382 2854 2440 rationabilis
2888 2384 2944 2441 in
2971 2400 3036 2441 ea
3067 2387 3228 2443 debet
3251 2387 3410 2460 erigi,
3437 2405 3560 2460 quae

1960 2473 2017 2529 in
2055 2473 2386 2546 spiritalibus
2430 2475 2751 2534 naturaliter
2803 2493 2948 2535 nunc
2996 2479 3288 2548 excellunt,
3336 2489 3398 2536 ut
3437 2496 3560 2552 qua:

1958 2580 2174 2622 sursum
2223 2575 2350 2622 sunt
2391 2567 2572 2637 sapiat
2615 2583 2724 2624 non
2773 2585 2894 2641 quae
2936 2585 3101 2642 super
3149 2579 3372 2629 terram.
3423 2573 3555 2642 Qua:

1958 2654 2138 2728 imago
2167 2657 2480 2730 diligentius
2505 2675 2574 2715 ex
2603 2660 2881 2718 interioris
2907 2663 3142 2737 hominis
3168 2664 3450 2722 nobilitate
3471 2674 3557 2724 est

1956 2747 2373 2806 consideranda.
2411 2749 2596 2807 Primo
2642 2752 2884 2822 quidem,
2930 2761 2991 2810 ut
3019 2755 3180 2812 sicuti
3225 2757 3369 2814 Deus
3413 2773 3554 2814 unus

1953 2854 2172 2911 semper
2202 2849 2260 2897 et
2306 2842 2506 2914 ubique
2552 2850 2700 2900 totus
2727 2854 2830 2912 est,
2869 2845 3051 2902 omnia
3097 2847 3400 2916 viviiicans,
3432 2863 3552 2906 mo-

1952 2945 2086 2987 vens
2120 2939 2176 2988 et
2201 2933 2533 3004 gubernans,
2566 2935 2709 2992 sicut
2749 2937 3041 3008 Apostolus
3070 2939 3380 3010 confirmat,
3408 2945 3554 3015 quod

1952 3023 2010 3081 in
2035 3038 2100 3080 eo
2126 3025 2380 3096 vivimus,
2411 3042 2694 3086 movemur
2715 3038 2773 3086 et
2798 3046 3006 3100 sumus,
3045 3031 3127 3090 sic
3160 3033 3342 3090 anima
3367 3034 3423 3091 in
3454 3051 3555 3096 suo

1907 3168 1911 3172 .
1951 3131 2180 3189 corpore
2202 3119 2404 3192 ubique
2427 3128 2540 3178 tota
2565 3121 2731 3193 viget,
2763 3123 3045 3182 vivificaris
3068 3140 3214 3195 eum,
3242 3142 3469 3186 movens
3493 3137 3552 3185 et

1951 3210 2291 3282 gubernans;
2322 3228 2424 3270 nec
2442 3216 2589 3278 enim
2617 3214 2672 3270 in
2689 3216 2987 3289 majoribus
3007 3220 3252 3290 corporis
3277 3221 3360 3276 sui
3381 3235 3552 3277 mem-

285 3291 566 3374 imaginem
601 3303 720 3376 ejus
756 3304 881 3374 fecit
921 3291 1094 3372 suum,
1121 3317 1170 3362 et
1198 3291 1845 3366 δεάέἴὶὶιῖεέέέιὶὶῖᾱίιῐῖ
1875 3291 1922 3356 C
1951 3302 2067 3359 bris
2105 3302 2282 3374 maior
2309 3313 2365 3362 et
2402 3305 2459 3361 in
2500 3306 2804 3364 minoribus
2853 3308 3053 3378 minor.
3082 3310 3177 3366 sed
3225 3311 3282 3366 in
3310 3311 3552 3369 minimis

328 3390 484 3463 (CAP.
499 3391 659 3466 xvu.)
677 3411 697 3446 ¢
718 3392 864 3451 Deus
885 3395 1089 3456 creavit
1113 3397 1180 3454 de
1199 3405 1346 3453 terra
1369 3398 1664 3466 hominem,
1681 3407 1736 3455 et
1757 3413 1849 3456 se-

260 3484 498 3538 cundum
525 3484 818 3558 imaginem
840 3502 996 3544 suam
1025 3487 1157 3546 fecit
1176 3489 1346 3545 illum.
1370 3509 1390 3544 ι
1425 3489 1599 3548 Homo
1620 3505 1751 3562 ergo
1781 3493 1849 3549 de

261 3584 425 3632 terrae
475 3575 607 3633 limo
639 3575 928 3650 formatus,
964 3581 1202 3638 animam
1231 3597 1265 3637 a
1292 3591 1539 3640 creatore
1563 3598 1663 3639 suo
1685 3597 1845 3640 acce-

254 3666 340 3738 pit
364 3665 707 3738 rationalem,
754 3671 814 3727 in
835 3680 947 3742 'quo
975 3673 1236 3744 exprimit
1267 3674 1568 3733 conditoris
1593 3674 1677 3732 sui
1705 3673 1841 3730 ima-

255 3760 458 3833 ginem.
489 3761 550 3818 ln
579 3777 688 3834 quo
720 3774 904 3824 autem
951 3767 1024 3824 sit
1051 3768 1216 3825 homo
1246 3767 1428 3826 factus
1455 3769 1526 3824 ad
1548 3769 1842 3841 imaginem

253 3858 311 3908 et
335 3851 744 3913 similitudinem
785 3857 907 3927 Dei,
950 3866 1184 3916 testatur
1227 3859 1540 3934 Apostolus,
1584 3876 1711 3918 eum
1740 3874 1844 3918 nos

253 3943 486 4000 solerter
518 3946 794 4016 admonet,
845 3957 908 4005 ut
930 3950 1071 4007 hanc
1097 3965 1261 4024 quam
1303 3952 1361 4008 in
1409 3952 1587 4024 primo
1612 3961 1840 4024 parente

252 4035 664 4095 similitudinem
683 4039 1038 4112 perdidimus,
1068 4055 1166 4113 per
1189 4043 1420 4115 gratiam
1445 4042 1689 4113 ejusdem
1717 4057 1842 4101 con-

243 4128 448 4186 ditoris
477 4145 864 4204 recuperemus
885 4133 943 4190 in
970 4132 1148 4192 nobis.
1183 4135 1608 4205 «,Renovamini,
1640 4136 1835 4208 inquit,

251 4223 449 4293 Spiritu
488 4227 687 4285 mentis
738 4235 959 4297 vestras,
986 4237 1043 4285 et
1067 4229 1274 4286 induite
1303 4245 1502 4285 novum
1533 4229 1836 4298 hominem,

250 4315 346 4385 qui
380 4318 679 4376 secundum
711 4318 885 4377 Deum
909 4327 1126 4378 creatus
1151 4330 1257 4389 est,
1294 4320 1353 4378 in
1377 4319 1592 4390 justitia
1616 4329 1673 4376 et
1710 4335 1836 4377 san-

250 4405 443 4464 ctitate
492 4415 550 4465 et
604 4409 834 4468 veritate
892 4409 1110 4483 (Ephes.
1148 4411 1248 4484 tv).
1281 4428 1301 4465 ι
1333 4409 1564 4467 Creatus
1585 4420 1672 4468 est
1705 4424 1835 4484 ergo

250 4499 427 4558 Adam
449 4516 623 4561 novus
649 4504 813 4561 homo
839 4505 908 4561 de
928 4512 1076 4560 terra
1105 4504 1403 4563 secundum
1441 4503 1633 4572 Deum,
1661 4512 1721 4560 ut
1746 4517 1834 4562 es-

249 4592 550 4664 setjustus,
578 4604 822 4665 sanctus,
849 4602 908 4652 et
931 4610 1135 4663 verus;
1166 4595 1415 4653 subditus
1459 4596 1742 4653 humiliter
1774 4605 1832 4652 et

251 4683 539 4742 adhaerens
567 4687 755 4761 gratia:
801 4689 888 4744 sui
912 4688 1230 4757 conditoris,
1277 4689 1372 4761 qui
1419 4689 1749 4748 azternaliter
1770 4705 1836 4747 ac

248 4775 492 4847 perfecte
511 4777 694 4849 justus
713 4789 769 4837 et
797 4789 1018 4838 sanctus
1041 4789 1097 4838 et
1117 4796 1279 4840 verus
1321 4783 1548 4851 existit;
1580 4783 1674 4856 qui
1702 4800 1834 4856 quo-

247 4866 396 4922 niam
446 4868 869 4939 pulcherrimam
917 4873 1060 4931 hanc
1103 4875 1403 4932 novitatem
1448 4875 1644 4932 divina:
1691 4876 1750 4932 in
1773 4890 1836 4934 se

248 4954 503 5030 imaginis
560 4964 837 5032 peccando
880 4966 1144 5037 corrupit,
1198 4973 1621 5038 corruptamque
1671 4967 1729 5024 in
1772 4982 1833 5024 se

246 5049 557 5121 prosapiam
579 5054 793 5123 generis
818 5055 1043 5112 humani
1078 5057 1406 5128 procreavit,
1460 5057 1610 5114 venit
1637 5073 1832 5116 secun-

243 5139 348 5196 dus
384 5139 582 5212 Adam,
624 5143 680 5199 id
699 5153 786 5201 est
824 5146 1085 5204 Dominus
1116 5148 1232 5220 ipse
1257 5155 1314 5204 et
1341 5147 1590 5206 conditor
1623 5159 1832 5221 noster,

243 5241 409 5289 natus
445 5246 514 5289 ex
539 5234 786 5308 Virgine,
815 5245 1031 5294 creatus
1060 5239 1542 5312 incorruptibiliter
1568 5250 1730 5312 atque
1750 5242 1835 5300 in-

245 5326 703 5384 commutabiliter
729 5329 799 5385 ad
843 5328 1134 5402 imaginem
1173 5331 1290 5400 Dei,
1345 5331 1401 5388 id
1440 5340 1546 5402 est,
1576 5333 1834 5391 immunis

246 5417 429 5474 omnis
475 5419 686 5488 delicti,
722 5429 780 5478 et
802 5419 995 5493 plenus
1043 5422 1222 5479 omnis
1254 5423 1443 5494 gratiae
1469 5433 1526 5481 et
1565 5425 1828 5494 veritatis,

245 5517 308 5566 ut
334 5509 627 5584 imaginem
652 5512 709 5569 in
735 5513 893 5571 nobis
935 5529 1091 5571 suam
1121 5531 1185 5572 ac
1213 5516 1618 5574 similitudinem
1647 5534 1831 5576 exem-

244 5602 351 5675 plis
377 5604 492 5662 suis
526 5614 864 5663 restauraret
911 5615 968 5663 et
993 5608 1168 5665 donis.
1198 5609 1316 5678 ipse
1348 5619 1434 5666 est
1485 5611 1631 5666 enim
1657 5627 1833 5672 novus

246 5697 414 5755 homo
472 5698 745 5755 veraciter
796 5699 1097 5756 secundum
1155 5702 1323 5757 Deum
1394 5714 1613 5759 creatus
1657 5706 1831 5776 ;quia

245 5787 508 5847 nimirum
555 5787 632 5844 ita
690 5804 875 5847 veram
925 5791 992 5847 de
1036 5790 1208 5847 Adam
1258 5793 1438 5849 carnis
1470 5794 1828 5852 substantiam

252 5882 500 5954 sumpsit,
527 5890 590 5939 ut
621 5881 696 5936 nil
723 5883 790 5939 de
817 5882 908 5958 illo
955 5884 1074 5940 vitii
1108 5883 1380 5942 sordentis
1407 5886 1651 5943 traheret
1680 5906 1692 5943 :
1735 5903 1831 5946 cu-

576 5975 853 6040 ΡΑΤιιοι..
898 5972 1067 6039 CIX.

1955 3401 2088 3460 tota,
2122 3403 2179 3450 et
2220 3396 2275 3451 in
2307 3397 2560 3455 maximis
2595 3407 2728 3467 tota,
2759 3408 2815 3456 et
2842 3401 2958 3458 hinc
2997 3409 3081 3458 est
3120 3401 3299 3476 imago
3327 3403 3554 3460 unitatis

1947 3486 2338 3557 omnipotentis
2365 3489 2463 3546 Dei
2483 3506 2645 3561 quam
2671 3491 2854 3548 anima
2874 3493 3042 3550 habet
3069 3493 3125 3550 in
3153 3509 3212 3550 sc
3237 3511 3252 3562 ;
3276 3513 3397 3568 qua:
3416 3512 3554 3568 quo-

1948 3591 2056 3648 que
2089 3580 2378 3650 quamdam
2434 3591 2637 3638 sanctae
2685 3582 2971 3641 Trinitatis
3025 3586 3191 3643 habet
3236 3587 3546 3658 imaginem,

1945 3667 2125 3740 primo
2149 3669 2206 3725 in
2235 3684 2322 3737 eo,
2353 3672 2478 3742 quia
2507 3673 2650 3730 sicut
2678 3673 2824 3732 Deus
2852 3685 2955 3745 est,
2984 3677 3139 3744 vivit,
3173 3687 3230 3735 et
3258 3679 3419 3752 sapit.
3449 3680 3552 3738 Est

1943 3777 2162 3833 quoque
2188 3773 2244 3820 et
2277 3764 2382 3821 alia
2413 3766 2627 3826 trinitas
2661 3767 2718 3824 in
2746 3783 2831 3838 ea,
2879 3786 2987 3842 qua
3027 3772 3098 3828 ad
3140 3773 3433 3852 imaginem
3462 3776 3548 3832 sui

1943 3853 2241 3912 conditoris
2295 3855 2552 3926 perfecta:
2607 3858 2828 3929 quidem
2873 3868 2928 3916 et
2983 3877 3210 3918 summa:
3261 3863 3549 3922 Trinitatis

1942 3945 2088 4019 (qua:
2122 3955 2207 4005 est
2233 3948 2288 4005 in
2317 3947 2480 4007 Patre
2503 3960 2560 4009 et
2595 3950 2734 4008 Filio
2754 3962 2810 4010 et
2843 3952 3048 4025 Spiritu
3078 3955 3289 4028 sancto)
3327 3957 3546 4014 condita

1940 4047 2065 4106 est;
2095 4047 2151 4095 et
2196 4039 2325 4096 licet
2345 4042 2506 4100 unius
2530 4043 2604 4100 sit
2651 4043 2742 4100 illa
2764 4053 2994 4114 naturae,
3041 4055 3153 4105 tres
3183 4049 3447 4105 tamenin
3485 4065 3548 4106 se

1941 4127 2232 4201 (ignitates
2272 4129 2455 4200 habet,
2500 4149 2696 4206 nempe
2735 4135 3090 4207 intellectum,
3133 4138 3466 4197 voluntatem
3491 4149 3548 4197 et

1939 4220 2284 4288 memoriam,
2321 4224 2466 4292 quod
2494 4223 2657 4291 idem,
2709 4225 2836 4281 licet
2866 4228 2986 4284 aliis
3027 4229 3227 4297 verbis,
3281 4231 3338 4286 in
3363 4230 3543 4286 Evan-

1939 4309 2082 4382 geio
2111 4310 2430 4382 designatur
2475 4313 2603 4368 dum
2653 4313 2854 4370 dicitur
2880 4334 2894 4370 :
2925 4334 2945 4368 ‹
2999 4317 3200 4390 Diliges
3246 4319 3539 4376 Dominum

1937 4402 2112 4459 Deum
2150 4411 2302 4459 tuum
2330 4418 2396 4460 ex
2426 4413 2538 4462 toto
2564 4406 2728 4464 corde
2757 4415 2866 4475 tuo,
2897 4417 2952 4464 et
2983 4424 3050 4464 ex
3075 4419 3186 4467 tota
3218 4411 3399 4468 anima
3423 4420 3539 4481 tua,

1937 4501 2081 4550 etex
2111 4503 2224 4550 tota
2251 4504 2435 4553 mente
2469 4504 2564 4552 tua
2586 4497 2804 4568 (Matth.
2828 4499 2966 4573 xm)
2999 4517 3015 4569 ;
3045 4521 3064 4556 ι
3117 4503 3169 4560 id
3198 4512 3299 4571 est,
3332 4519 3401 4561 ex
3428 4514 3542 4564 toto

1936 4584 2232 4652 intellectu,
2255 4596 2310 4643 et
2332 4603 2400 4643 ex
2425 4595 2538 4644 tota
2558 4588 2857 4659 voluntate,
2878 4599 2934 4648 et
2954 4600 3065 4649 tota
3092 4595 3374 4652 memoria.
3399 4595 3537 4655 Nam

1857 4655 1913 4716 D
1940 4676 2085 4734 sicut
2112 4693 2180 4734 ex
2210 4677 2373 4736 Patre
2420 4691 2711 4753 generatur
2746 4655 2936 4752 Filius,
2985 4701 3052 4743 ex
3101 4688 3266 4746 Patre
3293 4689 3542 4764 Filioque

1938 4771 2184 4842 procedit
2206 4771 2440 4843 Spiritus
2480 4783 2725 4844 sanctus,
2749 4776 2826 4833 ita
2851 4793 2919 4833 ex
2945 4779 3225 4837 intellectu
3249 4792 3542 4854 generatur

1939 4863 2209 4934 voluntas,
2241 4875 2297 4922 et
2321 4883 2388 4924 cx
2422 4868 2509 4924 his
2548 4869 2624 4923 ita
2653 4869 2914 4928 ambobus
2940 4873 3188 4943 procedit
3232 4875 3536 4930 memoria:

1938 4956 2082 5013 sicut
2107 4955 2266 5014 facile
2292 4973 2324 5014 a
2369 4960 2614 5031 sapiente
2637 4962 2880 5033 quolibet
2921 4962 3149 5036 intelligi
3184 4972 3386 5034 potest.
3427 4963 3540 5023 Nec

1937 5049 2084 5106 enim
2103 5050 2284 5106 anima
2317 5051 2556 5123 perfecta
2583 5064 2766 5125 potest
2790 5070 2910 5113 esse
2937 5056 3056 5112 sine
3084 5056 3173 5114 his
3208 5057 3407 5126 tribus,
3435 5073 3540 5121 nec

1939 5142 2135 5199 horum
2163 5143 2328 5200 trium
2368 5161 2537 5202 unum
2563 5146 2778 5219 aliquod
2815 5149 3100 5222 (quantum
3130 5150 3201 5207 ad
3226 5165 3382 5209 suam
3406 5167 3538 5224 per-

1938 5236 2076 5292 tinet
2097 5237 2508 5314 beatitudinem)
2536 5242 2653 5298 sine
2696 5242 2818 5298 aliis
2866 5243 3077 5301 duobus
3103 5244 3375 5318 integrum
3401 5262 3536 5304 con-
3567 5283 3570 5286 ι

1937 5336 2083 5395 stat;
2115 5339 2171 5387 et
2198 5329 2341 5387 sicut
2364 5331 2509 5389 Deus
2554 5331 2736 5401 Pater,
2767 5334 2913 5392 Deus
2955 5335 3152 5405 Filius,
3181 5335 3326 5395 Deus
3356 5337 3533 5410 Spiri-

1937 5431 2026 5480 tus
2051 5431 2271 5481 sanctus
2295 5434 2398 5490 est,
2444 5442 2551 5482 non
2597 5435 2776 5483 tamen
2823 5436 2936 5486 tres
2977 5428 3063 5485 Dii
3094 5439 3240 5498 sunt,
3271 5432 3366 5488 sed
3395 5449 3537 5490 unus

1936 5515 2099 5584 Deus,
2133 5525 2243 5573 tres
2265 5518 2471 5574 habens
2493 5533 2778 5588 personas,
2809 5519 2886 5576 ita
2906 5527 2962 5577 et
2997 5521 3177 5577 anima
3205 5522 3530 5585 intellectus,

1935 5611 2115 5664 anima
2167 5609 2438 5676 voluntas,
2479 5609 2661 5664 anima
2709 5613 2991 5680 memoria,
3041 5629 3150 5670 non
3197 5622 3375 5670 tamen
3422 5621 3534 5668 tres

1935 5701 2127 5755 animae
2153 5700 2340 5756 inuno
2365 5716 2614 5772 corpore,
2664 5703 2759 5758 sed
2790 5720 2895 5760 una
2939 5705 3120 5761 anima
3165 5712 3278 5762 tres
3323 5705 3531 5760 habens

1935 5791 2242 5861 dignitates,
2274 5800 2439 5863 atque
2468 5793 2522 5848 in
2553 5793 2636 5850 his
2664 5794 2836 5852 tribus
2863 5795 2981 5866 ejus
3024 5795 3312 5866 imaginem
3359 5793 3530 5849 mira‘

1933 5885 2116 5942 bilitcr
2176 5885 2282 5943 crit
2304 5886 2359 5944 in
2391 5901 2488 5944 sua
2523 5896 2718 5946 natura
2746 5898 2934 5947 noster
2972 5889 3204 5945 interior
3243 5888 3423 5953 homo,
3449 5899 3521 5943 ex
