4030 6498
437 376 441 380 ’
492 374 601 435 875

1141 368 1203 424 Β.
1246 367 1502 426 MBAN!
1540 365 1766 427 MAURI
1800 365 2126 426 ARCHIEP.
2170 362 2481 424 MOGUNT.
2523 364 2815 425 OPERUM
2855 366 3039 426 PARS
3069 366 3112 423 l.

3692 371 3807 428 876

489 492 691 571 quibus
710 504 866 564 quasi
886 487 1364 547 excellentioribus
1392 485 1587 542 animae
1623 484 1978 557 dignitatibus
2001 482 2090 554 ju-
2116 486 2168 545 A
2194 480 2403 536 altioris
2452 481 2697 554 mysterii
2748 481 2925 553 gratia
2976 482 3178 538 factum
3212 491 3316 540 est.
3375 481 3817 557 Signiﬁeabatur

490 586 681 642 bentur
709 581 934 655 diligere
960 578 1316 646 conditorem,
1345 586 1405 634 ut
1436 586 1703 651 quantum
1733 576 2090 649 intelligatur,

487 684 543 733 et
569 681 837 761 quantum
893 670 1166 742 diligatur,
1218 682 1432 742 semper
1462 669 1517 725 in
1571 670 1841 727 memoria
1871 669 2090 736 habeat,

486 780 588 823 nec
618 764 767 823 solus
787 762 985 821 suliicit
1013 763 1079 819 de
1105 777 1173 819 eo
1198 761 1527 829 intellectus,
1566 762 1671 819 nisi
1701 762 1797 819 ﬁat
1827 762 1884 817 in
1909 774 2096 817 amore

485 856 605 930 ejus
634 856 905 920 voluntas.
950 853 1064 912 Imo
1093 870 1197 911 nec
1221 856 1330 912 duo
1358 856 1475 911 haec
1519 852 1811 923 suiiiciunt,
1844 854 1949 911 nisi
1979 869 2095 911 me—

485 950 662 1009 moria
690 950 944 1017 addatur,
967 962 1075 1021 qua
1113 962 1331 1020 semper
1352 946 1409 1004 in
1443 956 1627 1004 mente
1654 946 2010 1020 intelligentis
2038 956 2095 1005 et

486 1041 768 1115 diligentis
802 1046 1020 1099 maneat
1052 1041 1216 1107 Deus,
1246 1046 1307 1095 ut
1349 1038 1492 1095 sicut
1536 1037 1743 1094 nullum
1768 1047 1951 1111 potest
1973 1052 2094 1095 esse

483 1145 845 1204 momentum,
877 1150 985 1208 quo
1031 1133 1194 1191 homo
1241 1147 1348 1189 non
1403 1141 1587 1189 utatur
1629 1133 1716 1189 vel
1752 1132 1963 1188 fruatur
1991 1131 2094 1188 Dei

482 1230 727 1288 bonitate
753 1237 809 1284 et
834 1226 1233 1295 misericordia,
1258 1225 1331 1281 ita
1361 1224 1569 1282 nullum
1598 1226 1795 1282 debeat
1833 1240 1953 1281 esse
1979 1240 2097 1281 mo-

484 1327 751 1386 mentum,
782 1334 892 1391 quo
915 1325 1238 1391 praesentem
1280 1332 1403 1374 eum
1440 1332 1547 1372 non
1577 1317 1777 1373 haheat
1807 1317 2089 1373 memoria.

484 1412 555 1469 Et
593 1414 713 1471 haec
756 1413 823 1470 de
852 1411 1091 1483 imagine
1122 1411 1338 1468 habeto.
1389 1410 1544 1467 Nunc
1571 1426 1703 1467 vero
1738 1411 1804 1467 de
1836 1410 2093 1468 similitu-

486 1502 614 1563 dine
640 1503 823 1576 aliqua
854 1502 1117 1574 intelligo,
1158 1516 1278 1573 quae
1316 1502 1370 1556 in
1401 1501 1643 1558 moribus
1686 1501 1960 1558 cernenda
1988 1510 2091 1567 est,

485 1603 549 1650 ut
576 1594 721 1651 sicut
738 1592 883 1650 Deus
902 1602 1142 1659 creator,
1171 1592 1264 1664 qui
1288 1592 1565 1648 hominem
1591 1593 1659 1649 ad
1682 1592 2096 1649 similitudinem

484 1701 642 1743 suam
669 1684 876 1742 creavit
902 1693 989 1741 est
1015 1684 1276 1750 charitas,
1305 1692 1389 1740 est
1408 1683 1606 1752 bonus,
1631 1692 1685 1741 et
1706 1684 1907 1757 justus,
1932 1693 2098 1756 atque

485 1779 655 1848 mitis,
704 1778 942 1836 mundus
989 1786 1047 1834 et
1093 1778 1432 1845 misericors,
1482 1786 1539 1834 et
1585 1785 1784 1858 caetera
1827 1779 2095 1837 virtutum

2198 575 2343 632 enim
2374 575 2519 646 quod
2550 575 2618 630 de
2669 574 2840 630 latere
2887 572 3093 631 Christi
3145 576 3201 630 in
3229 589 3392 631 cruce
3440 585 3815 647 petitionem

2195 668 2356 740 sopiti
2409 676 2751 725 sacramenta
2803 676 2988 724 essent
3032 668 3225 725 salutis
3260 670 3495 737 exitura,
3551 672 3819 729 videlicu

2196 760 2421 832 sanguis
2447 768 2503 816 et
2540 776 2701 832 aqua,
2734 761 2800 817 de
2846 761 3045 832 quibus
3087 776 3287 832 sponsa
3340 762 3419 818 illi
3470 765 3816 822 conderetur

2195 850 2459 907 Ecclesia.
2507 849 2642 907 Nam
2677 852 2723 906 si
2752 852 2889 907 tanti
2930 852 3264 909 sacramenti
3316 868 3427 909 non
3452 862 3605 910 esset
3628 854 3816 926 ﬁgura

2194 941 2252 999 in
2280 942 2556 1000 creatione
2604 942 2819 1000 femina;
2870 943 3275 1015 praemittenda,
3322 944 3455 1015 quid
3498 959 3639 1017 opus
3684 957 3820 1002 erat

2196 1036 2463 1092 dormisse
2493 1035 2690 1104 Adam,
2740 1046 2801 1091 ut
2828 1048 3037 1093 costam
3085 1036 3250 1104 illius,
3283 1038 3352 1094 de
3386 1054 3496 1110 qua
3544 1038 3817 1096 feminam

2197 1127 2423 1197 faceret,
2454 1127 2691 1196 tolleret,
2719 1130 2811 1201 qui
2841 1137 2897 1185 et
2929 1129 3177 1200 vigilanti
3202 1144 3269 1186 ac
3290 1146 3401 1188 non
3428 1131 3635 1188 dolenti
3659 1132 3817 1188 idem

2197 1221 2379 1278 facere
2417 1221 2675 1293 poterat?
2706 1220 2848 1288 Quid
2878 1222 3249 1278 necessarium
3278 1231 3340 1277 ut
3388 1238 3515 1278 eum
3540 1237 3629 1289 es,
3658 1224 3819 1295 quod

2197 1312 2265 1369 de
2292 1312 2396 1368 viri
2423 1313 2594 1369 latere
2621 1320 2899 1383 sumptum
2926 1320 3035 1380 est,
3061 1313 3117 1369 in
3154 1313 3412 1369 feminam
3437 1314 3816 1380 condebam,

2196 1408 2252 1463 in
2295 1407 2477 1464 locum
2514 1408 2655 1464 ossis
2680 1423 2788 1464 non
2818 1422 2900 1472 os,
2946 1409 3041 1465 sed
3084 1422 3214 1465 caro
3264 1408 3655 1481 suppleretur?
3704 1410 3818 1466 nisi

2196 1501 2321 1575 quia
2351 1500 2705 1573 ﬂgurabatur,
2754 1501 2899 1572 quod
2929 1500 3180 1557 Christus
3227 1510 3453 1574 propter
3498 1501 3814 1558 Ecclesium

2196 1594 2471 1661 infirmus,
2509 1602 2565 1651 at
2596 1609 2729 1651 vero
2755 1594 2998 1651 Ecclesia
3035 1610 3136 1667 per
3160 1596 3337 1667 ipsum
3364 1604 3512 1652 esset
3538 1595 3700 1651 ﬁrma
3731 1596 3819 1650 fn-

2198 1697 2339 1745 tura.
2366 1688 2509 1760 Ergo
2535 1689 2787 1746 similiter
2808 1697 2869 1743 ut
2892 1688 3037 1758 viro,
3068 1689 3219 1746 dedit
3260 1688 3406 1747 Deus
3426 1687 3651 1746 mulieri
3678 1704 3817 1745 aen-

2198 1795 2323 1839 sum
2348 1780 2595 1853 corporis
2646 1788 2700 1836 et
2743 1782 3002 1838 virtutem
3049 1780 3384 1849 intellectus,
3416 1782 3545 1853 quia
3576 1781 3817 1854 singulis
3894 1842 3905 1847 _

481 1878 796 1927 sanctarum
824 1869 1059 1947 insignia
1108 1886 1229 1942 qua:
1276 1872 1342 1928 de
1386 1886 1453 1928 eo
1496 1870 1766 1953 leguntur,
1818 1873 1895 1929 ita
1925 1871 2090 1931 homo
2118 1860 2168 1922 Β
2195 1872 2436 1944 singulas
2479 1873 2691 1929 animas
2718 1872 2887 1941 dedit,
2924 1881 2980 1929 et
3022 1874 3280 1936 virtutem
3313 1874 3557 1932 scientia:
3602 1874 3817 1932 habere

480 1971 700 2020 creatus
741 1971 843 2035 est,
874 1971 938 2019 ut
979 1963 1305 2022 charitatem
1352 1966 1599 2033 haberet,
1632 1975 1691 2022 ut
1725 1967 1899 2026 bonus
1944 1975 2091 2029 esset

481 2052 755 2124 etjustus,
785 2062 845 2109 ut
867 2053 1083 2137 patiens
1123 2063 1287 2126 atque
1314 2054 1483 2123 mitis,
1517 2058 1750 2114 mundus
1779 2065 1835 2115 et
1878 2059 2089 2115 miseri-

479 2160 605 2217 cors
632 2146 772 2204 l‘oret
798 2164 812 2201 :
841 2162 977 2220 quas
1001 2148 1234 2205 virtutes
1266 2155 1471 2218 quanto
1496 2148 1617 2221 plus
1645 2149 1876 2223 quisque
1905 2150 1960 2204 in
2000 2164 2089 2206 sc-

482 2237 601 2311 ipso
655 2237 841 2306 habet,
873 2246 1027 2295 tanto
1075 2238 1300 2312 propius
1324 2248 1410 2295 est
1454 2247 1509 2295 et
1556 2240 1817 2314 majorem
1848 2242 1930 2297 sui
1959 2257 2090 2309 con-

481 2326 674 2384 ditoris
700 2328 843 2401 gerit
872 2328 1306 2395 similitudinem.
1338 2328 1400 2385 Si
1426 2344 1558 2387 vero
1601 2331 1767 2405 (quod
1798 2332 1963 2405 absit)
1993 2333 2090 2389 ali-

479 2418 603 2489 quis
640 2433 740 2490 per
768 2418 925 2485 devia
948 2419 1205 2477 vitiorum
1229 2428 1283 2475 et
1310 2421 1541 2477 divortia
1568 2421 1952 2497 criminumpab
1985 2424 2089 2490 hac

478 2508 822 2566 nobilissima
845 2510 929 2565 sui
957 2508 1184 2568 factoris
1204 2509 1559 2567 similitudine
1583 2512 1819 2585 degener
1846 2514 2088 2582 aberrat,

483 2599 899 2659 similitudinem
930 2601 1026 2657 Dei
1057 2601 1114 2656 in
1165 2616 1226 2657 se
1269 2616 1376 2657 non
1405 2612 1711 2659 conservat.
1741 2602 1878 2660 Cum
1909 2612 2091 2661 autem

478 2691 549 2750 de
582 2691 822 2764 imagine
876 2692 1093 2749 interna
1130 2693 1341 2748 anima:
1393 2694 1721 2762 sententiam
1771 2694 2085 2767 explicaret,

477 2783 667 2842 statim
697 2784 763 2840 de
784 2784 1031 2857 corporis
1058 2785 1365 2840 substantia
1390 2784 1714 2842 subsecutus
1738 2796 1841 2854 est,
1869 2776 2061 2842 dicens‘
2073 2800 2087 2841 :

553 2894 574 2929 ε
604 2876 673 2933 Et
702 2876 900 2933 iterum
940 2876 1209 2934 convertit
1263 2876 1414 2932 illum
1457 2877 1511 2933 in
1542 2878 1737 2949 ipsam.
1770 2898 1788 2931 ι
1844 2878 1957 2935 Ηοο
1983 2888 2088 2948 est,

479 2981 704 3039 terram,
750 2972 908 3044 juxta
964 2971 1112 3027 illam
1166 2970 1377 3027 Domini
1435 2972 1760 3028 sententiam
1790 3012 1805 3037 ,
1860 2988 1968 3044 qua
2022 2973 2092 3029 ad

480 3071 798 3135 peccantem
849 3063 1126 3119 hominem
1157 3064 1271 3118 ait:
1318 3081 1339 3115 ‹
1374 3061 1547 3119 Terra
1585 3077 1663 3129 es,
1702 3071 1759 3119 et
1799 3063 1857 3119 in
1883 3070 2090 3119 terram

480 3152 586 3212 ibis
613 3151 766 3226 (Gen.
790 3152 898 3227 nt).
928 3173 948 3207 ›

557 3263 578 3297 ι
606 3244 676 3301 Et
697 3246 997 3302 secundum
1026 3260 1087 3301 se
1107 3244 1328 3301 vestivit
1354 3242 1505 3299 illum
1526 3242 1728 3299 virtute
1756 3257 1772 3297 :
1796 3258 2085 3299 numerum
2116 3227 2164 3308 Ο

484 3359 505 3397 ι
530 3342 744 3400 dierum
785 3353 841 3400 et
890 3351 1105 3415 tempus
1150 3342 1297 3398 dedit
1339 3341 1437 3397 illi.
1471 3360 1489 3394 ι
1527 3339 1747 3397 Creavit
1774 3354 1903 3412 ergo
1944 3342 2089 3397 Deus

477 3436 756 3494 hominem
785 3443 1018 3503 rectum,
1050 3443 1105 3491 et
1134 3449 1297 3491 sensu
1341 3448 1406 3489 ac
1433 3434 1647 3490 ratione
1684 3432 1999 3505 pollentem,
2028 3442 2091 3488 ut

474 3526 814 3585 observando
836 3526 1107 3599 justitiam
1139 3525 1309 3581 vitam
1341 3525 1569 3581 haberet
1597 3526 1946 3592 continuam;
1993 3525 2089 3581 sed

474 3618 605 3692 quia
633 3617 725 3674 ille
750 3617 1048 3674 conditoris
1099 3617 1185 3672 sui
1234 3616 1410 3688 legem
1452 3631 1560 3672 non
1591 3616 1957 3684 conservavit,
1987 3630 2088 3687 per

476 3694 904 3781 ipobedientiam
947 3708 1205 3781 longaeva:
1249 3708 1377 3763 vitae
1404 3708 1642 3780 perdidit
1679 3708 1932 3781 gloriam,
1980 3724 2088 3763 nu-

474 3817 797 3875 merumque
826 3801 1040 3860 dierum
1082 3810 1139 3858 ct
1180 3802 1442 3873 temporis
1490 3802 1727 3875 spatium
1766 3800 1991 3874 accepit,
2030 3800 2086 3857 in

476 3898 675 3989 quibus
698 3897 986 3972 praesentis
1024 3898 1151 3959 vita:
1177 3897 1456 3954 clauderet
1483 3896 1794 3951 terminum.

552 4010 574 4045 ι
603 3990 672 4051 Et
700 3991 846 4049 dedit
884 3990 959 4047 illi
1006 3997 1331 4062 potestatem
1359 4003 1553 4047 eorum
1596 4002 1717 4059 quae
1760 3992 1887 4043 sunt
1925 3998 2087 4058 super

481 4102 502 4137 ς
531 4092 771 4150 terram;
816 4083 1003 4156 posuit
1046 4082 1300 4138 timorem
1345 4080 1489 4136 illius
1529 4094 1692 4151 super
1715 4093 1932 4136 omnem
1964 4094 2087 4135 car-

482 4190 504 4228 σ
536 4189 684 4242 nem,
712 4182 768 4231 et
809 4175 1119 4231 dominatus
1149 4181 1234 4231 est
1264 4173 1564 4231 bestiarum
1602 4179 1658 4229 et
1697 4164 2025 4228 v'olatilium.
2059 4192 2077 4226 ι

477 4264 616 4351 Quia
639 4267 900 4324 nimirum
943 4268 999 4324 in
1034 4268 1141 4325 hoc
1184 4266 1422 4324 maxime
1470 4266 1647 4323 factus
1691 4275 1775 4322 est
1800 4267 1965 4339 homo
2015 4266 2084 4327 ad

477 4364 770 4437 imaginem
823 4362 941 4431 Dei,
986 4362 1041 4418 in
1085 4378 1193 4435 qua
1224 4362 1687 4420 irrationabilibus
1715 4363 2083 4433 animantibus

477 4456 777 4527 antecellit,
806 4471 981 4527 capax
1016 4455 1272 4512 videlicet
1314 4464 1370 4512 et
1410 4455 1639 4512 rationis
1681 4456 1955 4523 conditus,
1984 4470 2083 4529 per

475 4563 642 4620 quam
668 4556 727 4603 et
753 4555 935 4604 creata
960 4562 1188 4619 qumque
1240 4547 1296 4603 in
1324 4547 1526 4604 mundo
1572 4553 1718 4603 recte
1752 4547 2078 4620 gubernare,
2104 4584 2161 4645 Β

476 4648 534 4697 et
556 4637 674 4713 ejus
701 4640 794 4715 qui
833 4647 1031 4696 cuncta
1059 4640 1267 4696 creavit
1300 4649 1485 4711 posset
1532 4639 1809 4712 agnitione
1850 4639 2077 4713 perfrui,

477 4730 537 4789 in
571 4746 680 4804 quo
725 4730 935 4787 honore
985 4730 1197 4803 positus
1245 4730 1291 4788 si
1321 4746 1431 4787 non
1477 4729 1809 4788 intellexerit
1852 4740 1916 4787 ut
1943 4732 2083 4805 bene

474 4833 625 4899 agat,
666 4821 876 4880 eisdem
922 4821 1056 4895 ipsis
1105 4822 1473 4880 animantibus
1526 4822 1839 4890 insensatis,
1887 4821 2087 4897 quibus

472 4917 734 4992 praelatus
782 4922 887 4984 est,
933 4914 1363 4988 comparabitur,
1400 4914 1544 4972 sicut
1588 4922 1647 4971 et
1690 4914 1970 4987 psalmista
2000 4923 2083 4971 te-

481 5019 685 5083 statur,
703 5009 922 5079 dicens:
953 5026 973 5060 ι
1005 5007 1074 5064 Ει
1107 5007 1272 5064 homo
1295 5023 1417 5063 eum
1465 5008 1518 5063 in
1561 5007 1770 5063 honore
1795 5015 1942 5063 esset
1975 5022 2084 5063 non

481 5104 772 5177 intellexit,
798 5109 1148 5176 comparatus
1191 5109 1277 5160 est
1298 5099 1562 5173 jumentis
1601 5099 2001 5173 insipientibus,
2028 5106 2083 5155 et

478 5196 676 5255 similis
712 5195 892 5269 factus
915 5203 1001 5251 est
1029 5193 1134 5251 illis
1164 5191 1339 5267 (Ρεαι.
1364 5192 1576 5264 muti).
1602 5211 1621 5245 ι

556 5306 579 5342 ι
605 5287 828 5349 Creavit
854 5304 923 5344 ex
950 5286 1070 5365 ipso
1092 5285 1422 5359 adjutorium
1452 5283 1630 5343 simile
1652 5284 1773 5351 sibi,
1793 5283 2080 5341 consilium

486 5396 510 5434 ι
534 5387 593 5451 et
635 5377 894 5451 linguam,
924 5370 984 5435 et
1029 5379 1238 5448 oculos,
1287 5386 1343 5435 et
1381 5393 1541 5433 aures
1570 5385 1624 5433 et
1654 5391 1751 5432 cor
1795 5376 1945 5432 dedit
1975 5375 2080 5433 illis

487 5488 511 5526 ι
535 5472 900 5544 excogitandi,
929 5479 985 5529 et
1004 5471 1289 5557 disciplina
1316 5472 1623 5527 intellectus
1643 5469 1871 5543 replevit
1891 5470 2030 5526 illos.
2056 5491 2081 5531 ο,

481 5561 640 5645 Quod
661 5563 857 5622 mulier
882 5563 951 5621 de
974 5564 1078 5620 viri
1118 5564 1294 5618 latere
1335 5563 1478 5619 facta
1522 5571 1627 5631 est,
1662 5570 1886 5635 propter
1916 5561 2086 5634 ipsius

482 5652 881 5730 coniunctionis
897 5656 1006 5712 vim
1020 5654 1501 5711 commendandam
1525 5655 1599 5710 ita
1624 5654 1740 5711 ﬁeri
1757 5655 2084 5727 oportuisse,

481 5752 811 5819 credendum
857 5760 985 5819 est;
1034 5748 1180 5822 quod
1232 5758 1411 5805 autem
1455 5750 1757 5806 dormiente
1808 5749 1949 5806 facta
1974 5759 2083 5819 est,

488 5841 631 5933 quod
658 5858 783 5913 osse
811 5843 1064 5901 detracto
1087 5839 1141 5896 in
1171 5838 1327 5912 cujus
1355 5839 1531 5899 locum
1561 5857 1689 5900 caro
1713 5843 2081 5917 suppleretur,

2189 1966 2380 2023 voluit.
2408 1965 2564 2023 Unde
2585 1975 2642 2023 et
2669 1968 2947 2038 sequitur:

2268 2099 2287 2134 ι
2315 2062 2534 2143 Creavit
2581 2080 2689 2137 illis
2735 2080 3018 2138 scientiam
3066 2064 3315 2154 spiritus,
3342 2093 3511 2143 sensu
3558 2078 3819 2154 implevit

2197 2190 2217 2226 ι
2244 2186 2339 2229 cor
2383 2171 2617 2244 illorum,
2656 2179 2712 2243 et
2735 2171 2878 2229 bona
2921 2181 2978 2230 et
3013 2172 3158 2249 mala
3183 2172 3422 2229 ostendit
3447 2172 3580 2229 illis.
3616 2172 3815 2230 Posuit

2196 2282 2217 2319 ι
2245 2262 2462 2333 oculum
2502 2278 2662 2320 suum
2704 2279 2866 2338 super
2907 2264 3071 2320 corda
3098 2261 3336 2329 illorum,
3382 2261 3683 2319 ostendere
3706 2262 3817 2318 illis

2197 2376 2218 2409 ε
2247 2354 2520 2426 magnalia
2565 2370 2790 2428 operum
2839 2370 3085 2435 suorum,
3134 2364 3195 2412 ut
3237 2368 3436 2412 nomen
3489 2354 3814 2413 sanctifica-

2199 2465 2220 2517 ε
2252 2446 2415 2505 tionis
2444 2446 2561 2520 ejus
2592 2447 2934 2519 collaudent;
2957 2454 3015 2504 et
3040 2444 3262 2525 gloriari
3291 2445 3346 2503 in
3378 2445 3732 2511 mirabilibus
3752 2445 3817 2501 il-

2201 2539 2380 2612 Llius,
2414 2545 2475 2595 ut
2504 2538 2773 2613 magnalia
2802 2548 3059 2613 enat-rent
3088 2553 3315 2612 operum
3340 2537 3480 2617 ejus.
3502 2557 3522 2592 ι
3554 2537 3704 2608 Quid
3733 2546 3819 2595 est

2201 2631 2346 2705 quod
2370 2631 2528 2707 dicit,
2556 2650 2576 2695 ᾳ
2604 2632 2745 2689 bona
2768 2639 2823 2689 ct
2862 2631 3006 2703 mala
3031 2632 3268 2689 ostendit
3292 2632 3445 2705 illis?
3473 2652 3493 2686 ι
3526 2631 3637 2688 nisi
3668 2632 3815 2704 quod

2194 2727 2308 2789 vim
2337 2727 2684 2801 discernendi
2715 2724 2920 2785 bonum
2945 2736 3001 2783 et
3028 2727 3232 2795 malum
3256 2728 3337 2799 eis
3366 2727 3580 2783 tribuit.
3608 2746 3628 2779 ι
3667 2725 3813 2783 Ocu-

2195 2804 2307 2873 lum
2339 2833 2503 2891 super
2532 2819 2697 2887 corda
2746 2834 2936 2879 eorum
2982 2819 3185 2892 posuit,
3214 2839 3235 2872 ι
3271 2834 3396 2874 cum
3426 2819 3706 2874 rationem
3730 2818 3815 2873 in-

2198 2912 2468 2982 tellectus,
2499 2912 2643 2979 unde
2690 2928 2724 2969 a
2753 2913 2967 2970 caeteris
3018 2912 3389 2987 animantibus
3427 2912 3726 2983 distarent,
3760 2914 3813 2969 in

2196 3004 2484 3060 animabus
2505 3019 2691 3060 eorum
2736 3003 3005 3075 excellere
3031 3003 3219 3071 voluit.
3258 3002 3363 3061 Ubi
3391 3002 3474 3075 eis
3496 3014 3551 3071 et
3578 3020 3809 3077 magna-

2196 3096 2271 3152 lia
2309 3112 2534 3167 operum
2578 3097 2695 3169 ejus
2739 3112 3091 3169 cognoscere,
3142 3105 3196 3154 et
3246 3113 3445 3154 nomen
3490 3099 3813 3155 sanctiﬁca-

2197 3188 2363 3244 tionis
2391 3188 2509 3259 ejus
2535 3178 2865 3259 cbllaudare,
2896 3197 2953 3244 et
2984 3203 3150 3260 opera
3180 3190 3297 3275 ejus
3338 3190 3657 3275 gioriﬁcare
3684 3208 3811 3264 pos-

2191 3283 2423 3341 sibilitas
2448 3284 2574 3339 data
2595 3291 2697 3341 est.
3220 3270 3229 3277 ’
3345 3268 3369 3289 ”

2269 3418 2289 3457 ς
2317 3399 2541 3459 Addidit
2572 3398 2681 3461 illis
2724 3397 3094 3470 disciplinam.
3123 3406 3180 3467 et
3209 3398 3385 3470 legam
3411 3398 3582 3465 rita;
3629 3398 3808 3457 hae-

2195 3508 2218 3555 c
2248 3489 2446 3549 ditavit
2468 3489 2577 3547 illis
2604 3496 2992 3557 terminemus
3032 3497 3320 3557 aeternum,
3342 3488 3657 3565 imminit
3683 3505 3807 3547 σοι

2196 3584 2351 3643 cinis
2387 3592 2445 3645 et
2489 3585 2779 3657 justitiam,
2831 3593 2893 3643 et
2913 3584 3125 3655 iudicia.
3168 3599 3269 3649 sua
3296 3584 3544 3649 ostendit
3590 3583 3811 3653 illim:
3890 3624 3901 3637 .

2196 3697 2217 3732 ι
2243 3678 2519 3749 magnalia
2543 3678 2774 3739 honoris
2816 3676 2937 3748 eius
2964 3677 3106 3747 vidit
3132 3677 3327 3745 aeuus
3370 3692 3588 3745 eorum,
3616 3687 3681 3736 et
3705 3677 3807 3739 ho.-

2198 3791 2219 3830 ι
2248 3786 2440 3833 norem
2463 3772 2616 3831 vocis
2646 3771 2943 3837 audierunt
2959 3785 3124 3835 aures
3142 3770 3385 3838 mentm,
3409 3777 3467 3831 et
3493 3770 3641 3831 dixit
3658 3769 3803 3831 illis:

2194 3864 2525 3923 eAtteudite
2562 3862 2716 3925 vobis
2754 3864 2825 3927 ab
2862 3863 3019 3927 omni
3058 3864 3271 3935 iniam.
3298 3872 3357 3929 et
3380 3861 3673 3929 mandarit
3698 3862 3807 3925 illi!

2198 3975 2223 4015 ι
2240 3956 2537 4027 unicuique
2565 3955 2633 4013 de
2659 3954 2915 4025 proximo
2936 3968 3059 4019 suo.
3079 3973 3104 4013 ι
3137 3952 3499 4025 Disciplim
3539 3962 3599 4015 et
3628 3953 3805 4024 luem

2190 4048 2285 4106 hic
2302 4057 2398 4106 aut
2421 4045 2731 4105 naturalem
2760 4045 2949 4123 legem
2980 4045 3241 4119 intelligis,
3271 4060 3439 4117 imam
3482 4044 3638 4109 Deus
3659 4046 3808 4107 dedit

2189 4139 2339 4206 omni
2365 4138 2594 4206 homini,
2620 4145 2683 4195 ut
2705 4152 2805 4209 per
2831 4138 3008 4208 ipsus
3024 4150 3127 4201 me
3152 4134 3513 4207 mitigaretur
3540 4136 3803 4203 erraui.

2189 4241 2246 4291 et
2273 4234 2544 4293 bonarum
2582 4244 2814 4301 operum
2858 4227 3333 4299 honoriﬁcentiam
3380 4228 3439 4295 in
3492 4228 3802 4300 semetipso

2188 4324 2513 4392 θωοάἱνθιι
2540 4331 2603 4383 ιιι
2623 4322 2926 4395 Prudente:
2948 4321 3177 4393 etiam
3215 4319 3545 4389 “me
3571 4329 3635 4391 et
3662 4329 3801 4387 tem-

2188 4425 2447 4490 peranter
2473 4416 2623 4475 omni
2669 4412 3066 4486 tantulam
3108 4412 3436 4481 simth
3479 4413 3804 4481 mndavi-

2186 4516 2366 4575 vetet,
2406 4518 2503 4567 aut
2522 4507 2701 4579 legem
2718 4505 2933 4571 linem
2960 4519 3127 4578 «sui
3155 4504 3229 4565 ad

2185 4617 2309 4659 rum
2351 4609 2411 4657 et
2436 4601 2508 4658 ad
2542 4598 2944 4670 reparationem
2975 4596 3192 4665 abolita:
3239 4596 3375 4670 legis
3424 4596 3630 4669 prim
3666 4610 3802 4654 eon-

2184 4694 2351 4753 seribi
2375 4692 2654 4759 decrevit;
2680 4693 2787 4767 hoc
2810 4691 2955 4757 enim
2976 4699 3036 4753 et
3058 4690 3149 4748 lex
3178 4691 3467 4775 naturalis,
3495 4700 3556 4753 et
3590 4690 3689 4757 lex
3712 4690 3801 4757 litv

2184 4791 2318 4843 tam
2342 4782 2641 4850 insinuant,
2667 4790 2727 4845 ut
2750 4782 2921 4847 Deum
2946 4797 3015 4847 ex
3045 4789 3162 4843 tom
3206 4781 3391 4849 corde.
3442 4789 3561 4853 tota
3582 4782 3794 4849 enim.

2185 4881 2304 4937 tota
2326 4873 2532 4937 virtute
2573 4872 2886 4945 diligamus,
2930 4879 2989 4928 et
3034 4872 3155 4945 ejus
3200 4873 3461 4942 mandata
3499 4872 3562 4935 in
3606 4872 3797 4935 divino

2188 4965 2343 5029 cultu
2368 4974 2425 5023 et
2452 4966 2691 5038 proximi
2713 4966 2890 5025 nostri
2912 4964 3206 5027 dilectione
3222 4966 3626 5041 ωωαίηωω,

2270 5124 2288 5157 ι
2316 5102 2431 5160 Viae
2458 5102 2677 5161 illorum
2712 5118 2899 5160 coram
2928 5102 3047 5176 ipso
3083 5112 3230 5171 sunt,
3265 5116 3481 5175 semper
3524 5118 3637 5181 non
3670 5114 3789 5160 sunt

2197 5215 2217 5250 α
2243 5196 2524 5253 absconsaz
2549 5196 2618 5269 ab
2667 5194 2840 5253 oculis
2885 5194 3076 5268 ipsius.
3104 5214 3122 5247 ι
3180 5195 3293 5251 Viae
3335 5195 3482 5251 enim
3508 5195 3790 5250 hominum

2190 5297 2317 5351 sunt
2365 5286 2668 5343 voluntates
2726 5296 2782 5342 et
2836 5288 3077 5343 actiones
3133 5285 3370 5353 illorum,
3428 5301 3552 5359 qua:
3601 5287 3790 5357 utique

2190 5378 2522 5454 agnitionem
2554 5377 2649 5433 Dei
2679 5394 2786 5434 non
2828 5378 3021 5446 latent,
3052 5379 3310 5453 quoniam
3339 5364 3523 5435 omnia
3563 5377 3713 5433 nuda
3738 5383 3791 5431 et

2194 5481 2385 5547 aperta
2416 5480 2543 5529 sunt
2578 5473 2750 5529 oculis
2773 5473 2911 5546 ejus.
2961 5474 3114 5531 Unde
3141 5487 3241 5547 per
3285 5472 3631 5548 psalmistam
3658 5470 3788 5527 dici-

2192 5577 2319 5624 tur:
2350 5587 2370 5621 ‹
2415 5565 2674 5623 Dominus
2714 5568 2867 5624 novit
2908 5568 3262 5641 cogitationes
3307 5567 3611 5633 hominum,
3656 5579 3789 5638 quo-

2191 5660 2336 5717 niam
2364 5675 2514 5714 vana:
2543 5667 2668 5714 sunt
2700 5657 2871 5728 (Psal.
2896 5659 3074 5729 xcni).
3099 5680 3117 5712 ι
3150 5659 3402 5716 Attamen
3450 5672 3641 5715 eorum
3666 5668 3787 5714 mao

2190 5751 2335 5807 xime
2365 5750 2483 5806 vias
2531 5752 2698 5818 novit,
2748 5767 2977 5824 quorum
3006 5753 3245 5810 actiones
3280 5752 3494 5827 probat.
3517 5748 3785 5808 Ceterum

2187 5857 2281 5900 eos
2304 5842 2558 5915 ignorare
2592 5843 2808 5913 dicitur,
2840 5860 3069 5919 quorum
3100 5861 3263 5925 opera
3304 5845 3579 5919 reprobat.
3626 5839 3787 5919 Unde
