4030 6464
291 358 395 415 877

1138 348 1491 409 coumr.
1531 349 1599 405 lN
1639 329 2250 408 commentemur.
2284 377 2358 392 -
2393 347 2522 406 us.
2557 347 2654 407 tv.

290 468 555 543 scriptum
596 472 677 524 est
704 482 718 521 :
745 484 764 521 ‹
804 463 965 523 Novit
1008 463 1264 529 Dominus
1296 463 1441 521 viam
1482 464 1775 534 iustorum,
1803 469 1861 519 et
1886 462 1939 535 Α
1964 470 2048 518 rat
2073 461 2313 532 praemis,
2344 461 2488 520 sicut
2519 475 2555 519 ο
2573 458 2850 523 contrarie
2872 460 3017 525 male
3043 470 3309 536 Ma
3328 478 3547 536 plotae-

291 562 396 617 iter
418 558 705 631 impiorum
730 555 950 631 peribit.
973 574 992 609 ι
1086 584 1089 589 -
1706 602 1715 610 ,

370 670 388 703 ι
410 649 479 705 in
501 663 826 723 unaquaque
853 656 1012 721 gente
1037 646 1330 719 praeposuit
1357 652 1648 713 rectorem,
1673 652 1728 702 et
1744 659 1874 715 pars

298 765 316 799 ι
344 744 441 801 Dei
469 741 637 799 Israel
677 741 824 799 facta
847 750 933 799 est
964 739 1275 807 manifesta,
1325 746 1382 796 et
1403 739 1584 805 omnia
1611 753 1774 809 opera
1803 737 1872 797 il-

300 854 319 886 ι
347 836 523 891 lorum
547 833 699 889 velut
722 833 805 891 sol
829 834 886 890 in
917 840 1210 905 conspectu
1232 832 1346 899 Dei,
1376 839 1433 890 et
1455 831 1597 891 oculi
1621 829 1738 900 ejus
1758 829 1878 891 sine

1974 564 2124 615 νοω
2146 562 2435 615 tormenta.

2047 667 2067 701 ι
2093 647 2490 707 Paenitentibus
2514 653 2697 707 autem
2720 647 2867 707 dedit
2887 647 3033 707 viam
3056 647 3308 721 iustitia,
3331 656 3393 707 at
3413 663 3549 709 eon-

1977 760 2001 798 r
2029 741 2267 800 ﬁrmavit
2313 740 2629 801 deﬁcientes
2674 742 2965 810 sustinere,
3010 750 3069 797 et
3122 742 3415 801 destinavit
3437 740 3549 807 illis

1977 851 2002 889 ι
2025 840 2229 892 sortem
2252 831 2515 891 veritatis.
2536 852 2558 891 ο
2588 830 2850 892 Voluntas
2877 841 2963 892 ut
2994 835 3157 902 bona,
3179 844 3245 893 ut
3262 845 3389 908 post
3425 851 3553 910 pen-

204 936 207 939 ‘
300 944 318 977 ε
348 924 749 980 intermissione
775 922 1118 996 inspicientes
1144 923 1201 981 in
1226 923 1329 987 viis
1346 938 1553 987 eorum.
1575 940 1597 976 ι
1621 922 1877 979 nectores
1970 931 2180 995 patrata
2199 929 2420 995 peccata
2448 921 2611 987 homo
2650 937 2711 980 se
2736 937 2835 995 per
2874 922 3267 985 suum
3303 934 3361 984 et
3378 925 3554 998 pmi-

294 1030 432 1089 quos
453 1015 729 1087 proposuit
774 1014 918 1073 Deus
940 1014 996 1073 in
1033 1028 1358 1086 unaquaque
1386 1020 1564 1085 gente,
1593 1020 1687 1068 aut
1709 1024 1876 1082 ange-

294 1107 374 1162 los
397 1119 684 1177 possumus
731 1105 1050 1178 intelligere,
1094 1120 1231 1178 quos
1273 1104 1547 1177 deputavit
1591 1103 1658 1163 ad
1696 1109 1879 1161 sueto-

294 1197 442 1253 diam
471 1197 801 1270 singularum
831 1197 1092 1269 gentium,
1111 1194 1267 1267 juxta
1288 1194 1420 1255 illud
1436 1192 1875 1257 Denteronomii:

301 1306 322 1341 ι
348 1287 550 1344 Statuit
577 1287 832 1344 terminos
872 1288 1113 1359 gentium
1155 1286 1451 1349 secundum
1472 1301 1760 1345 numerum
1784 1301 1880 1347 au-

296 1378 534 1452 gelorum
567 1378 683 1445 Dei,
705 1398 724 1432 ι
772 1386 826 1434 et
851 1379 1106 1451 princeps
1138 1376 1473 1445 Graecorum,
1522 1377 1883 1451 princepsque

294 1468 604 1535 Persarum,
651 1482 753 1525 nec
793 1483 902 1529 non
931 1477 986 1529 et
1028 1468 1280 1541 princeps
1318 1467 1499 1539 populi
1528 1467 1626 1525 Dei
1653 1466 1883 1529 Michael

297 1574 416 1618 esse
445 1560 500 1616 in
527 1559 748 1615 Daniele
784 1559 981 1631 legitur
1018 1557 1182 1631 (Dan.
1211 1558 1313 1629 x);
1357 1566 1451 1614 aut
1478 1561 1729 1621 doctores
1752 1572 1881 1625 sau-

297 1661 435 1720 ctos,
458 1665 594 1729 quos
618 1650 675 1707 in
697 1651 886 1707 orbem
917 1657 1187 1715 terrarum
1228 1649 1421 1709 electio
1447 1649 1629 1713 divina
1657 1649 1725 1715 ad
1745 1661 1884 1720 prae-

297 1744 584 1801 dicandum
620 1743 844 1798 verbum
890 1756 1048 1797 suum
1083 1741 1300 1803 direxit.
1335 1740 1488 1807 Unde
1518 1739 1573 1803 in
1614 1736 1883 1810 Apocaly-

296 1839 381 1911 psi
418 1836 610 1894 Joanni
641 1835 976 1910 prtecipitur,
1005 1843 1066 1895 ut
1112 1836 1315 1901 scribat
1362 1835 1553 1907 angelo
1581 1835 1801 1905 Ephesi,
1826 1841 1883 1892 et
1906 1818 1957 1893 Β

297 1928 489 2001 angelo
518 1926 781 2003 Smyrnae,
826 1933 986 1998 atque
1030 1926 1222 1999 angelo
1259 1925 1532 1998 Pergami,
1576 1925 1887 1997 angulisque

296 2028 615 2083 caeterarum
651 2019 1009 2087 ecclesiarum
1031 2019 1215 2097 (Apoc.
1241 2035 1279 2087 ι,
1303 2020 1389 2095 ιι).
1420 2020 1554 2077 Pars
1580 2027 1759 2077 autem
1789 2016 1887 2075 Dei

294 2110 459 2167 Israel
490 2109 632 2167 facta
653 2118 738 2166 est
760 2109 1073 2179 manifesta,
1104 2111 1209 2169 hoc
1232 2118 1337 2177 est,
1379 2110 1732 2184 congregatio
1756 2124 1887 2167 san-

297 2213 509 2269 ctormn
533 2206 781 2275 probata,
814 2220 1042 2277 quorum
1091 2207 1344 2279 dogmata
1390 2205 1572 2271 lucent
1620 2208 1761 2267 sicut
1804 2205 1887 2267 sol

210 2356 220 2366 _
297 2296 357 2352 in
405 2304 695 2369 conspectu
748 2296 866 2365 Dei,
914 2305 971 2354 et
1019 2298 1261 2359 actiones
1313 2299 1425 2367 Deo
1478 2308 1604 2358 sunt
1652 2299 1883 2372 placitae.

301 2403 322 2438 ι
350 2384 503 2455 Oculi
531 2387 676 2453 enim
717 2387 929 2455 Domini
974 2404 1136 2469 super
1169 2388 1366 2460 iustos,
1396 2399 1453 2447 et
1488 2404 1650 2448 aures
1681 2390 1797 2460 ejus
1818 2391 1889 2451 ad

294 2490 487 2548 preces
512 2490 723 2546 eorum,
773 2480 1030 2551 quoniam
1078 2481 1219 2538 oculi
1246 2496 1433 2547 eorum
1475 2482 1542 2537 ad
1587 2482 1877 2539 Dominum

298 2567 616 2638 intendunt,
668 2577 723 2627 et
771 2587 925 2631 amor
969 2572 1150 2630 cordis
1196 2587 1387 2631 eorum
1442 2572 1660 2637 anhelat
1708 2570 1885 2645 (Paul.

298 2658 533 2730 xum);
562 2678 582 2712 ι
620 2677 686 2717 ex
735 2677 967 2733 quorum
1020 2663 1273 2719 videlicet
1318 2678 1569 2733 persona,
1617 2663 1888 2743 Propheta

297 2747 556 2823 loquitur,
583 2751 806 2811 dicens:
842 2772 860 2805 ι
890 2753 1040 2811 Oculi
1069 2755 1173 2812 mei
1200 2768 1425 2827 semper
1464 2755 1530 2812 ad
1579 2754 1886 2823 Dominum,
1932 2797 1941 2803 -

298 2847 553 2920 quoniam
597 2849 713 2920 ipse
738 2848 940 2925 evellet
983 2849 1050 2905 de
1095 2850 1285 2920 laqueo
1328 2850 1493 2923 pedes
1534 2864 1684 2907 meos
1712 2849 1886 2923 (Paul.

298 2940 452 3015 xxxv)
478 2957 493 3008 ;
523 2959 541 2993 ι
597 2942 690 2997 sed
722 2942 849 3014 quia
892 2941 1106 2997 illorum
1159 2941 1436 3013 iniquitas,
1490 2941 1582 3012 qui
1632 2941 1891 2997 resistunt

299 3030 464 3089 verbo
490 3029 607 3098 Dei,
634 3040 688 3087 et
724 3042 1025 3103 repugnant
1066 3033 1301 3099 veritati,
1348 3032 1694 3104 Evangelium
1733 3032 1890 3097 Chri-

301 3120 371 3175 sti
400 3122 703 3192 opprimere
731 3137 838 3177 non
858 3130 1058 3193 potest,
1083 3138 1259 3193 neque
1279 3123 1575 3188 destruere,
1602 3125 1696 3179 sed
1720 3123 1890 3195 magis

301 3209 416 3291 ipso
444 3212 767 3282 praevalente
800 3211 875 3267 illi
900 3212 1178 3279 deﬁciunt,
1208 3213 1328 3268 ideo
1365 3210 1702 3284 subiungitur
1735 3230 1749 3267 :

393 3321 411 3352 ι
438 3300 557 3357 Non
600 3311 726 3357 sunt
753 3303 1012 3367 absconsa
1062 3309 1381 3358 testamenta
1425 3316 1525 3372 per
1560 3302 1896 3374 iniquitatem

307 3413 326 3446 ι
354 3410 563 3460 eorum,
589 3403 646 3450 et
688 3409 879 3457 omnes
925 3394 1239 3466 iniquitates
1265 3408 1451 3451 eorum
1500 3394 1555 3449 in
1604 3401 1898 3465 conspectu

310 3508 329 3538 ς
356 3486 473 3542 Dei.
498 3505 517 3538 ι
550 3487 785 3543 Verbum
812 3489 956 3543 enim
987 3487 1200 3543 Domini
1229 3500 1337 3542 non
1360 3494 1444 3543 est
1472 3485 1769 3558 alligatum,
1802 3486 1900 3541 sed

304 3577 424 3649 ejus
464 3594 718 3635 exosores
758 3580 973 3635 aeternis
1010 3577 1241 3635 vinculis
1281 3590 1566 3649 poenarum
1596 3584 1721 3633 sunt
1744 3568 1897 3630 fuan-

304 3671 540 3743 cipandi,
563 3672 814 3747 quoniam
851 3671 1057 3727 catenis
1108 3669 1370 3726 scelerum
1418 3682 1608 3726 eorum
1629 3667 1742 3739 jam
1769 3673 1899 3725 sunt

305 3764 513 3832 vincti;
545 3762 764 3820 funibus
789 3762 933 3819 enim
965 3769 1311 3837 peccatorum
1354 3775 1575 3818 suorum
1609 3760 1899 3835 unusquis-

307 3870 410 3926 que
435 3853 847 3927 constringitur,
870 3862 926 3910 et
951 3853 1071 3909 ideo
1092 3853 1350 3911 Dominus
1367 3851 1514 3925 justo
1535 3850 1739 3924 judicio
1763 3850 1900 3908 tales

307 3946 549 4013 damnat,
574 3946 698 4016 quia
725 3960 1009 4017 perversas
1028 3946 1145 4002 vias
1184 3958 1371 4002 eorum
1421 3957 1542 4001 esse
1571 3944 1898 4000 considerat.

313 4059 333 4091 σ
370 4038 560 4095 Vultus
591 4046 771 4097 autem
795 4036 1007 4093 Domini
1034 4051 1196 4108 super
1223 4036 1484 4095 facientes
1510 4035 1673 4101 mala,
1699 4043 1759 4089 ut
1779 4048 1902 4105 pcr-

308 4128 401 4184 dat
424 4128 489 4185 de
522 4137 663 4183 terra
698 4126 1015 4184 memoriam
1042 4141 1250 4183 mrum.
1276 4146 1296 4180 ι

386 4260 403 4292 ε
434 4239 787 4311 Eleemosyna
834 4238 981 4293 enim
1024 4238 1131 4293 viri
1182 4238 1339 4309 quasi
1386 4236 1720 4310 signaculum
1772 4249 1898 4291 cum

319 4350 337 4382 ι
370 4330 507 4402 ipso,
542 4338 597 4386 et
632 4330 864 4401 gratiam
918 4328 1155 4384 hominis
1198 4329 1353 4399 quasi
1398 4327 1655 4402 pupillam
1686 4341 1906 4383 conser-

319 4440 337 4474 ι
364 4421 527 4476 vavit.
550 4440 569 4472 ι
601 4419 985 4476 Misericordia:
1034 4420 1231 4491 quippe
1275 4434 1439 4491 opera
1470 4418 1906 4490 reconsignatam

312 4513 618 4569 mercedem
670 4512 970 4568 factoribus
1021 4512 1136 4567 suis
1178 4510 1234 4566 in
1284 4510 1440 4567 ccelis
1492 4510 1799 4574 restituent,
1852 4515 1909 4565 et

312 4697 538 4762 vabunt,
569 4693 723 4764 juxta
750 4693 1070 4750 sententiam
1097 4694 1265 4765 ipsius
1307 4694 1565 4759 Veritatis
1602 4708 1710 4765 qua
1736 4691 1905 4747 dicit:

321 4806 341 4840 ι
366 4787 520 4844 Beati
564 4788 963 4854 misericordes,
1020 4787 1276 4859 quoniam
1324 4787 1426 4859 ipsi
1476 4783 1909 4841 misericordiam

315 4887 714 4952 consequentur
760 4877 976 4952 (Matth.
1018 4876 1095 4950 v).
1139 4895 1158 4930 ι
1208 4876 1277 4931 Et
1325 4876 1490 4932 alibi:
1538 4893 1556 4926 α
1615 4874 1771 4939 Date,
1808 4872 1909 4939 ait,

317 4969 736 5042 eleemosynam,
764 4976 819 5025 et
844 4981 972 5024 ecce
997 4968 1179 5024 omnia
1213 4967 1415 5022 munda
1446 4974 1572 5021 sunt
1606 4964 1779 5020 vobis.
1811 4983 1830 5016 ι

396 5082 415 5115 ‹
440 5063 509 5118 Et
528 5072 716 5132 postea
748 5069 990 5132 resurget
1032 5069 1086 5115 et
1118 5060 1317 5115 tribuet
1363 5057 1469 5114 illis
1497 5056 1909 5121 retributionem

327 5172 347 5207 σ
374 5154 664 5224 unicuique
689 5153 743 5207 in
768 5159 931 5223 caput
956 5151 1215 5223 ipsorum,
1243 5157 1296 5203 ct
1318 5156 1595 5204 convertet
1616 5146 1669 5201 in
1693 5147 1913 5201 interio-

328 5262 349 5296 ι
378 5259 464 5300 res
517 5253 697 5315 partes
748 5251 925 5299 terrae.
955 5262 974 5295 ι
1029 5241 1297 5313 Resurget
1344 5241 1487 5295 enim
1542 5238 1804 5293 Dominus
1853 5237 1912 5293 in

319 5323 544 5410 judicio,
586 5337 692 5393 hoc
739 5342 844 5399 est,
894 5334 962 5389 ad
988 5332 1402 5388 retributionem
1436 5346 1494 5387 se
1524 5336 1810 5401 prteparat,
1855 5336 1912 5384 et

326 5430 590 5485 retribuet
629 5426 923 5496 unicuique
966 5423 1120 5494 juxta
1160 5423 1411 5478 meritum
1459 5437 1635 5487 suum,
1680 5429 1736 5475 et
1759 5419 1913 5493 juxta

328 5527 680 5586 intentionem
720 5524 897 5580 cordis
920 5522 1024 5588 sui,
1057 5520 1350 5583 secundum
1393 5535 1555 5591 quam
1577 5518 1780 5590 judicia
1820 5531 1918 5573 sua

329 5630 614 5693 temperat.
650 5618 803 5675 Unde
825 5618 974 5683 dicit,
1003 5635 1020 5666 σ
1052 5622 1331 5671 convertet
1354 5614 1407 5669 in
1434 5613 1718 5668 interiores
1740 5621 1921 5687 partes

332 5700 510 5780 terrae,
541 5734 559 5767 ι
592 5713 697 5769 hoc
726 5721 828 5780 est,
862 5710 1069 5784 judicat
1115 5715 1383 5764 secretum
1433 5704 1723 5761 voluntatis
1754 5705 1923 5758 intor-

334 5824 417 5885 μεθ
445 5825 458 5875 ;
486 5806 613 5879 quia
642 5805 888 5862 voluntas
926 5806 1067 5859 bona
1097 5810 1311 5857 aeterna:
1339 5796 1689 5854 beatitudinis
1718 5812 1927 5871 purpu-

1973 1018 2205 1077 teutiam
2247 1023 2526 1074 convertat
2552 1016 2624 1072 ad
2661 1013 2889 1086 iustitiae
2914 1031 3101 1089 opera,
3154 1018 3245 1075 cui
3286 1018 3547 1077 Durnium

1976 1110 2267 1169 commissa
2287 1108 2432 1166 delet
2453 1115 2699 1182 peccata,
2724 1116 2781 1164 et
2808 1106 3093 1167 conﬁrmat
3113 1109 3316 1173 debiles
3338 1124 3556 1182 gressus

1977 1200 2036 1259 in
2061 1203 2321 1271 virtutum
2371 1201 2587 1269 semita,
2636 1207 2700 1255 ut
2744 1207 2866 1270 post
2905 1200 3200 1271 eondignos
3230 1200 3467 1269 labores,
3497 1200 3555 1258 in

1975 1290 2127 1352 sorte
2143 1293 2440 1361 electorum
2466 1292 2709 1351 caelestia
2732 1292 2996 1364 percipiat
3020 1292 3261 1361 prmia.

1979 1498 2059 1555 De
2084 1497 2425 1555 convertenda
2455 1497 2525 1553 ad
2859 1403 3290 1568 lli-elimat!“
3309 1495 3557 1567 peccatis.

2057 1628 2077 1664 ι
2105 1611 2434 1668 Convertere
2458 1610 2525 1667 ad
2573 1611 2762 1679 Deum,
2794 1618 2850 1673 et
2877 1608 3123 1682 relinque
3153 1616 3378 1682 peccata
3421 1617 3556 1677 tua;

1987 1720 2010 1760 ι
2035 1718 2265 1777 precare
2316 1696 2443 1760 ante
2498 1702 2695 1760 faciem
2748 1702 2866 1770 Dei,
2911 1711 2968 1758 et
2993 1702 3177 1759 minue
3198 1701 3520 1759 offendicula
3540 1717 3557 1733 ·

1989 1811 2010 1847 ‹
2039 1803 2313 1861 revertere
2356 1793 2425 1850 ad
2479 1792 2792 1860 Dominum,
2820 1801 2876 1849 et
2903 1800 3146 1855 avertere
3180 1793 3250 1850 ab
3301 1790 3563 1864 iniustitia

1994 1893 2157 1966 «tua,
2209 1892 2265 1941 et
2318 1883 2481 1940 nimis
2513 1885 2661 1942 odito
2710 1884 3157 1951 exsecrationem,
3199 1892 3254 1940 et
3301 1898 3569 1957 cognosce

1994 1975 2324 2050 «justitiam,
2367 1983 2425 2045 et
2458 1973 2662 2045 judicra
2696 1974 2812 2049 Dei,
2840 1981 2895 2030 et
2930 1982 3013 2037 sta
3036 1973 3092 2042 in
3141 1981 3290 2039 sorte
3329 1973 3569 2045 proposi-

1992 2091 2012 2131 ι
2042 2072 2205 2131 tionis
2238 2080 2295 2128 et
2316 2070 2577 2131 orationis
2614 2070 2863 2127 altissimi
2903 2068 3018 2135 Dei.
3044 2088 3065 2121 ι
3097 2068 3390 2140 Postquam
3417 2068 3564 2124 enim

1988 2164 2254 2239 sapientia
2297 2162 2541 2221 narravit
2567 2160 2635 2217 de
2675 2160 2986 2223 conditione
3010 2159 3268 2227 hominis,
3297 2157 3569 2231 quomodo

1987 2257 2055 2313 ad
2092 2255 2382 2328 imaginem
2418 2253 2515 2312 Dei
2562 2253 2631 2321 ab
2664 2252 2821 2311 initio
2863 2259 3079 2308 creatus
3110 2258 3213 2318 est,
3258 2258 3315 2306 et
3360 2248 3572 2306 caeteris

1988 2345 2256 2403 creaturis
2300 2341 2647 2401 terrestribus
2682 2342 2889 2413 judicio
2913 2340 3010 2398 Dei
3063 2342 3269 2403 honore
3293 2338 3571 2414 praelatus,

1988 2454 2134 2497 nunc
2171 2440 2293 2511 pari
2339 2439 2499 2505 modo
2546 2432 2816 2505 hortatur,
2848 2442 2908 2491 ut
2950 2443 3075 2507 post
3106 2434 3317 2507 lapsum
3361 2430 3574 2505 peccati

1989 2544 2205 2585 rursum
2230 2534 2574 2585 convertatur
2600 2528 2670 2584 ad
2706 2524 2968 2583 factorem
3001 2540 3183 2592 suum,
3223 2531 3279 2581 et
3307 2521 3576 2595 relinquat

1988 2635 2253 2689 errorem,
2299 2634 2399 2692 per
2433 2634 2596 2691 quem
2640 2619 2989 2691 semetipsum
3016 2615 3289 2674 illudendo
3316 2613 3566 2685 decepit;

1989 2715 2308 2788 deprecetur
2334 2711 2621 2773 Dominum
2653 2710 2867 2766 assidue
2894 2724 2995 2785 pro
3028 2706 3413 2765 otl‘ensionibus
3437 2706 3575 2775 suis,

1990 2808 2154 2876 atque
2182 2812 2294 2860 tota
2318 2801 2485 2859 animi
2514 2800 2598 2869 sui
2628 2799 2926 2855 intentione
2948 2798 3018 2855 ad
3042 2798 3280 2855 divinam
3304 2794 3580 2870 confugiat

1988 2896 2266 2970 pietatem,
2320 2901 2538 2965 spernat
2590 2890 2971 2958 idololatriam,
3001 2904 3067 2946 ac
3108 2888 3386 2946 diabolica:
3408 2887 3580 2943 servi-

1990 2989 2124 3045 tutis
2159 2986 2450 3054 fallaciam,
2479 2992 2536 3041 et
2563 2984 2740 3040 discat
2782 2981 3162 3038 mandatorum
3192 2978 3286 3035 Dei
3331 2994 3579 3037 normam

1991 3081 2370 3146 rectissimam,
2402 3088 2463 3135 ut
2515 3078 2570 3133 in
2621 3083 2767 3133 sorte
2820 3065 3148 3142 sanctitatis,
3198 3087 3303 3145 qua
3354 3071 3580 3145 praeele.

1919 3198 1967 3271 ο
1995 3181 2115 3271 ctus
2141 3180 2245 3240 est,
2292 3178 2626 3241 permaneat,
2676 3175 2733 3223 et
2761 3166 2817 3221 in
2861 3163 3108 3223 laudibus
3134 3169 3446 3235 perseveret
3479 3161 3574 3216 Al-

1998 3263 2215 3321 tissimi.

2075 3375 2095 3408 t
2121 3356 2180 3412 In
2220 3362 2403 3427 partes
2426 3352 2565 3408 vade
2601 3350 2783 3409 saeculi
2813 3348 3008 3414 sancti,
3039 3362 3160 3403 cum
3204 3346 3344 3404 vivis
3369 3353 3426 3402 et
3449 3346 3583 3401 dan-

2004 3466 2024 3501 t
2052 3447 2195 3504 tibus
2238 3443 2637 3513 confessionem
2684 3441 2817 3497 Deo.
2839 3460 2859 3494 ι
2909 3438 3176 3495 Saeculum
3217 3444 3465 3494 sanctum
3501 3442 3587 3492 cst

1997 3541 2155 3613 quies
2197 3547 2415 3596 aeternae
2458 3535 2606 3603 vitae,
2634 3548 2755 3606 qua:
2781 3531 2909 3589 alibi
2938 3538 3277 3602 nuncupatur
3326 3526 3585 3585 saeculum

1996 3640 2278 3697 aeternum,
2309 3637 2367 3686 et
2390 3626 2645 3684 sarculum
2666 3624 2867 3692 saeculi,
2893 3639 2988 3680 seu
3018 3623 3215 3679 saecula
3242 3619 3584 3680 saeculorum.

2000 3722 2381 3783 Necessarium
2434 3733 2565 3790 ergo
2611 3727 2694 3774 est
2739 3716 3030 3787 unicuique
3071 3722 3133 3770 ut
3174 3715 3304 3770 dum
3357 3711 3491 3767 vivit
3532 3715 3590 3767 et

1997 3817 2275 3891 praevalet,
2304 3814 2486 3875 locum
2512 3811 2617 3870 sibi
2660 3818 2876 3873 aeterna:
2915 3806 3265 3865 beatitudinis
3293 3813 3441 3865 recte
3469 3817 3589 3859 cre-

2001 3909 2177 3965 dendo
2214 3915 2270 3963 et
2312 3905 2449 3962 bene
2487 3901 2761 3975 operando
2784 3907 3072 3972 praeparet,
3114 3898 3240 3967 quia
3272 3904 3397 3970 post
3422 3894 3586 3949 ﬁnem

2002 4000 2160 4057 istius
2186 3999 2311 4055 vitae
2345 4012 2454 4054 non
2482 4005 2568 4052 est
2610 4004 2823 4064 tempus
2863 3990 3217 4064 operationis,
3253 3996 3313 4045 ut
3362 3986 3591 4057 recipiat

2002 4094 2371 4165 unusquisque
2393 4098 2556 4163 prout
2582 4096 2707 4145 ante
2750 4086 2935 4157 gessit,
2964 4084 3077 4140 sive
3113 4083 3313 4139 bonum
3338 4080 3452 4136 sive
3476 4093 3591 4134 ma-

2003 4183 2134 4241 lum.
2165 4182 2317 4238 Unde
2342 4182 2456 4252 ipse
2477 4177 2738 4233 Dominus
2766 4175 2818 4229 in
2847 4171 3139 4243 Evangelio
3160 4170 3435 4225 auditores
3458 4180 3587 4224 suos

2006 4274 2304 4339 admonuit,
2364 4271 2585 4326 dicens:
2622 4288 2641 4319 ‹
2692 4265 2909 4322 Currite
2952 4264 3078 4318 dum
3108 4261 3291 4317 lumen
3317 4260 3441 4314 vitae
3490 4260 3590 4313 ha-

2005 4373 2169 4441 betis,
2194 4386 2265 4428 ne
2307 4368 2448 4426 forte
2494 4366 2732 4423 tenebrae
2776 4376 2874 4418 vos
2908 4356 3368 4430 comprehendant
3405 4351 3587 4425 (Joan.

2008 4462 2174 4536 xm.)
2221 4461 2290 4517 Et
2314 4462 2484 4518 item;
2525 4476 2544 4510 ι
2594 4452 2844 4527 Vigilate,
2891 4449 3108 4522 inquit,
3156 4445 3304 4503 omni
3349 4452 3594 4514 tempore

314 4542 618 4617 ιιιυιῖκυϋιιῗ
672 4542 970 4616 ιᾶυιυιῖυυθ
1022 4542 1136 4567 aura
1179 4542 1252 4615 Ill.
1284 4542 1440 4615 :JWIID
1477 4542 1799 4615 .IC?HMICIIl,
1852 4542 1909 4565 cu
1931 4555 1986 4619 D
2009 4560 2252 4620 orantes,
2278 4559 2340 4608 ιη
2878 4542 3069 4614 fugere
3240 4542 3444 4603 omnia,
3472 4550 3593 4605 qua

314 4612 542 4676 gratiam
566 4607 824 4659 νιτιιιῐιιηι
852 4619 907 4658 1n
946 4604 1087 4659 bene
1118 4611 1330 4661 meritis
1355 4610 1660 4659 cerﬂssrme
1689 4615 1910 4657 CODSCI“
1940 4622 1947 4627 '
2014 4644 2192 4676 “dum.
2223 4650 2343 4676 an“,
2391 4646 2444 4676 At
2467 4647 2610 4676 “om
2633 4643 2757 4676 an“,
2781 4634 2946 4676 “Hum
2976 4632 3208 4676 mmini“
3232 4628 3385 4676 (LM.
3409 4626 3546 4676 xx“.
3569 4644 3590 4676 .

2011 4644 2196 4703 futura
2222 4650 2370 4711 sunt,
2391 4646 2448 4696 et
2466 4647 2611 4697 stare
2632 4643 2759 4693 ante
2779 4634 2948 4691 lilium
2976 4632 3208 4690 hominis
3232 4628 3385 4703 (Luc.
3409 4626 3546 4698 xxx).
3569 4644 3590 4681 ι

2011 4736 2152 4803 Hinc
2179 4744 2235 4797 et
2260 4749 2357 4807 per
2376 4732 2599 4795 Paulum
2616 4731 2854 4790 dicitur:
2883 4747 2905 4781 (
2930 4727 3071 4801 Ergo
3097 4725 3227 4789 dum
3266 4730 3477 4792 tempus
3500 4720 3598 4779 ha-

2010 4830 2205 4889 bemus
2227 4840 2514 4898 operemur
2533 4824 2733 4881 bonum
2755 4819 2824 4877 ad
2851 4832 3043 4889 omnes
3060 4810 3261 4890 (Calai.
3284 4810 3380 4883 vr).
3406 4829 3426 4867 ι
3458 4808 3600 4867 Hinc

2011 4928 2071 4979 et
2094 4918 2450 4983 Ecclesiastes
2475 4915 2585 4971 ait:
2615 4933 2634 4965 ι
2687 4912 2748 4968 In
2788 4910 2877 4971 die
2921 4909 3065 4967 bona
3110 4903 3294 4963 fruere
3335 4899 3514 4965 bonis,
3538 4906 3593 4953 et

2011 5011 2155 5069 diem
2180 5008 2379 5077 malum
2402 5019 2648 5077 praecave
2674 5000 2872 5077 (Ecclc.
2894 4996 3059 5071 “1).;

2622 5111 2850 5171 CAPUT
2884 5108 2998 5167 Vl.

2144 5212 2270 5269 Non
2295 5228 2404 5268 esse
2426 5208 2803 5265 demorandum
2826 5206 2884 5259 in
2901 5202 3147 5258 societate
3171 5210 3473 5269 atumem.

2046 5326 2055 5335 '
2092 5347 2110 5380 ‹
2137 5326 2255 5383 Non
2283 5322 2584 5382 demoreris
2606 5321 2660 5376 in
2688 5331 2877 5374 errore
2912 5313 3243 5386 impiorum:
3282 5315 3409 5365 ante
3454 5319 3602 5363 mor-

2023 5438 2043 5471 ‹
2069 5426 2179 5475 tem
2210 5416 2487 5474 confitere.
2518 5412 2563 5467 Α
2585 5417 2798 5466 mortuo
2818 5407 2971 5478 quasi
2995 5404 3129 5461 nihil
3148 5402 3291 5474 perit
3306 5397 3603 5459 confessio.

2027 5533 2045 5566 ι
2072 5509 2425 5568 Conﬁteberis
2449 5507 2661 5569 vivens,
2694 5503 2849 5557 vivus
2873 5507 2927 5555 et
2965 5511 3130 5553 sanus
3153 5491 3515 5558 conﬁteberis,
3547 5496 3606 5545 et

2027 5602 2319 5659 «laudabis
2349 5600 2539 5663 Deum,
2592 5603 2646 5649 et
2700 5590 3016 5665 gloriaberis
3066 5589 3119 5643 in
3165 5579 3605 5642 miserationibus

2032 5719 2049 5748 ι
2080 5698 2243 5752 illius.
2270 5718 2289 5746 ι
2324 5690 2519 5746 Morari
2550 5689 2601 5743 in
2633 5700 2817 5743 errore
2856 5684 3163 5754 impiorum,
3197 5685 3340 5733 certe
3369 5681 3453 5728 est
3474 5683 3571 5739 per

2030 5793 2158 5848 ditio
2204 5787 2503 5849 hominum,
2542 5781 2663 5854 quia
2710 5788 2831 5852 post
2880 5778 3041 5832 linem
3083 5767 3364 5846 praesentis
3394 5763 3517 5835 vita:
3545 5759 3601 5826 in
