4030 6476
522 362 632 423 879

1157 363 1220 420 B.
1262 363 1516 422 RABANI
1552 363 1771 423 MAURI
1806 363 2124 423 ARCHIEP.
2166 366 2474 427 MOGUNT.
2517 368 2802 427 OPERUM
2842 369 3023 431 PARS
3058 373 3104 432 Ι.

518 475 748 536 nihilum
777 474 1119 550 deputabitur
1142 477 1322 535 omnis
1351 492 1546 550 pompa
1594 479 1838 533 humanm
1861 477 2045 550 gloria:
2071 494 2087 545 ;
2116 481 2170 544 Α
2193 494 2286 535 sor
2311 479 2543 548 Domini,
2570 482 2646 538 ita
2668 484 2889 542 dicens:
2919 505 2939 539 ι
2965 486 3069 555 Qui
3090 496 3215 559 post
3255 502 3345 547 me
3380 496 3645 547 venturus
3669 499 3770 556 est,

517 570 610 640 qui
637 577 818 627 autem
844 570 1078 643 spatium
1109 572 1395 643 praesentis
1421 571 1545 626 vita;
1573 570 1629 626 in
1669 570 1850 627 divina
1892 585 2092 625 consu-

518 661 619 718 mit
641 661 820 728 laude,
843 668 903 719 et
939 661 1088 733 justa
1136 663 1374 734 quandiu
1418 661 1618 719 vixerit
1662 677 1877 732 semper
1925 661 2092 725 instat

515 751 852 823 operatione,
877 752 969 809 hic
989 753 1332 824 postmodum
1374 752 1608 809 feliciter
1631 760 2013 808 remuneratus
2032 750 2089 806 in

512 850 717 900 aeterna
743 843 981 901 exsultat
1002 845 1354 902 beatitudine.
1382 844 1537 902 Unde
1563 844 1919 901 Ecclesiastes
1935 859 2090 902 more

512 950 615 993 suo
639 951 743 994 nos
764 936 1061 995 admonens
1084 936 1327 1003 instruit,
1366 951 1437 992 ne
1455 936 1746 1007 perdamus
1763 935 1934 991 otium
1959 949 2090 992 oon-

509 1026 651 1082 eessi
676 1027 972 1098 temporis;
998 1026 1097 1085 sed
1116 1026 1186 1083 ad
1209 1025 1496 1082 utilitatem
1526 1032 1770 1082 nostram
1796 1025 1925 1085 illud
1951 1041 2085 1083 con-

510 1127 806 1188 vertamus,
839 1120 916 1175 ita
943 1119 1129 1177 dicens
1153 1137 1167 1173 :
1200 1137 1221 1171 ι
1244 1117 1422 1174 Nemo
1445 1126 1531 1175 est
1556 1118 1649 1189 qui
1683 1130 1897 1189 semper
1917 1119 2084 1187 vivat,

496 1217 564 1265 et
596 1211 689 1281 qui
711 1209 873 1281 hujus
900 1210 980 1268 rei
996 1210 1194 1267 habeat
1211 1209 1483 1265 ﬁduciam.
1509 1208 1877 1279 Quodcunque
1908 1216 2087 1281 potest

506 1310 821 1365 manustua
843 1300 1046 1369 facere,
1076 1300 1343 1358 instanter
1370 1313 1620 1371 operare,
1647 1300 1775 1371 quia
1799 1315 1900 1356 nec
1925 1314 2082 1371 opus,

504 1406 607 1447 nec
641 1390 798 1458 ratio,
828 1406 930 1448 nec
969 1390 1241 1463 sapientia)
1268 1398 1431 1447 erunt
1456 1391 1600 1462 apud
1638 1389 1864 1460 inferos,
1892 1405 2000 1463 quo
2025 1397 2085 1446 tu

498 1495 762 1553 properas
796 1480 966 1555 (Eccl.
987 1479 1089 1554 ιχ).
1108 1501 1128 1535 ι

538 1642 541 1645 _
578 1587 597 1621 ι
630 1571 802 1640 Quam
827 1587 1023 1644 magna
1048 1569 1422 1628 misericordia
1450 1569 1547 1627 Dei
1588 1578 1644 1627 et
1685 1569 1994 1643 propitiatio
2014 1569 2082 1625 il-

506 1681 525 1714 ι
552 1662 656 1718 lius
679 1670 970 1719 converten
979 1663 1120 1720 tibus
1143 1663 1213 1719 ad
1235 1678 1314 1719 se.
1337 1682 1357 1717 ι
1389 1661 1502 1719 Soli
1522 1661 1600 1717 illi
1619 1662 1957 1718 dulcedinem
1983 1661 2085 1719 mi-

500 1753 812 1811 sericordiae
858 1753 956 1810 Dei
980 1764 1271 1821 noverunt,
1300 1753 1393 1825 qui
1424 1754 1494 1809 ad
1543 1752 1660 1824 ejus
1686 1753 1944 1824 pietatem
1969 1759 2085 1810 toto

2189 578 2313 626 ante
2343 588 2431 629 me
2458 572 2631 630 factus
2684 582 2789 644 est,
2837 578 2964 649 quia
2988 576 3140 649 prior
3163 594 3252 636 me
3275 590 3394 638 erat
3422 580 3639 655 (Ibid),
3667 602 3688 636 ι
3719 590 3772 639 ει

2188 660 2255 717 de
2275 661 2615 720 multitudine
2641 662 2757 734 ejus
2788 682 2889 725 nos
2937 684 3125 728 omnes
3163 673 3492 744 accepimus,
3542 674 3772 747 gratiam

2184 766 2286 823 pro
2311 753 2504 825 gratia,
2533 754 2661 826 quia
2705 755 2793 813 lex
2818 772 2917 830 per
2957 758 3176 833 Moysen
3204 765 3329 820 data
3354 772 3464 832 est,
3504 765 3688 837 gratia
3718 773 3776 823 et

2185 845 2387 902 veritas
2410 862 2508 919 per
2532 846 2716 905 lesum
2748 848 3024 908 Christum
3048 851 3190 910 facta
3213 862 3317 911 est.

2261 973 2281 1010 ι
2315 956 2453 1025 Quid
2485 956 2714 1015 lucidius
2740 958 2875 1029 sole,
2907 970 2963 1019 et
2989 962 3081 1020 hic
3104 964 3351 1033 deﬁciet;
3389 974 3485 1022 aut
3510 968 3647 1039 quid
3676 985 3775 1027 ne-

2190 1064 2211 1099 c
2239 1047 2403 1118 quius
2440 1063 2605 1119 quam
2651 1052 2795 1121 quod
2834 1053 3158 1126 excogitavit
3194 1071 3323 1114 caro
3349 1065 3405 1114 et
3429 1060 3680 1131 sanguis,
3720 1070 3776 1119 et

2189 1155 2210 1190 ι
2238 1138 2343 1195 hoc
2371 1150 2644 1223 arguatur.
2669 1161 2689 1196 ι
2720 1134 2972 1203 Ostendit
3015 1147 3160 1218 quod
3198 1150 3377 1209 omnis
3413 1153 3609 1209 mundi
3657 1170 3774 1212 ma-

2185 1229 2348 1286 china
2392 1234 2707 1304 temporalis
2741 1242 2799 1310 et
2836 1237 3149 1295 transitoria
3182 1248 3287 1309 est,
3321 1258 3425 1300 nec
3450 1243 3548 1301 lux
3572 1260 3772 1318 corpo-

2183 1319 2333 1389 ralis,
2360 1337 2481 1394 qua:
2524 1321 2792 1381 illuminat
2824 1336 3048 1397 terram,
3076 1340 3339 1404 perpetuo
3378 1335 3575 1392 eadem
3618 1353 3772 1395 man-

2184 1426 2313 1468 sura
2340 1420 2455 1480 est;
2506 1423 2710 1485 quanto
2752 1418 2927 1491 magis
2970 1422 3100 1477 vani
3142 1424 3432 1496 cogitatus,
3480 1443 3625 1499 quos
3660 1429 3773 1487 fra-

2184 1501 2644 1650 gilitaisihumana
2681 1509 2960 1581 exprimit,
2994 1510 3275 1573 instabiles
3303 1525 3431 1573 sunt
3456 1527 3515 1576 et
3542 1522 3770 1582 omnino

2284 1609 2303 1650 ι
2342 1610 2377 1649 ιι
2404 1635 2419 1650 .

2284 1609 2419 1650 ιαιιι.

2260 1704 2280 1738 ι
2310 1685 2580 1744 Virtutem
2617 1689 2918 1750 altitudinis
2942 1694 3065 1750 εωιί
3091 1695 3208 1768 ipse
3235 1700 3524 1771 conspicit,
3554 1710 3618 1759 et
3648 1718 3771 1761 om-

2191 1795 2212 1830 ι
2242 1792 2341 1834 nes
2368 1778 2616 1838 homines
2643 1789 2788 1841 terra
2819 1793 2875 1841 et
2900 1784 3059 1843 cinis.
3083 1806 3103 1841 ι
3145 1788 3204 1844 ln
3243 1790 3369 1847 coali
3405 1794 3633 1852 nomine
3658 1810 3774 1853 on:-

497 1844 660 1901 corde
681 1860 741 1901 se
761 1853 1104 1902 convertunt.
1132 1844 1288 1902 Unde
1311 1851 1366 1899 et
1391 1858 1490 1914 per
1514 1841 1804 1900 Jeremiam
1839 1843 2074 1901 dicitur:

2183 1867 2374 1927 testem
2423 1870 2672 1943 designat
2713 1882 3055 1944 creaturam,
3104 1877 3159 1933 in
3198 1877 3436 1938 heminis
3475 1897 3615 1940 vero
3661 1895 3774 1942 ter-

500 1955 520 1987 ι
548 1936 730 1993 Bonus
778 1943 865 1992 est
909 1936 1173 1993 Dominus
1226 1934 1568 2006 sperantibus
1596 1934 1653 1990 iu
1702 1949 1846 2004 eum,
1885 1934 2081 1992 anima:

492 2027 757 2100 quaerenti
779 2026 928 2084 illum
953 2026 1169 2099 (Thren.
1210 2028 1317 2099 ιιι).
1338 2047 1356 2081 ι
1402 2026 1539 2082 llinc
1559 2033 1616 2083 et
1654 2022 1937 2101 psalmista
1963 2028 2075 2084 ait:

499 2138 519 2172 ι
550 2119 727 2188 Quam
753 2134 949 2192 magna
990 2116 1278 2174 multitudo
1321 2115 1622 2174 dulcedinis
1660 2125 1791 2183 tute,
1829 2117 2077 2185 Domine,

489 2224 654 2283 quam
696 2209 1024 2267 abscondisti
1068 2207 1387 2265 timentibus
1429 2216 1484 2264 te
1516 2223 1533 2275 ;
1570 2206 1847 2280 perfecisti
1895 2217 2077 2265 autem

486 2318 607 2358 eam
643 2300 987 2374 sperantibus
1012 2299 1069 2359 in
1107 2306 1163 2357 te
1200 2299 1257 2356 in
1284 2306 1580 2372 conspectu
1620 2297 1855 2358 ﬁliorum
1895 2300 2075 2359 homi-

481 2397 616 2449 num
635 2391 809 2466 (Psal.
830 2391 984 2465 xxx).
1005 2411 1025 2445 ι

562 2503 582 2536 ‹
612 2483 725 2540 Νεε
748 2483 896 2539 enim
923 2481 1108 2539 omnia
1138 2489 1368 2553 possunt
1407 2496 1530 2541 esse
1557 2481 1614 2538 in
1639 2482 1913 2552 omnibus,
1940 2498 2077 2556 quo-

489 2594 511 2629 ι
539 2577 687 2631 niam
711 2589 819 2631 non
841 2581 927 2630 est
953 2572 1274 2631 immortalis
1299 2571 1443 2630 ﬁlius
1469 2572 1724 2642 hominis,
1760 2582 1818 2630 et
1842 2574 1900 2631 in
1922 2575 2076 2632 vani-

488 2685 510 2721 ι
532 2668 649 2724 tate
668 2665 895 2737 malitia:
919 2664 1258 2737 placuerunt.
1288 2683 1307 2719 ι
1350 2662 1472 2721 Non
1496 2674 1726 2738 possunt
1747 2680 1870 2724 esse
1893 2669 2075 2725 omnia

480 2762 539 2819 iu
557 2761 829 2830 omnibus,
860 2759 957 2817 sed
987 2758 1145 2830 juxta
1171 2759 1630 2831 dispensationem
1658 2760 1756 2817 Dei
1784 2760 2075 2830 unusquis-
2164 2808 2169 2815 .

481 2871 588 2927 que
608 2854 888 2927 proprium
932 2853 1100 2910 habet
1126 2854 1327 2909 donum
1370 2866 1437 2909 ex
1462 2853 1598 2922 Deo,
1640 2853 1782 2909 sicut
1804 2866 1903 2923 per
1928 2851 2070 2909 Pau-

480 2947 592 3002 lum
620 2946 819 3003 dicitur
841 2959 859 3001 :
883 2963 904 2999 ι
953 2943 1253 3016 Unicuique
1282 2952 1463 3001 autem
1507 2944 1669 3000 datur
1702 2942 2073 3001 manifestatio

478 3036 715 3110 Spiritus
759 3036 830 3093 ad
877 3035 1201 3093 utilitatem:
1264 3036 1356 3092 alii
1408 3035 1628 3108 quidem
1671 3050 1771 3108 per
1808 3034 2073 3107 Spiritum

476 3127 636 3184 datur
660 3143 839 3185 sermo
881 3127 1177 3200 sapientiae,
1230 3126 1327 3182 alii
1375 3136 1558 3183 autem
1612 3142 1794 3185 sermo
1832 3127 2071 3185 scientia:

476 3218 773 3274 secundum
801 3217 1050 3274 eumdem
1090 3216 1372 3288 Spiritum,
1419 3216 1575 3274 alteri
1615 3216 1753 3273 ﬁdes
1780 3217 1835 3273 in
1875 3218 2067 3275 eodem
2094 3222 2141 3288 ο

476 3308 704 3381 Spiritu,
735 3309 828 3365 alii
880 3310 1053 3384 gratia
1105 3308 1400 3365 sanitatum
1446 3308 1505 3363 in
1550 3323 1659 3364 uno
1698 3307 1926 3379 Spiritu,
1975 3308 2068 3364 alii

473 3404 718 3476 operatio
746 3404 1027 3470 virtutum,
1074 3402 1168 3458 alii
1209 3400 1514 3473 prophetia,
1544 3401 1637 3457 alii
1681 3401 1939 3458 discretio
1962 3402 2071 3474 spi-

472 3495 697 3564 rituum,
728 3494 819 3549 alii
845 3508 1043 3565 genera
1062 3493 1390 3564 linguarum,
1418 3491 1510 3547 alii
1536 3491 1911 3563 interpretatio
1948 3508 2067 3547 ser-

473 3603 717 3644 monum.
744 3585 872 3642 Haec
891 3592 1072 3640 autem
1095 3584 1279 3639 omnia
1300 3590 1559 3654 operatur
1578 3598 1720 3639 unus
1745 3590 1908 3654 atque
1927 3583 2070 3639 idem

470 3675 734 3747 Spiritus,
765 3674 1010 3730 dividens
1050 3673 1273 3745 singulis
1310 3681 1474 3745 prout
1500 3673 1618 3729 vult
1645 3672 1699 3746 (Ι
1731 3672 1855 3729 Cor.
1886 3673 2009 3746 xu).
2041 3692 2062 3729 ι

474 3766 631 3836 Quod
659 3773 841 3821 autem
868 3765 943 3821 ait
968 3782 982 3819 :
1011 3783 1030 3817 ι
1076 3762 1341 3832 Quoniam
1385 3779 1493 3820 non
1539 3771 1623 3821 est
1650 3763 1971 3820 immortalis
1999 3763 2066 3819 ﬁ-

473 3858 578 3913 lius
625 3854 882 3921 hominis,
929 3861 987 3910 et
1031 3854 1089 3911 in
1137 3854 1377 3910 vanitate
1406 3852 1629 3911 malitia:
1671 3853 2011 3924 placuerunt,
2041 3873 2061 3907 ι

472 3947 712 4005 ostendit
739 3946 870 4017 quid
912 3945 1109 4003 habeat
1142 3946 1306 4002 homo
1333 3962 1431 4017 per
1455 3953 1765 4016 corruptam
1792 3954 2066 4013 naturam,

472 4049 530 4097 et
558 4039 687 4110 quid
708 4040 903 4094 habeat
920 4053 1021 4109 per
1047 4038 1282 4095 divinam
1310 4038 1561 4110 gratiam.
1603 4038 1894 4109 Postquam
1921 4037 2068 4095 enim

473 4134 637 4188 homo
665 4146 763 4202 per
810 4130 1041 4186 liberum
1088 4130 1375 4185 arbitrium
1415 4129 1692 4202 peccando
1722 4138 1932 4185 naturae
1956 4143 2069 4186 suae

471 4225 674 4281 bonum
700 4223 963 4294 corrupit,
1005 4238 1278 4293 perversae
1306 4222 1598 4279 voluntatis
1631 4236 1743 4278 sua:
1764 4237 1862 4293 per
1898 4236 2067 4294 prava

471 4314 718 4385 exempla
746 4313 913 4369 multa
939 4313 1139 4369 iudicia
1166 4312 1417 4384 praebuit.
1468 4309 1623 4368 Unde
1656 4312 1918 4382 scriptum
1939 4320 2062 4369 est:

477 4428 495 4457 ι
526 4408 731 4462 Sensus
751 4406 899 4461 enim
924 4404 1148 4462 humani
1170 4404 1350 4461 cordis
1372 4405 1442 4460 ad
1458 4406 1723 4461 malitiam
1745 4422 1950 4477 pronus
1983 4413 2069 4462 est

472 4489 621 4544 οιιιιιί
652 4496 893 4556 tempore
941 4486 1010 4540 ab
1055 4484 1427 4541 adolescentia‘
1472 4500 1571 4540 sua
1604 4482 1757 4557 (Gen.
1781 4486 1923 4559 Vill).
1946 4506 1965 4540 ι
1998 4486 2068 4542 Ει

2181 1967 2444 2028 restrem;
2476 1969 2532 2017 et
2556 1963 2661 2019 hoc
2688 1964 3112 2022 ostendere‘vult
3133 1969 3278 2039 quod
3305 1970 3551 2029 ctelestis
3579 1983 3637 2029 et
3660 1984 3774 2032 ter-

2181 2054 2373 2112 restris
2399 2065 2650 2111 creatura
2690 2055 2809 2127 ejus
2844 2057 3127 2131 aequaliter
3167 2058 3382 2119 factura
3408 2073 3513 2121 est.
3540 2064 3775 2138 Mystiee

2166 2152 2361 2204 autem
2412 2150 2671 2206 virtutem
2721 2150 3024 2209 altitudinis
3084 2153 3212 2211 coeli
3266 2155 3411 2213 Deus
3465 2160 3771 2228 conspicit,

2178 2243 2394 2315 quando
2435 2243 2824 2314 perfectionem
2870 2254 3183 2303 sanctorum
3211 2250 3494 2320 probando
3520 2252 3774 2310 dinume-

2177 2341 2285 2388 rat.
2327 2331 2575 2390 Hominis
2620 2349 2751 2391 vero
2789 2334 3137 2407 fragilitatem
3183 2339 3540 2399 nihilominus
3578 2345 3771 2412 novit,
3828 2358 3839 2370 ’

2176 2435 2299 2477 cum
2331 2430 2675 2492 peecatorem
2692 2425 3035 2495 reprobando
3061 2427 3230 2484 vitam
3254 2427 3506 2502 despicit,
3531 2446 3770 2503 quorum

2175 2527 2341 2584 opera
2379 2514 2591 2585 pulveri
2632 2522 2690 2571 et
2729 2514 2904 2573 cineri
2930 2527 3334 2590 comparantur,
3363 2521 3494 2592 quia
3512 2524 3772 2580 examine

2172 2605 2391 2662 venturi
2420 2605 2614 2677 judicii
2640 2606 2864 2664 omnino
2892 2606 3320 2680 dissipabuntur,
3350 2619 3408 2670 et
3432 2612 3507 2670 ad
3531 2613 3769 2671 nihilum

2171 2697 2508 2778 redigentur.

2245 2800 2398 2871 (CAP.
2430 2800 2612 2873 xvm.)
2659 2816 2680 2853 ι
2706 2799 2809 2870 Qui
2850 2801 2986 2858 vivit
3010 2800 3069 2857 in
3095 2808 3382 2872 aeternum,
3411 2804 3626 2862 creavit
3648 2822 3770 2863 om-

2169 2892 2265 2949 nia
2293 2892 2473 2949 simul.
2498 2911 2518 2946 ι
2562 2891 2768 2948 Rerum
2808 2893 3008 2965 quippe
3041 2894 3349 2953 substantia
3387 2895 3551 2953 simul
3575 2908 3770 2955 creata

2172 2993 2276 3053 est,
2310 2984 2408 3041 sed
2432 2983 2594 3042 simul
2620 2999 2721 3056 per
2743 2984 2955 3056 species
2984 2984 3223 3043 formata
3248 3001 3359 3044 non
3384 2996 3493 3056 est,
3526 2997 3589 3046 et
3620 2991 3770 3060 quod

2170 3076 2333 3134 simul
2368 3077 2576 3134 exstitit
2601 3091 2702 3148 per
2729 3076 3091 3139 substantiam
3135 3078 3404 3147 materiae,
3451 3095 3567 3136 non
3602 3081 3770 3139 simul

2174 3175 2425 3247 apparuit
2455 3188 2554 3247 per
2596 3173 2833 3245 speciem
2880 3173 3090 3231 formae.
3134 3174 3271 3231 Cum
3303 3175 3454 3233 enim
3485 3176 3659 3233 simul
3683 3176 3771 3234 fa-

2172 3277 2321 3325 ctum
2348 3267 2548 3325 coelum
2589 3275 2840 3337 terraque
2887 3265 3232 3335 describitur,
3280 3265 3444 3323 simul
3496 3267 3770 3339 spiritalia

2172 3367 2337 3429 atque
2374 3357 2702 3430 corporalia,
2751 3356 2914 3413 simul
2959 3356 3223 3429 quidquid
3269 3355 3339 3413 de
3378 3355 3522 3414 ctelo
3563 3358 3768 3425 oritur,

2174 3450 2339 3507 simul
2374 3449 2581 3506 factum
2613 3448 2875 3520 quidquid
2911 3448 2980 3506 de
3011 3458 3155 3506 terra
3181 3448 3521 3521 producitur,
3553 3451 3769 3508 indica-

2174 3552 2286 3597 tur.
2338 3540 2448 3598 Sed
2497 3542 2641 3597 hanc
2688 3540 2876 3612 utique
2925 3541 3265 3598 creationem
3330 3541 3582 3598 materiae
3641 3552 3772 3599 ante

2170 3647 2391 3690 omnem
2419 3632 2563 3688 diem
2604 3631 2768 3704 hujus
2805 3630 2988 3688 saeculi
3027 3630 3187 3699 fecit,
3229 3645 3355 3687 cum
3399 3631 3456 3687 in
3493 3631 3771 3704 principio

2168 3725 2369 3783 caelum
2392 3722 2601 3780 creavit
2618 3729 2677 3779 et
2706 3729 2927 3788 terram,
2962 3722 3179 3793 quando
3203 3722 3309 3779 etsi
3335 3730 3485 3779 terra
3512 3733 3639 3779 erat
3658 3725 3771 3781 ina-

2168 3815 2256 3874 nis
2288 3821 2345 3871 et
2385 3828 2589 3879 vacua,
2630 3822 2686 3868 et
2720 3811 2957 3868 tenebrae
2997 3828 3161 3885 super
3189 3814 3467 3885 abyssum,
3523 3814 3582 3871 iu
3633 3816 3771 3887 ipsis

2170 3917 2352 3966 tamen
2381 3917 2541 3965 terrae
2566 3917 2624 3964 et
2654 3906 2856 3980 abyssi,
2882 3906 2938 3963 id
2962 3915 3068 3975 est,
3096 3892 3361 3980 aquarum
3383 3918 3582 3966 natura
3606 3913 3769 3982 quasi

2167 4016 2266 4072 per
2294 4000 2654 4057 substantiam
2677 3998 3001 4056 seminalem
3035 3998 3197 4056 simul
3232 4000 3455 4057 condita
3491 4000 3764 4072 latebant,

2168 4109 2290 4165 qua:
2313 4092 2658 4165 postmodum
2678 4106 2747 4149 ex
2766 4091 2928 4164 hujus
2947 4091 3433 4165 operejconditoris
3462 4110 3576 4152 non
3598 4096 3767 4154 simul

2167 4192 2326 4242 erant
2350 4182 2716 4255 producenda.

2243 4313 2265 4349 ι
2299 4295 2445 4352 Deus
2469 4294 2618 4352 solus
2637 4294 3049 4367 justiﬁcabitur,
3090 4304 3150 4353 et
3180 4306 3366 4354 manet
3391 4299 3632 4357 invictus
3666 4317 3766 4360 rex

2173 4405 2193 4441 t
2227 4387 2285 4443 in
2308 4394 2593 4443 aeternum.
2626 4405 2646 4441 ι
2689 4385 2831 4454 Quid
2870 4397 2957 4443 est
3000 4388 3146 4459 quod
3185 4390 3330 4448 Deus
3375 4391 3529 4449 solus
3555 4394 3766 4465 justiﬁ-

2166 4476 2281 4534 cari
2327 4478 2547 4545 dicitur,
2593 4493 2720 4534 cum
2759 4493 2903 4550 stepe
2929 4479 2986 4536 in
3016 4479 3314 4553 Scripturis
3343 4482 3600 4557 leguntur
3620 4486 3761 4557 justi

474 4579 530 4633 in
565 4576 761 4633 Genesi
788 4575 1020 4645 legitur:
1053 4594 1072 4626 ι
1108 4573 1310 4630 Videns
1331 4582 1512 4631 autem
1539 4574 1702 4644 Deus,
1735 4577 1880 4649 quod
1898 4576 2067 4634 multa
2090 4583 2147 4646 1)
2171 4567 2440 4635 homines,
2464 4566 2560 4638 qui
2579 4565 2728 4638 juste
2746 4567 2992 4627 viventes
3015 4570 3232 4627 laudem
3261 4583 3581 4631 meruerunt
3597 4575 3763 4646 justi-

472 4667 677 4724 malitia
711 4666 993 4722 hominum
1020 4673 1167 4722 esset
1195 4665 1249 4720 in
1278 4674 1444 4735 terra,
1488 4675 1544 4724 et
1570 4677 1768 4725 cuncta
1807 4668 2065 4741 cogitatio

470 4758 651 4815 cordis
674 4756 881 4814 intenta
910 4764 1054 4813 esset
1088 4753 1156 4811 ad
1180 4755 1382 4812 malum
1408 4757 1557 4814 omni
1601 4765 1865 4829 tempore,
1890 4757 2069 4830 pani-

472 4852 578 4907 tuit
596 4866 745 4919 eum,
777 4847 921 4921 quod
947 4848 1222 4905 hominem
1246 4847 1467 4906 fecisset
1492 4849 1716 4905 interra
1743 4848 1899 4923 (Gen.
1923 4848 2057 4922 vx)»

470 4942 542 5001 Et
565 4943 734 4998 item:
766 4959 786 4993 ι
831 4939 1097 5012 Cumque,
1142 4940 1338 5013 inquit,
1385 4939 1610 4997 vidisset
1661 4941 1807 4998 Deus
1858 4948 2063 4997 terram

470 5049 593 5092 esse
618 5041 930 5105 corruptam
953 5032 1153 5106 (omnis
1183 5033 1380 5104 quippe
1420 5048 1552 5091 caro
1573 5042 1894 5105 corruperat
1919 5033 2063 5090 viam

418 5188 425 5191 _
472 5139 630 5184 suam
675 5137 838 5194 super
879 5121 1104 5194 terram)
1150 5122 1287 5178 dixit
1316 5122 1383 5177 ad
1432 5120 1586 5180 Noe:
1617 5121 1770 5180 Finis
1796 5122 2065 5180 universa:

474 5217 658 5277 carnis
679 5216 829 5272 venit
854 5229 1041 5272 coram
1077 5229 1210 5281 me;
1247 5213 1452 5286 repleta
1475 5224 1560 5272 est
1601 5222 1747 5273 terra
1780 5214 2067 5287 iniquitate

472 5322 509 5366 ι
552 5306 693 5364 facie
736 5321 946 5374 eorum,
993 5315 1049 5362 et
1098 5318 1200 5379 ego
1250 5306 1558 5378 disperdam
1603 5320 1700 5363 eos
1743 5321 1869 5363 cum
1916 5314 2064 5363 terra

473 5396 634 5473 (Gen.
655 5396 753 5473 vi).
778 5417 798 5452 ι
834 5397 942 5455 Sed
966 5406 1253 5471 postquam
1296 5398 1431 5470 ipse,
1481 5400 1576 5470 qui
1617 5398 1895 5456 hominem
1930 5414 2061 5456 con-

472 5489 633 5553 didit,
670 5488 812 5546 inter
848 5488 1099 5547 homines
1131 5487 1406 5544 incarnari
1450 5487 1640 5556 voluit,
1675 5506 1697 5541 ι
1725 5498 1782 5546 ει
1823 5489 2060 5547 Verbum

471 5598 608 5642 caro
630 5581 835 5641 factum
880 5580 1143 5638 habitavit
1169 5581 1224 5637 in
1253 5581 1431 5649 nobis,
1463 5600 1483 5634 ι
1529 5580 1663 5640 dicit
1690 5584 1759 5641 de
1780 5598 1847 5641 eo
1891 5598 2060 5640 evan-

476 5675 669 5747 gelista
719 5673 954 5732 Joannes
979 5689 994 5728 :
1022 5689 1043 5724 ι
1079 5670 1319 5730 Vidimus
1367 5673 1597 5744 gloriam
1642 5674 1778 5746 ejus,
1836 5673 2065 5747 gloriam

476 5766 635 5838 quasi
684 5764 946 5836 unigeniti
991 5779 1023 5819 a
1052 5762 1233 5831 Patre,
1261 5763 1480 5835 plenum
1520 5766 1708 5835 gratia:
1731 5772 1788 5822 et
1823 5764 2068 5822 veritatis

479 5857 662 5934 (Joan.
689 5860 750 5931 ιδ.
774 5879 793 5911 ι
828 5857 902 5915 Dc
940 5872 1047 5932 quo
1072 5866 1130 5913 et
1161 5855 1313 5929 paria
1355 5855 1523 5917 sensit
1558 5854 1792 5915 Joannes
1835 5874 2068 5930 praecur-

2169 4659 2282 4727 tiae,
2306 4658 2404 4715 sed
2424 4657 2515 4715 ille
2535 4659 2687 4716 solus
2713 4667 2800 4716 est
2816 4657 3018 4730 justus,
3057 4661 3201 4718 sicut
3224 4670 3281 4721 et
3302 4663 3503 4734 bonus,
3530 4682 3634 4739 per
3655 4685 3760 4725 na-

2150 4742 2372 4820 turam,
2420 4752 2605 4809 caeteri
2642 4760 2826 4809 autem
2868 4767 2969 4825 per
3002 4754 3256 4827 gratiam.
3296 4753 3454 4813 Unde
3487 4758 3758 4831 scriptum

2169 4846 2338 4904 estin
2361 4846 2613 4919 psalmo:
2644 4865 2663 4900 ι
2692 4846 2812 4904 Non
2834 4847 3222 4920 justiﬁcabitur
3248 4849 3306 4906 in
3335 4861 3638 4924 conspectu
3664 4863 3759 4910 tuo

2165 4936 2345 4993 omnis
2393 4935 2581 4993 vivens
2625 4935 2802 5010 (Paul.
2828 4937 3017 5011 exui).
3038 4959 3060 4993 ι
3104 4938 3172 4994 Ει
3197 4939 3255 4996 in
3278 4938 3420 4997 Job:
3452 4959 3474 4994 ι
3498 4940 3758 5015 Nunquid

2161 5027 2453 5100 iustiﬁcari
2491 5034 2675 5098 potest
2709 5028 2874 5086 homo
2914 5039 3261 5103 comparatus
3299 5032 3436 5101 Deo,
3465 5042 3564 5090 aut
3586 5050 3758 5107 appa-

2165 5134 2288 5177 rere
2336 5120 2570 5178 mundus
2607 5128 2768 5178 natus
2819 5121 2890 5179 de
2935 5123 3196 5181 muliere?
3240 5124 3381 5182 Ecce
3427 5126 3598 5184 etiam
3643 5142 3754 5184 non

2165 5212 2414 5284 splendet
2439 5212 2588 5282 luna,
2629 5220 2686 5269 et
2711 5211 2882 5270 stella:
2920 5228 3030 5272 non
3079 5223 3208 5272 sunt
3252 5214 3470 5273 mundae
3508 5217 3571 5275 in
3613 5231 3751 5275 con-

2163 5312 2353 5376 spectu
2390 5301 2530 5374 ejus,
2572 5311 2777 5375 quanto
2804 5303 2978 5376 magis
3013 5305 3178 5362 homo
3210 5306 3462 5378 putredo,
3504 5314 3565 5364 et
3606 5306 3753 5365 ﬁlius

2162 5396 2398 5454 hominis
2424 5394 2626 5453 vermis
2648 5393 2791 5468 (Job.
2820 5409 2896 5464 1v,
2924 5393 3077 5468 xxv).
3099 5416 3119 5450 ι
3147 5394 3232 5453 Ad
3270 5397 3571 5455 bonitatem
3618 5414 3751 5472 ergo

2164 5494 2218 5544 et
2247 5485 2518 5559 justitiam
2546 5485 2643 5541 Dei
2675 5498 2986 5558 comparata
3030 5488 3246 5546 bonitas
3283 5488 3371 5547 vel
3399 5488 3618 5560 justitia
3652 5506 3752 5547 an-

2166 5580 2271 5653 geli
2290 5581 2407 5637 sive
2427 5580 2682 5649 hominis,
2701 5579 2816 5650 jam
2837 5598 2947 5640 non
2972 5583 3189 5641 bonitas
3212 5594 3378 5658 atque
3390 5583 3607 5656 justitia
3625 5598 3751 5640 esse

2166 5669 2401 5738 videtur,
2429 5669 2556 5741 quia
2583 5668 2867 5741 majestate
2909 5673 3252 5744 sempiterna:
3286 5673 3548 5732 bonitatis
3584 5680 3750 5743 atque

2163 5758 2389 5830 justitia:
2430 5759 2881 5819 inaestimabiliter
2924 5773 3227 5834 superatur.
3260 5764 3417 5822 Unde
3441 5765 3560 5839 ipsa
3592 5762 3748 5820 Veri-

2174 5864 2258 5920 tas
2284 5853 2339 5909 in
2368 5852 2663 5927 Evangelia
2692 5854 2762 5913 ad
2785 5869 2934 5925 eum,
2971 5857 3065 5929 qui
3090 5871 3151 5917 se
3177 5858 3501 5941 magistrum
3534 5855 3741 5923 bonum
