4030 6470
288 410 388 476 881

1134 414 1486 475 COMMENT.
1526 414 1594 472 IN
1634 411 2247 474 ECCLESIASTICUM.
2281 443 2352 455 —
2383 412 2511 471 LIB.
2552 414 2638 473 IV.

288 521 605 594 appellavit,
650 522 926 595 respondit
971 542 986 582 :
1043 526 1224 596 «Quid
1271 543 1360 585 me
1414 527 1549 585 dicis
1603 526 1927 588 bonum?A
1951 523 2109 580 vellet
2134 539 2394 595 quaerere,
2435 539 2532 580 cur
2573 521 2738 595 Moysi
2770 523 2842 579 ita
2885 520 3135 595 loquatur
3163 523 3305 580 Deus
3346 540 3367 579 r
3394 525 3528 594 Quis

285 613 455 670 Nemo
499 613 697 682 bonus,
729 614 834 672 nisi
865 615 1012 672 solus
1036 617 1178 675 Deus
1203 618 1397 690 (Marc.
1423 620 1480 692 χ)
1503 640 1522 674 ι
1555 637 1568 674 :
1595 619 1854 689 quoniam

285 707 353 761 ad
393 707 567 777 ipsum
609 721 770 763 omne
802 706 1002 763 bonum
1026 707 1365 766 referendum
1389 717 1492 766 est.
1525 727 1544 760 ι
1564 708 1735 766 Omne
1759 708 1852 764 da-

283 803 398 851 tum
425 797 690 868 optimum
727 805 784 855 et
808 813 969 855 omne
1016 799 1214 856 donum
1241 799 1539 871 perfectum
1572 800 1854 857 desursum

281 895 386 952 est,
433 887 766 945 descendens
809 902 843 944 a
879 886 1041 945 Patre
1078 889 1340 946 luminum
1375 890 1581 963 (Iacob.
1611 880 1676 962 ἰ),
1697 911 1716 944 ι
1763 890 1854 948 hic

279 986 465 1035 manet
509 979 742 1036 invictus
781 994 880 1037 rex
905 979 960 1037 in
987 987 1271 1049 aeternum,
1312 983 1437 1054 quia
1462 980 1580 1052 ejus
1611 980 1851 1052 potentia

278 1069 461 1124 omnia
504 1069 706 1138 vincit,
749 1071 930 1128 omnia
971 1081 1228 1143 superat:
1260 1074 1347 1129 cui
1394 1089 1554 1131 nemo
1595 1073 1852 1132 resistere

276 1171 476 1230 potest,
517 1163 615 1220 sed
654 1164 909 1221 universa
943 1165 1000 1221 in
1033 1166 1307 1222 voluntate
1331 1164 1448 1236 ejus
1472 1175 1598 1223 sunt
1631 1166 1847 1238 posita;

277 1263 604 1328 quapropter
661 1265 932 1314 scrutator
981 1266 1036 1314 et
1090 1259 1482 1331 contemplator
1531 1261 1637 1317 iste
1684 1260 1852 1317 mira-

275 1345 462 1401 bilium
515 1346 609 1402 Dei
649 1349 1054 1419 obstupesceus,
1087 1351 1263 1405 adhuc
1294 1351 1584 1422 subjungit,
1621 1351 1848 1408 dicens:

354 1455 372 1487 ι
405 1437 538 1504 Quis
583 1437 777 1495 sullicit
818 1453 1078 1497 enarrare
1123 1456 1289 1512 opera
1317 1442 1496 1498 illius?
1533 1441 1666 1510 Quis
1699 1443 1846 1499 enim

281 1545 301 1578 ι
338 1528 678 1601 investigarit
715 1531 979 1602 magnalia
1018 1531 1173 1603 ejus?
1207 1532 1474 1589 Virtutem
1511 1542 1688 1589 autem
1731 1549 1848 1588 ma-

278 1637 299 1672 r
336 1621 631 1691 gnitudinis
670 1619 787 1690 ejus
824 1622 947 1693 quis
991 1622 1337 1680 enuntiabit?
1377 1625 1446 1680 Et
1474 1625 1596 1696 quis
1631 1623 1847 1694 adjiciet

277 1733 296 1766 ι
335 1729 592 1771 enarrare
636 1714 1063 1771 misericordiam
1109 1715 1266 1788 ejus?
1292 1735 1312 1769 ι
1353 1716 1499 1773 lneo
1526 1717 1670 1773 enim
1700 1718 1845 1789 quod

271 1804 423 1872 dicit,
468 1805 590 1876 quis
623 1804 839 1872 sufficit,
879 1819 975 1862 seu
1015 1807 1137 1878 quis
1180 1807 1545 1880 investigavit,
1591 1809 1679 1866 vel
1719 1811 1843 1880 quis

1955 615 2083 672 fecit
2109 626 2314 672 mutum
2333 624 2388 671 et
2407 615 2648 682 surdum,
2671 615 2941 671 videntem
2970 624 3025 672 et
3048 630 3248 672 caecum
3265 657 3282 684 ,
3310 634 3331 670 ι
3348 633 3528 674 nonne

1954 723 2052 780 ego
2080 707 2335 763 Dominus
2372 708 2547 763 Deus?
2568 727 2585 758 ι
2619 715 2675 762 et
2706 707 2870 775 dicat,
2897 707 3009 762 Cur
3035 723 3210 765 caecus
3247 717 3303 766 et
3331 711 3528 768 surdus

1953 807 2008 855 et
2028 807 2206 855 mutus
2222 799 2296 854 ita
2315 798 2484 854 creati
2506 799 2664 854 sunt?
2684 805 2947 854 etcaetera
2963 799 3048 854 his
3067 799 3288 868 similia,
3311 795 3526 857 sumen-

1951 890 2078 947 dum
2107 889 2201 964 est]
2218 891 2274 946 in
2298 890 2402 947 hoc
2427 889 2546 946 loco
2571 889 2935 946 testimonium
2965 890 3032 946 de
3061 891 3292 963 septimo
3315 893 3525 951 decimo

1948 981 2180 1053 psalmo,
2211 980 2268 1036 in
2292 980 2437 1052 quod
2480 980 2548 1035 ad
2590 979 2877 1035 Dominum
2916 978 3150 1036 dicitur:
3179 980 3358 1037 «Cum
3399 996 3526 1037 san-

1949 1082 2038 1131 cto
2079 1082 2299 1130 sanctus
2333 1073 2462 1140 eris,
2490 1081 2696 1128 etcum
2743 1087 3002 1142 perverso
3045 1072 3397 1141 subverteris,
3421 1093 3439 1126 ι
3473 1081 3530 1129 et

1949 1164 2236 1221 dicendum
2263 1172 2364 1230 est,
2396 1169 2645 1219 sanctum
2678 1160 2850 1216 Deum
2889 1173 3008 1217 esse
3035 1175 3158 1216 cum
3186 1176 3251 1217 eo
3284 1162 3376 1232 qui
3404 1177 3529 1217 san-

1948 1264 2068 1313 ctus
2090 1265 2193 1323 est,
2216 1264 2272 1312 et
2293 1255 2534 1326 perverti
2559 1253 2701 1326 apud
2726 1267 2849 1309 eum
2869 1252 2963 1324 qui
2984 1266 3083 1309 sua
3105 1251 3378 1308 voluntate
3403 1260 3528 1307 ante

1945 1363 2235 1421 perversus
2260 1347 2427 1404 fuerit

2023 1458 2041 1492 ‹
2064 1438 2199 1496 Cum
2218 1438 2678 1496 consummaverit
2697 1440 2881 1506 homo,
2901 1447 3031 1496 tunc
3055 1435 3307 1508 incipiet;
3331 1443 3526 1491 etcum

1951 1549 1972 1584 ‹
2005 1531 2289 1601 quieverit,
2317 1531 2648 1602 operabitur.
2671 1550 2690 1583 ι
2739 1530 2964 1598 Quando
2997 1529 3141 1584 enim
3173 1528 3334 1582 homo
3372 1541 3526 1581 man-

1945 1620 2069 1677 data
2108 1619 2203 1676 Dei
2237 1620 2329 1690 pia
2363 1619 2824 1677 consummaverit
2865 1618 3202 1690 Operatione,
3245 1624 3376 1670 tunc
3411 1613 3526 1684 jam

1945 1711 2180 1767 ostendit
2215 1726 2275 1766 se
2312 1727 2494 1766 rerum
2524 1712 2808 1767 latentium
2843 1710 3101 1784 mysteria
3131 1709 3289 1776 scire,
3322 1717 3376 1764 ct
3405 1723 3528 1764 cum

1947 1816 2007 1857 se
2032 1800 2100 1856 ab
2142 1801 2394 1857 omnibus
2435 1801 2718 1856 mundanis
2762 1801 2910 1858 curis
2950 1801 3192 1871 quietum
3239 1799 3531 1856 reddiderit

270 1898 589 1966 enuntiavit,
638 1898 874 1955 ostendit
918 1899 1191 1956 neminem
1215 1917 1313 1973 per
1339 1902 1688 1974 semetipsum
1722 1903 1832 1960 ido-
1864 1889 1912 1952 Β
1939 1893 2008 1948 ad
2045 1892 2420 1964 complendam
2463 1893 2751 1948 veritatem
2795 1892 2915 1959 Dei,
2960 1901 3017 1947 et
3050 1891 3315 1963 justitiam
3344 1890 3530 1945 volun-

270 2005 432 2045 neum
457 2005 577 2047 esse
599 1999 886 2063 penetrare
916 1990 1338 2061 profunditatem
1365 1993 1575 2049 consilii
1603 1993 1721 2061 Dei,
1753 2002 1848 2050 aut

271 2081 692 2151 magnitudinem
715 2081 931 2137 virtutis
969 2080 1084 2152 ejus
1127 2082 1266 2139 scire
1305 2099 1462 2155 posse
1505 2099 1604 2155 per
1640 2083 1846 2153 omnia,

271 2173 356 2228 vel
386 2187 660 2240 enarrare,
707 2172 803 2229 sed
843 2181 1051 2229 tantum
1076 2190 1346 2246 quemque
1380 2190 1559 2241 nosse,
1585 2183 1846 2247 quantum

267 2263 358 2318 ille
407 2263 633 2320 voluerit
673 2264 724 2319 ei
765 2264 1043 2333 revelare,
1093 2266 1178 2323 vel
1217 2281 1316 2323 suo
1343 2268 1485 2324 dono
1513 2267 1848 2324 concesserit

268 2371 390 2411 eum
433 2371 590 2428 posse
631 2357 813 2430 lingua
845 2359 1112 2430 proferre.
1160 2360 1315 2418 Unde
1361 2361 1479 2432 ipsa
1525 2360 1741 2417 Veritas
1788 2359 1845 2417 in

269 2448 561 2520 Evangelia
591 2450 710 2504 ait:
745 2468 764 2502 α
811 2449 981 2508 Nemo
1022 2453 1173 2509 novit
1223 2452 1440 2521 Filium,
1491 2453 1596 2510 nisi
1650 2454 1841 2522 Pater;

266 2553 441 2610 neque
467 2538 684 2596 Patrem
723 2541 845 2611 quis
896 2542 1066 2609 novit,
1106 2543 1210 2599 nisi
1237 2543 1428 2611 Filius,
1458 2552 1515 2600 et
1560 2544 1647 2600 cui
1675 2543 1846 2602 Filius

265 2627 500 2686 voluerit
542 2629 808 2687 revelare-
841 2631 994 2704 (Luc.
1017 2633 1138 2706 x).r
1183 2633 1355 2702 Quam
1405 2635 1726 2692 sententiam
1770 2635 1845 2691 ita

268 2728 480 2789 oportet
506 2729 566 2776 ut
601 2721 986 2796 intelligamus,
1017 2733 1073 2782 et
1096 2725 1312 2782 Patrem
1341 2733 1396 2783 e‘t
1443 2727 1620 2799 ipsum
1647 2726 1844 2783 Filium

266 2824 364 2881 per
391 2811 588 2868 Filium
613 2815 770 2870 nobis
795 2816 1044 2884 revelari,
1086 2818 1213 2888 quia
1255 2818 1370 2889 ipse
1403 2827 1488 2874 est
1510 2818 1709 2874 mentis
1747 2832 1846 2874 no-

268 2912 396 2960 stra:
441 2905 662 2973 lumen;
704 2907 883 2965 Verbo
923 2911 1067 2967 enim
1112 2927 1211 2968 suo
1254 2925 1314 2967 se
1357 2910 1521 2968 Pater
1561 2913 1842 2982 declarat;

270 2999 504 3058 Verbum
530 3010 712 3058 autem
742 3021 851 3061 non
887 3005 1062 3061 solum
1093 3005 1166 3072 id,
1193 3007 1338 3077 quod
1364 3020 1461 3077 per
1485 3007 1722 3062 Verbum
1751 3008 1844 3063 de-

265 3089 526 3161 claratur,
554 3094 650 3149 sed
670 3095 835 3151 etiam
857 3096 1091 3168 seipsum
1114 3098 1371 3153 declarat.
1403 3098 1702 3155 Erubescat
1743 3099 1846 3154 Eu-

266 3183 477 3238 nomius
507 3191 706 3240 tantam
735 3185 839 3242 sibi
862 3187 1112 3242 notitiam
1133 3187 1313 3243 Patris
1335 3195 1393 3242 et
1417 3187 1564 3255 Filii,
1586 3197 1844 3258 quantam

1947 1983 2076 2039 tatis
2103 1983 2240 2054 ejus,
2273 1992 2403 2039 tunc
2428 1982 2652 2054 incipiet
2690 1997 2826 2054 opus
2870 1982 2968 2038 Dei
3007 1982 3258 2053 operari,
3289 1982 3391 2036 hoc
3421 1987 3528 2045 est,

1945 2086 2090 2129 sanae
2130 2071 2255 2128 ﬁdei
2295 2072 2538 2144 regulam
2583 2087 2824 2129 servare.
2875 2071 3027 2128 Unde
3070 2073 3186 2144 ipsa
3230 2070 3445 2128 Veritas
3474 2072 3532 2126 in

1945 2163 2239 2237 Evangelio
2262 2165 2340 2220 ait
2365 2184 2378 2220 :
2408 2183 2427 2217 ι
2458 2165 2768 2237 Operamini
2795 2180 2900 2221 non
2923 2166 3102 2223 cibum
3129 2165 3223 2236 qui
3248 2165 3408 2236 perit,
3434 2163 3530 2221 sed
3621 2231 3628 2239 '

1944 2257 2038 2328 qui
2094 2265 2378 2327 permanet
2432 2257 2488 2312 in
2543 2257 2711 2313 vitam
2765 2264 3025 2312 aeternam
3089 2255 3288 2329 (Ιοαη.
3338 2256 3460 2328 vt).
3502 2276 3521 2310 ι

1945 2347 2417 2420 Respondentibus
2440 2357 2620 2405 autem
2643 2346 2818 2405 turbis
2838 2357 2894 2406 et
2920 2349 3380 2420 interrogantibus
3403 2364 3529 2404 eum

1944 2443 2217 2514 quomodo
2245 2459 2411 2514 opera
2439 2443 2535 2500 Dei
2558 2452 2784 2516 possent
2809 2443 3049 2514 operari,
3091 2443 3208 2497 ait:
3258 2462 3276 2495 ε
3307 2441 3420 2497 Hoc
3447 2448 3531 2497 cst

1944 2549 2080 2606 opus
2101 2534 2218 2602 Dei,
2241 2545 2302 2590 ut
2325 2535 2562 2591 credatis
2583 2534 2639 2590 in
2658 2549 2783 2590 eum
2811 2549 2971 2604 quem
2997 2533 3145 2589 misit
3167 2531 3256 2589 ille
3281 2530 3524 2604 (Ibid.).r

1943 2625 2038 2681 lllc
2062 2627 2207 2683 enim
2229 2635 2379 2682 recte
2401 2625 2593 2694 credit,
2619 2625 2711 2697 qui
2736 2625 2838 2680 ritc
2865 2623 3118 2680 inandata
3143 2623 3237 2680 Dei
3261 2621 3528 2688 custodit;

1947 2717 2038 2788 qui
2076 2727 2256 2774 autem
2309 2717 2442 2775 uicit
2489 2731 2550 2774 se
2598 2733 2758 2774 nosse
2810 2717 3004 2783 Deum,
3032 2726 3090 2773 ct
3118 2717 3375 2772 mandata
3411 2715 3530 2785 ejus

1947 2824 2055 2865 non
2085 2810 2341 2876 custodit,
2384 2809 2474 2864 hic
2516 2809 2746 2864 mendas
2775 2816 2876 2863 est.
2905 2806 3205 2863 Confitetur
3225 2806 3442 2878 quidem
3469 2819 3530 2861 se

1947 2915 2109 2957 nosse
2140 2899 2331 2966 Deum,
2360 2897 2518 2955 factis
2546 2907 2726 2954 autem
2757 2905 2937 2967 negat.

2021 3011 2039 3042 ι
2070 2990 2210 3059 Quid
2237 2999 2320 3046 est
2346 2991 2532 3057 homo,
2563 2998 2656 3044 aut
2690 3006 2809 3060 quae
2849 2989 3022 3059 gratia
3061 2986 3237 3044 illius?
3282 2985 3352 3042 Et
3397 2985 3529 3058 quid

1952 3099 1970 3133 ι
1999 3088 2082 3138 est
2121 3081 2343 3148 bonum,
2386 3089 2478 3136 aut
2520 3080 2648 3150 quid
2692 3097 2923 3151 nequam
2964 3079 3178 3136 illius?»
3230 3077 3526 3148 Postquam

1947 3173 2052 3230 iste
2111 3172 2416 3244 disputator
2467 3172 2797 3243 magnalium
2850 3170 2945 3225 Dei
2998 3186 3028 3225 a
3074 3162 3528 3238 contemplatione

265 3274 583 3332 alterutrum
627 3277 770 3333 inter
815 3294 875 3335 se
917 3279 1116 3336 habent
1153 3278 1448 3349 jactimns',
1493 3280 1622 3352 quid
1651 3280 1698 3336 εί
1723 3279 1848 3336 inde
1875 3277 1921 3342 ο
1951 3264 2250 3336 majestatis
2297 3263 2492 3320 divinae
2541 3278 2600 3319 se
2650 3262 2878 3318 contulit
2924 3262 2989 3316 ad
3041 3258 3526 3352 considerationem

265 3368 541 3423 contendit
587 3377 642 3424 et
683 3384 838 3426 suam
879 3372 1188 3428 consolatur
1232 3372 1543 3428 insaniam?
1581 3373 1709 3444 quia
1752 3388 1842 3430 se-

265 3458 450 3527 quitur
479 3478 492 3514 :
525 3477 544 3512 ι
567 3459 636 3516 Ει
653 3461 742 3518 cui
768 3461 1002 3519 voluerit
1036 3463 1205 3520 Filius
1232 3463 1496 3521 revelare.
1527 3484 1546 3518 ι
1578 3461 1738 3521 Aliud
1761 3472 1846 3523 est

268 3557 475 3606 natura:
505 3551 810 3620 aequalitate
852 3567 1035 3622 nosse,
1060 3555 1204 3625 quod
1225 3563 1488 3622 noverat;
1523 3555 1668 3614 aliud
1691 3569 1845 3613 reve-

267 3639 432 3695 lantis
459 3640 790 3712 dignatione.

300 3792 305 3798 ,
340 3755 357 3787 ι
380 3735 496 3791 Non
518 3745 602 3792 est
624 3738 884 3806 minuere,
897 3753 1074 3811 neque
1092 3738 1324 3810 adjicere
1340 3758 1354 3797 ε
1369 3755 1469 3798 nec
1494 3747 1578 3798 est
1600 3740 1844 3799 invenire

270 3846 290 3880 ι
325 3828 591 3900 magnalia
618 3829 736 3886 Dei.
768 3850 788 3884 ι
820 3831 880 3888 ln
908 3832 1218 3889 meditando
1263 3848 1394 3904 ergo
1431 3840 1486 3889 et
1524 3833 1580 3888 in
1616 3832 1844 3904 legendo

268 3918 576 3990 Scripturas
599 3936 785 3978 sacras
808 3924 1066 3980 debemus
1087 3938 1208 3980 esse
1232 3925 1398 3991 cauti,
1430 3938 1532 3980 nec
1555 3925 1684 3995 quid
1709 3923 1844 3995 adji-

268 4026 389 4067 cere
421 4013 486 4067 ad
519 4027 583 4068 ea
610 4027 730 4084 quae
755 4013 958 4086 scripta
996 4024 1144 4082 sunt,
1169 4030 1271 4071 nec
1297 4016 1515 4072 demere
1542 4014 1744 4085 aliquid
1773 4013 1843 4070 ab

270 4107 345 4162 eis
372 4122 492 4177 quae
527 4107 596 4163 ab
625 4109 938 4173 auctoribus
985 4109 1294 4166 divinarum
1339 4108 1747 4180 Scripturarum
1785 4107 1842 4163 in

271 4197 418 4253 libris
459 4199 849 4271 comprehensa
896 4208 1039 4267 sunt,
1073 4199 1169 4256 sed
1194 4215 1260 4256 ea
1295 4215 1420 4256 cum
1445 4213 1658 4256 summa
1680 4212 1842 4254 vene-

271 4289 478 4346 ratione
500 4290 700 4347 habere
721 4303 840 4362 qua:
860 4290 934 4347 ὡί
955 4291 1324 4358 inveniuntur,
1347 4299 1405 4346 et
1423 4290 1575 4348 omni
1600 4290 1723 4346 nisu
1748 4289 1841 4345 ad-

270 4383 491 4452 implere
519 4400 638 4454 qua:
660 4384 735 4441 ibi
757 4394 1028 4457 praecepta
1053 4393 1201 4442 sunt.
1233 4383 1516 4440 Manifeste
1535 4383 1682 4442 enim
1708 4382 1843 4440 dicit

271 4471 500 4531 Ioannes
528 4474 582 4529 in
607 4475 932 4548 Apocalypsi
974 4490 1094 4544 sua,
1134 4491 1256 4547 qua:
1291 4474 1533 4532 clausula
1563 4482 1648 4530 est
1676 4473 1842 4530 totius

269 4568 489 4624 canonis
516 4568 682 4624 divini
707 4587 722 4624 :
753 4586 774 4621 ι
796 4568 1083 4626 Contestor
1108 4582 1209 4640 ego
1231 4568 1377 4624 omni
1405 4567 1645 4624 audienti
1673 4564 1840 4623 verba

1947 3357 2198 3412 humanae
2242 3353 2578 3420 substantiae,
2617 3368 2846 3425 parvum
2895 3352 2996 3407 sibi
3038 3351 3321 3405 videbatur
3366 3361 3528 3403 omne

1945 3447 2089 3519 quod
2128 3445 2184 3501 in
2208 3459 2272 3501 ea
2298 3445 2518 3516 reperit,
2549 3445 2674 3514 quia
2701 3444 2836 3500 nihil
2867 3443 2924 3498 in
2953 3457 3016 3499 ea
3044 3439 3379 3498 immutabile
3409 3439 3526 3495 sive
3562 3437 3566 3442 ’

1946 3541 2150 3599 diutius
2190 3541 2336 3596 idem
2374 3555 2711 3606 mansurum,
2749 3538 2844 3594 sed
2872 3535 3130 3594 mutabile
3157 3543 3212 3592 et
3238 3534 3346 3591 cito
3375 3531 3526 3590 deci-

1945 3633 2112 3690 duum
2146 3630 2372 3688 invenit.
2392 3629 2546 3688 Unde
2565 3638 2622 3685 et
2646 3629 2953 3701 subjungit:

2017 3741 2036 3776 ‹
2065 3720 2332 3778 Numerus
2367 3720 2577 3778 dierum
2623 3720 2904 3776 hominum
2950 3729 3012 3776 ut
3042 3717 3272 3775 multum
3303 3724 3526 3774 centum

1948 3832 1970 3870 ‹
1999 3815 2148 3882 anni,
2195 3813 2351 3885 quasi
2397 3820 2548 3885 gutta
2582 3826 2736 3883 aquae
2776 3811 2943 3868 maris
2988 3809 3228 3882 deputati
3279 3816 3424 3864 sunt.
3457 3807 3527 3861 Et

1947 3926 1967 3960 ι
1996 3907 2137 3963 sicut
2177 3905 2414 3962 calculus
2450 3919 2647 3973 arenae,
2674 3905 2756 3961 sic
2784 3903 2965 3976 exigui
2994 3904 3121 3958 anni
3151 3903 3204 3957 in
3233 3901 3319 3957 die
3351 3900 3473 3956 aevi.
3500 3918 3519 3950 ι

1940 3996 2194 4054 Paucitas
2225 3998 2436 4054 dierum
2475 3998 2724 4052 humana:
2770 3997 2895 4052 vitae
2922 3997 3061 4051 bene
3089 4001 3403 4064 comparata
3435 3998 3522 4046 est

1940 4101 2106 4165 gutta:
2131 4107 2284 4162 aquae
2309 4091 2478 4148 maris
2497 4099 2553 4146 et
2579 4089 2783 4146 calculo
2816 4091 3024 4145 minuto
3053 4103 3253 4155 arente,
3293 4087 3416 4156 quia
3455 4082 3529 4140 ad

1940 4187 2400 4256 comparationem
2425 4190 2702 4255 perpetua;
2733 4182 3012 4238 felicitatis
3040 4181 3207 4236 nimia
3235 4179 3290 4234 in
3315 4194 3378 4234 ea
3405 4179 3528 4234 bre-

1939 4281 2078 4336 vitas
2124 4288 2180 4334 et
2224 4277 2466 4333 maxima
2512 4275 2735 4332 miseria
2779 4276 3070 4332 invenitur.
3123 4274 3276 4330 Unde
3323 4275 3379 4328 in
3422 4271 3521 4327 Job

1939 4373 2201 4445 scriptum
2226 4379 2348 4427 est:
2382 4359 2594 4426 «Homo
2631 4375 2793 4424 natus
2831 4368 2898 4425 de
2942 4366 3191 4432 muliere,
3243 4364 3396 4422 brevi
3440 4365 3520 4419 vi-

1939 4481 2073 4523 vens
2113 4457 2354 4534 tempore
2397 4459 2634 4532 repletur
2676 4459 2864 4516 multis
2908 4456 3178 4524 miseriis;
3225 4454 3381 4526 quasi
3427 4451 3526 4508 llos

1939 4562 2236 4634 egreditur,
2282 4567 2339 4616 et
2382 4557 2701 4624 conteritur,
2743 4563 2801 4613 et
2833 4554 2970 4627 fugit
3008 4551 3159 4610 velut
3199 4552 3433 4618 umbra,
3468 4557 3526 4604 et

269 4660 562 4730 prophetia:
616 4660 740 4717 libri
777 4661 957 4732 hujus.
989 4659 1048 4717 Si
1091 4661 1212 4732 quis
1256 4661 1568 4733 opposuerit
1595 4660 1664 4715 ad
1701 4659 1836 4725 haec,
1863 4652 1921 4714 D
1943 4669 2221 4725 nunquam
2248 4652 2304 4708 in
2337 4651 2526 4708 eodem
2561 4656 2708 4706 statu
2738 4653 3022 4721 permanet
3064 4644 3208 4720 (Job.
3232 4643 3378 4716 xm).
3407 4663 3427 4698 ι
3457 4643 3524 4698 Ει

269 4759 499 4820 apponet
538 4753 682 4808 Deus
721 4767 885 4824 super
921 4752 1070 4808 illum
1109 4751 1293 4824 plagas
1341 4752 1569 4822 scriptas
1614 4751 1672 4807 in
1701 4751 1842 4807 libro

270 4843 402 4910 isto;
437 4853 490 4899 et
523 4844 569 4900 si
610 4844 731 4915 quis
759 4844 1072 4902 diminuerit
1099 4845 1166 4902 de
1191 4844 1373 4900 verbis
1401 4843 1697 4914 prephetite
1741 4843 1842 4898 hu-

269 4945 353 4999 |us
404 4933 547 5000 libri,
585 4931 797 4991 auferet
838 4935 980 4990 Deus
1018 4940 1232 5004 partem
1268 4931 1384 5002 ejus
1411 4932 1478 4987 de
1507 4931 1646 4987 libro
1695 4930 1839 4998 vita},

269 5038 325 5080 et
351 5034 415 5082 de
448 5025 667 5082 civitate
697 5033 906 5091 sancta,
936 5033 992 5079 et
1037 5023 1105 5078 de
1132 5022 1218 5078 his
1245 5037 1366 5092 quae
1394 5021 1595 5092 scripta
1620 5029 1748 5076 sunt
1790 5020 1848 5077 in

271 5117 406 5174 libro
430 5119 535 5174 isto
567 5115 723 5188 (Cap.
758 5116 902 5189 ιιΙι.).
935 5134 954 5168 ι
998 5113 1123 5171 llaec
1171 5128 1386 5185 quoque
1433 5120 1655 5184 propter
1687 5109 1848 5168 falsa-

273 5218 418 5265 tores
461 5209 592 5276 dixi,
640 5223 748 5264 non
796 5214 1018 5278 propter
1060 5219 1153 5261 eos
1198 5203 1291 5274 qui
1344 5201 1662 5273 simpliciter
1701 5201 1848 5271 quod

271 5303 512 5360 sentiunt
532 5302 750 5369 dicunt,
764 5301 818 5356 in
845 5301 993 5356 nullo
1012 5296 1294 5370 prophetia
1315 5293 1584 5360 mutilata,
1603 5301 1660 5349 et
1682 5307 1847 5350 sensu

272 5395 540 5453 catholico
591 5395 904 5466 depravato.
953 5390 1092 5446 Hinc
1134 5395 1347 5444 constat
1394 5385 1524 5442 illud
1575 5385 1734 5443 nobis
1778 5385 1848 5443 de

276 5487 572 5560 Scripturis
615 5485 785 5542 sacris
821 5485 1020 5539 rimare
1053 5479 1322 5547 sulliccre,
1347 5480 1461 5534 sive
1491 5477 1582 5533 illa
1608 5485 1850 5534 contem-

274 5583 510 5654 platione
535 5581 924 5637 elementorum
954 5575 1092 5631 scire
1116 5583 1171 5630 et
1212 5571 1509 5642 intelligere
1542 5585 1662 5640 qua:
1705 5569 1847 5626 facta

275 5681 446 5738 sunt;
495 5687 603 5726 non
650 5679 829 5726 tamen
880 5683 1071 5724 causas
1125 5667 1467 5732 rationesque
1509 5663 1846 5736 perquirere,

207 5805 214 5814 ι
274 5781 446 5839 quare
496 5764 913 5835 unumquodque
958 5762 1039 5818 sic
1074 5759 1276 5815 factum
1315 5759 1402 5822 sit,
1436 5755 1521 5811 vel
1552 5755 1708 5811 aliter
1730 5753 1845 5809 fieri

278 5859 527 5929 debuisse
569 5872 729 5919 quam
774 5861 977 5916 factum
1028 5862 1141 5923 est;
1190 5851 1338 5907 verbi
1389 5847 1583 5918 gratia,
1635 5845 1680 5902 si
1723 5845 1845 5918 quis

1945 4748 2186 4804 iterum:
2219 4765 2240 4800 ι
2268 4745 2460 4814 Homo,
2497 4745 2694 4816 inquit,
2746 4743 2815 4800 ad
2867 4743 3110 4800 laborem
3163 4740 3429 4821 nascitur,
3469 4745 3528 4792 ct

1947 4838 2064 4895 avis
2088 4839 2157 4894 ad
2180 4837 2438 4894 volatum.
2470 4835 2660 4892 Militia
2698 4841 2782 4890 est
2806 4834 2920 4890 vita
2954 4831 3188 4889 hominis
3217 4844 3381 4899 super
3409 4837 3522 4882 ter-

1947 4945 2088 4996 ram,
2112 4936 2168 4985 et
2194 4931 2336 4985 sicut
2361 4927 2478 4983 dies
2503 4925 2826 4982 mercenarii
2855 4925 2970 4980 dies
2996 4923 3114 4994 ejus
3139 4919 3282 4993 (Job.
3299 4935 3350 4983 v,
3367 4919 3483 4990 vn).
3499 4935 3517 4969 ι

2023 5041 2043 5075 ‹
2067 5021 2297 5092 Propter
2323 5020 2428 5075 hoc
2453 5018 2665 5088 patiens
2697 5026 2782 5073 est
2811 5016 2954 5071 Deus
2980 5014 3035 5069 in
3065 5012 3189 5077 illis,
3218 5017 3274 5066 et
3300 5008 3524 5065 elfundit

1953 5129 1975 5166 ‹
2000 5126 2166 5183 super
2191 5109 2310 5167 illos
2332 5108 2758 5166 misericordiam
2781 5121 2954 5161 suam.
2984 5101 3130 5158 Vidit
3150 5099 3524 5172 praesumptio—

1954 5222 1973 5256 ι
2001 5216 2125 5259 nem
2150 5201 2331 5258 cordis
2353 5199 2591 5266 illorum,
2619 5196 2874 5270 quoniam
2900 5193 3044 5251 mala
3064 5199 3168 5259 est,
3196 5200 3254 5248 et
3275 5190 3525 5262 cognovit

1952 5314 1972 5350 ι
2000 5293 2405 5352 subversionem
2433 5293 2647 5349 illorum
2665 5331 2681 5357 ,
2716 5289 2970 5361 quoniam
3010 5300 3244 5358 nequam
3272 5291 3375 5340 est.
3402 5282 3528 5340 ldco

1957 5409 1977 5444 ι
2006 5387 2320 5460 adimplevit
2340 5385 2776 5458 propitiationem
2803 5396 2956 5438 suam
2978 5380 3035 5437 in
3056 5379 3186 5448 illis,
3209 5385 3267 5435 et
3287 5375 3528 5434 ostendit

1959 5482 2086 5540 «eis
2131 5482 2274 5537 viam
2330 5477 2619 5550 mquitatis.
2649 5495 2669 5527 ι
2731 5473 2870 5542 Quid
2926 5471 3117 5530 sutl‘ert
3174 5470 3525 5544 fragilitatem

1954 5583 2195 5630 nostram
2247 5571 2350 5626 nisi
2397 5568 2611 5624 bonitas
2663 5564 2957 5621 conditoris
2999 5563 3202 5630 nostri,
3248 5561 3340 5633 qui
3384 5558 3525 5614 indi-

1955 5679 2087 5734 gnos
2141 5661 2304 5723 fovet,
2335 5659 2577 5729 ingratos
2625 5655 2820 5726 pascit,
2864 5663 3263 5724 contemptores
3305 5648 3524 5712 tolerat,

1954 5768 2174 5811 aversos
2223 5757 2466 5814 revocat,
2507 5756 2562 5802 et
2599 5761 2892 5803 conversos
2922 5747 2990 5802 ad
3016 5742 3392 5818 pmnitentiam
3424 5736 3524 5792 mi-

1952 5841 2296 5907 sericorditer
2325 5835 2566 5908 suscipit,
2607 5844 2662 5897 ct
2687 5835 2930 5894 omuiu‘m
2962 5843 3306 5906 peccatorum
3332 5825 3526 5897 largis-
