4030 6474
522 440 630 510 883

1159 439 1225 499 Β.
1263 438 1518 498 RABANI
1555 430 1775 493 MAURI
1814 424 2132 491 ARCHIEP.
2174 432 2481 492 MOGUNT.
2524 428 2807 489 OI’ERUM
2844 430 3024 489 PARS
3056 430 3099 487 I.

3684 428 3784 486 884

526 568 720 627 simam
741 564 955 620 veniam
991 559 1212 617 tribuit?
1243 554 1392 615 Unde
1415 557 1546 628 quid
1571 564 1733 610 tanta:
1758 555 1943 625 pietati
1973 568 2101 609 con-
2127 553 2179 617 Α
2197 550 2521 621 justiﬁcato,
2554 568 2571 601 ι
2638 548 2889 604 videlicet
2938 552 2999 603 ut
3056 547 3241 603 datum
3296 544 3543 604 exhiberi
3594 546 3788 605 debeat

518 658 743 731 dignum
784 662 1072 728 possumus
1104 649 1436 723 rependere?
1481 656 1575 704 aut
1624 647 1753 719 quid
1801 645 2102 702 retribuere

527 769 547 804 ι
574 747 805 806 Domino
843 759 942 819 pro
983 743 1234 800 omnibus
1269 754 1391 813 quae
1433 738 1684 796 retribuit
1724 737 1949 794 nobis?»
1993 736 2100 794 nisi

520 836 645 906 hoc,
692 837 835 909 quod
884 832 1166 909 psalmista
1208 834 1323 889 ait:
1361 830 1640 889 «Calicem
1676 830 1928 888 salutaris
1958 828 2103 886 acci-

518 930 688 1001 piam,
718 938 773 986 et
794 936 994 985 nomen
1021 922 1234 983 Domini
1264 924 1556 981 invOcabo?
1582 922 1756 996 (Psal.
1783 919 1931 994 cxv.)
1955 941 1974 974 ι
2009 920 2103 977 Di-

521 1037 817 1093 camusque
853 1016 1177 1093 gratulando
1203 1032 1326 1072 cum
1357 1015 1548 1073 eodem
1588 1008 1852 1087 propheta
1881 1022 1895 1069 ξ
1939 1032 1958 1065 ‹
1988 1004 2102 1068 Ma-

520 1126 658 1185 gnus
702 1104 963 1168 Dominus
989 1117 1046 1166 et
1070 1104 1356 1164 laudabilis
1395 1105 1581 1174 nimis,
1621 1112 1678 1161 et
1715 1100 2102 1177 magnitudinis

519 1194 638 1276 ejus
661 1212 769 1258 nan
789 1208 875 1257 est
893 1198 1050 1267 ﬁnis;
1077 1196 1387 1255 misericors
1414 1202 1471 1255 et
1504 1196 1793 1253 miseratur
1818 1192 2100 1263 Dominus,

518 1292 735 1367 patiens
762 1300 820 1350 et
841 1288 1069 1349 multum
1096 1284 1429 1346 misericors.
1465 1288 1662 1346 Suavis
1691 1288 1955 1343 Dominus
1980 1278 2102 1343 unl-

517 1383 714 1451 versis,
742 1391 800 1440 et
823 1381 1199 1439 miserationes
1227 1381 1345 1454 ejus
1381 1394 1543 1453 super
1564 1378 1746 1435 omnia
1772 1394 1935 1449 opera
1959 1378 2099 1449 ejus.

516 1470 759 1531 Laudem
809 1471 1025 1529 Domini
1066 1470 1318 1542 loquetur
1362 1484 1426 1527 os
1467 1480 1681 1535 meum,
1731 1476 1788 1525 et
1819 1467 2102 1525 benedicat

519 1562 697 1622 omnis
735 1572 863 1620 caro
900 1576 1096 1618 nomen
1142 1564 1390 1617 sanctum
1415 1558 1533 1630 ejus
1570 1562 1624 1616 in
1650 1567 1933 1627 mternum,
1961 1560 2101 1617 etin

518 1655 772 1715 saeculum
800 1654 980 1713 saeculi
1006 1650 1179 1728 (Psal.
1205 1662 1373 1722 nvu,
1404 1669 1528 1722 xcv,
1555 1654 1759 1728 cxuv).
1786 1674 1804 1707 ι

592 1768 612 1804 ε
644 1750 920 1807 Miseratio
946 1748 1183 1807 hominis
1202 1749 1347 1805 circa
1371 1750 1679 1821 proximum
1709 1763 1897 1814 suum;
1937 1746 2101 1803 mise-

520 1859 540 1894 ι
574 1839 806 1897 ricordia
852 1848 1033 1896 autem
1076 1839 1171 1895 Dei
1227 1854 1392 1913 super
1439 1854 1655 1896 omnem
1706 1852 1943 1895 carnem.
1993 1836 2098 1904 Qui

2196 654 2295 713 per
2328 641 2604 713 pietatem,
2643 648 2700 697 et
2736 640 2937 696 bunum
2972 637 3195 695 verbum
3238 636 3400 695 tribui
3436 649 3537 709 per
3564 638 3785 696 humili-

2200 742 2384 792 tatem.

2273 845 2292 880 ι
2327 826 2515 884 Nonne
2541 827 2789 884 ardorem
2816 824 3159 898 refi'igerablt
3186 824 3323 881 ros?
3361 824 3442 882 Sic
3470 830 3531 880 et
3555 822 3790 880 verbum

2205 930 2226 969 ι
2262 917 2457 973 melius
2497 928 2660 988 quam
2702 915 2909 972 datum.
2940 930 2958 967 ι
3001 912 3157 970 Sicut
3191 922 3281 971 ros
3306 920 3519 987 segetes
3564 908 3794 986 refrige-

2200 1020 2329 1069 rans
2365 1008 2602 1068 defendit
2638 1010 2705 1067 ab
2755 1009 2950 1067 ardore
2988 1007 3155 1076 soli's,’
3191 1009 3271 1065 sic
3303 1007 3535 1065 verbum
3585 998 3790 1064 bonum

2200 1103 2428 1176 gratiam
2472 1102 2786 1172 impendens
2820 1100 3031 1157 muneri
3081 1094 3360 1173 largientis
3392 1098 3637 1171 protegit
3665 1112 3791 1154 eum

2198 1195 2491 1266 a,nequitia
2516 1190 2711 1265 lingua:
2734 1194 3035 1251 irascentis.
3058 1190 3213 1251 Unde
3232 1188 3361 1249 alibi
3381 1192 3652 1264 scriptum
3674 1199 3788 1247 est:

2208 1284 2444 1343 «Sermo
2471 1284 2637 1343 durus
2665 1287 2891 1343 suscitat
2917 1285 3087 1354 rixas,
3114 1293 3172 1342 et
3199 1299 3381 1343 sermo
3410 1285 3556 1342 lenis
3581 1284 3794 1353 mitigat

2201 1378 2487 1437 suscitatas
2511 1378 2692 1452 (Prov.
2718 1379 2829 1451 xv).
2855 1398 2873 1431 ι

2278 1492 2296 1526 ι
2323 1470 2513 1529 Nonne
2552 1488 2679 1531 ecce
2728 1472 2953 1530 verbum
3004 1488 3168 1545 super
3216 1472 3403 1528 datum
3451 1471 3689 1536 bonum,
3740 1480 3794 1527 et

2205 1587 2226 1621 ‹
2261 1577 2491 1639 utraque
2528 1584 2650 1624 cum
2690 1566 2909 1625 homine
2944 1566 3264 1637 justiﬁcato.
3296 1587 3316 1620 ι
3369 1565 3527 1640 Saepe
3566 1565 3791 1623 verbum

2198 1659 2456 1733 praecedit
2481 1661 2680 1717 donum
2701 1664 2933 1732 gratum,
2962 1659 3090 1730 quia
3116 1658 3299 1731 lingua
3328 1656 3591 1715 eucharis
3619 1650 3791 1713 maxi-

2199 1768 2344 1808 mam
2395 1752 2625 1824 gratiam
2669 1750 2873 1822 przebet
2914 1750 3137 1807 homini.
3169 1750 3322 1807 Unde
3363 1749 3627 1806 Salomon
3675 1750 3752 1805 ait
3762 1768 3786 1825 ε

2206 1865 2224 1899 ι
2257 1846 2407 1919 Aqua
2439 1845 2705 1919 profunda
2746 1840 2911 1902 verba
2955 1858 3024 1904 ex
3070 1859 3165 1901 ore
3204 1836 3331 1911 viri,
3362 1851 3417 1899 et
3452 1849 3676 1899 torrens
3710 1859 3792 1900 re-

521 1954 539 1987 ι
577 1932 1008 1992 misericordiam
1032 1931 1220 2000 habet,
1247 1934 1426 1999 docet,
1451 1938 1506 1987 et
1532 1931 1711 1987 erudit
1735 1929 1887 2002 quasi
1911 1938 2097 2001 pastor
2123 1922 2172 1988 Β
2199 1938 2447 1994 dundans
2502 1936 2622 1993 fons
2671 1935 2949 2008 sapientiae
3000 1931 3181 2008 (Prov.
3220 1934 3399 2009 xviii).
3432 1954 3453 1988 ι
3498 1935 3570 1990 Et
3616 1934 3789 1990 item:

520 2041 795 2101 egregcm
820 2044 998 2085 suum.
1027 2046 1048 2081 ι
1083 2022 1229 2083 Raro
1252 2025 1524 2083 invenitur
1550 2025 1642 2095 qui
1670 2023 1914 2095 perfecte
1936 2038 2096 2096 opem

514 2121 904 2178 misericordiae
962 2120 1236 2192 impendat
1280 2118 1337 2175 in
1379 2117 1719 2191 proximum,
1775 2125 1833 2173 at
1879 2110 2095 2173 Domini

512 2211 685 2285 pietas
714 2211 980 2268 redundat
1007 2208 1063 2267 in
1091 2211 1406 2268 universum
1434 2212 1717 2276 mundum,
1746 2228 1765 2261 ί
1803 2207 1896 2279 qui
1926 2206 2097 2264 Solem

511 2319 668 2361 suum
695 2300 828 2361 oriri
855 2302 985 2361 facit
1008 2319 1170 2377 super
1196 2304 1370 2360 bonos
1396 2311 1451 2358 et
1471 2302 1664 2369 malos,
1689 2310 1744 2359 et
1777 2300 1911 2372 pluit
1934 2316 2098 2372 super

506 2388 684 2464 iustos
711 2402 766 2451 et
794 2390 1038 2465 injustos.
1069 2414 1089 2448 ι
1130 2395 1198 2449 Ει
1230 2402 1399 2461 recte,
1429 2388 1555 2465 quia
1579 2392 1820 2448 omnium
1852 2388 2098 2449 conditor

511 2497 567 2543 et
592 2487 851 2544 Dominus
892 2488 1272 2545 universorum
1302 2487 1417 2557 ipse
1455 2493 1560 2543 est.
1599 2485 1742 2541 Grex
1791 2482 1936 2541 enim
1988 2483 2095 2541 Do-

517 2570 650 2635 mini
694 2576 938 2635 Ecclesia
981 2587 1066 2636 est
1106 2577 1374 2636 catholica
1415 2594 1512 2650 per
1550 2585 1723 2633 totum
1762 2577 1950 2633 orbem
1993 2574 2096 2631 dif-

514 2666 656 2737 fusa,
688 2666 841 2739 cujus
864 2677 1052 2742 pastor
1081 2685 1222 2727 unus
1260 2678 1364 2738 est,
1404 2670 1532 2742 quia
1558 2685 1620 2725 ex
1650 2667 1860 2726 duobus
1883 2666 2097 2740 p0pulis

518 2772 685 2818 unum
707 2756 810 2817 sibi
832 2762 1137 2819 construxit
1158 2761 1320 2829 ovile,
1352 2768 1412 2817 ut
1438 2761 1621 2835 gregis
1650 2756 1907 2818 dominici
1937 2755 2094 2816 ﬁeret

516 2866 684 2907 unum
708 2847 850 2908 ovile
874 2858 932 2909 et
956 2866 1097 2908 unus
1115 2857 1318 2923 pastor.

591 2961 611 2995 ι
645 2942 931 3000 Miseretur
950 2942 1271 3016 excipientis
1299 2942 1601 3001 doctrinam
1629 2928 2017 3008 miserationis,
2039 2946 2096 2998 et

519 3050 539 3084 σ
572 3034 665 3104 qui
715 3031 933 3091 festinat
982 3034 1038 3090 in
1073 3028 1291 3104 iudiciis
1334 3034 1468 3091 suis.
1498 3053 1518 3088 ι
1575 3030 1838 3090 Hortatur
1876 3045 1971 3090 eos
1998 3032 2093 3104 qui

514 3123 818 3184 doctrinam
865 3127 1255 3200 evangelicam,
1305 3125 1358 3185 in
1397 3136 1502 3200 qua
1532 3127 1708 3201 gratia
1746 3120 2093 3199 praedicatur,

514 3216 805 3287 accipiunt,
833 3226 892 3273 ut
922 3212 1027 3289 ipsi
1055 3216 1484 3275 misericordiam
1531 3212 1794 3290 proximis
1838 3214 1954 3274 suis
1993 3214 2095 3272 im-

515 3302 779 3379 pendant,
806 3317 862 3364 et
882 3302 1140 3366 festinent
1166 3304 1356 3378 iudicii
1384 3308 1529 3365 diem
1554 3300 1945 3364 misericordia:
1969 3320 2096 3377 ope-

516 3396 668 3455 ribus
691 3399 1011 3470 praevenire,
1042 3415 1363 3472 semperque
1389 3398 1629 3457 exaltant
1663 3394 2096 3455 misericordiam

511 3488 738 3561 judicio,
760 3491 890 3563 quia
905 3489 1167 3563 judicium
1198 3490 1250 3549 ei
1272 3491 1390 3548 sine
1421 3488 1821 3556 misericordia,
1860 3488 1953 3560 qui
1983 3503 2094 3545 non

517 3580 650 3637 fecit
674 3579 1123 3639 misericordiam.
1156 3602 1175 3634 ι
1201 3579 1356 3637 Beati
1383 3596 1516 3653 ergo
1536 3578 1938 3646 misericordes,
1968 3593 2097 3650 quo-

519 3670 664 3725 niam
705 3670 808 3740 ipsi
838 3668 1267 3728 misericordiam
1310 3677 1709 3742 consequentur
1743 3662 1957 3741 (Matth.
1984 3667 2091 3740 v):i

601 3779 618 3811 ι
638 3756 764 3829 Fili,
791 3760 847 3818 in
871 3760 1029 3818 bonis
1051 3778 1160 3820 non
1186 3762 1282 3819 des
1305 3761 1603 3835 querelam,
1631 3770 1686 3819 et
1710 3761 1766 3818 in
1797 3756 1945 3816 omni
1970 3760 2097 3815 dato

524 3873 542 3905 ι
575 3867 684 3909 non
720 3851 815 3910 des
842 3848 1115 3910 tristitiam
1159 3854 1311 3910 verbi
1349 3846 1498 3911 mali.
1530 3875 1550 3908 ι
1605 3852 1775 3909 Recte
1821 3848 2002 3918 docet,
2037 3854 2098 3908 ut

521 3940 679 4003 bonis
716 3940 972 4017 operibus
995 3961 1106 4001 non
1134 3942 1602 4001 intermiseeamus
1634 3938 1801 3999 verba
1828 3941 2099 4014 imprOpe-

517 4034 622 4102 rii,
670 4051 848 4107 neque
892 4035 1230 4093 maculemus
1275 4037 1477 4093 bonum
1517 4030 1705 4092 datum
1749 4029 2095 4093 sermonibus

515 4125 831 4197 perversis:
868 4127 997 4199 quia
1042 4144 1060 4179 α
1084 4130 1441 4199 corrumpunt
1486 4134 1666 4183 mores
1719 4126 1891 4183 bonos
1929 4124 2099 4183 collo-

516 4216 643 4289 quia
676 4212 816 4275 mala
838 4212 893 4291 (ι
920 4212 1043 4275 Cor.
1075 4213 1187 4291 xv),
1209 4237 1230 4272 ι
1260 4224 1317 4275 et
1338 4216 1608 4292 ingratum
1644 4216 1854 4275 faciunt
1893 4216 2098 4275 bonum

515 4308 714 4367 donaui
761 4309 926 4368 verba
965 4306 1246 4381 iniuriosa.
1277 4308 1419 4369 Dicit
1446 4308 1593 4367 enim
1613 4307 1849 4369 Iacobus
1878 4316 2098 4381 aposto-

517 4396 603 4460 lus
627 4396 696 4459 de
729 4401 845 4474 ipso
872 4402 1138 4461 Domino:
1169 4421 1187 4456 ι
1208 4402 1311 4472 Qui
1339 4400 1432 4458 dat
1454 4398 1704 4459 omnibus
1737 4400 2019 4459 aiiluenter
2041 4401 2100 4458 et

517 4502 624 4549 non
650 4488 1035 4565 improperabit
1057 4491 1264 4567 (Iacob.
1310 4490 1372 4565 ι).
1393 4512 1412 4546 ι
1451 4486 1604 4551 Unde
1624 4494 1875 4561 decet,ut
1895 4493 2098 4561 .datum

514 4586 718 4642 bonum
763 4571 925 4643 bonis
966 4586 1406 4643 commendemus
1447 4587 1830 4644 sermonibus:
1864 4587 2101 4642 «Beatus

518 4672 681 4732 homo
704 4674 796 4748 qui
817 4686 925 4732 non
952 4680 1143 4748 peccat
1166 4672 1221 4734 in
1241 4676 1425 4750 lingua
1450 4690 1548 4735 sua
1575 4675 1782 4751 (Iacob.
1818 4676 1922 4751 ill).
1948 4692 1969 4732 ι
1995 4670 2098 4746 Qui

412 4837 417 4841 θ
518 4774 698 4825 autem
727 4780 836 4826 non
856 4762 1079 4827 oti‘endlt
1104 4771 1289 4839 verbo,
1316 4772 1406 4827 hic
1431 4770 1705 4844 perfectus
1731 4778 1816 4828 est
1840 4771 1947 4827 vir.
1989 4764 2099 4828 Sed

518 4867 645 4916 sunt
672 4852 919 4917 nonnulli
949 4860 1041 4933 qui
1067 4872 1193 4917 mox
1220 4868 1281 4917 ut
1308 4860 1375 4918 ab
1400 4855 1587 4935 egenis
1612 4856 1870 4919 fratribus
1894 4860 2099 4918 fuerint

521 4946 829 5011 necessaria
873 4952 1164 5027 pustulati,
1211 4961 1335 5027 post
1386 4953 1525 5013 dona
1574 4952 1849 5027 largitori,
1897 4954 1951 5010 in
2004 4964 2099 5011 eos

517 5042 668 5117 prius
686 5040 1075 5103 contumeliosa
1094 5045 1256 5103 verba
1271 5044 1602 5119 iaculantur,
1628 5044 1719 5117 qui
1741 5054 1795 5101 et
1810 5045 1971 5101 rebus
1997 5045 2097 5100 mi-

520 5135 804 5191 nisterium
841 5132 1062 5207 pietatis
1096 5133 1401 5209 perﬁciunt,
1445 5137 1626 5193 verbis
1658 5143 1841 5193 tamen
1865 5135 2097 5209 gratiam

520 5224 839 5284 humilitatis
877 5229 1126 5300 perdunt.
1170 5227 1252 5286 ita
1292 5229 1612 5303 plerumque
1656 5232 1922 5297 videatur,
1954 5226 2100 5303 quod

524 5318 686 5374 illatae
709 5314 823 5393 iam
859 5312 1068 5391 injuria:
1103 5320 1530 5379 satisfactionem
1557 5322 1786 5391 solvant,
1819 5336 1944 5381 cum
1978 5326 2102 5395 post

522 5404 877 5468 contumelias
905 5410 1048 5470 dona
1068 5410 1392 5485 largiuntur,
1436 5424 1540 5471 nec
1572 5410 1753 5485 magni
1782 5420 1866 5471 est
1893 5412 2098 5486 operis,

523 5497 666 5570 Quod
687 5496 954 5571 postulata
983 5496 1248 5573 tribuunt,
1282 5505 1411 5577 quia
1439 5503 1557 5577 ipso
1585 5504 1819 5562 dationis
1842 5518 1953 5562 sua:
1982 5522 2101 5562 mu-

523 5604 653 5650 nere
682 5591 773 5649 vix
800 5594 1047 5652 eumdem
1086 5611 1369 5653 excessum
1412 5597 1681 5655 sermonis
1728 5604 1937 5670 tegunt,
1985 5599 2103 5670 qui-

523 5680 626 5740 bus
663 5680 802 5742 bene
840 5684 945 5744 hoc
984 5685 1104 5744 loco
1140 5688 1377 5745 dicitur:
1412 5690 1509 5745 «In
1547 5690 1691 5746 omni
1718 5692 1844 5748 dato
1869 5709 1976 5749 non
2007 5694 2101 5750 des

525 5774 826 5849 tristitiam,
877 5778 1028 5837 verbi
1062 5777 1225 5847 mali;
1256 5800 1276 5833 ι
1319 5789 1373 5837 et
1398 5782 1559 5853 paulo
1582 5791 1724 5853 post,
1773 5806 1789 5835 ‹
1811 5784 1949 5841 Ecce
1979 5802 2099 5841 ver-

526 5860 656 5924 bum
687 5882 851 5943 super
892 5869 1078 5929 datum
1101 5869 1324 5939 bonum,
1354 5876 1410 5928 et
1440 5878 1667 5943 utraque
1711 5890 1831 5930 cum
1880 5876 2097 5932 homine

2204 2049 2223 2082 ι
2260 2028 2362 2096 Qui
2395 2026 2726 2094 moderatur,
2756 2028 2960 2099 inquit,
2993 2042 3275 2084 sermones
3318 2040 3467 2095 suos,
3514 2027 3716 2083 doctus
3739 2037 3791 2083 et

2197 2119 2434 2191 prudens
2461 2130 2566 2187 est,
2594 2127 2650 2175 et
2674 2118 2895 2189 pretiosi
2935 2116 3156 2190 spiritus
3189 2116 3275 2174 vir
3314 2112 3567 2175 eruditus
3598 2114 3784 2191 (Prov.

2198 2210 2357 2284 xvii),
2384 2232 2401 2262 ι
2439 2210 2533 2267 sed
2583 2218 2832 2283 utraque,
2878 2212 2981 2268 hoc
3024 2220 3138 2278 est,
3189 2206 3413 2267 verbum
3461 2219 3519 2268 et
3593 2226 3789 2267 munus

2197 2302 2528 2360 conveniens
2573 2303 2682 2370 dat,
2731 2303 2824 2374 qui
2864 2300 3090 2373 iustitia
3140 2303 3281 2358 viam
3332 2302 3609 2376 graditur,
3666 2300 3788 2374 quia

2197 2400 2431 2465 ‘utraque
2457 2394 2703 2466 proximo
2741 2409 2838 2451 suo
2882 2402 3258 2467 competenter
3300 2388 3497 2452 oli'erre
3544 2396 3788 2451 molitur.

2197 2486 2242 2544 E
2272 2486 2548 2544 contrario
2576 2500 2704 2543 vero
2729 2486 2840 2555 ille,
2878 2487 2971 2559 qui
2998 2503 3228 2559 nequam
3255 2496 3361 2554 est,
3402 2502 3469 2543 ea
3505 2484 3643 2542 iacit
3671 2501 3789 2557 quae

2198 2586 2518 2651 sequuntur.

2273 2691 2294 2724 ι
2324 2670 2534 2729 Stultus
2572 2671 2775 2727 acriter
2813 2668 3222 2742 improperabit,
3266 2678 3323 2726 et
3360 2668 3524 2726 datus
3568 2658 3792 2724 indisci-

2202 2782 2223 2818 ι
2254 2761 2447 2836 plinati
2490 2761 2766 2819 tabescere
2814 2760 2947 2817 facit
2994 2760 3201 2817 oculos.
3233 2778 3253 2812 ι
3283 2790 3355 2801 -
3388 2778 3407 2812 ι
3438 2758 3499 2814 In
3533 2773 3637 2814 ore
3663 2773 3793 2831 ergo

2197 2852 2372 2921 stulti,
2420 2853 2501 2925 (ut
2534 2850 2664 2909 alibi
2693 2850 2912 2925 legitur)
2965 2852 3118 2925 virga
3163 2858 3250 2910 est
3289 2840 3658 2916 contumelia),
3682 2869 3704 2903 ι
3738 2857 3793 2906 et

2197 2942 2320 3001 ideo
2345 2942 2546 3000 donum
2573 2942 2691 3014 ejus
2713 2952 2894 3000 exstat
2916 2943 3207 3014 ingratum,
3231 2940 3355 3014 quia
3379 2946 3627 2999 mentem
3652 2940 3791 2997 acci-

2198 3032 2399 3106 pientis
2444 3033 2737 3090 exacerbat
2776 3033 2956 3090 verbis
3001 3030 3270 3105 malignis.
3324 3026 3554 3103 Mystico
3608 3036 3788 3088 autem

2199 3136 2360 3181 sensu
2390 3124 2504 3183 hazc
2528 3125 2800 3182 sententia
2826 3124 3049 3182 denotat
3072 3122 3375 3190 hmietieos,
3407 3123 3500 3195 qni
3526 3122 3794 3196 quidquid

2199 3215 2481 3290 proferunt
2529 3216 2630 3273 sub
2674 3216 2891 3275 virtutis
2932 3215 3132 3288 specie,
3174 3222 3345 3288 praV'o
3371 3215 3639 3288 .polluunt
3670 3231 3786 3271 scr-

2199 3320 2379 3376 mone,
2408 3307 2601 3365 stultas
2628 3314 2904 3365 moventes
2927 3306 3273 3380 quaestiones,
3304 3314 3359 3362 et
3384 3306 3788 3373 contentiones,

2197 3407 2254 3455 et
2276 3410 2488 3471 pugnas
2513 3394 2665 3471 legis.
2690 3394 2759 3455 Et
2785 3398 2905 3455 ideo
2930 3396 3222 3470 Apostolus
3239 3395 3394 3469 jubet
3422 3410 3524 3454 nos
3551 3395 3677 3453 illos
3698 3396 3790 3452 de-

2196 3490 2373 3547 vitarc
2400 3532 2414 3557 ,
2487 3491 2722 3547 scientes
2781 3490 2908 3561 quia
2972 3484 3223 3547 subversi
3283 3497 3411 3546 sunt
3470 3486 3785 3561 ejusmodi:

2205 3601 2225 3635 ι
2259 3581 2452 3639 Sermo
2500 3594 2687 3640 eorum
2716 3590 2776 3638 ut
2805 3592 3002 3639 cancer
3039 3579 3233 3653 serpit,
3284 3586 3340 3638 et
3378 3584 3491 3637 tota
3536 3582 3788 3637 doctrina

2199 3690 2390 3731 eorum
2409 3675 2532 3731 dolo
2553 3682 2608 3730 et
2628 3674 2909 3731 mendacio
2929 3674 3087 3745 plena
3108 3672 3374 3730 veraciter
3394 3672 3787 3743 improperium

2199 3772 2284 3824 est
2319 3764 2405 3838 (II
2431 3766 2565 3821 Tim.
2598 3766 2681 3836 ll).
2710 3786 2727 3819 ι
2761 3762 3052 3837 Propterea
3081 3764 3249 3820 dicit:
3287 3778 3306 3817 ι
3332 3763 3672 3836 Improperia
3695 3778 3788 3819 ex-

2198 3856 2575 3930 probrantittm
2599 3854 2699 3913 tibi
2724 3855 3037 3913 ceciderunt
3066 3866 3229 3931 super
3252 3868 3340 3912 me
3363 3850 3537 3929 (Psat.
3567 3854 3741 3927 uir),
3764 3875 3785 3908 ι

2200 3960 2431 4022 quorum
2479 3956 2661 4004 tamen
2704 3945 2828 4004 ﬁnis
2871 3946 3146 4016 interitus,
3175 3955 3231 4005 et
3261 3946 3497 4019 procella
3527 3946 3787 4002 tendin-

2199 4050 2322 4100 i'um
2348 4042 2406 4098 in
2436 4047 2696 4099 aeternum
2725 4040 2806 4097 eis
2834 4051 3049 4097 servata
3077 4047 3183 4098 est.
3216 4036 3369 4097 Unde
3398 4039 3659 4095 admonet
3690 4053 3788 4092 au-

2201 4130 2404 4193 ditores
2436 4146 2565 4192 suos
2592 4134 2879 4207 sapientia,
2927 4142 2989 4190 ut
3012 4133 3344 4206 praevideant
3380 4131 3484 4188 sibi
3516 4132 3570 4187 in
3598 4134 3787 4203 poste-

2201 4238 2344 4299 rum,
2396 4238 2452 4287 et
2495 4228 2562 4286 de
2608 4226 2806 4285 futuris
2848 4226 3218 4300 praecogitent,
3273 4224 3509 4297 qualiter
3550 4224 3790 4281 evadant

2199 4332 2419 4395 poenam
2445 4318 2720 4389 vindictae,
2749 4326 2807 4378 et
2836 4316 3265 4378 misericordiam
3292 4314 3569 4374 inveniant
3593 4328 3788 4374 coram

2200 4406 2373 4470 oculis
2401 4408 2519 4469 Dei.

2278 4523 2297 4555 ο
2332 4501 2473 4559 Ante
2505 4496 2769 4573 judicium
2792 4510 2924 4574 para
2954 4499 3221 4574 justitiam
3253 4499 3371 4566 tibi,
3402 4506 3454 4554 ct
3491 4504 3788 4569 antequam

2209 4613 2228 4649 ‹
2262 4592 2520 4667 loquaris,
2565 4592 2744 4662 disce;
2787 4604 2916 4650 ante
2952 4593 3271 4665 languorem
3317 4586 3512 4647 adhibe
3556 4587 3789 4646 medici-

2208 4698 2227 4741 α
2260 4698 2410 4753 nam,
2449 4694 2506 4743 et
2540 4692 2665 4743 ante
2699 4684 2963 4756 judicium
3006 4684 3279 4755 interroga
3318 4681 3571 4753 teipsum,
3626 4686 3685 4738 et
3730 4681 3790 4737 in

2208 4790 2228 4832 ι
2261 4786 2552 4850 conspectu
2580 4774 2677 4833 Dei
2706 4778 2949 4833 invenies
2982 4774 3441 4847 propitiationem.
3486 4773 3631 4828 Ante
3672 4771 3789 4827 lan-

2206 4887 2226 4923 (
2259 4878 2482 4941 guorem
2510 4867 2734 4924 humilia
2773 4867 3027 4937 teipsum,
3063 4872 3119 4921 et
3147 4866 3201 4921 in
3225 4872 3467 4936 tempore
3494 4858 3787 4919 inﬁrmita-

2207 4960 2332 5017 ttis
2383 4960 2609 5017 ostende
2662 4960 3127 5016 conversationem
3178 4966 3347 5013 tuam.
3380 4974 3399 5010 ι
3454 4953 3583 5012 Haec
3640 4954 3787 5010 enim

2201 5052 2383 5110 Omnia
2409 5052 2476 5108 ad
2510 5051 2777 5109 cautelam
2816 5050 3057 5109 ﬁdelium
3104 5051 3249 5109 dicta
3294 5055 3439 5115 sunt,
3475 5052 3539 5104 ut
3566 5060 3786 5120 semper

2202 5145 2377 5218 parati
2416 5144 2546 5213 sint,
2593 5153 2648 5201 et
2687 5160 2964 5217 nunquam
2998 5143 3301 5217 perniciosa
3333 5141 3630 5198 securitate
3655 5141 3787 5198 sibi—

2203 5230 2445 5309 metipsis
2490 5230 2854 5305 blandiantur,
2900 5234 2993 5291 sed
3025 5234 3170 5291 omni
3208 5234 3330 5290 nisu
3357 5232 3413 5288 in
3437 5233 3664 5289 servitio
3692 5231 3786 5287 Dei

2203 5332 2375 5398 usque
2398 5327 2463 5382 ad
2490 5326 2652 5383 ﬁnem
2680 5326 2806 5383 vitae
2843 5338 2952 5383 sua:
2991 5325 3239 5381 laborare
3261 5322 3623 5389 contendant,
3657 5332 3787 5379 ante

2196 5404 2388 5487 iudicii
2418 5422 2630 5488 tempus
2659 5426 2715 5474 et
2734 5416 2880 5473 diem
2900 5416 3065 5484 illum,
3099 5422 3206 5487 quo
3227 5414 3598 5487 unusquisque
3624 5412 3785 5471 debet

2203 5523 2303 5580 pro
2331 5524 2388 5564 se
2414 5507 2681 5564 rationem
2707 5508 2819 5565 Deo
2842 5507 3088 5564 reddere.
3120 5505 3211 5563 Ille
3235 5507 3394 5564 discit
3425 5515 3593 5578 atque
3623 5504 3787 5576 justi.

2205 5600 2335 5655 tiam
2371 5594 2472 5655 sibi
2518 5606 2808 5672 praeparat,
2853 5600 2944 5671 qui
2986 5599 3229 5671 quotidie
3272 5601 3519 5663 rimatur,
3553 5594 3686 5668 quid
3718 5594 3787 5652 de

2203 5692 2615 5749 conversatione
2658 5709 2755 5749 sua
2800 5700 2855 5749 et
2898 5692 3106 5750 actibus
3156 5692 3269 5749 Deo
3314 5692 3543 5764 placeat,
3582 5688 3785 5761 quidve

2204 5784 2508 5854 displiceat,
2538 5792 2592 5840 et
2622 5786 2696 5840 ita
2735 5800 2794 5842 se
2826 5799 2924 5856 per
2961 5784 3392 5857 compunctionis
3428 5783 3701 5854 lacrymas
3727 5782 3785 5834 et

2201 5878 2610 5949 castigationem
2650 5879 2911 5949 corporis,
2957 5878 3138 5937 studet
3164 5894 3195 5936 a
3221 5877 3431 5939 delictis
3469 5872 3775 5942 mundam:
