4030 6466
312 409 415 472 885

1178 414 1527 475 COMMENT.
1566 420 1631 474 IN
1673 422 2279 479 ECCI.ESIASTICUM.
2321 453 2353 462 —-
2431 421 2554 477 LIB.
2598 420 2681 477 IV.

3463 415 3568 473 886

314 540 374 587 ut
398 542 504 587 non
526 547 744 588 necesse
764 533 833 588 sit
856 548 954 605 pro
978 534 1271 618 pollutione
1295 546 1637 608 peccatorum
1662 540 1880 595 aeternis
1906 541 1959 602 Α
1982 546 2066 594 est
2092 539 2286 606 oratio,
2319 540 2445 610 quia
2486 538 2821 595 solummodo
2847 538 2922 592 illi
2951 538 3019 593 ab
3051 552 3117 594 eo
3144 534 3437 591 audiuntur
3463 535 3607 618 quit

313 622 644 680 Cruciatibus
677 623 731 680 in
759 623 844 680 die
872 625 1121 684 vindictae
1152 614 1325 685 denuo
1348 629 1495 684 illum
1526 630 1725 686 subire.
1742 630 1891 685 Illam

318 714 463 769 enim
491 713 683 771 librant
703 716 1020 789 languorem
1045 716 1275 790 appellat
1301 730 1355 776 et
1380 728 1586 793 tempus
1611 721 1894 777 inﬁrmita-

319 804 411 872 tis,
466 810 684 878 quando
718 807 867 877 justa
916 810 1202 867 retributio
1245 812 1532 882 unicuique
1556 829 1653 883 pro
1683 813 1892 870 actibus

316 897 555 968 propriis
586 899 921 972 rependitur.
954 900 1064 958 Nec
1085 901 1197 973 jam
1231 896 1357 961 licet
1378 905 1627 977 cuiquam
1652 905 1890 977 operari,

319 986 412 1043 sed
433 985 515 1043 fas
538 994 619 1044 est
643 988 867 1061 operum
887 1007 1108 1049 suorum
1134 995 1436 1051 mercedem
1458 1013 1891 1071 unumquemque

320 1080 580 1151 recipere.
614 1078 713 1138 Hic
740 1084 883 1138 enim
907 1082 1023 1141 dies
1053 1086 1227 1157 qualis
1276 1088 1366 1156 sit,
1413 1088 1717 1162 Sophonias
1763 1108 1889 1162 pro-

316 1173 482 1244 pheta
531 1175 766 1231 ostendit
791 1218 807 1244 ,
856 1177 1037 1234 dicens
1074 1193 1089 1233 :
1135 1200 1151 1232 ι
1179 1178 1340 1236 Juxta
1385 1191 1469 1239 est
1516 1183 1632 1241 dies
1677 1182 1891 1240 Domini

318 1278 558 1336 magnus
594 1274 649 1321 et
690 1267 846 1324 νεξιοὶ
873 1269 1034 1326 ‘nimis
1062 1290 1074 1324 :
1106 1287 1206 1326 vox
1259 1262 1367 1331 diei
1413 1264 1629 1331 Domini
1679 1291 1890 1345 amara,

329 1356 676 1414 tribulabitur
706 1359 778 1415 ibi
808 1348 985 1429 fortis,
1012 1362 1127 1420 dies
1150 1363 1509 1423 tribulationis
1532 1375 1587 1424 et
1607 1369 1891 1440 angustiae,

319 1448 434 1506 dies
462 1448 786 1508 calamitatis
814 1460 867 1508 et
896 1453 1146 1520 miseriae,
1177 1457 1292 1512 dies
1317 1459 1658 1515 tenebrarum
1682 1468 1736 1515 et
1764 1460 1895 1516 cali-

316 1541 477 1612 ginis,
502 1543 616 1599 dies
641 1543 850 1599 nebulae
892 1551 945 1599 et
970 1545 1221 1614 turbinis,
1269 1548 1384 1605 dies
1412 1548 1553 1606 tubae
1584 1559 1640 1606 et
1666 1550 1890 1623 clango-

318 1637 416 1704 ris,
448 1650 609 1709 super
649 1639 892 1695 civitates
940 1640 1196 1709 munitas,
1241 1650 1296 1699 et
1320 1657 1484 1713 super
1520 1630 1753 1716 angulos
1797 1658 1892 1699 ex-

316 1728 507 1785 celsos.
530 1728 598 1784 Et
618 1730 886 1787 tribulabo
916 1728 1182 1800 homines,
1207 1742 1262 1790 et
1282 1726 1637 1792 ambulabunt
1658 1744 1719 1793 ut
1741 1737 1892 1806 caeci,

1994 639 2142 686 recta
2167 629 2274 686 fide
2298 640 2353 687 et
2376 631 2532 687 bonis
2559 629 2813 701 operibus
2840 628 3021 685 levant
3048 627 3327 684 orationes
3353 639 3481 684 suas
3499 623 3569 682 ad

1990 719 2182 777 Deum.

2069 831 2087 864 ι
2120 811 2390 869 Memento
2420 812 2516 868 irae
2543 811 2599 867 in
2624 810 2714 867 die
2742 808 3250 875 consummationis,
3272 814 3329 865 et
3358 815 3569 880 tantum

1998 925 2018 959 ι
2052 906 2422 963 retributionis
2450 906 2506 961 in
2537 906 2950 962 conversatione
2972 905 3151 963 faciei.
3178 924 3201 959 θ
3236 923 3257 957 t
3278 903 3568 973 Memento,

1991 999 2198 1069 inquit,
2249 1000 2363 1067 irae,
2389 1020 2407 1052 ι
2463 1001 2566 1056 hoc
2605 1008 2689 1056 est
2729 1000 2998 1066 vindictae,
3038 1015 3161 1070 qum
3196 998 3572 1071 peccatoribus

1992 1100 2303 1150 reservatur
2330 1090 2386 1147 in
2411 1091 2497 1147 die
2535 1090 2857 1148 universalis
2880 1090 3092 1161 judicii,
3133 1099 3190 1148 et
3228 1092 3286 1148 in
3328 1105 3573 1151 resurre-

1991 1188 2173 1242 ctione
2197 1192 2534 1252 cunctorum,
2561 1184 2774 1256 quando
2792 1200 3020 1257 corpora
3038 1185 3367 1247 imulortalia
3391 1200 3575 1242 resur-

1993 1286 2142 1348 gunt,
2183 1278 2357 1348 qualis
2387 1284 2515 1334 tunc
2544 1276 2827 1334 retributio
2851 1294 2882 1334 a
2902 1275 3054 1347 justo
3071 1277 3257 1349 judice
3283 1278 3575 1349 unicuique

1994 1369 2331 1425 restituatur.
2370 1371 2556 1429 Justus
2592 1370 2736 1427 enim
2765 1370 3047 1438 Dominus,
3072 1379 3130 1427 et
3151 1371 3424 1443 justitiam
3450 1371 3572 1426 dilio'

1994 1458 2094 1527 git,
2138 1460 2447 1529 aequitatem
2481 1463 2616 1517 vidit
2651 1460 2833 1519 vultus
2858 1462 2995 1534 ejus,
3022 1462 3115 1533 qui
3135 1462 3327 1519 reddet
3351 1460 3580 1531 singulis

1993 1551 2294 1607 secundum
2323 1568 2490 1623 opera
2515 1571 2641 1619 sua.
3376 1628 3383 1637 .

2070 1660 2091 1695 ι
2135 1641 2401 1701 Memento
2435 1648 2768 1718 paupertatis
2811 1644 2869 1705 in
2919 1654 3165 1719 tempore
3211 1643 3576 1714 abundantiae,

2002 1742 2021 1789 ι
2058 1743 2112 1792 et
2152 1738 2531 1795 necessitatem
2569 1742 2907 1813 paupertatis
2948 1740 3005 1796 in
3056 1740 3145 1797 die
3190 1739 3523 1796 divitiarum.
3554 1756 3574 1791 ι

316 1814 443 1894 quia
470 1823 698 1879 Domino
729 1826 1108 1895 peccaverunt,
1143 1834 1197 1882 et
1225 1826 1529 1884 eﬂ‘undetur
1554 1831 1773 1902 sanguis
1807 1846 1895 1887 eo—
1924 1894 1935 1901 ,
1998 1825 2369 1885 Saluberrima
2408 1831 2768 1888 doctrina'est
2794 1841 2854 1888 ut
2884 1833 2941 1889 in
2988 1839 3228 1902 tempore
3259 1829 3417 1886 istius
3458 1828 3582 1883 vitae

316 1932 437 1981 rum
463 1917 604 1973 sicut
627 1905 839 1985 humus,
873 1926 928 1974 et
954 1935 1179 1990 corpora
1213 1937 1403 1978 eorum
1438 1923 1573 1979 sicut
1613 1931 1888 1994 stercora;
1920 1902 1970 1971 Β
1997 1937 2105 1994 quo
2127 1922 2256 1980 licet
2287 1925 2523 1995 operari,
2551 1925 2906 1997 eleemosynae
2929 1932 2985 1980 et
3023 1922 3414 1980 misericordia)
3440 1920 3579 1977 aeti-

315 2008 409 2061 sed
437 2014 491 2062 et
521 2014 804 2080 argentum
832 2020 1022 2065 eorum
1057 2017 1113 2065 et
1139 2022 1329 2067 aurum
1376 2029 1482 2069 non
1517 2014 1717 2085 poterit
1753 2015 1890 2071 libe-

316 2113 442 2154 rare
476 2112 570 2155 eos
597 2098 651 2155 in
677 2098 763 2155 die
798 2101 895 2156 irae
925 2101 1171 2169 Domini;
1223 2102 1281 2158 in
1327 2104 1450 2176 igne
1495 2092 1599 2161 zeli
1636 2103 1753 2176 ejus
1800 2106 1893 2163 de-

315 2189 597 2245 ierabitur
659 2190 835 2248 omnis
901 2200 1047 2249 terra
1075 2234 1092 2262 ,
1164 2194 1293 2265 quia
1359 2198 1890 2254 consummationem

317 2296 439 2336 cum
476 2280 823 2340 festinatione
857 2283 1021 2342 faciet
1045 2287 1257 2344 cunctis
1295 2287 1664 2348 habitantibus
1691 2297 1895 2348 terram

316 2370 505 2446 (Soph.
540 2376 601 2448 l).
624 2394 644 2428 ι
1430 2408 1431 2411 η

903 2464 1130 2528 CAPUT
1168 2468 1300 2529 VIII.

318 2558 388 2615 Ut
410 2574 514 2616 non
539 2560 1056 2639 impediantugpram
1076 2560 1361 2639 Dominum
1387 2581 1610 2637 semper,
1646 2566 1894 2639 Apostolo

622 2632 787 2689 icente
806 2647 826 2687 :
848 2632 979 2692 Sine
1002 2635 1404 2692 intermissione
1432 2632 1603 2693 orate.

392 2758 413 2799 t
442 2743 560 2804 Non
610 2746 923 2821 impediaris
959 2765 1123 2807 orare
1160 2766 1396 2822 semper,
1430 2760 1484 2808 et
1514 2767 1624 2808 non
1656 2754 1898 2810 verearis

322 2848 343 2891 ι
370 2848 542 2911 usque
579 2839 648 2895 ad
687 2844 916 2897 mortem
949 2826 1256 2911 justiticari,
1286 2843 1541 2913 quoniam
1564 2858 1775 2899 merces
1799 2843 1899 2900 Dei

319 2932 345 2983 ‘t
378 2939 559 2987 manet
582 2931 635 2986 in
658 2928 940 2988 aeternum.
956 2953 974 2986 ι
1003 2928 1308 3005 Apostolica
1335 2934 1637 2992 exhortatio
1656 2935 1772 2992 haec
1792 2944 1895 3005 est,

1991 2013 2092 2071 bus
2117 2031 2338 2086 operam
2371 2014 2592 2085 demus,
2623 2031 2723 2072 nec
2742 2016 3032 2087 perdamus
3056 2017 3228 2072 otium
3263 2014 3424 2071 nobis
3451 2027 3581 2070 con-

1993 2120 2228 2173 cessum,
2258 2125 2279 2159 t
2309 2108 2436 2180 quia
2473 2108 2653 2166 veniet
2683 2118 2915 2180 tempus,
2938 2108 3156 2180 quando
3178 2108 3298 2180 jam
3320 2120 3432 2164 non
3452 2106 3582 2164 licet

1993 2195 2262 2267 operari.)
2297 2182 2412 2253 Hoc
2437 2199 2581 2254 enim
2613 2200 2704 2256 hic
2741 2208 2955 2271 tempus
2983 2199 3322 2272 paupertatis
3359 2205 3416 2256 et
3438 2197 3583 2255 diem

1994 2288 2335 2345 necessitatis
2371 2278 2634 2346 nominat.
2686 2290 2841 2348 Unde
2891 2289 3141 2348 Salvator
3190 2291 3245 2348 in
3288 2286 3585 2362 Evangelia

1994 2379 2287 2451 discipulos
2330 2396 2459 2439 suos
2488 2382 2702 2449 docuit,
2743 2384 2928 2440 dicens
2967 2403 2982 2439 :
3026 2404 3046 2438 ι
3082 2382 3300 2440 Currite
3342 2381 3471 2437 dum
3497 2380 3586 2437 lu—

1996 2485 2123 2527 men
2166 2455 2395 2538 habetis,
2437 2486 2507 2528 ne
2534 2472 2676 2530 forte
2714 2474 2955 2531 tenebrae
2981 2488 3082 2532 vos
3117 2471 3589 2545 comprehendant

1997 2550 2181 2635 (Joan.
2212 2563 2336 2635 XII).
2376 2585 2396 2618 ι
2429 2564 2497 2619 Et
2521 2565 2653 2621 item
2686 2581 2702 2621 :
2746 2584 2765 2616 t
2801 2565 3011 2630 Facite,
3032 2565 3235 2637 inquit,
3274 2563 3430 2621 vobis
3448 2562 3589 2619 ami-

1997 2667 2091 2711 cos
2117 2652 2184 2711 de
2207 2671 2521 2713 mammona
2548 2656 2974 2728 iniquitatis,rut
2996 2672 3120 2713 cum
3145 2655 3474 2724 defeceritis,
3506 2668 3592 2712 re-

1996 2736 2198 2819 cipiant
2226 2764 2323 2805 vos
2351 2750 2408 2806 in
2436 2759 2640 2807 aeterna
2673 2750 3042 2808 tabernacula.
3076 2768 3095 2802 ι

2074 2857 2093 2890 t
2131 2836 2176 2894 A
2212 2854 2372 2896 mane
2400 2855 2573 2912 usque
2601 2830 2672 2896 ad
2696 2854 2977 2911 vesperam
3018 2839 3316 2895 mutabitur
3352 2846 3586 2907 tempus,

2003 2949 2027 3017 ι
2056 2939 2112 2989 et
2130 2932 2247 2990 haec
2260 2933 2442 3017 omnia
2464 2933 2631 2990 citata
2652 2934 2711 2990 in
2731 2932 2904 2991 oculis
2922 2930 3155 2990 Domini.
3177 2949 3301 2985 t—t
3321 2928 3370 2986 A
3385 2940 3547 2992 mane
3563 2945 3585 2980 ι

317 3028 439 3098 qua:
467 3026 640 3083 dicit:
675 3046 693 3081 ι
725 3026 855 3084 Sine
895 3028 1298 3087 intermissione
1335 3037 1507 3097 orate,
1554 3030 1612 3087 in
1646 3030 1900 3089 omnibus

2006 3022 2150 3091 dicit,
2163 3024 2265 3081 hoc
2278 3032 2363 3082 est
2382 3025 2582 3083 abortu
2602 3024 2920 3093 nativitatis,
2941 3042 2961 3078 ι
2985 3025 3236 3097 usquead
3259 3036 3541 3094 vesperam
3565 3040 3586 3074 ι

318 3118 521 3189 g’ratias
572 3118 734 3191 agite.
770 3112 895 3175 Haec
940 3120 1024 3177 est
1065 3121 1210 3177 enim
1260 3108 1509 3179 voluntas
1535 3120 1632 3179 Dei
1660 3123 1717 3179 in
1745 3121 1900 3179 Chri-

2006 3116 2295 3173 senectutis
2330 3132 2349 3168 ι
2370 3116 2669 3173 mutabitur
2706 3124 2917 3189 tempus
2939 3135 2960 3169 ι
2987 3115 3165 3172 aetatis
3186 3113 3443 3182 heminis,
3464 3112 3592 3183 quia

319 3210 405 3263 Sto
428 3206 557 3265 Jesu
580 3208 635 3265 in
656 3209 906 3267 omnibus
929 3206 1080 3268 vobis
1106 3209 1193 3285 (ΙΙ
1222 3202 1401 3270 There.
1426 3212 1507 3286 ιι).
1538 3232 1556 3266 ι
1589 3202 1735 3271 Idem
1755 3213 1899 3286 Apo-
1938 3278 1974 3286 _
2010 3230 2031 3265 t
2059 3210 2297 3282 repletus
2322 3208 2508 3266 multis
2534 3208 2771 3265 miseriis
2790 3207 2930 3279 fugit
2957 3206 3103 3263 velut
3128 3205 3349 3273 umbra,
3372 3212 3430 3261 et
3451 3218 3592 3259 nun-

320 3298 491 3356 stolus
545 3299 670 3357 alibi
713 3296 778 3358 de
822 3302 1026 3375 nuptiis
1070 3278 1308 3377 disputat
1357 3278 1625 3378 quomodo
1675 3278 1901 3379 innupta
1927 3278 1974 3345 ο
2005 3278 2168 3380 quam
2195 3306 2251 3361 in
2272 3303 2474 3375 [eodem
2501 3311 2647 3360 statu
2665 3308 2950 3375 permanet
2972 3298 3117 3373 (Job.
3146 3298 3281 3373 xxv).
3317 3312 3338 3352 ι
3373 3295 3473 3353 Vel
3493 3294 3595 3353 ali-

319 3389 520 3460 eogitat
545 3394 665 3462 quae
696 3390 909 3449 Domini
938 3394 1086 3466 sunt,
1133 3404 1203 3453 ut
1236 3397 1309 3454 sit
1351 3404 1539 3454 sancta
1582 3412 1814 3470 corpore
1850 3407 1905 3455 et
2007 3409 2092 3458 ter
2119 3419 2133 3456 :
2162 3401 2207 3456 A
2233 3414 2428 3466 mane,
2457 3398 2562 3454 hoc
2588 3405 2674 3454 est
2702 3397 2774 3452 ab
2805 3395 2961 3454 initio
2985 3393 3280 3453 creatieuis
3306 3390 3595 3448 mundanae

323 3472 540 3551 spiritu,
572 3484 626 3539 et
651 3478 882 3556 qualiter
923 3472 1015 3545 illa
1053 3504 1173 3561 quae
1215 3498 1382 3561 nupta
1423 3496 1510 3547 est
1545 3489 1750 3561 cogitat
1785 3506 1906 3561 quae
2006 3505 2180 3561 usque
2208 3490 2278 3547 ad
2300 3502 2582 3564 vesperam
2617 3486 2801 3544 saeculi
2826 3500 3040 3558 semper
3067 3484 3423 3541 mutabuntur
3447 3486 3592 3537 tm-

322 3576 449 3626 sttnt
494 3574 702 3641 mundi,
751 3577 1019 3648 quomodo
1068 3578 1282 3651 placeat
1328 3572 1447 3640 viro
1471 3622 1486 3650 ,
1532 3590 1589 3640 et
1633 3582 1907 3656 subjungit
2004 3596 2159 3655 pora,
2182 3589 2238 3638 et
2260 3596 2378 3649 ver,
2400 3588 2583 3647 testas,
2612 3588 2906 3636 autumas
2931 3585 2988 3635 et
3015 3575 3212 3642 hiems,
3241 3574 3357 3631 dies
3386 3579 3443 3630 et
3463 3585 3593 3638 nox,

320 3660 549 3720 dicens:
584 3684 602 3718 ι
628 3658 795 3725 Porro
823 3670 928 3727 hoc
957 3670 1026 3727 ad
1046 3670 1337 3731 utilitatem
1366 3682 1605 3732 vestram
1628 3670 1769 3742 dico,
1795 3691 1906 3733 non
2006 3690 2286 3747 nunquam
2317 3674 2667 3746 requiescunt
2698 3691 2712 3728 :
2744 3681 2802 3729 et
2825 3680 3007 3729 tamen
3034 3671 3151 3728 haec
3178 3668 3365 3727 omnia
3390 3667 3461 3723 ad
3486 3671 3597 3723 sta-

320 3758 381 3813 ut
404 3755 655 3830 laQueum
686 3761 836 3819 vobis
864 3762 1125 3834 i'njiciam,
1156 3765 1251 3824 sed
1277 3764 1344 3824 ad
1366 3758 1423 3824 id
1446 3762 1591 3838 quod
1617 3766 1907 3824 honestum
2007 3778 2126 3826 tum
2161 3768 2484 3826 aeternitatis
2531 3774 2844 3839 comparata
2884 3765 2996 3824 cito
3036 3763 3273 3822 transire
3320 3761 3598 3829 videntur,

323 3858 428 3919 est,
453 3852 507 3908 et
542 3855 686 3925 quod
723 3855 1030 3915 facultatem
1079 3860 1321 3932 praebeat
1365 3861 1483 3918 sine
1521 3862 1906 3933 impedimento
2005 3877 2110 3920 nec
2135 3861 2341 3934 aliquid
2364 3862 2433 3918 de
2459 3860 2832 3932 corporalibus
2861 3860 3024 3916 rebus
3047 3864 3371 3930 perpetuum
3390 3862 3597 3912 manet-

321 3942 609 4000 Bominum
635 3946 952 4005 obseerandi
981 3946 1032 4023 (I
1055 3949 1177 4007 Cor.
1211 3950 1330 4025 vn).
1355 3972 1374 4005 ι
1402 3944 1538 4008 Hinc
1566 3961 1622 4009 et
1650 3953 1769 4024 ipsa
1797 3953 1904 4010 Ve-
2009 3952 2118 4011 Sed
2142 3953 2323 4011 omnia
2357 3967 2546 4010 coram
2573 3951 2746 4010 oculis
2781 3951 2996 4008 Domini
3023 3955 3337 4016 transeunt,
3364 3955 3424 4005 et
3445 3954 3601 4004 certe

322 4032 457 4089 ritas
482 4035 536 4091 in
557 4030 850 4109 Evangelio
875 4040 976 4095 ait:
1000 4059 1019 4091 ι
1039 4040 1269 4113 Vigilate
1292 4043 1473 4114 itaque
1496 4044 1645 4101 omni
1667 4052 1907 4115 tempore
2007 4043 2116 4101 fine
2138 4044 2479 4102 clauduntur.
2510 4043 2631 4117 Ipse
2656 4052 2838 4102 autem
2865 4057 3080 4116 semper
3098 4040 3370 4115 idem_est,
3392 4046 3449 4099 et
3468 4037 3600 4096 anni

320 4135 557 4221 orantes,
587 4137 648 4187 ut
673 4128 816 4203 digni
854 4130 1159 4193 habeamini
1206 4132 1390 4208 fugere
1431 4135 1535 4193 ista
1561 4128 1759 4194 omnia
1787 4152 1908 4221 qum

321 4212 503 4274 fitlura
539 4220 684 4287 Sunt,
733 4226 787 4277 et
827 4220 973 4279 stare
1001 4230 1127 4279 ante
1155 4223 1325 4281 tilium
1361 4224 1617 4295 hominis,
1649 4212 1908 4301 quoniam

321 4318 536 4369 merces
566 4308 684 4380 Dei,
719 4308 917 4386 inquit,
944 4318 1129 4373 manet
1156 4317 1211 4373 in
1241 4315 1509 4375 aeternum
1538 4304 1689 4391 (Luc.
1723 4318 1859 4395 xm).
1881 4339 1901 4373 ι

324 4403 568 4461 Prudens
611 4406 802 4474 lector,
852 4396 1071 4489 attende
1106 4409 1251 4480 qubd
1291 4402 1422 4467 dicit
1465 4412 1770 4468 mercedem
1809 4409 1908 4467 Dei

325 4500 547 4554 manere
576 4497 629 4553 lh
653 4505 938 4556 aeternum.
982 4496 1049 4556 Et
1091 4500 1229 4558 scite
1255 4488 1400 4573 quod
1435 4494 1638 4561 frustra
1667 4492 1908 4561 haeretici

325 4590 670 4663 sttspieantur
696 4588 956 4663 supplicia
994 4594 1343 4665 peccatorum
1381 4598 1490 4651 non
1530 4607 1652 4652 esse
1678 4596 1902 4652 aeterna.

325 4655 487 4738 Juxta
507 4655 871 4756 evangelieam
892 4655 1020 4757 ergo
1047 4687 1372 4743 sententiam
1401 4704 1414 4743 :
1448 4705 1468 4741 ι
1495 4674 1652 4743 Ibunt
1676 4685 1828 4758 impii
1852 4688 1909 4744 in
1932 4655 1988 4718 θ

327 4779 643 4850 supplicium
674 4784 958 4854 aeternum,
991 4785 1124 4859 justi
1155 4796 1337 4844 autem
1367 4782 1423 4844 in
1455 4784 1621 4844 vitam
1649 4795 1908 4844 aeternam

328 4862 542 4946 (Matth.
576 4877 757 4952 txv)”
796 4887 852 4936 et
876 4880 1092 4953 utrique
1121 4879 1297 4940 ordini
1336 4897 1433 4941 sua
1479 4872 1764 4942 retributio
1787 4898 1910 4955 per-

326 4964 613 5041 petualitel'
636 4976 934 5044 permanet.

403 5070 425 5113 ι
446 5060 588 5119 Ante
628 5064 931 5121 orationem
971 5081 1217 5139 praepara
1253 5054 1492 5125 animam
1515 5074 1683 5153 tuam,
1714 5076 1771 5126 et
1796 5069 1911 5127 noli

335 5171 355 5207 ι
385 5160 507 5212 es‘se
551 5156 709 5228 quasi
739 5158 903 5216 homo
932 5160 1025 5232 qui
1056 5164 1231 5217 tentat
1267 5152 1459 5218 Deum.
1492 5181 1512 5217 ι
1543 5158 1625 5218 De
1653 5152 1757 5220 hoc
1784 5164 1909 5235 qui-

333 5246 452 5305 dem
475 5248 530 5304 in
552 5245 842 5323 Evangelio
867 5251 1156 5325 discipulos
1178 5270 1304 5311 suos
1327 5256 1672 5327 praemonuit,
1694 5256 1908 5315 dicens:

334 5359 355 5396 t
388 5340 525 5400 cum
553 5336 766 5402 stabitis
785 5345 853 5401 ad
872 5342 1162 5414 orandum,
1184 5334 1441 5404 dimittite
1467 5347 1516 5404 si
1543 5349 1675 5419 quid
1699 5336 1913 5409 habetis
1978 5366 1981 5369 '

326 5430 590 5496 adversus
625 5438 882 5512 aliquem,
915 5432 975 5495 ut
1002 5438 1164 5497 Pater
1192 5438 1395 5509 vester,
1420 5442 1515 5515 qui
1538 5442 1597 5499 in
1624 5430 1779 5501 ctelis
1805 5451 1908 5510 est,

330 5529 572 5589 dimittat
593 5531 747 5591 vobis
770 5541 994 5605 peccata
1020 5530 1222 5590 vestra.
1247 5522 1401 5602 Quod
1426 5534 1473 5589 si
1494 5549 1592 5591 vos
1615 5551 1724 5592 non
1749 5535 1909 5592 dimi-

331 5625 535 5696 seritis,
567 5641 669 5683 nec
711 5623 876 5683 Pater
917 5632 1119 5695 vester,
1150 5625 1244 5699 qui
1268 5627 1323 5682 in
1353 5625 1507 5693 ctelis
1530 5634 1638 5694 est,
1678 5626 1916 5684 dimittet

334 5714 488 5774 vobis
535 5725 757 5787 peccata
782 5725 975 5785 _vestra
1006 5714 1202 5790 (Marc.
1233 5715 1333 5790 XI).
1364 5736 1383 5769 ι
1427 5714 1708 5773 llle'enim
1753 5717 1916 5774 homo

334 5802 507 5865 Deum
551 5806 764 5864 videtur
800 5817 1035 5878 tentare,
1079 5806 1171 5882 qui
1211 5804 1288 5866 ita
1316 5819 1460 5877 erat,
1509 5816 1570 5865 ut
1606 5808 1810 5876 docuit,
1860 5817 1918 5866 et

339 5910 519 5966 ta‘mcn
564 5927 673 5966 non
720 5904 822 5965 hoc
860 5904 970 5977 agit
1010 5896 1154 5978 quod
1170 5903 1361 5978 jussit.
1390 5894 1913 5979 Cujusjnfructuosa

2006 4135 2125 4210 ejus
2146 4152 2254 4193 non
2289 4136 2565 4194 deficient.

2084 4247 2105 4283 ι
2159 4228 2333 4285 Homo
2368 4228 2587 4299 sapiens
2627 4227 2684 4283 in
2711 4226 2965 4284 omnibus
2995 4226 3209 4291 metuit,
3237 4224 3375 4280 etin
3405 4222 3599 4280 diebus

2014 4341 2034 4377 ι
2071 4321 2391 4379 delictorum
2424 4320 2667 4377 attendet
2707 4319 2776 4375 ab
2820 4317 3038 4374 inertia.
3096 4336 3117 4369 ι
3151 4315 3350 4383 Homo,
3397 4313 3597 4384 inquit,
3650 4338 3653 4341 ·

2007 4414 2222 4488 sapiens
2248 4412 2305 4469 in
2327 4412 2577 4469 omnibus
2603 4409 2818 4478 metuit,
2859 4409 2988 4481 quia
3025 4408 3223 4465 beatus
3261 4406 3427 4462 homo
3449 4414 3565 4461 sem
3584 4432 3597 4444 -

2007 4522 2106 4581 per
2133 4488 2360 4579 pavidus
2391 4511 2495 4561 est.
2530 4502 2624 4560 Ille
2655 4502 2855 4574 quippe
2898 4514 3029 4557 vere
3072 4499 3292 4571 sapiens
3335 4504 3463 4564 est,
3503 4496 3599 4567 qui

2009 4600 2267 4656 timorem
2302 4595 2401 4653 Dei
2448 4608 2667 4666 semper
2709 4594 2836 4651 ante
2867 4590 3055 4651 oculos
3090 4588 3275 4648 cordis
3300 4588 3487 4655 habet,
3526 4587 3603 4644 ita

2012 4700 2075 4750 ut
2118 4692 2188 4749 ab
2215 4688 2468 4748 omnibus
2503 4685 2748 4755 delictis,
2779 4694 3040 4758 quantum
3072 4680 3333 4757 possibile
3364 4688 3472 4748 est,
3512 4693 3603 4735 ca-

2010 4791 2155 4851 veat,
2198 4781 2527 4840 oblivionem
2568 4787 2963 4853 praeceptorum
2998 4775 3097 4834 Dei
3127 4773 3324 4846 fugiat,
3352 4779 3409 4829 et
3447 4786 3602 4826 man-

2012 4874 2141 4933 data
2188 4858 2307 4948 ejus
2361 4889 2527 4951 opere
2579 4872 2807 4944 implere
2848 4870 3104 4937 studeat,
3156 4867 3285 4938 quia
3336 4864 3601 4936 propheta

2009 4973 2245 5025 testante
2272 4984 2285 5020 :
2322 4983 2341 5018 t
2368 4963 2588 5022 Initium
2615 4964 2893 5036 sapientiae
2920 4968 3009 5043 est
3034 4960 3200 5017 timor
3242 4956 3480 5022 Domini,
3514 4955 3599 5011 in-

2014 5044 2262 5120 tellectus
2283 5058 2460 5118 bonus
2481 5058 2733 5118 omnibus
2755 5055 3080 5115 facientibus
3099 5068 3225 5110 eum
3246 5050 3435 5124 (Prae:
3449 5050 3553 5121 rx).-
3575 5068 3595 5102 ι

2019 5152 2387 5227 Cogitationes
2409 5152 2556 5210 enim
2588 5150 2797 5239 robusti
2820 5162 3035 5221 semper
3066 5146 3122 5204 in
3151 5142 3517 5211 abundantia;
3544 5149 3604 5200 et

2018 5251 2197 5313 omnis
2217 5252 2374 5323 piger
2402 5263 2616 5321 semper
2636 5248 2695 5305 in
2718 5252 2957 5320 egestate
2982 5242 3103 5301 erit.

2096 5366 2117 5402 ι
2148 5346 2338 5406 Omnis
2358 5350 2570 5403 astutus
2590 5341 2834 5415 agnoscit
2855 5337 3202 5410 sapientiam,
3233 5344 3290 5394 et
3305 5334 3599 5393 inveniénti

2025 5457 2047 5495 ι
2080 5454 2204 5498 eam
2246 5439 2399 5497 dabit
2431 5434 2846 5496 confessionem.-
2879 5451 2901 5486 ι
2933 5430 3181 5498 Astutus,
3210 5428 3317 5487 hoc
3349 5436 3456 5494 est,
3482 5425 3603 5483 (11ιὶ-
3642 5452 3651 5461 -

2020 5547 2155 5605 gens
2182 5540 2237 5590 et
2256 5533 2496 5588 intentus
2521 5528 2813 5585 meditator
2835 5525 2974 5599 legis
2994 5524 3094 5583 Dei
3116 5522 3363 5597 agnoscit
3382 5519 3605 5591 sapim-

2019 5631 2156 5684 tiam
2209 5626 2307 5681 Dei
2357 5638 2478 5681 esse
2534 5621 2838 5688 Christum;
2887 5628 2945 5676 et
2994 5628 3283 5691 postquam
3331 5610 3605 5671 invenerit

1964 5712 2184 5788 ""éum,
2217 5726 2276 5775 et
2308 5715 2471 5776 corde
2497 5715 2720 5773 credulo
2747 5714 2864 5785 ejus
2902 5711 3233 5786 agnitionem
3264 5702 3604 5781 Ρθωθνθῒίεν

2022 5810 2141 5882 ipse
2175 5810 2325 5866 dabit
2368 5808 2419 5864 ei
2460 5805 2854 5865 confessionem
2892 5811 3055 5862 recta
3090 5792 3517 5876 prndium
3549 5798 3606 5848 et

2020 5896 2263 5964 studium
2292 5894 2568 5968 condignae
2595 5889 2945 5965 operationis.
