4030 6476
471 343 575 403 887

1108 345 1167 401 Β.
1208 344 1463 404 RABANI
1500 345 1720 404 MAUM
1757 343 2074 404 ARCHIEP.
2121 342 2260 401 M06
2277 341 2434 402 UNT.
2476 341 2758 401 OPERUM
2799 342 2978 401 PARS
3017 344 3057 400 i.

3626 343 3737 401 888

544 478 568 514 ε
602 457 818 516 Sensati
848 457 904 514 in
941 458 1122 518 verbis
1159 469 1215 518 et
1247 462 1348 532 ipsi
1390 462 1662 534 sapienter
1699 473 1964 536 egerunt,
1993 471 2048 520 ct
2075 465 2128 528 Α
2153 468 2334 518 tamen
2378 461 2434 516 in
2485 462 2641 517 turba
2691 459 3036 517 conversanti
3090 471 3198 514 non
3241 458 3457 514 videtur
3508 460 3744 531 grandis

474 573 496 610 ι
531 553 912 612 intellexerunt
937 555 1220 612 veritatem
1246 565 1303 612 et
1320 555 1612 627 justitiam,
1641 567 1697 614 et
1721 557 2044 630 implorave-

473 664 497 702 σ
530 656 659 704 runt
685 647 970 718 proverbia
1006 655 1063 702 et
1086 647 1326 720 .judicia.
1366 668 1386 702 ι
1430 649 1582 705 Sicut
1607 650 1758 722 prius
1785 649 1862 706 ait
1890 658 2041 707 astu-

467 746 879 812 tos-agnoscere
911 737 1248 810 sapientiam,
1300 739 1382 796 sic
1423 746 1480 796 et
1517 755 1661 796 nunc
1705 748 1949 797 sensatos
1988 741 2044 797 in

461 833 648 889 verbis
704 832 861 888 bonis
910 831 1120 889 actibus
1177 832 1516 891 demonstrat
1565 833 1797 907 probare
1851 849 2046 892 sensus

463 924 848 996 prudentiam;
879 924 936 982 in
957 925 1140 982 verbis
1158 925 1306 982 enim
1337 927 1542 982 sensati
1570 926 1674 998 ipsi
1705 935 1833 983 sunt
1859 927 2042 984 docto-

463 1034 556 1076 res
593 1018 787 1087 sancti,
824 1019 917 1090 qui
945 1035 1054 1076 non
1096 1018 1270 1076 solum
1312 1019 1618 1092 intelligunt
1658 1021 1945 1078 veritatem
1989 1029 2045 1079 et

457 1109 726 1183 justitiam
749 1111 1128 1168 mandatorum
1165 1111 1285 1179 Dei,
1321 1111 1418 1168 sed
1443 1120 1498 1168 et
1533 1113 1819 1183 proverbia
1843 1113 2046 1170 doctri-

460 1218 658 1258 narum
681 1204 751 1260 ob
771 1203 1076 1260 auditorum
1105 1217 1326 1260 suorum
1349 1204 1630 1274 proferunt
1657 1205 1960 1269 utilitatem,
1990 1211 2046 1263 et

459 1295 730 1354 bonorum
749 1296 1120 1370 exemplorum
1145 1313 1255 1355 non
1281 1307 1500 1356 cessant
1526 1299 1607 1355 eis
1632 1299 1890 1356 exhibere
1917 1299 2042 1355 imi-

463 1389 745 1448 tationem.

1067 1500 1297 1560 CAPUT
1347 1501 1440 1558 IX.

462 1617 540 1673 De
567 1617 886 1674 continentia
908 1617 1124 1690 animm,
1164 1635 1225 1674 eo
1249 1617 1392 1690 quod
1420 1633 1526 1674 non
1557 1593 1626 1674 sit
1655 1619 1885 1678 eundum
1930 1625 2046 1690 post

532 1690 794 1762 desideria
825 1687 1034 1762 cordis,
1071 1689 1127 1762 id
1167 1699 1243 1744 est
1262 1687 1282 1762 ί
1299 1705 1403 1744 non
1441 1687 2043 1762 esse_acqniescendum

531 1759 932 1842 cogitationibus
970 1760 1118 1815 vanis
1145 1799 1160 1827 ,
1192 1760 1284 1816 sed
1324 1759 1526 1815 auxilio
1553 1760 1652 1816 Dei
1686 1759 2042 1817 obsistendum

533 1848 631 1885 818.

537 1964 557 1998 ι
588 1945 719 2004 Post
738 1951 1205 2023 concupiscentias
1227 1958 1348 2007 tuas
1368 1965 1476 2007 non
1498 1965 1614 2018 eas,
1636 1959 1694 2008 ct
1717 1965 1748 2006 a
1770 1950 2047 2022 voluptate

465 2055 486 2089 ι
525 2046 614 2094 tua
649 2049 928 2098 avertere:
962 2044 1008 2099 si
1036 2051 1262 2116 praestes
1293 2044 1488 2101 anima:
1518 2052 1622 2099 tute
1655 2043 2047 2115 concupiscen-

463 2149 484 2183 ι
520 2131 648 2188 tiam
677 2132 814 2204 ejus,
841 2133 1003 2192 faciet
1031 2143 1084 2191 te
1109 2136 1164 2192 in
1190 2136 1448 2208 gaudium
1476 2135 1731 2193 inimicis.
1763 2156 1783 2190 ι
1819 2136 2048 2192 Omnem

459 2227 954 2298 concupiscentiam
1003 2228 1278 2286 carnalem
1338 2230 1586 2286 nocivam
1635 2243 1756 2286 esse
1813 2229 2050 2285 ostendit

461 2314 745 2389 Scriptura
779 2334 956 2376 sacra.
987 2320 1141 2378 Unde
1172 2322 1228 2377 in
1263 2321 1380 2393 lege
1419 2321 1550 2377 dicit
1583 2339 1597 2376 :
1642 2339 1662 2372 ι
1692 2320 1811 2376 Non
1849 2333 2050 2376 concu-

455 2410 634 2480 pisces
660 2413 876 2469 domum
907 2415 1141 2486 proximi
1173 2416 1286 2480 tui,
1323 2431 1426 2471 nec
1453 2414 1791 2472 desiderabis
1819 2427 2048 2469 uxorem

455 2500 596 2569 ejus.
626 2499 744 2557 Non
782 2519 1031 2573 servum,
1066 2521 1174 2561 non
1216 2505 1468 2561 ancillam
1489 2547 1502 2572 ,
1537 2519 1647 2560 non
1683 2504 1906 2571 bovem,
1938 2518 2046 2559 non

461 2589 698 2658 asinum,
744 2609 846 2649 nec
873 2595 1054 2651 omnia
1095 2611 1216 2667 quae
1258 2595 1401 2652 illius
1432 2605 1561 2652 sunt
1601 2595 1803 2668 (Exod.
1829 2594 1946 2668 xx).
1979 2593 2049 2650 Et

457 2681 584 2736 alibi
636 2685 894 2756 scriptum
939 2695 1024 2743 est
1078 2706 1092 2742 :
1148 2706 1167 2740 ‹
1212 2687 1662 2759 Concupiscentia
1709 2687 1904 2743 avertit
1951 2699 2048 2742 cor

456 2788 646 2830 corum
689 2776 852 2848 (Dan.
890 2779 1032 2852 xui).
1072 2799 1091 2831 ›
1125 2780 1202 2836 De
1231 2795 1340 2852 quo
1385 2795 1483 2850 per
1524 2778 1752 2834 Paulum
1793 2777 1991 2834 dicitur
2027 2794 2042 2833 :

463 2881 482 2914 ι
520 2863 697 2921 Radix
723 2867 871 2922 enim
899 2871 1141 2926 omnimn
1164 2871 1430 2927 malorum
1456 2879 1541 2927 est
1565 2869 1856 2940 cupiditas,
1879 2884 2044 2940 quam

453 2955 675 3026 quidam
703 2967 1022 3030 appetentes
1049 2970 1374 3019 erraverunt
1397 2978 1428 3018 a
1463 2961 1590 3026 ﬁde,
1622 2969 1678 3018 et
1698 2961 2046 3017 inseruerunt

455 3061 515 3102 se
562 3049 838 3108 doloribus
878 3054 1062 3111 multis
1110 3054 1164 3127 (Ι
1204 3054 1342 3110 Tim.
1370 3054 1470 3128 v1).
1503 3073 1522 3108 ι
1555 3053 1694 3110 llinc
1717 3061 1773 3110 et
1803 3051 2043 3108 Joannes

454 3137 532 3192 ait
582 3157 597 3194 :
655 3160 675 3193 ι
731 3141 906 3202 Nolite
945 3145 1172 3219 diligere
1212 3147 1506 3213 mundum,
1574 3161 1751 3218 neque
1800 3160 1866 3202 ea
1919 3159 2040 3215 quae

2145 568 2268 610 esse
2293 553 2497 625 culpm,
2538 568 2662 609 cum
2689 552 2972 623 Scriptura
3011 551 3156 608 dicat
3186 569 3201 606 :
3234 569 3254 604 ι
3301 551 3476 608 Omne
3503 551 3746 611 verbum

2145 646 2379 704 otiosum
2404 644 2550 717 quod
2577 645 2742 701 locuti
2767 644 2970 701 fuerint
2991 645 3239 704 homines
3263 686 3280 713 ,
3309 645 3543 703 reddent
3565 647 3744 704 ratio-

2145 753 2270 796 nem
2301 738 2368 793 de
2407 752 2473 794 eo
2519 736 2576 792 in
2614 736 2701 794 die
2731 735 2920 806 judicii
2967 737 3182 811 (Matth.
3230 738 3351 810 xu).
3403 757 3422 790 ι
3456 737 3527 794 Et
3555 738 3736 797 alibi:

2149 848 2170 882 ι
2211 828 2397 896 Risus,
2439 825 2651 898 inquit,
2708 828 2881 884 dolori
2937 829 3274 897 miscebitur,
3320 837 3376 885 et
3422 837 3741 886 extremum

2144 917 2325 991 gaudii
2353 918 2529 975 luctus
2561 927 2789 990 occupat
2818 917 3000 992 (Prov.
3041 919 3178 990 xiv).
3229 940 3248 973 ι
3281 919 3440 978 Unde
3469 920 3746 978 Dominus

2145 1020 2348 1081 noster,
2371 1013 2464 1084 qui
2493 1012 2648 1070 venit
2669 1014 2724 1069 in
2757 1014 2901 1069 hunc
2924 1015 3183 1070 mundum
3210 1021 3528 1085 peccatores
3555 1017 3748 1073 salvos

2144 1104 2350 1173 facere,
2381 1113 2436 1160 et
2458 1104 2643 1160 omnia
2673 1105 2894 1162 trahere
2921 1105 2990 1161 ad
3019 1106 3258 1178 seipsum
3289 1105 3511 1178 (Matth.
3543 1108 3654 1178 rx),
3685 1115 3751 1162 ut

2144 1199 2302 1256 nobis
2345 1202 2654 1256 ostenderet
2703 1201 3049 1257 solitudinem
3113 1200 3400 1272 aliquando
3475 1201 3751 1271 prodesse

2143 1299 2363 1364 propter
2381 1293 2922 1364 circumspectionem
2944 1293 3126 1350 cordis
3143 1293 3317 1350 nostri
3345 1291 3748 1358 innovandam,

2145 1385 2403 1442 scribitur
2437 1385 2624 1459 fugere
2650 1387 2705 1443 in
2738 1387 3012 1442 desertum
3041 1387 3240 1453 locum,
3268 1395 3324 1442 ct
3352 1387 3408 1442 in
3431 1393 3621 1441 monte
3655 1400 3752 1441 so-

2143 1477 2230 1534 lus
2258 1491 2440 1546 orare,
2471 1486 2634 1549 atque
2664 1478 2720 1534 in
2744 1493 2882 1534 nave
2907 1479 3296 1550 conquiescere
3325 1477 3478 1548 (Luc.
3507 1477 3590 1548 v).
3619 1475 3751 1532 Non

2143 1570 2286 1641 quod
2313 1569 2463 1626 illum
2501 1569 2697 1642 aliquis
2737 1570 2934 1627 laedere
2961 1571 3246 1642 potuisset,
3288 1578 3383 1625 aut
3412 1568 3600 1640 aliquo
3631 1568 3752 1626 cri-

2147 1663 2294 1718 mine
2314 1662 2555 1734 polluere
2578 1663 2762 1735 (quem
2789 1672 3003 1720 constat
3024 1665 3092 1720 ab
3109 1663 3258 1720 omni
3284 1671 3516 1736 peccato
3542 1663 3754 1721 immu-

2105 1755 2112 1770 '
2146 1768 2272 1808 nem
2309 1753 2474 1828 esse),
2528 1754 2624 1811 sed
2664 1762 2726 1810 ut
2760 1755 2918 1812 nobis
2957 1755 3264 1826 exemplum
3294 1753 3474 1823 daret,
3499 1753 3752 1826 qualiter

2071 1847 2120 1910 B
2147 1845 2396 1904 humana:
2421 1847 2550 1904 vitae
2578 1847 2817 1919 pericula
2853 1848 3127 1918 possimus
3151 1848 3413 1906 devitarc.

2766 1959 2994 2018 CAPUT
3032 1961 3101 2018 X.

2151 2051 2315 2132 Quod
2329 2055 2564 2132 ebriosus
2585 2071 2688 2111 non
2708 2055 3046 2132 ditabitur,_et
3066 2060 3356 2132 spernendo
3375 2062 3586 2117 modica
3602 2079 3750 2132 pau-

2219 2125 2366 2203 ljttiin
2398 2127 2604 2203 decidat
2631 2140 2650 2179 :
2674 2127 2878 2198 etquod
2892 2125 3134 2185 mulieres
3163 2139 3211 2185 et
3241 2131 3419 2187 vinum
3445 2125 3754 2203 apostatarc

2220 2195 2424 2266 faciant
2450 2214 2484 2252 a
2513 2197 2648 2253 Deo.

2225 2327 2246 2361 ι
2287 2306 2366 2365 Ne
2404 2307 2571 2366 fueris
2613 2310 2913 2383 mediocris;
2935 2309 2992 2366 in
3040 2312 3386 2370 contentione
3422 2328 3491 2370 ex
3531 2313 3750 2384 fenore,

2154 2417 2176 2454 ς
2219 2409 2276 2459 ει
2302 2417 2410 2459 non
2438 2410 2522 2459 est
2557 2403 2654 2460 tibi
2692 2404 2747 2461 in
2776 2405 2993 2462 sacculo
3021 2404 3180 2473 nihil,
3212 2406 3323 2462 eris
3347 2407 3495 2463 enim
3521 2408 3745 2464 invidus

2153 2509 2174 2545 ‹
2221 2501 2323 2549 tute
2357 2493 2571 2550 animae.
2617 2513 2636 2546 ι
2671 2494 2796 2552 Haec
2829 2497 3099 2552 sententia
3128 2508 3388 2568 provocat
3415 2514 3518 2555 nos
3545 2501 3617 2556 ad
3643 2499 3752 2555 mi-

2146 2585 2459 2642 sericordia;
2498 2600 2698 2655 opera,
2732 2595 2793 2642 ut
2834 2603 2940 2643 non
2978 2587 3152 2643 simus
3179 2589 3318 2661 pigri
3352 2590 3408 2645 in
3432 2590 3752 2659 praestando

2145 2678 2409 2748 proximis
2445 2678 2650 2734 nostris
2698 2678 2960 2735 beneficia
2989 2686 3236 2746 terrena,
3292 2680 3420 2750 quia
3461 2695 3569 2734 non
3621 2679 3751 2736 inde

2146 2767 2376 2825 deerunt
2399 2769 2556 2825 nobis
2595 2768 2789 2825 solatia
2821 2769 3169 2841 temporalia;
3213 2770 3323 2825 imo
3348 2771 3396 2826 si
3422 2771 3528 2827 hoc
3553 2769 3743 2827 facere

2146 2860 2483 2934 negligentes
2521 2863 2805 2932 fuerimus,
2837 2864 3033 2920 animae
3058 2873 3258 2921 nostra:
3298 2880 3406 2920 non
3448 2866 3752 2938 perspicie-

2145 2971 2266 3012 mus
2291 2972 2599 3027 praepararc
2623 2957 2763 3012 bona
2788 2955 2993 3013 futura.
3034 2956 3137 3014 Ubi
3161 2957 3474 3028 temporalis
3504 2957 3748 3016 eleemo-

2145 3064 2280 3122 syna
2307 3051 2743 3107 remunerabitur
2769 3050 3023 3108 mercede
3042 3059 3323 3123 perpetua.

2216 3140 2378 3212 (Car.
2408 3141 2562 3215 xix.)
2605 3160 2624 3194 ι
2657 3142 2952 3213 Operarius
2976 3142 3224 3198 ebriosus
3257 3157 3365 3198 non
3391 3141 3753 3214 locupletabio

456 3231 513 3287 in
558 3235 761 3294 mundo
807 3245 952 3294 sunt.
996 3239 1055 3294 Si
1083 3239 1207 3310 quis
1251 3239 1425 3312 diligit
1475 3239 1758 3306 mundum,
1808 3251 1918 3293 non
1959 3244 2043 3294 est
2069 3220 2116 3284 C
2151 3251 2171 3286 ι
2210 3241 2319 3300 tur,
2345 3234 2514 3312 etqui
2534 3235 2742 3306 spernit
2763 3235 2994 3302 modica,
3019 3235 3278 3307 paulatim
3302 3235 3525 3292 decidit.
3562 3256 3581 3290 ι
3618 3235 3751 3293 Hinc

452 3324 696 3382 Charitas
727 3325 906 3384 Patris
949 3327 1006 3384 in
1041 3341 1151 3385 eo:
1187 3328 1446 3400 quoniam
1489 3342 1650 3385 omne
1689 3327 1834 3399 quod
1861 3335 1946 3382 εει
1984 3326 2041 3384 in

453 3419 678 3488 mundo,
729 3421 1168 3494 concupiscentia
1222 3422 1404 3480 carnis
1427 3462 1443 3490 ,
1497 3429 1555 3478 et
1601 3419 2042 3492 concupiscentia

453 3510 734 3568 oculorum
755 3521 869 3580 est,
901 3521 958 3570 et
981 3514 1236 3586 superbia
1259 3514 1410 3583 vitae,
1434 3529 1556 3586 qua:
1590 3528 1699 3570 non
1721 3521 1807 3570 est
1834 3528 1904 3569 ex
1938 3511 2043 3568 Pa-

450 3609 558 3669 tre,
588 3604 685 3660 sed
715 3621 784 3660 ex
814 3607 1017 3662 mundo
1038 3614 1141 3672 est,
1174 3615 1230 3663 et
1254 3607 1488 3663 mundus
1511 3607 1732 3674 transit,
1760 3613 1816 3661 et
1842 3620 2044 3662 concu-

448 3693 718 3767 piscentia
746 3695 898 3766 ejus;
936 3699 1029 3770 qui
1053 3706 1236 3754 autem
1272 3698 1406 3754 facit
1427 3699 1760 3756 voluntatem
1785 3698 1904 3766 Dei,
1926 3713 2042 3754 ma-

451 3797 546 3843 net
574 3788 630 3844 in
654 3797 916 3846 aeternum
939 3789 993 3863 (Ι
1019 3789 1179 3846 Joan.
1205 3791 1290 3865 ιι).
1328 3811 1348 3846 ι
1375 3789 1479 3860 Qui
1501 3792 1646 3848 enim
1671 3789 2042 3861 voluptatibus

449 3893 673 3950 operam
696 3880 808 3948 dat,
827 3881 1123 3939 verendum
1143 3882 1222 3940 illi
1245 3890 1330 3941 est
1347 3896 1416 3939 ne
1435 3883 1490 3940 in
1513 3883 1645 3940 illud
1661 3880 2040 3954 propheticum

453 3971 675 4038 incidat,
717 3987 828 4045 quo
863 3972 1064 4030 dicitur
1093 3990 1109 4030 :
1149 3991 1170 4027 ς
1201 3973 1454 4046 Corrupti
1482 3981 1642 4040 sunt,
1673 3979 1731 4028 et
1755 3970 2041 4027 abomina-

451 4062 589 4120 biles
633 4062 761 4121 facti
809 4073 936 4121 sunt
967 4067 1022 4121 in
1057 4067 1428 4124 voluntatibus
1453 4067 1568 4123 suis
1597 4062 1772 4136 (Psal.
1818 4062 1966 4134 xm).
2012 4081 2034 4116 ι

451 4154 520 4209 Ει
540 4155 668 4212 alibi
695 4173 709 4211 :
741 4176 760 4209 ι
800 4157 1058 4230 Voluptas
1088 4160 1252 4216 habet
1278 4165 1593 4232 peenam,ct
1620 4156 1918 4214 necessitas
1943 4169 2042 4228 pa-

452 4246 526 4302 rit
553 4261 812 4305 coronam
845 4266 861 4316 ;
901 4270 920 4304 ι
965 4251 1060 4322 qui
1094 4251 1240 4309 enim
1281 4259 1505 4324 prmstat
1536 4249 1730 4306 animae
1767 4261 1880 4304 sua:
1909 4262 2040 4304 con-

449 4340 860 4411 cupiscentiam,
894 4342 1056 4399 faciet
1083 4359 1209 4400 eum
1240 4344 1297 4404 in
1324 4344 1580 4416 gaudium
1607 4341 1796 4399 venire
1820 4340 2040 4411 nequis-

447 4434 602 4491 simis
622 4435 891 4504 hostibus,
912 4437 1017 4493 hoc
1041 4446 1128 4495 est
1168 4437 1420 4509 malignis
1447 4435 1753 4508 spiritibus,
1777 4434 1872 4506 qui
1898 4447 2040 4490 sem-

446 4541 546 4597 per
586 4527 867 4583 interitum
911 4536 1162 4584 nostrum
1203 4528 1532 4584 desiderant.
1581 4527 1738 4584 Unde
1781 4526 2038 4597 princeps

447 4616 818 4686 apostolorum
840 4618 918 4674 ait
946 4637 959 4672 :
990 4638 1009 4671 ‹
1035 4617 1197 4675 Novit
1219 4619 1480 4676 Dominus
1504 4619 1624 4691 pios
1649 4620 1717 4676 de
1739 4619 2037 4676 tentatione

445 4710 679 4781 eripere,
728 4711 942 4781 iniquos
966 4724 1096 4768 vero
1116 4710 1174 4768 in
1196 4712 1340 4768 diem
1366 4711 1556 4783 judicii
1589 4712 1914 4769 cruciandos
1951 4725 2036 4768 re-

445 4812 669 4858 servare
717 4801 805 4875 (II
841 4801 989 4859 Petr.
1029 4802 1114 4878 ιι),
1168 4822 1190 4858 ι
1225 4804 1403 4876 magis
1443 4814 1626 4862 autem
1670 4819 1766 4862 eos
1794 4805 1888 4877 qui
1915 4813 2040 4877 post

444 4901 669 4947 carnem
708 4891 934 4949 alteram
971 4893 1028 4950 in
1062 4895 1499 4968 concupiscentia
1535 4895 1894 4952 immunditiae
1921 4910 2038 4952 am-

443 4977 662 5049 bulant,
693 4991 750 5041 et
775 4986 903 5055 quia
928 4987 1368 5059 concupiscentia
1392 5003 1501 5047 non
1527 4989 1703 5046 solum
1731 4989 1788 5045 in
1823 4989 2036 5046 luxuria

442 5079 502 5129 et
536 5073 592 5130 in
618 5075 934 5134 deliciarum
967 5080 1208 5152 appetitu
1229 5089 1477 5148 constat,
1502 5081 1600 5138 sed
1630 5082 1798 5138 etiam
1833 5081 1892 5138 in
1920 5097 2036 5138 am-

442 5164 651 5226 bitione
676 5170 947 5242 primatus
982 5181 1040 5229 et
1067 5189 1256 5232 amore
1291 5173 1537 5245 obsequii
1576 5173 1858 5245 popularis
1879 5212 1896 5242 ,
1941 5171 2036 5231 ubi

442 5269 732 5332 peccatum
760 5263 976 5324 difﬁcile
1001 5265 1294 5324 devitatur.
1314 5265 1441 5325 Ideo
1469 5267 1747 5338 sequitur:

524 5368 546 5404 ι
586 5351 667 5410 Ne
691 5353 980 5414 oblecteris
1013 5357 1071 5414 in
1095 5358 1292 5428 turbis,
1333 5373 1436 5415 nec
1465 5359 1522 5415 in
1552 5357 1780 5415 modicis
1797 5356 2036 5416 delecte-

448 5462 474 5500 ι
506 5445 626 5515 ris;
659 5449 874 5508 assidua
908 5459 993 5508 est
1028 5453 1175 5509 enim
1217 5454 1530 5512 commissio
1572 5455 1808 5511 illorum.
1854 5473 1873 5508 ι
1929 5452 2034 5522 Qui

443 5537 594 5595 enim
627 5547 817 5597 cautus
845 5556 953 5598 non
979 5549 1063 5598 est
1090 5543 1147 5599 in
1171 5545 1453 5602 turbarum
1479 5545 1934 5617 frequentatione,
1978 5553 2035 5602 et

445 5646 507 5686 se
552 5631 890 5690 intermiscet
928 5634 1176 5706 populari
1228 5640 1658 5706 conversationi,
1719 5640 2035 5709 frequenter

445 5723 659 5793 cogitur
673 5726 791 5782 sive
817 5727 873 5782 in
910 5727 1114 5794 verbo,
1144 5730 1258 5787 sive
1291 5731 1344 5786 in
1377 5733 1508 5798 risu,
1557 5734 1670 5788 sive
1701 5733 1754 5787 in
1793 5733 2035 5790 vanitate

445 5811 625 5876 aliuua
649 5815 1028 5881 mandatorum
1055 5820 1149 5878 Dei
1177 5824 1657 5881 transeressionem
1689 5823 1885 5892 facere,
1915 5840 2033 5895 qua:

2061 4579 2118 4642 D

2145 3325 2411 3382 sententia
2422 3325 2488 3380 ad
2506 3325 2785 3396 superiora
2800 3325 3044 3396 respicit,
3071 3326 3159 3381 ubi
3181 3326 3380 3383 dicitur
3406 3341 3424 3382 :
3455 3345 3475 3380 ι
3496 3325 3578 3382 Νε
3594 3326 3753 3383 oble-

2145 3420 2310 3474 cteris
2331 3418 2386 3472 in
2411 3410 2600 3486 turbis,
2623 3431 2725 3474 nec
2749 3418 2805 3473 in
2835 3418 3063 3475 modicis
3081 3419 3385 3487 delecteris,
3406 3435 3644 3491 quorum
3668 3428 3753 3476 est

2144 3510 2361 3566 assidua
2377 3511 2706 3567 commissio.
2733 3531 2754 3566 ›
2771 3511 2941 3584 Igitur
2960 3513 3014 3568 in
3043 3513 3201 3568 turba
3223 3521 3447 3585 propter
3470 3530 3634 3571 usum
3661 3529 3752 3572 ne-

2145 3604 2467 3674 quissimum
2503 3619 2612 3661 non
2639 3606 2843 3677 grande
2864 3606 3072 3662 crimen
3098 3623 3220 3664 csse
3254 3617 3478 3680 putatur
3504 3611 3750 3666 ebrieta-

2144 3695 2216 3752 tis
2237 3697 2446 3763 vitium,
2479 3699 2564 3753 cui
2591 3705 2774 3755 tamen
2799 3699 3044 3756 adhazret
3063 3715 3241 3772 poenae
3265 3717 3429 3757 oume
3455 3699 3750 3773 ﬂagitium,

2145 3784 2289 3842 sicut
2311 3787 2368 3842 in
2404 3789 2757 3860 sequentibus
2781 3789 3264 3858 demonstrabitur,
3286 3791 3380 3848 ubi
3404 3807 3528 3862 qua:
3561 3793 3746 3849 ebrie-

2145 3877 2246 3933 tati
2274 3879 2574 3934 succedunt
2591 3880 2754 3948 mala,
2777 3881 3056 3937 evidenter
3074 3871 3412 3950 ostenditur;
3437 3883 3568 3940 licet
3600 3885 3752 3940 enim

2145 3969 2347 4041 gulosis
2378 3985 2606 4041 parvum
2636 3973 2843 4029 crimen
2866 3972 3116 4035 videatur
3139 3989 3262 4031 esse
3299 3975 3471 4032 nimia
3505 3978 3748 4049 potatio,

2146 4063 2203 4118 in
2235 4064 2562 4122 detrimento
2605 4073 2789 4122 tamen
2835 4074 2891 4122 et
2919 4067 3214 4124 amissione
3236 4069 3504 4125 bonarum
3532 4085 3748 4138 rerum,

2145 4164 2202 4212 et
2227 4156 2282 4212 in
2303 4156 2758 4228 multiplicatione
2791 4158 3058 4215 scelerum
3077 4199 3093 4226 ,
3127 4158 3350 4216 tandem
3372 4160 3478 4218 sibi
3501 4161 3755 4218 sentiunt

2144 4247 2302 4305 valde
2321 4263 2442 4305 csse
2461 4249 2852 4319 perniciosum,
2883 4251 3030 4322 quod
3059 4259 3218 4308 antea
3245 4259 3570 4322 spernentes
3597 4255 3751 4310 testi-

2146 4353 2432 4401 maverunt
2459 4360 2580 4403 esse
2604 4347 2899 4404 modicum.
2927 4348 3066 4405 Nam
3091 4350 3335 4421 sequitur
3360 4369 3375 4406 :

2223 4453 2244 4488 t
2275 4436 2474 4493 Vinum
2495 4446 2551 4495 et
2573 4437 2828 4496 mulieres
2841 4449 3150 4511 apostatare
3163 4439 3367 4498 faciunt
3382 4443 3680 4514 sapientes,
3692 4454 3755 4500 et

2151 4547 2172 4583 ‹
2209 4539 2444 4602 arguunt
2472 4539 2749 4598 sensatos;
2779 4539 2835 4587 et
2857 4531 2951 4603 qui
2981 4547 3041 4589 se
3069 4532 3249 4606 jungit
3278 4533 3616 4601 fornicariis,
3640 4535 3750 4591 erit

2148 4639 2169 4676 ‹
2201 4637 2436 4693 nequam
2461 4631 2518 4678 et
2537 4623 2787 4693 putredo,
2823 4631 2881 4680 et
2902 4638 3116 4680 vermes
3136 4625 3538 4683 haereditabunt
3564 4626 3745 4693 illum,

2149 4733 2170 4770 ι
2201 4724 2257 4772 ει
2279 4715 2567 4774 extolletur
2585 4719 2640 4774 in
2661 4719 2966 4792 exemplum
2993 4719 3186 4790 majus,
3215 4729 3271 4778 et
3297 4719 3520 4778 tolletur
3544 4723 3614 4778 de
3643 4736 3751 4777 nu-

2151 4827 2174 4862 t
2205 4823 2358 4867 mero
2405 4811 2586 4868 anima
2625 4811 2762 4883 ejus.
2811 4833 2832 4868 ι
2882 4814 3103 4882 Vinum,
3142 4813 3340 4885 inquit,
3380 4823 3441 4871 et
3481 4813 3749 4871 mulieres

2145 4911 2456 4974 apostatare
2507 4904 2714 4962 faciunt
2757 4905 3060 4977 sapientes,
3101 4915 3159 4962 et
3183 4915 3416 4978 arguunt
3465 4915 3747 4974 sensatos,

2147 5009 2215 5052 ac
2252 4995 2300 5051 si
2325 4995 2554 5064 diceret,
2599 4997 2837 5054 ebrietas
2863 5012 2929 5054 ac
2968 4997 3258 5055 fornicatio
3285 4997 3408 5054 illos
3433 4999 3527 5069 qui
3562 5013 3626 5055 se
3655 5011 3749 5054 sa-

2136 5087 2350 5158 pientes
2390 5087 2446 5144 in
2482 5087 2734 5145 acumine
2775 5088 2979 5160 ingenii
3017 5098 3074 5146 et
3112 5090 3168 5145 in
3213 5088 3510 5146 subtilitate
3545 5103 3746 5147 sensus

2138 5178 2432 5246 aestimant,
2468 5177 2675 5236 faciunt
2703 5179 2961 5236 adversos
2990 5189 3048 5236 et
3082 5179 3291 5237 alienos
3312 5196 3345 5234 a
3369 5195 3499 5236 vera
3521 5180 3746 5251 sapien-

2136 5269 2232 5337 tia,
2251 5278 2308 5327 et
2327 5271 2782 5344 reprehensibiles
2801 5272 3252 5340 esse'ostendunt,
3276 5285 3342 5328 eo
3365 5271 3511 5344 quod
3538 5281 3744 5344 praeter

2137 5367 2341 5423 donum
2367 5365 2700 5438 praecipuum
2727 5365 3004 5437 sapientia:
3025 5367 3083 5422 in
3119 5365 3404 5422 stultitiam
3433 5365 3737 5421 maximam

2137 5455 2376 5512 devoluti
2402 5465 2547 5512 sunt.
2576 5454 2648 5511 Ut
2673 5470 2734 5513 se
2761 5455 3066 5512 fornicariis
3089 5453 3382 5527 iungerent
3403 5495 3418 5521 ,
3445 5462 3739 5525 propterea

2136 5551 2370 5621 putredo
2406 5558 2465 5604 et
2502 5564 2719 5606 vermes
2751 5548 2950 5606 futurae
2969 5562 3145 5620 paenae
3181 5556 3480 5619 sequentur
3507 5547 3650 5613 illos,
3683 5554 3740 5601 et

2140 5641 2340 5697 malum
2374 5642 2680 5712 exemplum
2727 5643 2962 5712 posteris
3003 5641 3376 5711 relinquentes
3403 5640 3470 5696 de
3507 5650 3736 5694 numero

2137 5743 2450 5790 sanctorum
2486 5734 2778 5801 tollentur,
2814 5749 2915 5790 nec
2944 5733 2999 5788 in
3042 5747 3230 5789 eorum
3269 5731 3528 5789 societate
3557 5729 3733 5785 adnu-

2140 5826 2342 5882 merari
2370 5835 2680 5889 merentur.
2718 5825 2863 5897 quod
2893 5825 3028 5882 bene
3056 5835 3313 5896 expertus
3338 5832 3422 5882 cst
3451 5822 3746 5927 Salomon‘
