4030 6488
253 381 363 438 889
1129 376 1479 436 COMMENT.
1521 375 1590 435 ΙΝ
1622 373 2233 437 ECCLESIASTICUM.
2263 407 2335 420 —
2370 379 2499 437 LIB.
2538 379 2628 438 IV.
3407 377 3512 436 890

249 493 347 563 qui
396 498 679 562 postquam
725 490 931 561 accepit
982 505 1013 544 a
1056 490 1168 546 Deo
1220 491 1446 546 multam
1508 493 1828 564 sapientiam
1855 494 1904 556 Α
1933 502 2016 549 est
2042 495 2183 564 quod
2208 495 2513 568 quicunque
2534 495 2956 569 malisoperibus
2978 495 3211 552 animam
3226 495 3512 567 suampol-

250 581 411 653 quasi
457 580 674 649 ﬁumen,
721 581 961 636 deseruit
1015 581 1184 636 Deum
1231 591 1444 652 patrum
1488 598 1730 648 suorum,
1778 595 1834 639 ct
1932 587 2052 656 luit,
2078 588 2642 661 infuluropoenitebit,
2664 594 3053 664 quandoomne
3070 594 3515 665 peecatumjusto

244 684 472 739 ,unctus
515 684 601 734 est
647 673 963 730 mulieribus
1002 674 1335 746 alienigenis,
1375 691 1603 745 quarum
1647 690 1831 732 amore
1925 679 2128 753 judicio
2164 683 2258 740 Dei
2303 686 2576 756 punietur.
2621 686 2723 754 Qui
2753 687 2898 744 enim
2921 685 3253 757 jucundatur
3281 686 3513 757 malitia,

249 770 489 842 turpiter
503 771 793 862 detentus,
831 768 954 862 fana
978 768 1225 862 profana,
1263 778 1318 826 et
1342 768 1483 826 idola
1513 770 1724 862 diversa
1750 771 1831 827 eis
1930 775 2291 862 denotabitur,
2331 781 2586 850 quoniam
2617 781 2675 836 hi
2715 782 2808 852 qui
2837 782 3087 837 laetantur
3117 798 3240 839 cum
3273 783 3412 838 male
3439 782 3514 840 fe-

247 861 561 918 fabricavit.
591 861 744 918 Unde
769 870 824 918 et
851 861 1064 918 laudem
1087 861 1274 933 gloria:
1298 862 1547 918 maxima:
1572 861 1827 934 perdidit.

245 963 310 1012 et
340 969 448 1011 non
483 954 624 1011 inter
656 955 879 1022 electos,
916 954 1010 1012 sed
1045 955 1190 1010 inter
1233 961 1505 1026 apostatas
1530 952 1830 1025 computari

244 1047 555 1118 promeruit
587 1044 707 1120 (111
738 1047 865 1119 Reg.
895 1046 994 1116 x1).
1025 1045 1152 1103 Haec
1177 1046 1332 1119 juxta
1371 1047 1654 1103 historiam
1688 1047 1829 1102 dicta

247 1140 385 1196 sint.
413 1139 677 1196 Caeterum
699 1138 856 1209 juxta
884 1139 1196 1212 allegoriam
1232 1141 1416 1196 vinum
1451 1140 1830 1196 haereticorum

246 1231 319 1288 de
346 1246 454 1303 quo
477 1232 534 1288 in
557 1232 768 1290 cantico
787 1232 1188 1289 Deuteronomii
1210 1233 1473 1304 scriptum
1501 1240 1586 1288 est
1613 1249 1627 1286 :
1663 1249 1683 1283 ‹
1719 1232 1831 1289 Uva

243 1337 443 1380 eorum
454 1340 558 1381 uva
574 1324 993 1390 fellis,etbotrus
1013 1326 1388 1382 amaritudinis
1401 1325 1581 1394 (Deut.
1593 1325 1790 1399 xxxu).
1805 1343 1825 1377 ι

245 1414 428 1471 Furor
453 1417 746 1472 draconum
777 1417 963 1473 vinum
989 1433 1198 1485 eorum,
1225 1426 1282 1474 et
1309 1417 1461 1474 furor
1478 1417 1726 1488 aspidum
1753 1417 1832 1473 in-

244 1507 528 1575 sanabilis,
555 1516 609 1564 et
633 1507 921 1566 fornicatio
949 1524 1137 1566 eorum
1164 1510 1517 1581 nequissima,
1542 1524 1648 1580 qua
1677 1509 1833 1565 dese-

246 1607 436 1655 rentes
463 1598 588 1655 ﬁdei
607 1600 892 1658 veritatem
907 1600 1084 1674 juncti
1106 1610 1230 1657 sunt
1252 1601 1548 1657 daemoniis.
1573 1598 1832 1656 Conversi

243 1690 306 1746 in
349 1692 753 1762 vaniloquium,
799 1701 854 1748 et
896 1693 951 1749 in
979 1692 1255 1766 hypocrisi
1291 1693 1573 1764 loquentes
1612 1691 1834 1748 menda-

243 1782 413 1837 cium.
462 1783 712 1840 Dicentes
749 1800 808 1841 se
846 1785 1119 1857 sapientes
1156 1801 1297 1851 esse,
1323 1785 1473 1841 stulti
1504 1784 1636 1841 facti
1665 1791 1828 1850 sunt;

1931 868 2124 934 eerint,
2174 877 2230 926 et
2270 871 2542 926 exsultant
2584 872 2639 926 in
2701 873 2864 928 rebus
2906 872 3180 944 pessimis,
3225 872 3512 944 iustissimi

1925 959 2123 1031 judicis
2156 964 2424 1019 sententia
2469 964 2902 1031 damnabuntur,
2937 963 3152 1021 dicente
3180 965 3246 1020 ad
3276 981 3370 1021 eos
3395 966 3514 1036 ipso

1930 1051 2159 1108 Domino
2200 1071 2214 1108 :
2266 1072 2286 1106 ε
2322 1054 2593 1110 Discedite
2644 1069 2676 1110 a
2721 1069 2808 1110 me
2849 1069 3038 1111 omnes
3077 1056 3170 1127 qui
3214 1042 3525 1127 operamini.

1931 1146 2285 1218 iniquitatem,
2317 1147 2373 1202 in
2399 1148 2577 1220 ignem
2601 1157 2885 1216 aeternum,
2914 1149 3008 1206 ubi
3028 1157 3113 1206 est
3131 1150 3290 1207 ﬁctus
3311 1157 3366 1207 et
3385 1148 3514 1206 stri-

1931 1236 2032 1293 dor
2054 1237 2298 1292 dentium
2327 1235 2505 1309 (Psal.
2523 1237 2626 1310 vt).

1939 1387 1943 1391 ,
2007 1347 2026 1382 ι
2071 1328 2150 1383 Ne
2187 1329 2351 1384 iteres
2397 1331 2621 1386 verbum
2658 1345 2892 1403 nequam
2933 1339 2990 1387 et
3035 1329 3255 1398 durum,
3303 1341 3359 1387 et
3403 1345 3510 1387 non

1935 1437 1959 1471 ‹
1999 1418 2376 1475 minoraberis.
2427 1440 2445 1473 ι
2478 1420 2718 1476 Verbum
2739 1437 2887 1493 ergo
2933 1436 3169 1492 nequam
3203 1420 3400 1478 iterare
3427 1429 3517 1478 est

1929 1519 2053 1583 post
2093 1510 2279 1566 ﬁctum
2324 1511 2687 1580 committere,
2734 1515 2877 1583 quod
2914 1529 3134 1570 rursum
3177 1529 3403 1571 necesse
3441 1513 3516 1570 sit

1931 1600 2080 1658 ﬁere.
2104 1601 2271 1658 lterat
2289 1603 2516 1659 verbum
2542 1617 2775 1674 nequam
2793 1644 2808 1670 ,
2832 1613 2886 1660 et
2908 1605 3012 1661 hoc
3041 1603 3332 1662 defendere
3361 1612 3509 1661 sata-

1933 1695 2032 1766 git,
2070 1693 2214 1765 quod
2239 1695 2380 1750 male
2422 1695 2635 1751 locutus
2657 1704 2762 1764 est,
2803 1696 2895 1767 qui
2923 1696 3029 1753 hoc
3057 1697 3200 1766 quod
3243 1695 3515 1751 malitiosa

1938 1796 2118 1844 mente
2161 1789 2428 1859 concepit,
2479 1789 2717 1859 pessimo
2761 1789 2986 1860 replicat
3027 1788 3172 1845 facto
3202 1806 3214 1842 :
3243 1788 3396 1859 cujus
3432 1792 3518 1842 est

242 1873 445 1930 horum
470 1875 764 1944 cruciatus,
783 1885 846 1933 ut
869 1877 1140 1934 cruciatus
1167 1885 1254 1934 est
1271 1877 1468 1948 scorpii
1492 1892 1615 1934 cum
1641 1891 1836 1947 percu-
1852 1855 1911 1918 ’Β
1938 1888 2086 1937 certa
2114 1881 2428 1948 minoratio,
2449 1882 2576 1952 quia
2596 1889 2717 1954 post
2743 1897 2969 1953 pravum
2995 1882 3344 1938 commissum
3369 1879 3518 1935 nulla

243 1965 316 2019 tit
349 1965 656 2035 hominem,
705 1986 726 2021 ‹
769 1976 825 2024 et
851 1969 1055 2026 vermis
1077 1984 1266 2026 eorum
1299 1985 1409 2024 non
1447 1968 1698 2036 moritur,
1735 1981 1838 2025 nec

241 2056 387 2128 ignis
412 2059 775 2132 exstinguitur
793 2059 975 2132 (Prov.
1004 2061 1068 2135 ι).
1106 2083 1124 2116 ι
1155 2062 1310 2119 Unde
1327 2061 1593 2119 notabiles
1611 2061 1762 2130 facti,
1781 2068 1838 2118 et

239 2151 500 2207 omnibus
525 2151 914 2210 abominabiles
935 2153 1002 2209 de
1031 2163 1173 2210 terra
1195 2155 1453 2211 Ecclesiae
1471 2155 1834 2220 eradicantur,

241 2249 303 2297 et
327 2240 395 2298 de
420 2243 681 2300 societate
699 2253 1011 2302 sanctorum
1034 2246 1092 2302 in
1112 2254 1376 2303 aeternum
1405 2254 1832 2318 sequestrantur.

321 2349 342 2385 ς
376 2331 479 2401 Qui
501 2335 676 2390 credit
698 2336 807 2393 cito
833 2337 968 2394 levis
993 2339 1160 2395 corde
1185 2347 1271 2395 est
1289 2347 1345 2395 et
1373 2340 1759 2408 minorabitur,
1781 2349 1838 2398 et

249 2439 272 2474 α
305 2423 398 2494 qui
421 2423 686 2496 delinquit
706 2425 760 2480 in
788 2427 1028 2483 animam
1051 2443 1206 2485 suam
1228 2429 1448 2500 insuper
1467 2428 1772 2486 habebitur.
1810 2448 1832 2484 ι

251 2513 552 2570 Videndum
575 2525 660 2572 est
685 2533 754 2574 ne
781 2518 898 2574 haec
923 2520 1189 2576 sententia
1215 2520 1489 2576 contraria
1515 2520 1588 2576 sit
1617 2519 1694 2575 illi
1715 2507 1841 2592 apo;

243 2607 452 2664 stolic:e
478 2611 814 2694 sententiae,
837 2626 943 2682 qua
971 2613 1104 2668 dicit
1128 2612 1196 2668 de
1229 2613 1538 2670 charitate:
1577 2631 1598 2666 ‹
1641 2612 1836 2669 Omnia

242 2703 442 2768 credit,
468 2703 651 2759 omnia
687 2714 902 2775 sperat,
929 2707 1112 2762 omnia
1137 2707 1399 2774 sustinet,
1429 2707 1669 2763 charitas
1696 2722 1839 2762 nun-

244 2808 410 2865 quam
438 2795 638 2852 excidit
671 2795 724 2871 (Ι
755 2794 878 2854 Cor.
905 2798 1061 2872 xm);
1097 2819 1116 2853 ι
1155 2801 1252 2857 sed
1286 2800 1361 2856 ibi
1392 2799 1654 2872 perfectio
1680 2799 1840 2856 bona:

243 2887 560 2955 voluntatis,
598 2904 720 2959 quae
758 2905 972 2962 semper
999 2893 1250 2964 prompta
1285 2901 1370 2950 est
1401 2894 1470 2950 ad
1505 2905 1667 2950 omne
1692 2906 1832 2962 opus

245 2981 480 3051 bonum;
511 2985 599 3042 hic
647 2995 827 3043 autem
866 2987 1059 3045 levitas
1101 2990 1267 3044 animi
1315 2989 1664 3054 describitur,
1717 3002 1837 3058 quae

246 3087 460 3144 semper
480 3077 756 3135 mutabilis
783 3087 887 3147 est,
913 3088 971 3136 et
991 3089 1193 3137 statum
1215 3080 1490 3136 ﬁrmitatis
1515 3095 1626 3137 non
1649 3079 1833 3136 habet.

250 3164 404 3222 Unde
427 3167 553 3225 alibi
574 3173 835 3243 scriptum
859 3181 942 3230 est
965 3193 978 3229 :
1002 3192 1022 3227 ι
1060 3172 1267 3230 Stultus
1293 3183 1354 3229 ut
1370 3173 1496 3229 luna
1526 3180 1784 3229 mutatur.
1809 3191 1827 3224 ι

247 3257 353 3326 Qui
384 3274 514 3332 ergo
539 3261 726 3334 jfacilis
760 3273 845 3322 est
873 3267 941 3323 ad
975 3266 1416 3334 subvertendum,
1452 3274 1507 3321 et
1528 3265 1836 3337 prurientes

248 3365 412 3409 aures
433 3353 640 3412 habens
669 3372 700 3412 a
729 3357 958 3413 veritate
997 3358 1239 3414 auditum
1268 3356 1496 3424 avertit,
1525 3357 1595 3412 ad
1625 3354 1836 3411 fabulas

248 3453 433 3503 autem
453 3450 806 3516 convertitur,
829 3450 918 3506 hic
952 3450 1312 3506 minorabitur
1340 3464 1504 3506 sensu
1531 3455 1588 3504 et
1611 3447 1834 3514 virtute,

249 3544 310 3593 et
340 3537 660 3611 delinquens
689 3541 744 3597 in
776 3541 1012 3599 animam
1053 3557 1208 3600 suam
1232 3541 1375 3598 inter
1397 3539 1592 3597 stultos
1613 3539 1837 3610 deputa-

249 3630 422 3687 bitur.

328 3739 348 3773 ο
391 3721 496 3790 Qui
533 3724 729 3795 gaudet
765 3724 1053 3797 iniquitate
1098 3724 1476 3794 denotabitur,
1511 3733 1567 3780 et
1605 3724 1698 3795 qui
1726 3723 1840 3780 odit

255 3830 275 3864 ‹
316 3815 734 3886 correptionem,
777 3818 1041 3875 minuitur
1075 3817 1206 3874 vita.
1246 3837 1266 3872 ›
1297 3818 1390 3875 Ille
1428 3819 1626 3891 gaudet
1651 3819 1704 3873 in
1735 3818 1840 3873 ini-

249 3903 477 3974 quitate,
528 3906 619 3976 qui
671 3922 779 3964 non
820 3909 987 3965 habet
1024 3908 1171 3964 illam
1217 3910 1564 3977 charitatcm,
1621 3910 1688 3965 de
1732 3923 1840 3980 qua

250 3997 512 4068 scriptum
572 4008 655 4055 est
691 4016 708 4056 :
751 4018 771 4052 ‹
829 3999 948 4056 Νοη
999 4002 1198 4073 gaudet
1242 4016 1407 4072 super
1458 4001 1838 4071 iniquitatem,

250 4091 552 4162 congaudet
578 4098 761 4148 autem
786 4092 1004 4148 veritati
1028 4093 1192 4164 (Ibid.
1228 4092 1270 4165 ).
1321 4113 1340 4145 ι
1376 4094 1444 4149 Et
1473 4092 1589 4164 ipse
1615 4093 1843 4148 denota-

250 4183 417 4251 bitur,
444 4185 571 4256 quia
590 4200 689 4256 per
714 4186 1086 4256 operationem
1114 4201 1339 4258 pravam
1367 4186 1524 4243 valde
1547 4185 1842 4256 reprehen-

253 4275 429 4332 sibilis
457 4277 938 4345 demonstrabitur,
967 4287 1022 4334 et
1055 4278 1178 4335 talis
1206 4279 1400 4346 etiam,
1426 4279 1552 4350 quia
1574 4277 1691 4334 odit
1718 4291 1842 4331 cor-

252 4367 553 4439 reptionem
572 4410 588 4437 ,
612 4378 668 4426 et
694 4385 804 4426 non
824 4371 938 4426 vult
961 4371 1207 4427 converti
1235 4371 1304 4428 ad
1323 4371 1518 4427 melius
1533 4412 1549 4438 ,
1577 4369 1841 4426 minuitur

254 4461 363 4517 vita
379 4503 395 4529 ,
420 4464 677 4534 quoniam
700 4465 911 4522 carebit
932 4466 1114 4536 quiete
1141 4465 1492 4536 sempiterna.

331 4572 351 4606 ι
382 4554 486 4622 Qui
516 4555 632 4613 odit
676 4556 1082 4628 loquacitatem,
1109 4557 1422 4629 exstinguit
1466 4556 1752 4611 malitiam.
1812 4573 1832 4609 ι

256 4645 433 4704 Grave
459 4647 651 4704 vitium
675 4657 760 4706 est
785 4650 1111 4722 loquacitas,
1135 4650 1349 4707 dicente
1372 4649 1652 4721 Scriptura
1689 4667 1702 4704 :
1740 4667 1758 4700 ι
1781 4647 1839 4704 In

257 4737 596 4810 multiloquio
624 4756 733 4796 non
769 4740 991 4813 effugies
1023 4752 1302 4814 peccatum
1321 4782 1337 4809 ,
1373 4749 1428 4796 et
1453 4741 1540 4796 vir
1564 4740 1844 4812 linguosus

259 4846 366 4885 non
400 4830 663 4903 dirigetur
694 4846 859 4902 super
885 4840 1088 4888 terram
1119 4831 1303 4904 (Prov.
1330 4832 1410 4904 ι).
1450 4851 1470 4885 ι
1505 4832 1643 4888 Hinc
1667 4826 1722 4887 et
1745 4829 1840 4886 Ja-

261 4923 427 4980 cobus
476 4927 752 4997 apostolus
799 4929 917 4984 ait:
952 4946 974 4982 ι
1031 4927 1238 5000 Lingua
1293 4928 1514 4999 quidem
1569 4927 1843 4984 modicum

260 5017 564 5073 membrum
587 5027 691 5087 est,
713 5026 770 5075 et
796 5034 992 5091 magna
1016 5020 1238 5075 exaltat.
1265 5019 1404 5075 Ecce
1425 5027 1659 5090 quantus
1680 5018 1841 5088 ignis,

263 5124 427 5181 quam
460 5127 712 5184 magnam
763 5113 955 5170 silvam
985 5114 1242 5182 incendit,
1275 5122 1331 5170 et
1365 5114 1544 5184 lingua
1583 5114 1722 5185 ignis
1760 5121 1846 5170 est

264 5199 589 5260 universitas
612 5203 1142 5277 iniquitatis.Lingua
1157 5205 1571 5279 constituiturin
1586 5205 1848 5263 membris

264 5296 489 5364 nostris,
529 5313 650 5369 quae
699 5298 936 5355 maculat
974 5307 1147 5356 totum
1189 5314 1410 5369 corpus,
1451 5307 1507 5356 et
1546 5298 1848 5357 inﬂammat

269 5397 444 5445 rotam
495 5391 795 5446 nativitatis
837 5399 1080 5458 nostrae,
1129 5391 1462 5448 inﬂammata
1523 5408 1555 5449 a
1600 5392 1847 5464 gehenna

273 5477 478 5550 (Iacob.
505 5479 612 5553 ιιι).
651 5501 671 5534 ι
703 5480 806 5548 Qui
836 5490 1016 5537 autem
1048 5497 1080 5538 a
1112 5482 1451 5553 multiloquio
1489 5499 1549 5540 se
1579 5484 1848 5553 continet,

271 5572 561 5646 exstinguit
586 5573 848 5630 malitiam
872 5575 1136 5647 superbiae
1159 5585 1214 5632 et
1234 5576 1553 5646 iniquitatis.

348 5682 369 5716 ι
404 5665 507 5732 Qui
531 5677 723 5728 peccat
748 5670 803 5726 in
830 5670 1066 5726 animam
1103 5686 1287 5735 suam,
1329 5670 1642 5740 paenitebit;
1675 5677 1731 5726 et
1757 5671 1851 5741 qui

280 5773 300 5807 ε
328 5755 656 5826 jucundatur
682 5763 736 5817 in
773 5762 994 5829 malitia,
1027 5763 1387 5819 denotabitur.
1424 5784 1442 5816 ι
1476 5763 1604 5818 llaec
1631 5763 1851 5833 quidem

275 5852 544 5910 sententia
578 5856 913 5929 expositione
947 5870 1055 5913 non
1082 5855 1314 5928 indiget,
1343 5856 1469 5928 quia
1501 5856 1850 5913 manifestum

1937 1972 2053 2043 ejus
2088 1982 2246 2044 paret
2283 1974 2607 2030 emendatio.
2656 1973 2805 2030 Unde
2861 1975 2992 2030 Cain
3025 1983 3310 2048 postquam
3345 1973 3519 2030 iratus

1938 2077 2020 2126 est
2045 2077 2234 2124 contra
2263 2067 2488 2137 fratrem
2519 2083 2706 2134 suum,
2736 2074 2792 2123 et
2816 2082 2940 2123 eum
2965 2067 3212 2124 occidere
3238 2064 3518 2137 cogitavit,

1938 2175 2071 2218 voce
2101 2136 2383 2216 Dominic'a
2412 2169 2700 2232 correptus
2739 2167 2860 2226 est;
2911 2161 3005 2216 sed
3049 2160 3174 2231 quia
3217 2175 3313 2215 sua
3349 2157 3522 2215 corri-

1938 2266 2068 2324 gere
2106 2251 2299 2318 noluit,
2345 2259 2402 2307 et
2448 2251 2676 2307 verbum
2726 2251 3057 2308 malitiosum
3099 2251 3241 2322 quod
3281 2249 3522 2320 cogitatu

1939 2352 2285 2415 conceperat,
2311 2344 2557 2416 implevit
2577 2345 2744 2411 facto,
2774 2345 2973 2416 piaculi
2998 2345 3082 2401 sui
3111 2343 3339 2400 Domino
3359 2339 3521 2400 retrio

1939 2437 2138 2494 buente
2152 2435 2361 2508 justam
2382 2438 2590 2510 recepit
2613 2437 2905 2494 vindictam
2929 2435 3084 2510 (Gen.
3113 2436 3208 2508 ιν).

2551 2571 2777 2630 CAPUT
2813 2571 2908 2629 ΧῙ.

1941 2681 2218 2756 Sapientia
2247 2691 2442 2754 monet,
2465 2685 2572 2740 sive
2598 2685 2767 2740 amico
2797 2701 2889 2740 seu
2914 2683 3148 2753 inimico,
3177 2698 3392 2755 propere
3419 2697 3525 2738 non

2458 2756 2687 2827 pandere
2719 2765 2995 2811 secretum.

2064 2885 2256 2943 Amico
2283 2894 2339 2942 et
2368 2886 2589 2943 inimico
2612 2886 2723 2943 noli
2749 2901 2978 2943 narrare
3008 2900 3225 2942 sensum
3245 2892 3398 2940 tuum
3423 2924 3440 2951 ,
3464 2890 3525 2939 et

1946 2995 1966 3030 ι
2001 2978 2048 3034 si
2089 2986 2174 3034 est
2212 2978 2310 3033 tibi
2339 2978 2629 3045 delictum,
2666 2978 2776 3034 noli
2808 2978 3115 3044 denudare;
3159 2977 3342 3032 audiet
3376 2974 3526 3031 enim

1946 3089 1966 3124 ι
2004 3080 2058 3126 te
2096 3079 2152 3128 et
2181 3073 2450 3128 custodiet
2496 3081 2569 3140 te,
2608 3081 2666 3128 et
2709 3072 2864 3144 quasi
2907 3071 3200 3128 defendens
3243 3076 3526 3141 peccatum

1947 3185 1966 3219 ι
1999 3167 2147 3224 odiet
2168 3175 2241 3235 te,
2264 3177 2320 3224 et
2343 3169 2422 3224 sic
2437 3168 2732 3224 adhaerebit
2753 3168 2850 3224 tibi
2875 3181 3108 3237 semper.
3123 3185 3142 3219 ι
3172 3162 3450 3221 Cautelam
3469 3167 3528 3217 et

1861 3238 1908 3304 ο
1939 3258 2320 3316 discretionem
2347 3260 2505 3317 docet
2551 3276 2650 3317 nos
2689 3261 2744 3316 in
2775 3260 3028 3316 omnibus
3052 3259 3276 3324 habere,
3325 3261 3386 3308 ut
3420 3265 3529 3307 non

1937 3351 2219 3421 aequaliter
2263 3351 2440 3407 amico
2488 3359 2544 3407 ct
2597 3352 2817 3407 inimico
2862 3349 3129 3407 catholico
3171 3357 3228 3404 et
3273 3343 3531 3402 hmretico

1937 3455 2125 3500 nostra
2155 3443 2459 3515 pandamus
2484 3444 2702 3500 occulta
2736 3461 2749 3497 :
2787 3442 2914 3514 quia
2937 3440 3187 3497 inimicus
3207 3449 3528 3510 perversum

1937 3537 2143 3593 habens
2185 3543 2513 3603 tractatum,
2561 3537 2689 3592 licet
2737 3551 2835 3608 per
2878 3532 3191 3607 hypocrisin
3235 3527 3532 3602 aliquando

1938 3632 2072 3690 foris
2108 3633 2440 3700 blandiatur,
2477 3633 2658 3690 dolum
2699 3641 2879 3688 tamen
2919 3640 2975 3687 et
3009 3627 3316 3700 decipulam
3353 3625 3412 3682 in
3437 3637 3532 3683 oe-

1938 3729 2101 3786 cultis
2129 3729 2286 3786 nobis
2316 3743 2536 3801 semper
2569 3735 2861 3802 praeparat.

2016 3838 2036 3872 ς
2081 3819 2294 3877 Audisti
2349 3821 2576 3877 verbum
2635 3820 2900 3875 adversus
2952 3829 3261 3888 proxrmum
3325 3810 3531 3868 tuum?

1944 3935 1966 3970 ι
2001 3916 2390 3972 commoriatur
2409 3915 2467 3970 in
2495 3921 2549 3971 te
2575 3914 2766 3980 ﬁdens,
2795 3911 3049 3981 quoniam
3076 3923 3184 3965 non
3207 3915 3261 3963 te
3284 3905 3522 3961 disrum-

1945 4025 1966 4063 ι
2000 4015 2112 4080 pet.
2134 4007 2180 4062 A
2208 4007 2349 4064 facie
2367 4005 2520 4063 verbi
2540 4004 2778 4076 parturit
2796 4003 2978 4058 fatuus
3005 4007 3262 4069 tanquam
3285 3993 3520 4066 gemitus

1947 4119 1967 4154 ι
2003 4107 2192 4171 partus
2219 4097 2464 4156 infantis.
2500 4117 2520 4152 ι
2557 4097 2677 4154 Non
2701 4095 2981 4168 aequaliter
3009 4091 3234 4149 verbum
3257 4087 3528 4160 prolatum

1941 4191 2134 4262 recipit
2155 4206 2348 4247 sensus
2381 4190 2641 4262 sapientis
2668 4197 2724 4244 et
2759 4186 2931 4253 stulti,
2963 4185 3090 4256 quia
3126 4180 3390 4252 sapientis
3416 4176 3532 4233 ani-

1941 4298 2093 4339 mum
2120 4281 2336 4338 difﬁcile
2366 4279 2730 4337 commovebit
2752 4277 2980 4333 verbum
3004 4276 3220 4335 durum,
3250 4270 3401 4326 stulti
3427 4284 3525 4324 au-

1941 4381 2049 4431 tem
2081 4380 2253 4428 totum
2278 4373 2563 4443 perturbat
2583 4367 2925 4426 sensum.-lta
2949 4373 3012 4420 ut
3034 4363 3292 4436 gemitum
3328 4359 3530 4415 doloris

1941 4465 2212 4536 exprimat
2247 4479 2347 4535 per
2374 4471 2558 4518 actum
2583 4459 2894 4516 nefandum.
2926 4454 3080 4512 Unde
3106 4451 3368 4523 scriptum
3400 4455 3484 4504 est
3511 4459 3530 4502 :

1950 4575 1969 4608 ι
2004 4555 2125 4612 Non
2165 4555 2455 4612 conturbat
2474 4552 2700 4624 justum,
2741 4546 3005 4622 quidquid
3030 4542 3289 4601 acciderit
3319 4541 3404 4607 ei;
3435 4536 3530 4610 qui

1946 4658 2127 4706 autem
2167 4649 2409 4720 perversi
2465 4647 2645 4704 cordis
2687 4651 2817 4712 est,
2874 4657 2984 4700 non
3038 4638 3278 4696 inveniet
3326 4635 3530 4690 bonum

1947 4739 2129 4814 (Prov.
2167 4741 2322 4813 xm).
2361 4739 2469 4796 Sed
2507 4737 2807 4794 cavendum
2847 4742 2930 4792 est
2960 4732 3035 4789 illi
3059 4731 3152 4802 qui
3180 4729 3248 4786 de
3273 4726 3530 4783 ﬁrmitate

1946 4836 2126 4892 cordis
2149 4835 2233 4892 sui
2269 4833 2511 4900 conﬁdit,
2538 4847 2609 4889 ne
2634 4830 2839 4887 diutius
2864 4826 3019 4884 verbi
3049 4823 3171 4882 duri
3203 4819 3532 4878 mentionem

1947 4929 2002 4983 in
2031 4927 2192 4984 corde
2219 4926 2417 4982 habeat
2437 4966 2454 4992 ,
2489 4925 2618 4996 quia
2650 4921 2967 4994 serpentina
2993 4913 3287 4990 suggestio,
3314 4909 3410 4965 ubi
3439 4908 3524 4963 in-

1947 5020 2170 5076 troitum
2217 5018 2525 5086 invenerit,
2575 5017 2731 5073 virus
2781 5011 3037 5084 nequitiae
3081 5006 3366 5063 infundere
3419 5013 3529 5056 non

1951 5109 2207 5176 cessabit,
2234 5118 2290 5165 et
2315 5117 2552 5166 mentem
2579 5107 2824 5162 invasam
2847 5102 2954 5158 cito
2979 5093 3298 5164 corrumpit.

2028 5221 2047 5256 ι
2067 5202 2274 5276 Sagitta
2289 5201 2453 5257 inﬁxa
2477 5200 2670 5259 femori
2690 5197 2840 5254 canis
2854 5191 3063 5267 [Vulg.,
3086 5184 3311 5259 carnis],
3329 5184 3406 5241 sic
3419 5197 3536 5239 ver-

1958 5315 1980 5351 r
1997 5295 2126 5352 bum
2150 5295 2207 5351 in
2232 5295 2396 5352 corde
2409 5293 2579 5350 stulti.
2593 5311 2612 5345 ι
2641 5289 2804 5346 Canis
2815 5281 3102 5356 aliquando
3123 5279 3176 5336 in
3189 5278 3388 5334 bonam
3408 5290 3535 5347 par-

1953 5395 2064 5446 tem
2077 5387 2270 5458 recipit
2280 5385 2749 5459 signilicationem,
2767 5375 3054 5448 aliquando
3077 5386 3207 5428 vero
3235 5369 3287 5424 in
3312 5367 3530 5423 malam.

1953 5481 2012 5538 In
2027 5480 2221 5536 bonam
2235 5492 2385 5549 ergo,
2401 5486 2461 5533 ut
2472 5486 2554 5533 est
2571 5474 2695 5529 illud
2721 5473 2774 5527 in
2790 5466 3051 5525 Psalterio
3067 5483 3080 5518 :
3103 5483 3121 5515 ς
3143 5462 3536 5560 Convertentur

1954 5574 2023 5629 ad
2047 5585 2352 5642 vesperam,
2381 5577 2439 5626 et
2456 5568 2651 5622 famem
2670 5563 2941 5635 patientur
2963 5563 3024 5611 ut
3049 5566 3234 5618 canes,
3258 5559 3315 5642 et
3345 5559 3535 5605 circui-

1951 5667 2084 5723 bunt
2099 5641 2374 5720 civitatem
2389 5658 2560 5732 (Psal.
2580 5654 2752 5728 Lvm).
2784 5673 2803 5706 ι
2828 5649 2980 5718 Quod
2995 5645 3263 5720 signiﬁcat
3287 5641 3535 5699 doctores

1951 5774 2020 5816 ex
2045 5746 2242 5812 Judaeis
2271 5755 2404 5824 legis
2440 5752 2534 5809 Dei
2557 5751 2824 5821 justitiam
2846 5749 3169 5809 esurientes,
3198 5745 3322 5812 post
3347 5745 3537 5802 vespe-

1954 5865 2070 5910 ram
2095 5848 2361 5922 passionis
2383 5845 2582 5905 Christi
2609 5845 2884 5902 civitatem
2911 5838 3164 5902 Ecclesiae
3189 5828 3376 5892 solerti
3402 5835 3536 5884 cura
