4030 6476
555 364 653 425 ειη

1183 362 1245 417 Β.
1289 360 1545 419 RABANI
1583 361 1802 419 MAURi
1840 361 2163 422 kRCHlEP.
2207 362 2521 423 MOGUNT.
2564 363 2851 423 OPERUM
2888 365 3073 425 PARS
3108 369 3150 425 Ι.

556 480 863 543 circumire,
897 488 954 534 et
992 482 1193 534 latratu
1226 478 1628 549 pradicationis
1653 478 1960 535 defendere.
2006 480 2142 536 liiuc
2170 487 2219 548 Α
2248 486 2372 535 ante
2395 479 2509 549 jam
2546 479 2774 544 monuit,
2803 487 2864 534 ut
2890 482 3149 551 patientia
3184 490 3242 538 et
3274 492 3637 544 mansuetudo
3672 493 3859 564 magis

550 573 780 646 legimus
826 571 884 625 iu
922 570 1234 643 Evangelia,
1281 570 1425 642 quod
1469 576 1631 627 canes
1672 571 1927 627 linxeriut
1958 572 2143 629 ulcera
2243 572 2419 627 valeat
2467 573 2521 627 in
2566 572 2907 643 correptione
2948 572 3199 643 fratrum,
3247 589 3411 645 quam
3457 578 3614 636 furor
3661 588 3721 636 et
3752 584 3857 642 ὼ-

548 667 742 725 Lazari
782 666 1015 723 mendici
1060 665 1211 738 (Luc.
1257 666 1393 739 xvi).
1434 665 1606 722 Canis
1649 681 1780 722 vero
1822 666 1891 723 ad
1942 667 2140 723 malam

546 764 760 833 partem
795 759 961 816 vertit
1005 758 1475 833 significationem,
1516 776 1638 815 cum
1666 770 2013 832 peccatorum
2037 776 2137 818 ex-

444 898 451 901 .
546 851 734 922 primit
770 850 979 916 sordes,
1009 859 1071 905 ut
1107 860 1192 907 est
1230 850 1402 906 illud:
1439 868 1458 903 ι
1494 850 1648 907 Sicut
1672 853 1824 909 canis
1848 854 2138 920 revertitur

545 945 613 999 ad
640 944 905 999 vomitum
933 956 1112 1009 suum,
1151 943 1232 999 sic
1273 943 1490 1011 stultus,
1521 946 1613 1015 qui
1640 946 1802 1002 iterat
1849 947 2136 1004 stultitiam

543 1052 697 1093 suam
740 1035 927 1111 (Prov.
956 1037 1129 1110 xxvar).
1153 1053 1173 1091 ι
1214 1036 1421 1111 Sagitta
1452 1038 1693 1111 infigitur
1735 1040 1929 1099 t'emari
1958 1042 2130 1111 canis,

541 1146 664 1187 cum
694 1132 1134 1204 concupiscentia
1178 1133 1321 1189 mala
1367 1149 1435 1190 ex
1476 1136 1744 1193 diabolica
1789 1140 2133 1210 suggestione

540 1224 786 1296 inﬁgitur
813 1226 868 1280 in
897 1226 1061 1281 corde
1088 1227 1408 1297 peccatoris,
1451 1230 1543 1299 qui
1586 1231 1785 1287 merita
1825 1232 2021 1290 stultus
2053 1233 2134 1289 di-

538 1316 699 1381 citur,
743 1315 998 1386 quoniam
1037 1316 1193 1386 quasi
1238 1318 1337 1374 bas
1378 1320 1615 1376 trahitur
1648 1322 1715 1377 ad
1752 1323 2047 1391 victimam,
2075 1332 2131 1379 et

540 1416 649 1458 non
694 1402 1013 1476 prtevidebit
1047 1408 1149 1465 sibi
1188 1422 1291 1464 nec
1324 1418 1481 1466 cavet
1520 1412 1709 1469 aeterni
1744 1412 1996 1471 interitus
2019 1417 2129 1471 rui-

610 1598 631 1645 c‘
660 1592 889 1666 Corripe
915 1596 1150 1652 amicum
1181 1611 1251 1652 ne
1274 1596 1418 1655 {arte
1448 1602 1555 1655 non
1580 1598 1928 1670 intellexerit,
1959 1610 2013 1658 et
2040 1602 2125 1658 di-

539 1694 560 1732 r
590 1691 697 1751 cat,
724 1682 845 1740 Non
863 1683 998 1755 feci;
1037 1694 1134 1743 aut
1159 1689 1205 1745 si
1232 1688 1449 1757 fecerit,
1490 1676 1562 1747 ne
1598 1692 1798 1749 iterum
1835 1694 1997 1751 addat
2041 1695 2124 1751 fa-

507 1794 555 1826 οι
587 1791 728 1833 cere.
755 1776 980 1851 Corripe
998 1783 1329 1852 proximum,
1358 1788 1429 1841 ne
1447 1784 1589 1842 forte
1616 1800 1726 1843 non
1757 1786 1974 1855 dixerit,
2001 1778 2060 1844 et
2076 1788 2122 1845 si

2242 664 2367 720 ritia
2400 679 2416 719 :
2451 665 2579 734 quia
2619 664 2745 720 inde
2790 665 2953 722 datur
2995 665 3149 724 locus
3194 670 3375 726 timori
3438 670 3754 743 Altissimi,
3799 686 3857 735 et

2239 759 2522 814 conversio
2544 773 2574 812 a
2601 760 2858 830 peccatis.
2888 759 3078 818 omnis
3098 764 3245 819 enim
3265 766 3535 837 sapientia
3564 775 3658 825 est
3682 770 3855 829 timor

2239 850 2358 915 Dei,
2389 860 2445 905 et
2472 851 2528 905 in
2558 850 2649 906 illa
2674 851 2837 908 homo
2877 852 3012 908 nihil
3037 855 3197 911 discit
3224 856 3327 912 nisi
3357 858 3555 916 timere
3585 866 3651 917 et
3678 860 3857 919 hono-

2237 956 2361 998 rare
2388 942 2576 998 Deum.
2599 943 2751 1000 Unde
2776 953 2834 1001 et
2854 946 3102 1016 sequitur
3131 964 3147 1002 :

2311 1061 2330 1093 ι
2367 1043 2424 1098 In
2463 1043 2610 1098 omni
2654 1046 2917 1117 sapientia
2964 1048 3247 1118 dispositio
3289 1048 3444 1123 legis,
3488 1060 3546 1108 et
3602 1058 3725 1109 non
3772 1062 3856 1110 est

2240 1150 2260 1185 ι
2298 1134 2562 1204 sapientia
2590 1137 2844 1207 nequitiae
2885 1138 3187 1209 disciplina,
3217 1149 3273 1197 et
3302 1156 3411 1198 non
3447 1150 3533 1199 est
3569 1146 3856 1216 cogitatus

2240 1241 2260 1275 ‹
2292 1234 2635 1294 peccatorum
2680 1228 2985 1297 prudentia.
3018 1248 3035 1280 ι
3061 1229 3174 1285 Lex
3197 1232 3343 1287 enim
3372 1231 3594 1289 Domini
3622 1236 3853 1306 sapien-

2234 1317 2306 1372 tia
2333 1318 2513 1374 divina
2537 1319 2796 1391 disposita
2841 1329 3004 1393 atque
3028 1323 3278 1380 artuua'ta
3308 1332 3413 1391 est,
3442 1338 3549 1382 nec
3577 1334 3669 1383 est
3700 1327 3757 1383 in
3786 1338 3849 1383 ea

2231 1410 2435 1480 aliquid
2486 1413 2743 1483 nequitia:
2775 1427 2877 1471 nec
2918 1416 3098 1487 aliqua
3136 1424 3484 1487 peccator-uni
3528 1421 3846 1489 meditatio,

2231 1501 2328 1555 sed
2355 1509 2463 1556 tota
2493 1503 2724 1570 sincera,
2753 1512 2864 1560 tota
2908 1507 3139 1563 veritate
3180 1516 3344 1580 atque
3376 1508 3593 1579 iustitia
3636 1511 3849 1582 plenis-

2231 1592 2386 1647 sima.
2416 1592 2569 1650 Unde
2604 1597 2866 1666 scriptum
2894 1606 2979 1654 est
3023 1617 3036 1653 :
3091 1618 3111 1652 ι
3158 1598 3508 1660 Jttstltiatua
3527 1601 3757 1673 justiti:
3784 1604 3841 1663 tu

2228 1690 2513 1750 aeternum,
2538 1692 2591 1741 et
2615 1685 2699 1741 lex
2730 1694 2821 1742 tua
2850 1690 3073 1746 veritas.
3122 1710 3142 1744 ι
3178 1691 3333 1749 Hane
3359 1695 3671 1766 apostolica
3704 1710 3841 1768 pan-

2229 1775 2310 1831 dit
2351 1776 2620 1845 doctrina,
2664 1790 2722 1835 et
2764 1781 3029 1839 catholica
3075 1798 3174 1856 per
3218 1793 3392 1842 totum
3437 1788 3630 1845 orbem
3686 1798 3837 1847 tenet

535 1882 553 1918 ‹
592 1869 809 1937 dixerit,
839 1886 909 1928 ne
928 1872 1068 1931 forte
1094 1874 1306 1932 iteret.»
1344 1874 1590 1936 Salubris
1616 1879 1771 1936 valde
1794 1886 1849 1937 et
1882 1880 2096 1939 discreu

2225 1869 2496 1940 Ecclesia;
2537 1872 2606 1929 de
2647 1873 2736 1929 illa
2766 1884 2897 1933 vero
2927 1891 3049 1948 qua:
3090 1878 3218 1935 huic
3259 1883 3537 1937 contraria
3576 1890 3687 1951 est,
3732 1882 3833 1943 hoc

527 1960 643 2018 tceo
683 1971 768 2019 est
812 1965 1081 2035 doctrina,
1124 1976 1186 2023 ut
1225 1970 1603 2042 corripiemus,
1652 1973 1856 2029 amicas
1898 1972 2114 2034 nostros

524 2044 897 2127 delinquentes
918 2072 1044 2115 cum
1066 2061 1214 2116 omni
1233 2062 1518 2133 patientia,
1540 2066 1797 2149 quoniam
1824 2066 2114 2137 aliquando

519 2154 776 2217 peccatur
820 2162 917 2221 per
953 2151 1333 2224 ignorantiam,
1370 2156 1657 2227 aliquando
1691 2174 1787 2231 per
1831 2159 2109 2233 negligen-

522 2239 670 2307 tiatu,
700 2240 989 2312 aliquando
1013 2256 1143 2302 vero
1171 2262 1271 2318 per
1297 2252 1663 2321 contemptum
1704 2259 1758 2307 et
1798 2252 2111 2309 inobedien-

520 2330 681 2399 tiam;
715 2326 809 2389 sed
831 2335 877 2390 si
908 2324 1189 2409 disciplina
1229 2338 1423 2396 talibus
1456 2340 1743 2399 adhibetur
1774 2360 1896 2400 cum
1924 2347 2109 2403 made-

516 2421 642 2487 stia,
675 2424 740 2479 de
764 2427 1054 2495 praeteritis
1078 2428 1235 2485 malis
1274 2438 1497 2503 generat
1538 2432 1595 2489 in
1622 2434 1702 2491 eis
1725 2436 2107 2493 verecundiam

492 2519 681 2582 atque
708 2516 1117 2595 paenitentiam;
1147 2520 1215 2575 de
1242 2520 1441 2579 futuris
1475 2539 1603 2580 vero
1634 2525 1855 2583 exhibet
1882 2528 2108 2599 diligen-

517 2602 647 2658 tiam
670 2613 830 2675 atque
855 2608 1143 2665 cautelam.
1176 2610 1326 2668 Unde
1348 2610 1624 2672 auditores
1643 2632 1771 2674 suos
1794 2617 1992 2676 Paulus
2017 2621 2106 2677 ad-

512 2696 715 2759 monet,
763 2690 949 2753 dicens
996 2712 1010 2754 :
1050 2718 1068 2752 ι
1103 2697 1343 2771 Fratres,
1389 2705 1437 2761 si
1487 2716 1895 2780 przcaccupatus
1942 2710 2105 2769 fuerit

510 2779 673 2839 homo
710 2784 766 2840 in
813 2786 995 2859 aliqua
1028 2790 1243 2860 delicto,
1274 2809 1371 2852 vos
1411 2797 1503 2866 qui
1540 2779 1812 2869 spiritales
1842 2803 1995 2871 estis,
2023 2804 2103 2861 in-

506 2878 703 2935 struite
747 2880 1053 2954 hujusmadi
1089 2886 1144 2943 in
1192 2888 1386 2959 spiritu
1434 2890 1692 2960 lenitatis,
1749 2896 2101 2955 causiderans

507 2969 738 3040 teipsum
781 2988 852 3031 ne
889 2983 946 3032 et
984 2984 1044 3033 tu
1064 2978 1321 3049 tenteris;
1352 2981 1488 3040 alter
1526 2983 1751 3042 alterius
1786 3002 1951 3045 onera
1975 3004 2100 3061 par-

504 3066 636 3131 tate,
678 3072 733 3122 et
775 3068 855 3126 sic
884 3071 1246 3143 adimplebitis
1295 3072 1465 3148 iugem
1516 3076 1714 3136 Christi
1762 3080 1962 3153 (Galat.
1997 3086 2093 3156 vi).

581 3175 600 3208 ι
633 3156 860 3232 Corripe
888 3163 1124 3220 amicum
1157 3181 1170 3219 :
1204 3174 1347 3238 διῆρε
1374 3169 1518 3225 enim
1563 3169 1624 3227 fit
1667 3172 1998 3241 cammissio,
2041 3185 2097 3233 et

507 3263 525 3298 ι
559 3252 667 3303 non
699 3252 850 3307 omni
887 3254 1055 3313 verba
1078 3258 1300 3326 credas;
1334 3269 1417 3318 est
1460 3263 1553 3332 qui
1590 3262 1790 3321 labitur
1826 3266 1881 3323 in
1908 3268 2092 3340 lingua

505 3354 525 3389 ι
563 3344 682 3407 sua,
709 3341 804 3399 sed
826 3356 934 3401 nan
963 3362 1029 3403 ex
1070 3350 1272 3407 animo.
1302 3350 1435 3419 Quis
1461 3360 1545 3410 est
1573 3356 1716 3411 enim
1739 3359 1830 3430 qui
1867 3374 1974 3416 non
2000 3362 2093 3418 de-

430 3424 431 3427 “
497 3431 715 3506 liquerit
751 3436 816 3494 in
857 3438 1040 3512 lingua
1083 3458 1199 3500 sua.
1239 3462 1257 3498 ι
1290 3444 1524 3505 Grandis
1554 3424 1811 3507 distantia
1837 3461 1921 3509 est
1949 3464 2092 3513 inter

495 3532 621 3583 cum
656 3530 748 3601 qui
788 3543 980 3603 peccat
1012 3546 1109 3605 per
1148 3534 1549 3609 simplicitatem
1581 3542 1664 3598 vel
1706 3544 2085 3617 ignorantiam,

495 3628 702 3676 etcum
729 3622 822 3693 qui
850 3628 948 3695 per
975 3627 1255 3684 malitiam.
1304 3629 1488 3689 Potest
1525 3636 1671 3690 enim
1709 3635 1850 3705 fieri,
1881 3648 1940 3693 ut
1966 3640 2088 3712 quis

495 3707 731 3768 oll‘endat
760 3712 813 3768 in
841 3715 1009 3772 verba
1034 3719 1199 3785 mala,
1227 3724 1372 3792 quod
1419 3728 1595 3781 tamen
1626 3727 1740 3797 ipse
1769 3744 1876 3784 non
1913 3707 2088 3803 suspi-

493 3811 650 3860 cetur
678 3818 801 3864 esse
840 3808 1063 3878 malum,
1093 3820 1153 3867 ut
1190 3821 1273 3871 est
1309 3829 1439 3872 usus
1476 3819 1775 3889 quotidiani
1818 3824 2086 3895 otiasique

489 3895 779 3965 scrutantis,
800 3899 893 3970 qui
922 3915 1029 3958 non
1057 3916 1124 3959 ex
1145 3904 1286 3972 dolo,
1315 3907 1408 3962 sed
1436 3923 1503 3964 ex
1531 3906 1749 3968 lettitate
1770 3913 1935 3970 animi
1957 3928 2082 3988 pra-

489 3987 662 4055 cedit;
704 3988 1029 4061 huiusmodi
1057 4000 1185 4067 ergo
1216 3997 1446 4053 verbum
1485 3999 1611 4056 licet
1645 4006 1753 4057 non
1777 3987 1969 4061 careat
1993 4007 2085 4064 de-

489 4078 639 4148 licta,
674 4087 855 4139 tamen
897 4098 1006 4140 non
1035 4088 1350 4160 adsequatur
1375 4091 1430 4145 in
1471 4104 1612 4148 noxa
1649 4093 1725 4149 illi
1769 4097 1860 4167 qui
1888 4094 2080 4170 plenus

489 4181 579 4266 est
602 4175 845 4247 nequitia
870 4186 926 4235 et
955 4179 1094 4238 dolo.
1120 4183 1251 4252 Quis
1276 4190 1359 4244 est
1382 4189 1525 4244 enim
1550 4189 1642 4260 qui
1662 4206 1770 4247 non
1793 4190 2082 4266 deiiquerit

487 4265 540 4319 in
570 4265 752 4340 lingua
774 4269 907 4327 sua?
925 4270 1043 4330 Non
1081 4284 1165 4332 est
1188 4277 1335 4334 enim
1365 4279 1528 4338 homo
1561 4296 1722 4354 super
1760 4265 1960 4343 terram
1986 4288 2079 4359 qui

484 4356 651 4416 faciat
677 4360 900 4434 bonum,
924 4374 979 4424 et
1013 4374 1120 4425 non
1143 4381 1362 4441 peccet;
1392 4374 1486 4430 sed
1524 4372 1598 4430 illi
1627 4374 1692 4432 de
1717 4376 1913 4448 quibus
1937 4356 2076 4437 sci-i-

482 4460 634 4522 ptum
658 4460 741 4511 est
772 4473 785 4513 :
828 4477 848 4511 ι
884 4452 1104 4534 Linguis
1133 4465 1245 4520 suis
1285 4460 1470 4524 dolose
1516 4469 1768 4541 agebant,
1807 4482 2075 4530 venenum

482 4546 730 4618 aspidem
760 4551 861 4609 sub
897 4544 1059 4611 labiis
1091 4558 1298 4625 eorum,
1330 4565 1563 4631 quorum
1602 4574 1664 4620 os
1695 4558 2073 4624 maledictianc

482 4646 537 4727 et
566 4644 925 4702 amaritudine
966 4647 1185 4719 plenum
1229 4659 1311 4708 est
1354 4652 1524 4726 (Psal.
1558 4657 1701 4730 xm),
1735 4652 1779 4715 si
1808 4675 1916 4716 non
1944 4676 2067 4721 con—

482 4732 624 4788 versi
654 4730 876 4804 fuerint,
900 4742 954 4793 et
982 4738 1302 4814 condignam
1330 4747 1703 4814 paenitentiam
1727 4749 1794 4807 de
1822 4755 2065 4823 peccatis

478 4823 591 4881 suis
616 4836 722 4882 non
744 4829 971 4902 egerint,
997 4832 1188 4889 mortis
1214 4840 1477 4894 sententia
1508 4854 1601 4897 eos
1625 4842 1884 4899 manebit.
1919 4844 2063 4903 Can-

479 4915 626 4975 tritio
659 4920 803 4976 enim
844 4928 899 4978 e‘t
927 4922 1214 4982 infelicitas
1238 4936 1323 4985 eSt
1352 4931 1405 4985 in
1434 4933 1536 4990 viis
1579 4950 1790 5006 eorum,
1820 4949 1875 4996 et
1916 4941 2062 4998 viam

472 5007 625 5079 pacis
654 5018 763 5067 non
796 5022 1188 5087 cognoverunt,
1221 5034 1322 5077 nec
1350 5018 1653 5083 habuerunt
1685 5026 1937 5087 timorem
1964 5033 2061 5091 Dei

474 5110 599 5157 ante
618 5104 803 5199 oculos
823 5121 1046 5179 eorum;
1086 5116 1370 5185 propterea
1393 5117 1448 5174 in
1475 5121 1718 5183 caecitate
1743 5127 1923 5186 cordis
1952 5130 2058 5199 sui,

474 5192 613 5250 ct'iu
640 5190 1013 5269 iniquitatibus
1043 5205 1159 5264 suis
1190 5206 1504 5269 interibunt.

1067 5342 1296 5406 CAPUT
1335 5349 1448 5407 XII.

470 5439 950 5539 ngtintfg_ﬁtwet
976 5458 1125 5539 prius
1154 5465 1419 5539 corripere.
1435 5472 1731 5539 protritum
1762 5482 1883 5534 ante
1916 5496 2057 5536 com-

538 5527 903 5591 mmattonem,
926 5531 1212 5587 secundum
1233 5527 1660 5605 pradicationem
1684 5527 1980 5621 Evangelii.

543 5662 563 5704 ι
595 5648 821 5755 Corripe
847 5660 1148 5728 protimum
1172 5675 1459 5743 antequam
1487 5682 1865 5755 committeris;
1902 5696 1956 5745 et
1983 5684 2050 5748 da

471 5761 492 5797 ι
526 5738 704 5805 locum
745 5748 923 5811 timori
958 5754 1242 5827 Altissimi,
1284 5768 1405 5839 quia
1455 5777 1631 5833 omnis
1675 5738 1939 5851 sapientia
1987 5789 2052 5844 ti-

456 5857 491 5916 t
528 5848 644 5899 litor
664 5840 782 5918 Dei,
806 5858 863 5937 et
891 5848 951 5910 in
986 5848 1078 5911 illa
1121 5854 1307 5916 timere
1347 5861 1537 5921 Deum.
1578 5890 1596 5923 ι
1624 5840 1754 5929 Hoc.
1776 5878 1855 5933 est
1904 5840 2048 5951 quod

2217 1973 2302 2021 est
2330 1965 2713 2023 haereticorum
2742 1969 3008 2038 doctrina,
3034 1971 3430 2042 su'bsequenter
3457 1974 3667 2030 dicitur
3692 1993 3708 2029 :

2293 2075 2313 2110 ‹
2344 2056 2441 2114 Est
2468 2059 2730 2131 nequitia,
2777 2070 2832 2117 et
2880 2061 2936 2119 in
2977 2063 3094 2134 ipsa
3137 2064 3461 2120 exsecratio.
3499 2085 3521 2119 ι
3560 2064 3822 2138 Nequitia

2212 2150 2360 2211 enim
2384 2152 2764 2209 haereticorum
2790 2155 3042 2211 omnibus
3076 2156 3236 2212 bonis
3260 2164 3314 2212 et
3336 2154 3501 2225 iustis
3530 2164 3617 2214 est
3660 2174 3823 2214 exse-

2212 2240 2453 2311 crabilis,
2505 2251 2560 2302 et
2604 2246 2775 2316 ipsam
2824 2247 3126 2303 detestatur
3173 2248 3351 2304 omnis
3402 2249 3603 2322 religio
3663 2248 3821 2307 Chri-

2210 2335 2435 2391 stiana:
2476 2352 2494 2389 ι
2531 2335 2724 2393 Sermo
2755 2339 2903 2394 enim
2930 2352 3121 2396 eorum
3171 2346 3230 2395 ut
3277 2355 3478 2398 cancer
3524 2344 3726 2415 serpit,
3767 2355 3819 2400 et

2210 2429 2439 2485 multum
2468 2429 2685 2502 proiicit
2737 2432 2806 2488 ad
2839 2432 3175 2504 impietatem
3226 2452 3239 2488 :
3294 2449 3533 2505 quorum
3579 2438 3815 2495 societas

2207 2521 2515 2590 perniciosa
2563 2528 2669 2590 est,
2717 2524 2974 2595 quoniam
3001 2525 3157 2598 juxta
3206 2524 3577 2594 Salamanem,
3617 2547 3640 2581 ι
3686 2530 3815 2586 reli-

2208 2619 2443 2681 querunt
2464 2614 2657 2670 ducem
2676 2616 2983 2686 pubertatis
3007 2631 3142 2686 suae,
3176 2624 3231 2674 et
3249 2619 3395 2689 pacti
3419 2616 3519 2676 Dei
3548 2619 3639 2677 sui
3658 2620 3811 2681 obliti

2206 2715 2362 2772 sunt;
2397 2706 2656 2764 inclinata
2685 2717 2770 2767 est
2793 2711 2939 2767 enim
2988 2713 3058 2769 ad
3092 2718 3325 2770 mortem
3371 2715 3573 2773 domus
3600 2728 3807 2784 eorum,

2204 2802 2259 2851 et
2284 2798 2352 2853 ad
2380 2797 2584 2856 inferos
2613 2801 2824 2858 semitm
2848 2803 3110 2875 ipsorum.
3144 2803 3347 2863 Omnes
3367 2807 3462 2877 qui
3492 2807 3811 2880 ingrediun-

2203 2894 2293 2943 tur
2325 2890 2393 2943 ad
2428 2904 2545 2958 eos,
2594 2907 2704 2949 nan
2736 2900 3098 2964 revertentur,
3150 2908 3252 2954 nec
3281 2888 3705 2970 apprehendent
3728 2917 3809 2959 se-

2201 2980 2366 3038 mitas
2394 2983 2520 3039 vita:
2546 2982 2731 3055 (Prov.
2772 2988 2857 3059 ιι).
2895 3008 2916 3041 ι

2279 3123 2297 3155 ι
2331 3100 2429 3162 Est
2481 3106 2744 3178 insipiens
2794 3111 2886 3181 qui
2937 3113 3086 3169 minu
3110 3123 3199 3170 tur
3255 3112 3544 3188 sapientia.
3607 3138 3627 3172 ι
3688 3104 3808 3176 ilice

2122 3224 2171 3301 ὁ
2202 3198 2469 3255 sententia
2515 3200 2839 3301 quibusdam
2890 3203 3105 3261 videtur
3149 3208 3216 3263 ad
3266 3209 3551 3280 superiora
3595 3209 3807 3280 referri,

2199 3288 2304 3346 hoc
2351 3300 2465 3358 est,
2521 3292 2588 3347 ad
2624 3290 3004 3353 haereticorum
3037 3299 3430 3357 exsecrabilem
3463 3305 3769 3374 nequitiam
3791 3345 3806 3369 ,

2197 3398 2427 3454 quorum
2472 3401 2625 3441 meus
2649 3396 2909 3458 quantum
2942 3391 3215 3463 captivata
3237 3406 3321 3451 est
3346 3410 3560 3465 errore,
3594 3404 3805 3453 tantum

2191 3474 2383 3545 procul
2418 3477 2623 3533 recedit
2678 3495 2708 3534 a
2739 3482 2998 3549 veritate;
3054 3485 3150 3541 sed
3189 3488 3315 3558 quia
3363 3504 3606 3561 sequens
3656 3486 3805 3547 locus

2192 3581 2303 3622 non
2336 3566 2400 3623 de
2432 3566 2723 3639 lnaereticis,
2761 3573 2856 3628 sed
2901 3575 2967 3631 de
2999 3576 3358 3648 simplicibus,
3385 3579 3483 3651 qui
3514 3582 3703 3638 minus
3749 3584 3803 3639 in

2191 3659 2598 3734 Scripturarum
2626 3668 2857 3723 scientia
2880 3670 3025 3726 docti
3062 3681 3209 3740 sunt,
3244 3675 3530 3746 disputare
3560 3678 3798 3747 videtur,

2187 3763 2368 3824 potest
2413 3772 2520 3812 non
2567 3758 3015 3820 incauveuientcr
3044 3763 3111 3819 de
3146 3764 3345 3823 talibus
3374 3767 3503 3833 dici,
3536 3773 3686 3841 quod
3731 3772 3801 3828 sit

2187 3843 2450 3916 insipiens
2483 3849 2573 3917 qui
2625 3849 2889 3907 minuitur
2921 3854 3207 3925 sapientia,
3255 3846 3359 3915 hoc
3386 3869 3471 3916 est
3497 3864 3793 3934 mysterio-

2184 3938 2306 3990 rum
2338 3936 2435 3993 Dei
2464 3947 2614 3995 caret
2656 3934 3031 4015 intelligentia,
3064 3955 3326 4019 quantum
3368 3950 3438 4006 ad
3478 3950 3791 4011 doctrinam

2182 4030 2448 4101 pertinet;
2482 4032 2577 4089 sed
2606 4043 2783 4092 tamen
2834 4054 2943 4097 non
2990 4041 3146 4099 abest
3180 4044 3401 4114 penitus
3431 4060 3461 4100 a
3507 4051 3792 4106 mandata-

2183 4136 2304 4178 rum
2334 4120 2428 4179 Dei
2460 4126 2737 4195 custodia;
2768 4140 3057 4200 propterea
3087 4146 3483 4205 consequenter
3513 4126 3650 4195 dicit
3675 4156 3690 4195 :

2258 4236 2277 4269 ι
2309 4208 2497 4276 Melior
2529 4229 2614 4276 est
2658 4222 2822 4280 homo
2858 4226 2949 4296 qui
2993 4227 3258 4283 minuitur
3285 4230 3576 4299 sapientia,
3608 4240 3665 4287 ct
3691 4233 3786 4289 de-

2179 4308 2368 4367 ﬁciens
2396 4328 2557 4370 sensu
2592 4314 2645 4369 in
2677 4315 2887 4384 timore,
2929 4333 3090 4388 quam
3118 4321 3212 4392 qui
3238 4314 3477 4378 abundat
3508 4340 3699 4391 sensu,
3733 4338 3787 4382 et

2180 4405 2577 4478 transgreditur
2604 4407 2777 4481 legem
2815 4408 3098 4469 Altissimi.
3138 4435 3157 4469 ι
3195 4415 3422 4472 Multum
3449 4432 3579 4489 ergo
3618 4420 3784 4477 distat

2176 4498 2320 4554 inter
2346 4515 2468 4555 eum
2490 4501 2579 4571 qui
2604 4502 2769 4558 habet
2798 4504 3080 4562 scientiam
3106 4506 3241 4582 legis
3257 4508 3353 4564 Dei
3368 4509 3424 4564 in
3446 4511 3782 4580 eruditione,

2095 4612 2152 4674 Β
2176 4590 2270 4647 sed
2300 4598 2479 4647 tamen
2511 4609 2618 4648 non
2649 4605 2829 4651 servat
2857 4613 2979 4652 eam
3010 4599 3065 4654 in
3114 4601 3454 4671 operatione,
3508 4611 3563 4658 et
3624 4594 3778 4660 illum

2174 4681 2268 4755 qui
2320 4682 2445 4738 licet
2473 4700 2581 4740 non
2612 4684 3162 4758 habeatprafuudum
3210 4682 3566 4763 intellectum,
3606 4697 3665 4751 in
3710 4698 3776 4752 ti-

2173 4786 2325 4828 more
2353 4778 2534 4832 tameu
2584 4775 2679 4833 Dei
2708 4786 2973 4847 quantum
3015 4781 3165 4838 navit
3192 4790 3247 4837 et
3273 4791 3453 4855 potest
3497 4792 3650 4841 recte
3699 4786 3771 4841 vi-

2172 4868 2349 4924 vendo
2381 4878 2753 4925 conversatur.
2786 4872 2862 4927 De
2912 4871 3005 4930 illo
3050 4890 3182 4948 ergo
3211 4876 3446 4933 dicitur:
3506 4898 3526 4931 ι
3566 4877 3771 4936 Servus

2172 4960 2265 5030 qui
2305 4961 2407 5019 scit
2436 4963 2773 5020 voluntatem
2811 4958 3027 5024 Domini
3054 4969 3161 5039 sui,
3187 4979 3242 5027 et
3269 4988 3377 5029 non
3411 4971 3567 5042 facit,
3598 4990 3767 5046 vapu-

2169 5046 2303 5106 labit
2332 5051 2516 5109 multis
2547 5051 2697 5134 (Luc.
2730 5057 2851 5129 xu).
2892 5078 2912 5113 ι
2946 5060 3023 5116 De
3048 5060 3153 5119 ista
3178 5078 3308 5119 vero
3340 5085 3358 5118 ι
3389 5065 3482 5137 qui
3524 5081 3635 5122 non
3664 5069 3766 5124 scit

2168 5146 2226 5201 et
2252 5158 2359 5199 non
2385 5143 2535 5213 facit,
2570 5146 2843 5219 vapulabit
2873 5154 3063 5223 paucis
3094 5152 3249 5226 (Sap.
3275 5156 3375 5230 vt).
3408 5142 3483 5213 De
3514 5146 3605 5215 illo
3629 5161 3764 5215 scri-

2164 5243 2317 5308 ptum
2344 5242 2425 5293 est
2452 5256 2463 5291 :
2499 5258 2517 5288 ε
2550 5236 2807 5297 Potentes
2844 5245 3151 5314 patentiora
3183 5256 3453 5306 tormenta
3477 5252 3762 5323 patiuntur

2166 5320 2411 5402 (Ibid.).i
2449 5324 2524 5386 De
2556 5332 2658 5388 ista
2688 5346 2903 5406 quoque
2930 5338 3005 5394 ita
3033 5339 3260 5398 dicitur:
3284 5364 3301 5397 ι
3322 5320 3531 5419 Exigua
3558 5364 3756 5406 conce-

2165 5421 2324 5512 detur
2357 5422 2747 5481 misericordia.
2804 5449 2822 5482 ι
2859 5418 2934 5487 De
2985 5433 3091 5490 hoc
3115 5444 3171 5491 et
3216 5434 3448 5496 Iacobus
3476 5442 3755 5512 apostolus

2164 5504 2283 5570 ait:
2325 5535 2343 5568 ι
2382 5508 2438 5573 Si
2464 5518 2584 5588 quis
2633 5510 2848 5578 auditor
2883 5532 2966 5580 est
3005 5527 3157 5583 verbi
3196 5538 3251 5586 et
3281 5545 3390 5586 non
3429 5504 3629 5602 factor,
3661 5537 3751 5593 hic

2158 5610 2560 5679 comparabitur
2612 5613 2728 5669 viro
2775 5617 3143 5677 consideranti
3192 5622 3402 5680 vultum
3450 5626 3748 5685 nativitatis

2156 5716 2267 5757 sum
2298 5704 2350 5757 in
2375 5704 2614 5776 specula.
2639 5706 3018 5765 Cansidcravit
3042 5711 3188 5768 enim
3214 5730 3274 5772 se
3301 5722 3357 5771 et
3381 5717 3538 5786 abiit,
3555 5727 3608 5775 et
3632 5729 3717 5775 sta

2152 5795 2252 5850 tim
2281 5796 2481 5853 oblitus
2512 5809 2594 5853 est
2638 5800 2810 5870 qualis
2839 5798 3022 5859 fuerit.
3055 5803 3158 5871 Qui
3197 5815 3382 5864 autem
3404 5822 3740 5884 perspexem

2151 5886 2206 5945 in
2238 5882 2409 5962 legem
2433 5886 2730 5963 perfectam
2755 5888 3053 5967 libertatis,
3081 5904 3137 5955 et
3170 5882 3612 5975 permanserit—iu
3647 5920 3735 5977 ea,
