4030 6474
299 410 404 469 895

1168 396 1520 457 COMMENT.
1560 393 1628 449 ΙΝ
1671 380 2280 448 ECCLESIASTICUM.
2318 415 2388 427 —
2425 384 2552 439 LIB.
2594 381 2680 439 IV.

3457 372 3561 431 894

297 539 403 581 non
440 523 653 580 auditor
681 518 973 576 obliviosus
1003 515 1197 583 factus,
1226 515 1322 570 sed
1350 514 1521 568 factor
1560 508 1758 581 operis;
1789 507 1877 562 hic
1902 508 1952 571 Α
1979 503 2122 559 enim
2153 502 2331 557 cordis
2359 518 2419 557 os
2452 500 2689 571 loquitur
2718 496 2927 570 (Ibid.).
2979 516 2996 547 ι
3042 494 3134 551 Sic
3158 504 3213 551 et
3238 491 3563 570 Apostolus,

296 617 486 675 beutus
516 614 571 671 in
595 612 738 669 facto
767 626 865 668 suo
895 610 998 666 erit
1022 606 1229 681 (Iacob.
1260 605 1373 676 ι).ἰ

373 726 393 760 ι
418 700 518 764 Est
538 704 758 762 solertia
787 709 939 759 certa
962 707 1018 757 et
1045 699 1159 771 ipsa
1188 696 1393 767 iniqua,
1421 700 1475 750 et
1503 689 1699 762 estqui
1719 689 1877 745 emit—

302 817 324 853 ι
354 796 421 855 tit
444 796 671 854 verbum
698 802 926 859 certum,
952 804 1213 848 enarrans
1241 785 1546 842 veritatem.
1570 801 1588 835 ι
1613 779 1767 835 Modo
1791 778 1875 832 in-

298 887 429 961 cipit
454 884 693 943 ﬁdelium
720 882 813 954 qui
857 880 1133 938 ambulant
1161 875 1455 935 secundum
1488 872 1792 936 veritatem,
1823 874 1881 961 et

298 960 705 1051 hvpocritarum
728 975 822 1047 qui
850 982 1045 1030 cuncta
1070 972 1192 1028 ﬁcte
1232 969 1461 1035 faciunt,
1492 978 1748 1023 enarrare
1773 960 1877 1017 dif-

188 1100 196 1105 -
301 1066 608 1134 Terentiam,
640 1074 698 1122 et
723 1079 992 1136 exponere
1016 1062 1300 1119 rationem.
1355 1080 1373 1112 ι
1406 1056 1524 1125 Est,
1572 1055 1765 1127 inquit,
1795 1067 1880 1109 so—

300 1158 457 1215 lertia
491 1166 662 1223 certa,
694 1165 750 1213 et
772 1158 888 1228 ipsa
918 1154 1100 1225 iniqua
1138 1171 1151 1208 :
1189 1172 1208 1207 ι
1243 1154 1346 1209 hoc
1375 1159 1475 1217 est,
1504 1146 1883 1204 haereticorum

304 1250 547 1307 versutia
576 1258 695 1307 arte
722 1242 1003 1305 dialectica
1051 1248 1334 1311 instructa,
1368 1258 1485 1315 qum
1517 1250 1713 1297 cuncta
1762 1238 1884 1298 dolo

303 1340 435 1413 agit,
464 1348 520 1397 et
544 1355 713 1413 pravo
739 1338 902 1396 corde
947 1352 1161 1408 semper
1190 1333 1528 1391 machinatur
1556 1330 1788 1395 malum,
1830 1335 1885 1384 et

305 1432 362 1488 in
384 1431 533 1487 omni
562 1437 802 1502 tempore
825 1430 1002 1502 jurgia
1033 1428 1291 1492 seminat;
1329 1444 1346 1477 ι
1381 1431 1435 1480 et
1466 1433 1549 1479 est
1594 1423 1686 1493 qui
1728 1421 1885 1476 emit-

309 1525 374 1580 tit
399 1522 627 1580 verbum
654 1531 884 1587 certum,
921 1541 938 1573 ι
974 1521 1077 1577 hoc
1104 1528 1206 1586 est,
1257 1518 1549 1575 strenuitas
1575 1524 1886 1570 sanctorum

308 1619 611 1682 doctorum,
637 1630 758 1685 quae
784 1622 932 1669 recte
962 1613 1189 1669 verbum
1217 1610 1476 1683 praedicat
1505 1607 1801 1679 Evangelii,
1834 1616 1889 1662 et

310 1702 434 1760 ﬁdei
461 1703 650 1760 edocet
685 1703 965 1761 veritatem
999 1724 1011 1759 :
1042 1704 1157 1759 hzec
1190 1702 1432 1759 docendo
1460 1709 1516 1756 et
1566 1701 1842 1771 operando
1870 1740 1886 1767 ,

308 1793 548 1867 regulam
572 1794 797 1866 justitite
823 1795 1180 1851 sectatoribus
1201 1793 1315 1850 suis
1335 1792 1571 1850 ostendit
1600 1812 1610 1847 :
1642 1791 1732 1846 illa
1756 1808 1890 1862 quo—

1983 609 2098 664 quae
2128 603 2252 649 sunt
2282 593 2481 648 indicia
2507 591 2772 646 malarum
2811 604 2997 659 quaeve
3026 587 3286 643 bonarum
3313 584 3564 641 volunta-

1980 694 2094 740 tum
2121 686 2409 756 expressit,
2432 685 2617 739 dicens
2641 702 2653 738 :
2693 702 2711 735 ε
2745 679 3027 737 Manifesta
3049 686 3229 735 autem
3255 686 3380 737 sunt
3397 678 3568 751 opera

1982 776 2184 842 carnis,
2212 791 2331 846 quae
2377 781 2503 831 sunt
2552 771 2859 837 fornicatio,
2908 768 3268 836 immunditia,
3314 769 3566 836 luxuria,

1983 865 2249 922 idolorum
2279 866 2534 931 servitus,
2583 862 2860 927 veneficia,
2908 860 3225 926 inimicitim,
3253 861 3570 929 ;contentio—

1985 974 2105 1023 nes,
2132 957 2528 1021 aemulationes,
2575 956 2689 1019 iraa,
2746 954 2895 1017 rixae,
2939 950 3327 1017 dissensiones,
3377 958 3568 1016 sectae,

1986 1048 2220 1115 invidiaa,
2249 1046 2539 1104 homicidia
2559 1087 2574 1111 ,
2604 1044 2919 1109 ebrietates,
2951 1045 3390 1108 comessationes,
3414 1051 3468 1099 et
3488 1042 3574 1099 his

1988 1140 2185 1195 similia
2213 1157 2226 1195 :
2256 1154 2377 1209 qua:
2404 1137 2639 1209 praedico
2670 1136 2842 1203 vobis,
2873 1134 3013 1190 sicut
3037 1134 3283 1205 praedixi,
3318 1134 3573 1204 quoniam

1988 1233 2079 1303 qui
2105 1232 2229 1287 talia
2245 1239 2647 1302 aguntregnum
2662 1227 2757 1282 Dei
2788 1242 2894 1282 non
2915 1230 3340 1295 consequentur:
3372 1223 3578 1279 fructus

1990 1331 2168 1380 autem
2198 1321 2433 1394 Spiritus
2478 1330 2563 1378 est
2617 1319 2879 1384 Charitas,
2911 1316 3189 1391 gaudium,
3218 1322 3343 1388 pax,
3372 1316 3579 1386 patien-

1991 1416 2091 1481 tia,
2142 1415 2542 1487 longanimitas,
2582 1412 2820 1477 bonitas,
2852 1402 3195 1480 benignitas,
3249 1405 3402 1473 ﬁdes,
3462 1421 3580 1465 mo-

1991 1507 2189 1572 destia,
2244 1505 2594 1569 continentia,
2650 1523 2668 1554 ›
2723 1510 2828 1559 etc.
2874 1498 2967 1556 Sic
3009 1512 3139 1572 ergo
3188 1490 3450 1554 bonarum
3480 1502 3583 1566 ,π-

1992 1597 2183 1653 borum
2211 1595 2569 1653 ostenduntur
2603 1588 2731 1649 boni
2762 1594 2995 1658 fructus,
3019 1600 3074 1648 et
3102 1589 3367 1646 malarum
3411 1580 3539 1644 mali
3565 1627 3581 1655 ,

1995 1688 2252 1760 quoniam
2302 1689 2442 1743 bona
2472 1702 2635 1757 opera
2674 1685 2961 1740 manifesta
2992 1683 3149 1750 ﬁunt,
3191 1689 3247 1739 ct
3275 1697 3397 1753 quae
3424 1680 3581 1738 aliter

1997 1795 2056 1836 se
2076 1778 2300 1844 habent,
2327 1776 2590 1833 abscondi
2620 1792 2728 1833 non
2751 1782 2993 1847 possunt.

310 1856 417 1957 quva
457 1856 670 1959 me;
702 1886 1054 1958 quoscunque
1080 1890 1276 1958 potest,
1304 1901 1404 1956 ρει-
1431 1885 1565 1940 anis
1609 1898 1718 1939 sum
1740 1856 1892 1937 ςίζιιδ-
1919 1887 1968 1948 Β
2072 1888 2090 1920 ι
2128 1868 2223 1924 Est
2251 1868 2523 1938 correptio
2572 1867 2804 1959 mendax
2851 1864 2905 1921 in
2957 1865 3040 1919 ira
3073 1856 3483 1929 contumeliosi,
3531 1870 3589 1918 et

312 1980 453 2035 ciam
478 1980 737 2036 seducere
760 1987 814 2036 et
844 1980 1091 2051 decipere
1118 1996 1223 2035 non
1262 1978 1509 2046 desistit;
1541 1976 1656 2035 hazc
1681 1978 1786 2032 iter
1810 1993 1895 2032 re-

316 2076 487 2138 ctum,
538 2070 628 2126 illa
660 2071 815 2126 devia
854 2073 1032 2143 pergit
1067 2071 1304 2137 erroris;
1356 2072 1471 2126 haec
1517 2068 1584 2126 ad
1610 2085 1792 2126 veram
1817 2069 1897 2124 vi-

315 2170 450 2229 tam,
478 2160 569 2217 illa
595 2161 663 2218 ad
687 2170 945 2220 aeternam
971 2164 1141 2220 tendit
1167 2163 1545 2235 perditionem.

392 2276 409 2304 ι
447 2255 542 2312 Est
569 2256 661 2326 qui
713 2255 963 2327 nequiter
993 2252 1239 2311 humiliat
1285 2273 1365 2324 se,
1397 2265 1453 2311 et
1498 2254 1756 2313 interiora
1783 2255 1900 2325 ejus

324 2366 342 2398 ι
372 2345 530 2418 plena
558 2352 684 2403 sunt
712 2346 869 2416 dolo;
901 2356 955 2404 et
989 2357 1071 2404 est
1097 2347 1187 2419 qui
1215 2363 1274 2403 se
1316 2347 1543 2403 nimium
1573 2347 1842 2404 submittit
1869 2364 1902 2402 a

323 2454 342 2487 ι
377 2435 545 2492 multa
573 2436 896 2493 humilitate.
939 2457 959 2492 ι
1006 2437 1082 2493 De
1106 2436 1212 2493 illis
1234 2454 1362 2495 vero
1392 2439 1484 2508 qui
1526 2454 1585 2495 se
1628 2436 1762 2494 falso
1798 2430 1899 2492 hu-
1931 2458 1939 2465 τ

320 2527 554 2596 miliant,
585 2537 642 2585 et
668 2529 722 2584 in
754 2527 933 2586 cordis
961 2537 1172 2586 secreto
1200 2529 1346 2601 pleni
1374 2538 1503 2586 sunt
1538 2529 1682 2597 dolo,
1725 2531 1901 2601 quali-

322 2632 403 2677 ter
424 2620 721 2677 cavendum
766 2623 858 2689 sit,
890 2623 1003 2693 ipsa
1036 2620 1249 2679 Veritas
1298 2624 1642 2695 praemonuit,
1676 2622 1902 2678 dicens:

327 2732 346 2766 ι
380 2711 655 2770 Attendite
682 2729 712 2768 a
736 2712 886 2770 falsis
918 2714 1217 2786 prophetis,
1248 2714 1340 2785 qui
1371 2715 1682 2792 veniuntad
1714 2730 1811 2770 vos
1851 2715 1908 2769 in

323 2806 660 2865 vestimentis
684 2809 886 2878 ovium,
917 2809 1243 2866 intrinsecus
1266 2818 1447 2865 autem
1468 2816 1597 2864 sunt
1617 2809 1909 2880 lupirapa—

324 2912 435 2954 ces.
468 2917 489 2952 ι
536 2897 704 2972 Igitur
759 2917 778 2953 α
817 2915 848 2954 a
874 2899 1142 2955 fructibus
1189 2915 1381 2956 eorum
1432 2900 1769 2972 cognoscetis
1816 2915 1913 2956 eos

327 2980 543 3063 (Matth.
575 2992 696 3066 vn).
731 3012 752 3046 ι
785 2992 862 3050 De
890 2993 978 3050 his
1004 3001 1186 3049 autem
1221 2995 1313 3065 qui
1342 3010 1471 3051 vere
1515 2992 1749 3049 humiles
1795 2991 1913 3049 ﬁeri

326 3080 533 3151 volunt,
582 3098 616 3139 a
664 3098 723 3141 se
751 3082 1057 3156 exemplum
1099 3099 1314 3141 sumere
1359 3085 1638 3156 praecepit,
1678 3084 1910 3140 dicens;

335 3193 355 3228 ι
391 3172 589 3234 Discite
618 3192 650 3232 a
675 3191 785 3244 me,
816 3177 940 3248 quia
965 3177 1113 3233 mitis
1144 3192 1263 3233 sum
1309 3185 1363 3233 et
1390 3178 1612 3234 humilis
1648 3177 1831 3243 corde,
1860 3183 1917 3232 et

331 3268 617 3325 invenietis
643 3268 886 3339 requiem
932 3269 1215 3325 animabus
1249 3270 1446 3326 vestris
1491 3268 1706 3341 (Matth.
1746 3266 1845 3341 χι).
1885 3285 1906 3319 ι

332 3354 389 3415 Si
419 3375 548 3432 ergo
588 3359 837 3417 volumus
862 3348 1119 3417 Veritatis
1158 3375 1279 3417 esse
1328 3359 1599 3433 discipuli,
1653 3375 1685 3414 a
1740 3358 1915 3416 cordis

334 3444 515 3508 radice
555 3466 697 3507 verte
731 3444 1057 3507 humilitatis
1096 3453 1295 3507 bonum
1327 3453 1566 3523 primum
1596 3451 1917 3508 sumendum

335 3553 441 3610 est,
468 3552 524 3600 et
548 3544 627 3601 sic
653 3560 751 3616 per
794 3544 971 3615 ipsum
1001 3544 1266 3600 bonorum
1297 3560 1522 3616 operum
1553 3543 1798 3615 exempla
1839 3541 1919 3597 fo-

337 3624 583 3692 rinsecus
629 3634 995 3707 praeparanda.
1050 3635 1189 3703 Quid
1236 3646 1415 3693 autem
1465 3637 1591 3693 ﬁcta
1640 3634 1919 3694 humilitas

336 3722 524 3799 faciat,
554 3746 787 3802 sequens
817 3731 1082 3788 sententia
1111 3732 1366 3788 ostendit.

412 3844 430 3874 ι
454 3818 523 3878 Et
545 3830 630 3879 est
654 3818 747 3892 qui
776 3813 997 3879 inclinat
1018 3821 1233 3891 faciem,
1256 3831 1312 3878 et
1335 3823 1490 3895 ﬁngit
1517 3838 1575 3878 se
1601 3836 1709 3876 non
1739 3820 1921 3875 videre

344 3930 362 3963 ς
397 3913 539 3984 quod
566 3913 872 3986 ignoratum
898 3922 1010 3983 est;
1041 3923 1097 3971 et
1125 3916 1169 3971 si
1198 3915 1267 3971 ab
1310 3904 1682 3971 imbecillitate
1724 3910 1922 3968 virium

345 4030 364 4063 σ
396 4017 608 4066 vetetur
639 4024 886 4081 peccare,
914 4010 960 4066 si
981 4010 1247 4067 invenerit
1269 4018 1481 4081 tempus
1509 4005 1883 4064 malefaciendi
1904 4047 1923 4075 ,

345 4124 364 4157 ι
401 4102 723 4160 malefaciet.
760 4122 778 4156 ι
835 4102 924 4159 Sic
964 4104 1107 4160 enim
1134 4103 1395 4169 haeretici,
1435 4103 1514 4159 sic
1540 4116 1728 4157 omnes
1757 4100 1926 4172 hypo-

342 4198 517 4265 critze,
543 4197 669 4254 licet
698 4197 933 4268 speciem
957 4196 1216 4253 virtutum
1241 4195 1426 4251 habitu
1453 4202 1509 4249 et
1538 4200 1693 4266 gestu
1720 4190 1926 4248 extrin-

342 4306 500 4348 secus
544 4284 817 4357 simulent,
853 4297 1031 4344 tamen
1060 4289 1186 4360 quia
1211 4288 1468 4343 virtutem
1510 4284 1629 4356 ejus
1674 4283 1928 4339 intrinse-

343 4401 441 4444 cus
472 4402 581 4444 non
620 4387 843 4452 habent,
873 4385 929 4441 in
954 4400 1020 4442 eo
1050 4386 1192 4456 quod
1240 4385 1308 4441 ad
1337 4392 1553 4455 tempus
1586 4391 1807 4441 sumunt
1832 4382 1928 4438 ﬁr-

345 4480 506 4535 miter
531 4494 753 4536 manere
780 4494 887 4535 non
905 4486 1168 4550 possunt;
1198 4477 1293 4533 sed
1315 4477 1502 4532 statim
1523 4485 1584 4531 ut
1607 4476 1785 4532 locum
1808 4490 1929 4546 pec-

346 4571 505 4628 candi
524 4569 850 4638 invenerint,
872 4569 1015 4642 quod
1034 4570 1185 4642 prius
1207 4570 1306 4626 sub
1329 4569 1632 4626 velamento
1654 4569 1926 4639 tegebant,

349 4664 403 4720 in
439 4662 722 4735 propatulo
755 4662 1080 4719 declarendo
1114 4660 1357 4718 revelant
1385 4678 1397 4715 :
1433 4660 1580 4732 quod
1603 4669 1659 4716 et
1698 4672 1932 4729 sequens

349 4756 615 4813 sententia
638 4757 849 4827 probat.

270 4836 279 4845 ’
428 4869 447 4903 ι
478 4850 558 4907 Ex
585 4850 706 4907 visu
732 4850 1075 4923 cognoscitur
1097 4851 1202 4915 vir,
1229 4857 1285 4905 et
1312 4849 1381 4906 ab
1405 4863 1634 4905 occursu
1655 4846 1813 4903 faciei
1835 4861 1930 4903 co-

358 4961 378 4996 ι
412 4941 687 5013 gnoscitur
729 4949 998 4999 sensatus.
1056 4940 1300 4996 Amictus
1347 4938 1625 5010 corporis,
1680 4947 1735 4994 et
1791 4937 1935 4992 risus

361 5055 380 5088 ι
416 5034 681 5103 dentium,
709 5041 764 5092 et
786 5035 1063 5106 ingressus
1085 5031 1321 5088 hominis
1342 5030 1631 5086 enuntiarit
1657 5028 1724 5084 de
1762 5028 1873 5082 illo.
1909 5046 1929 5080 ι

356 5124 462 5182 Per
482 5124 682 5182 iudicia
709 5125 856 5183 enim
879 5124 1153 5181 exteriora
1182 5136 1324 5191 saepe
1351 5119 1774 5191 deprehenditur
1802 5118 1937 5173 inte-

359 5216 472 5272 rior
498 5214 721 5273 affectus
769 5215 961 5282 animi,
992 5222 1048 5271 et
1082 5228 1180 5285 per
1209 5218 1418 5283 gestum
1447 5209 1692 5280 corporis
1719 5208 1940 5263 demon-

360 5317 567 5366 stratur
596 5309 828 5382 qualitas
853 5307 1168 5366 voluntatis.
1219 5303 1373 5361 Unde
1410 5309 1493 5359 est
1537 5301 1667 5357 illud
1693 5290 1940 5371 Evange-

2005 1980 2024 2015 ‹
2059 1966 2142 2017 est
2176 1958 2439 2029 judicium
2492 1950 2636 2029 quod
2684 1972 2790 2013 non
2839 1956 3099 2028 probatur
3142 1971 3263 2012 esse
3290 1955 3512 2012 bonum.
3561 1962 3581 2005 ι

1998 2048 2270 2106 Hactenus
2301 2056 2482 2104 servat
2511 2056 2773 2114 tenorem,
2809 2060 2973 2117 quem
3002 2047 3153 2117 prius
3186 2045 3423 2112 tenebat,
3475 2044 3587 2101 dis-

1998 2154 2194 2218 putans
2225 2148 2293 2201 de
2323 2130 2455 2202 falsa
2486 2144 2790 2199 humilitate
2835 2142 3243 2214 hypocritarum
3269 2145 3324 2198 et
3368 2138 3586 2209 haereti—

2002 2252 2228 2303 corum;
2261 2236 2387 2306 quia
2420 2234 2652 2290 mendax
2683 2241 2768 2288 est
2792 2247 2980 2288 eorum
3010 2231 3280 2302 correptio
3307 2228 3591 2293 doctrinae,

2002 2336 2056 2384 et
2075 2327 2337 2398 judicium
2368 2316 2562 2381 falsum
2582 2367 2595 2391 ,
2630 2325 2757 2395 quia
2791 2323 2932 2379 sicut
2957 2326 3141 2378 errant
3168 2321 3226 2377 in
3256 2312 3361 2376 ﬁde
3389 2325 3443 2375 et
3470 2318 3593 2373 reli-

2004 2427 2181 2498 gione,
2237 2424 2316 2480 sic
2353 2423 2586 2477 titubant
2629 2419 2961 2491 judiciOrum
3013 2422 3235 2473 suorum
3285 2413 3590 2485 qualitate;

2005 2534 2108 2574 nec
2136 2523 2314 2588 potest
2337 2530 2457 2573 esse
2485 2516 2685 2570 bonum
2706 2511 2992 2584 judicium,
3024 2508 3169 2580 quod
3198 2524 3304 2564 non
3332 2508 3474 2565 bono
3504 2519 3597 2578 ge-

2007 2609 2148 2665 ritur
2177 2608 2377 2663 a'nimo.
3034 2596 3043 2606 ⁸

2605 2692 2832 2755 CAPUT
2871 2690 3005 2751 Xiil.

2012 2814 2166 2882 Quod
2216 2814 2406 2868 bonum
2458 2813 2529 2867 sit
2555 2880 2562 2882 Α
2591 2826 2812 2882 arguere
2859 2805 3139 2882 loquendo,
3192 2818 3350 2875 quam
3382 2813 3600 2857 taeenao

2474 2880 2623 2937 dolos
2654 2879 2823 2936 tenere
2850 2894 2944 2950 per
2973 2879 3128 2930 iram.

2085 2997 2237 3071 (CAP.
2292 2996 2409 3069 xx.)
2469 3016 2486 3048 ι
2537 2994 2712 3063 Quam
2756 2992 2959 3050 bonum
3008 2997 3091 3047 est
3136 3003 3386 3061 arguere,
3438 3000 3601 3058 quam

2015 3091 2199 3157 irasci,
2224 3100 2278 3145 et
2304 3089 2651 3146 confitentem
2683 3087 2738 3142 in
2787 3085 3034 3142 oratione
3061 3098 3170 3139 non
3210 3077 3539 3153 prohibere!
3578 3095 3600 3132 ι

2018 3181 2225 3238 Bonum
2272 3190 2356 3236 est
2408 3195 2536 3252 ergo
2586 3178 2767 3235 omnia
2799 3178 3189 3245 circumspecte
3233 3180 3289 3229 et
3335 3170 3609 3242 patienter

2021 3290 2203 3346 agere,
2235 3274 2361 3344 quia
2392 3274 2473 3328 ira
2504 3272 2607 3328 viri
2640 3270 2908 3344 justitiam
2949 3268 3043 3323 Dei
3083 3282 3191 3322 non
3234 3271 3511 3346 operatur,
3550 3272 3607 3318 et

2024 3344 2267 3424 doctrina
2300 3366 2532 3423 hominis
2575 3380 2673 3436 per
2723 3362 3041 3436 patientiam
3071 3357 3423 3431 dignoscitur.
3456 3344 3608 3416 Unde

2023 3470 2079 3516 et
2106 3460 2353 3531 superius
2386 3459 2460 3514 ita
2490 3456 2770 3512 admonuit
2801 3473 2814 3509 :
2857 3474 2874 3506 ι
2911 3451 3137 3522 Corripe
3172 3449 3477 3521 proximum
3504 3462 3602 3504 au-

2026 3559 2241 3622 tequam
2272 3548 2636 3614 committeris,
2675 3555 2730 3600 et
2770 3545 2837 3601 da
2864 3544 3039 3599 locum
3088 3539 3275 3596 timori
3317 3537 3607 3604 Altissimi,

2023 3660 2092 3702 ne
2140 3643 2281 3719 forte
2308 3658 2405 3714 per
2449 3638 2872 3711 inquietudinem
2923 3632 3282 3691 animositatis
3312 3629 3506 3702 perdat
3545 3628 3600 3683 in

2021 3735 2272 3808 proximo
2326 3732 2564 3789 fructum
2609 3728 2970 3801 correptionis
3027 3723 3229 3798 (Eccli.
3271 3720 3473 3794 nx)”
3514 3738 3531 3772 ι
3558 3725 3612 3775 et

2026 3824 2391 3891 conﬁtentem,
2443 3824 2535 3890 ait,
2588 3824 2645 3878 in
2674 3821 2919 3878 oratione
2966 3817 3075 3874 noli
3119 3814 3460 3887 prohibere.)
3492 3810 3611 3866 Non

2026 3927 2111 3975 est
2140 3912 2229 3973 ille
2254 3912 2646 3988 prohibendus,
2678 3913 2770 3985 qui
2797 3910 3090 3968 conﬁtetur
3116 3902 3228 3962 Deo
3268 3905 3321 3959 in
3366 3901 3612 3960 oratione

2030 4023 2149 4073 sua,
2178 4015 2234 4062 et
2258 4000 2443 4063 laudat
2470 4005 2647 4077 ipsum
2674 4004 2729 4059 in
2757 4017 2853 4059 ore
2883 4008 3002 4066 suo,
3031 3998 3127 4054 sed
3155 3993 3522 4077 instruendus,
3550 3992 3608 4044 ut

2029 4109 2193 4158 rectae
2241 4093 2365 4153 fidei
2395 4106 2449 4153 et
2493 4096 2758 4153 bonorum
2802 4105 3027 4163 operum
3057 4083 3412 4161 ,concordiam
3458 4078 3611 4135 adhi-

2029 4193 2178 4258 beat,
2205 4191 2333 4262 quia
2363 4204 2472 4245 non
2499 4196 2583 4243 est
2616 4185 2859 4257 speciosa
2887 4182 3006 4237 laus
3044 4179 3099 4234 in
3144 4192 3237 4232 ore
3270 4170 3574 4246 peccatoris
3598 4210 3613 4235 ,

2033 4285 2129 4343 sed
2160 4304 2178 4336 ‹
2214 4281 2377 4339 corde
2398 4280 2640 4337 creditur
2666 4278 2735 4333 ad
2760 4275 3057 4347 justitiam,
3082 4284 3178 4326 ore
3198 4276 3377 4323 autem
3405 4262 3619 4321 confes-

2031 4378 2114 4434 sio
2138 4376 2199 4430 ﬁt
2225 4374 2293 4429 ad
2322 4372 2552 4428 salutem
2600 4388 2614 4424 :
2652 4388 2672 4420 ι
2708 4354 2934 4439 proinde
2961 4361 3230 4431 Propheta
3260 4352 3390 4412 dicit
3417 4373 3431 4409 :
3465 4362 3485 4405 t
3520 4354 3620 4408 Be-

2031 4468 2208 4533 nedic,
2238 4466 2417 4519 anima
2463 4476 2610 4528 mea,
2639 4456 2890 4523 Domino,
2916 4463 2971 4510 et
2990 4450 3170 4533 omnia
3212 4444 3471 4533 interiora
3498 4458 3619 4499 mea

2033 4530 2231 4615 nomen
2281 4561 2524 4610 sanctum
2553 4549 2669 4620 ejus
2716 4544 2886 4621 (Psal.
2916 4543 3028 4616 cx).
3068 4562 3086 4595 ›
3143 4530 3211 4596 Et
3241 4530 3406 4593 alibi:
3442 4554 3460 4587 ι
3498 4532 3619 4589 Ele-

2033 4650 2200 4716 vatio,
2233 4646 2426 4719 inquit,
2460 4658 2719 4699 manuum
2746 4652 2992 4696 mearum
3020 4622 3350 4692 sacrificium
3395 4640 3615 4697 vesper?

2034 4742 2207 4799 tinum
2240 4728 2413 4811 (Psa‘l.
2445 4734 2591 4807 uxr).
2627 4753 2643 4786 ι
3466 4738 3471 4741 ν

2113 4849 2131 4884 ι
2153 4804 2603 4897 Concupiscentia
2619 4820 2873 4894 spadonis
2886 4804 3617 4888 devirginavitjuvenculam,

2042 4942 2060 4975 ι
2102 4923 2180 4978 sic
2209 4919 2301 4990 qui
2330 4916 2463 4971 facit
2490 4928 2586 4985 per
2610 4913 2719 4969 vim
2741 4904 3008 4985 judicium
3051 4907 3316 4979 iniquum.
3352 4922 3370 4955 ι
3418 4899 3619 4957 Probat

2036 5010 2283 5082 exemplo
2315 4998 2459 5079 quod
2489 5004 2738 5077 superius
2767 5000 3063 5074 protulerat
3088 4997 3277 5061 verbo,
3320 5000 3381 5048 ut
3419 4990 3620 5047 bonum

2038 5104 2111 5160 sit
2140 5118 2247 5159 non
2291 5098 2455 5155 iraSci
2501 5116 2513 5151 :
2548 5096 2805 5168 quoniam
2832 5093 2996 5161 _sicut
3028 5083 3465 5159 concupiscentia
3506 5095 3624 5152 spa-

2042 5194 2195 5252 donis
2244 5189 2480 5246 maculat
2513 5186 2732 5259 quidem
2780 5183 3065 5255 virginem,
3120 5179 3215 5236 sed
3244 5192 3351 5234 non
3401 5176 3624 5243 generat

2042 5285 2307 5351 sobolem,
2332 5284 2409 5338 ita
2435 5286 2491 5338 et
2518 5278 2777 5336 violentia
2806 5276 3012 5347 iniqua,
3043 5271 3263 5330 simulat
3287 5268 3503 5344 quidem
3529 5266 3619 5338 ju-

363 5401 527 5457 licum
553 5420 568 5457 :
604 5366 634 5454 1.
657 5400 775 5458 Non
803 5409 889 5458 est
919 5400 1082 5455 arbor
1118 5400 1259 5453 bona
1288 5409 1406 5465 quae
1442 5392 1571 5449 facit
1596 5391 1805 5448 fructus
1827 5366 1929 5447 ma-

2042 5380 2266 5446 dicium,
2294 5378 2388 5434 sed
2416 5392 2528 5431 non
2554 5380 2734 5431 servat
2760 5370 3033 5442 aequitatis
3061 5366 3300 5424 modum.

361 5492 467 5561 los,
505 5508 681 5567 neque
709 5494 871 5549 arbor
890 5492 1030 5548 mala
1060 5490 1263 5546 faciens
1289 5487 1525 5543 fructum
1551 5485 1771 5542 bonum.
1796 5482 1941 5540 Una-

364 5601 593 5659 quaeque
619 5585 765 5643 enim
791 5585 952 5641 arbor
980 5598 1047 5639 ex
1091 5581 1270 5635 fructu
1300 5594 1398 5633 suo
1420 5575 1764 5651 cognoscitur
1784 5570 1937 5646 (Luc.

367 5678 467 5752 vr).
500 5698 520 5733 ι
550 5678 618 5734 Ει
640 5679 809 5755 item:
846 5696 864 5728 ι
892 5676 1092 5739 Bonus,
1120 5671 1316 5742 inquit,
1348 5670 1510 5726 homo
1535 5668 1600 5727 de
1643 5667 1786 5723 bono
1824 5665 1942 5722 the-

371 5785 535 5828 sauro
563 5758 743 5827 cordis
777 5770 860 5826 sui
898 5767 1106 5840 profert
1140 5767 1361 5830 bonum,
1393 5771 1449 5820 et
1474 5760 1647 5817 malus
1670 5760 1831 5815 homo
1876 5758 1942 5815 de

375 5864 516 5922 malo
575 5861 827 5920 thesauro
891 5858 1097 5933 profert
1172 5856 1392 5911 malum.
1465 5852 1545 5907 Ex
1614 5851 1941 5907 abundantia

2121 5493 2139 5526 ι
2176 5472 2348 5540 Quam
2383 5470 2584 5525 bonum
2612 5473 2694 5522 est
2721 5471 3030 5535 correptum
3074 5459 3421 5517 manifestare
3447 5454 3622 5528 pumi-

2051 5586 2071 5619 ι
2111 5568 2361 5623 tentiam:
2391 5566 2470 5620 sic
2493 5564 2639 5620 enim
2658 5560 2880 5633 effugies
2900 5559 3257 5616 voluntarium
3277 5559 3576 5627 peccatum.
3598 5569 3618 5604 ι

2048 5658 2201 5717 Sicut
2220 5660 2369 5731 prius
2387 5656 2664 5729 prohibuit
2679 5654 3012 5710 iracundiam
3024 5648 3318 5723 praevalere
3329 5647 3383 5703 in
3396 5638 3626 5715 judicio,

2046 5753 2127 5810 sic
2153 5762 2207 5808 et
2234 5767 2373 5806 nunc
2400 5749 2605 5816 laudat,
2637 5756 2697 5803 ut
2740 5745 3137 5817 correptionem
3165 5736 3409 5812 magistri
3433 5750 3625 5807 aequas

2047 5846 2138 5902 tur
2162 5841 2478 5915 poenitentia
2505 5839 2754 5912 discipuli
2782 5859 2795 5896 :
2845 5839 2917 5896 ita
2949 5850 3162 5908 quoque
3190 5824 3626 5899 concupiscentia
