4030 6506
477 344 581 401 805

1106 340 1167 396 Β.
1209 332 1469 396 ΒΛΒΑΝῘ
1498 337 1718 397 MAURI
1755 335 2074 395 ARClllEP.
2116 333 2425 394 MOGUNT.
2470 333 2753 394 OPERUM
2790 334 3052 394 PARS].

3627 340 3736 397 896

475 458 794 530 opprimitur
844 464 1145 527 peceatum,
1197 464 1252 513 et
1297 458 1455 512 venia
1503 458 1824 527 impetratur
1851 455 2049 511 delicti.
2079 456 2133 516 Α
2233 472 2252 506 ι
2285 453 2381 509 Est
2405 454 2678 524 processio
2706 453 2760 508 in
2790 453 2945 508 malis
2974 452 3530 526 virolndisciplinato,
3567 465 3624 513 et
3648 469 3736 515 est

482 552 629 608 Unde
655 551 901 606 Salvator
932 550 985 604 in
1010 549 1302 621 Evangelio
1323 548 1485 606 Petro
1515 549 1792 621 prmcepit,
1824 548 2012 603 dicens
2036 565 2048 601 :

479 664 497 695 ι
532 643 589 700 Si
619 643 923 716 peccaverit
951 643 1008 698 in
1050 652 1100 698 te
1120 643 1292 698 frater
1322 651 1467 709 tuus,
1495 641 1655 707 vade,
1685 640 1896 722 corripe
1929 653 2054 694 cum

472 735 614 792 inter
645 743 698 794 te
731 745 785 792 et
813 737 989 808 ipsum
1022 735 1196 791 solum
1224 753 1236 790 :
1270 735 1414 806 quod
1453 735 1499 790 si
1525 731 1904 804 ptenitentiam
1929 745 2053 802 ege-

471 829 557 894 rit,
586 829 826 887 lucratus
853 830 962 886 eris
987 827 1214 886 fratrem
1244 837 1418 895 tuum,
1447 847 1466 880 ι
1497 836 1602 884 etc.
1630 825 1845 898 (Matth.
1868 823 2050 897 xvm).

469 920 606 977 llinc
648 930 704 978 et
752 922 809 978 in
845 921 1150 979 Proverbiis
1201 920 1455 976 Salomon
1500 919 1578 974 ait
1616 936 1628 972 :
1666 937 1684 969 ‹
1720 916 1821 984 Qui
1867 914 2054 986 abjicit

467 1013 842 1086 disciplinam,
910 1013 1138 1084 despicit
1187 1013 1421 1067 animam
1479 1025 1677 1076 suam;
1727 1006 1832 1080 .qui
1869 1013 2052 1061 autem

467 1105 763 1177 acquiescit
827 1104 1285 1177 increpationibus
1307 1143 1324 1171 ,
1391 1116 1674 1174 possessor
1721 1108 1806 1158 est
1871 1097 2050 1155 cordis

2162 567 2180 599 ‹
2216 548 2454 603 inventio
2504 549 2556 602 in
2609 547 3012 602 detrimentum.
3049 565 3066 598 ›
3119 545 3232 602 Sub
3260 547 3439 621 lingua
3468 551 3614 606 enim
3642 568 3742 608 eo-

2155 656 2276 697 rum
2308 640 2457 697 labor
2485 650 2570 696 est
2607 649 2662 696 et
2700 640 2885 707 dolor,
2917 640 3107 696 sedent
3135 641 3190 696 in
3221 643 3447 697 occultis
3474 653 3533 698 ut
3561 645 3739 702 inter-

2157 732 2340 787 ficiant
2365 732 2736 799 innocentem;
2782 741 3115 803 quapropter
3143 741 3254 788 tota
3285 733 3620 790 machinatio
3644 735 3739 792 do-

2153 822 2280 878 losa}
2314 822 2635 879 inventionis
2681 837 2870 878 eorum
2925 822 3266 893 reputabitur
3313 823 3393 880 eis
3436 823 3493 878 in
3536 840 3738 896 oppro-

2151 913 2330 969 brium
2359 914 2762 984 sempiternum.
2806 912 2925 969 Fiet
2948 913 3092 970 enim
3123 927 3310 970 mensa
3334 929 3525 970 eorum
3546 931 3737 974 coram

2151 1007 2283 1079 ipsis
2309 1005 2362 1060 in
2381 1006 2650 1076 laqueum,
2668 1014 2723 1062 et
2742 1005 2794 1061 iu
2810 1005 3226 1062 retributionem
3243 1017 3297 1062 et
3317 1008 3371 1063 in
3390 1008 3735 1065 scandalum.

2225 1118 2244 1151 ‹
2275 1098 2369 1153 Est
2404 1097 2585 1153 datum
2619 1097 2762 1167 quod
2813 1113 2923 1154 non
2972 1092 3065 1154 'est
3102 1098 3256 1165 utile,
3312 1106 3369 1155 et
3407 1106 3494 1155 est
3545 1101 3734 1156 datum

466 1196 651 1269 (Prov.
680 1197 795 1272 xv).
829 1216 849 1250 ι
1278 1264 1280 1266 _

2153 1208 2175 1241 ε
2207 1187 2361 1258 cujus
2407 1187 2691 1246 retributio
2729 1188 2949 1260 duplex.
2985 1208 3006 1242 ι
3031 1189 3254 1272 ,Βαῑιιῐη
3308 1190 3451 1261 quod
3496 1206 3610 1245 non
3651 1199 3740 1246 est

541 1305 560 1338 ι
592 1287 684 1342 Est
711 1294 898 1344 tacens
921 1289 1014 1359 qui
1043 1287 1312 1345 invenitur
1356 1286 1592 1359 sapiens,
1621 1293 1675 1341 et
1717 1293 1803 1341 est
1832 1283 2045 1340 odibilis
2144 1280 2300 1347 utile,
2354 1279 2456 1336 hoc
2490 1287 2608 1349 est,
2660 1296 2784 1337 cum
2835 1283 3000 1339 homo
3039 1281 3440 1354 eleemosynam
3485 1283 3741 1339 tribuens

471 1395 490 1428 ‹
523 1377 616 1447 qui
669 1392 874 1449 procax
913 1386 997 1435 est
1041 1379 1109 1434 ad
1155 1378 1502 1450 loquendum.
1541 1397 1561 1430 ›
1613 1375 1728 1431 liae
1777 1375 2045 1432 sententia
2145 1375 2398 1446 expendit
2420 1390 2541 1430 eam
2565 1391 2665 1446 pro
2693 1376 2929 1433 humano
2958 1377 3175 1443 favore;
3206 1385 3261 1433 et
3297 1386 3380 1432 est
3407 1376 3615 1432 iterum
3640 1377 3737 1432 da—

464 1463 715 1522 laudatur
746 1468 1010 1524 modestia
1055 1467 1183 1524 boni
1211 1468 1335 1533 viri,
1367 1476 1420 1524 et
1464 1468 1802 1538 vituperatur
1830 1465 2045 1522 temeri-
2144 1473 2278 1533 tum,
2305 1464 2459 1537 cujus
2483 1475 2567 1524 est
2590 1468 2874 1524 retributio
2902 1468 3119 1540 duplex,
3153 1468 3365 1539 quando
3395 1469 3562 1524 homo
3591 1466 3735 1523 eleeo

465 1563 548 1610 tas
573 1555 828 1626 superbi,
856 1557 942 1613 vel
985 1559 1156 1633 magis
1186 1558 1593 1614 commendatur
1620 1557 1946 1629 religiositas
1989 1564 2046 1612 et
2141 1571 2422 1628 mosynam
2449 1572 2548 1628 pro
2576 1557 2671 1613 Dei
2696 1573 2882 1614 amore
2910 1567 2964 1615 et
2988 1574 3086 1630 pro
3112 1566 3328 1614 :eternaa
3365 1559 3492 1614 vitae
3519 1558 3734 1614 deside-

461 1648 744 1718 prudentia
772 1650 899 1705 boni
939 1650 1210 1716 catholici,
1241 1658 1294 1706 et
1315 1650 1728 1720 reprehenditur
1755 1657 1918 1721 atque
1943 1650 2039 1704 de-
2141 1649 2223 1705 rio
2257 1647 2420 1716 facit;
2460 1649 2549 1704 cui
2579 1649 2669 1704 hic
2711 1651 3032 1705 meritorum
3059 1649 3317 1705 tribuitur
3344 1649 3543 1716 honor,
3572 1657 3634 1703 et
3674 1647 3731 1704 in

461 1746 690 1794 testatur
714 1741 942 1797 stultitia
988 1750 1044 1798 et
1086 1741 1388 1814 procacitas
1415 1742 1690 1809 lueretici;
1742 1742 1869 1813 quia
1899 1742 2042 1797 sicut
2139 1738 2322 1795 futura
2369 1740 2802 1798 remuneratione
2843 1741 3011 1814 gloria
3066 1753 3323 1814 sequetur
3371 1741 3726 1813 sempiterna.

459 1828 561 1886 iste
600 1831 952 1888 immoderato
977 1832 1189 1889 silentio
1218 1833 1455 1889 ostendit
1495 1833 1822 1903 sapientiam
1849 1835 2033 1900 suam’,
2062 1819 2112 1882 Β
2141 1830 2294 1888 Unde
2335 1831 2450 1904 ipsa
2494 1834 2708 1890 Veritas
2749 1835 2804 1890 in
2834 1835 3125 1907 Evangelio
3168 1838 3246 1892 ait
3281 1855 3295 1889 :
3333 1855 3352 1888 ι
3403 1835 3575 1893 Nemo
3606 1844 3729 1902 est,

457 1920 537 1975 sic
565 1929 620 1976 et
648 1921 734 1977 ille
761 1923 819 1978 in
845 1923 1173 1994 loquacitate
1201 1923 1472 1996 superflua
1504 1925 1814 1980 manifestat
1857 1924 2038 1980 stulti-
2141 1922 2233 1992 qui
2284 1922 2562 1994 reliquerit
2598 1926 2815 1982 domum
2842 1967 2858 1994 ,
2903 1936 2998 1983 aut
3053 1926 3279 1994 fratres,
3329 1935 3419 1983 aut
3461 1929 3723 1995 sorores',

458 2012 590 2066 tiam
624 2029 807 2082 suam,
841 2014 936 2072 sed
969 2016 1095 2087 quia
1137 2017 1480 2073 taciturnitas
1528 2016 1815 2087 aliquando
1842 2031 2039 2089 proce-
2141 2021 2234 2069 aut
2272 2022 2521 2084 patrem,
2589 2025 2682 2071 aut
2732 2024 3007 2086 matrem,
3054 2028 3148 2075 aut
3205 2019 3362 2086 filios,
3410 2030 3507 2075 aut
3562 2035 3726 2091 agros

457 2101 534 2157 dit
559 2119 626 2158 ex
654 2105 817 2174 bono,
865 2105 1152 2178 aliquando
1179 2123 1310 2165 vero
1339 2122 1406 2164 ex
1444 2107 1610 2174 malo,
1648 2108 1774 2166 inde
1808 2107 2037 2180 subjun-

453 2192 624 2263 gitur:

528 2304 547 2338 ι
581 2286 673 2343 Est
699 2296 878 2346 autem
902 2296 1088 2348 tacens
1112 2306 1221 2348 non
1244 2290 1450 2349 habens
1471 2305 1686 2349 sensum
1709 2292 1956 2364 loquelae,
1982 2302 2038 2350 et

457 2395 477 2429 ι
511 2387 596 2434 est
645 2388 829 2438 tacens
884 2383 1062 2440 sciens
1111 2392 1322 2456 tempus
1376 2392 1579 2456 aptum.
1639 2406 1658 2440 ι
1713 2385 1853 2442 Sunt
1890 2387 2035 2444 enim

452 2469 606 2524 multi
635 2472 728 2541 qui
761 2473 881 2529 ideo
907 2481 1112 2542 tacent,
1154 2477 1410 2546 quoniam
1441 2493 1550 2534 non
1584 2478 1787 2535 habent
1813 2494 2033 2536 sensum

450 2566 506 2613 et
532 2560 784 2630 peritiam
818 2563 1102 2634 loquendi;
1133 2577 1259 2622 sunt
1285 2577 1341 2624 et
1383 2569 1476 2625 alii
1505 2569 1598 2640 qui
1628 2585 1736 2625 non
1770 2586 1868 2642 per
1897 2570 2033 2627 insi-

449 2651 728 2722 pientiam,
760 2655 854 2711 sed
879 2671 978 2727 per
1010 2657 1294 2715 scientiam
1319 2660 1503 2728 silent,
1577 2661 1931 2720 observantes
1976 2664 2032 2719 in

449 2742 717 2814 loquendo
753 2747 944 2805 horam
988 2751 1101 2823 apti
1157 2753 1431 2825 temporis,
1468 2754 1596 2826 quia
1637 2773 1656 2806 ί
1696 2762 1908 2826 tempus
1947 2762 2033 2811 est

449 2837 682 2905 tacendi,
711 2846 767 2894 et
794 2848 1003 2913 tempus
1027 2842 1312 2917 loquendi;
1351 2865 1370 2898 ι
1405 2861 1506 2901 nec
1531 2862 1692 2902 onme
1721 2853 1933 2919 tempus
1962 2847 2029 2903 ad

446 2927 627 2983 omnia
650 2931 931 3000 :equaliter
959 2936 1288 2992 conveniens
1312 2944 1415 2992 est.
1450 2937 1603 2994 Unde
1627 2947 1683 2994 et
1709 2940 1989 3010 sequitur:

523 3037 542 3071 ι
576 3019 748 3077 Homo
774 3025 988 3095 sapiens
1026 3028 1226 3084 tacebit
1251 3043 1423 3100 usque
1455 3031 1524 3086 ad
1559 3037 1792 3101 tempus.
1827 3050 1847 3083 ι
1901 3029 2028 3087 Liu-

446 3123 549 3179 gua
583 3112 764 3183 itaque
799 3116 1032 3175 discrete
1073 3119 1333 3178 frenanda
1372 3131 1480 3189 est,
1514 3139 1624 3178 non
1669 3123 2027 3180 insolubiliter

2138 2113 2360 2176 prepter
2388 2121 2474 2163 me
2499 2114 2554 2162 et
2580 2115 2802 2179 propter
2825 2108 3197 2182 Evangelium,
3229 2111 3322 2182 qui
3349 2125 3456 2166 non
3487 2110 3727 2181 accipiat

2138 2199 2346 2256 centies
2373 2207 2581 2256 tantum
2616 2217 2761 2258 nunc
2802 2202 2856 2258 in
2888 2211 3135 2274 tempore
3174 2204 3280 2259 hoc
3310 2219 3432 2259 cum
3457 2218 3724 2275 persecu-

2137 2290 2393 2358 tionibus,
2419 2299 2476 2347 et
2513 2292 2569 2348 in
2595 2293 2791 2350 saeculo
2831 2292 3012 2351 futuro
3045 2295 3212 2350 vitam
3258 2305 3518 2352 aeternam
3563 2296 3723 2369 (Luc.

2136 2397 2304 2451 xvm;
2330 2401 2348 2435 ι
2379 2382 2532 2455 cujus
2560 2387 2841 2443 sententia:
2868 2403 3058 2444 sensus
3084 2387 3207 2446 talis
3228 2396 3314 2445 est
3332 2407 3344 2444 :
3362 2389 3466 2457 Qui
3488 2397 3716 2462 propter

2135 2473 2484 2548 Evangelium
2538 2476 2740 2534 Christi
2796 2479 3035 2534 carnalia
3088 2478 3387 2551 reliquerit,
3448 2479 3720 2551 spiritalia

2133 2567 2276 2624 bona
2309 2568 2554 2638 recipiet,
2586 2585 2706 2640 qum
2735 2571 3138 2642 comparatione
3171 2579 3225 2627 et
3266 2571 3464 2627 merito
3508 2571 3596 2626 sui
3643 2571 3721 2626 ita

2132 2669 2335 2727 erunt,
2373 2661 2527 2730 quasi
2578 2676 2744 2732 parvo
2788 2678 3014 2719 numero
3062 2663 3406 2719 centonarius
3454 2677 3722 2718 numerus

2131 2759 2475 2820 comparetur
2506 2767 2520 2806 :
2550 2752 2674 2822 quia
2717 2752 2975 2809 nimirum
3017 2769 3047 2809 a
3089 2751 3349 2810 fratribus
3386 2763 3555 2824 atque
3585 2769 3721 2810 con-

2132 2843 2368 2898 sortibus
2409 2844 2672 2914 propositi
2715 2844 2818 2911 sui,
2851 2845 2943 2915 qui
2969 2844 3018 2899 ei
3059 2843 3289 2915 spiritali
3329 2844 3540 2916 glutino
3567 2844 3724 2900 colli-

2131 2942 2342 3004 gantur,
2387 2934 2558 2988 multo
2602 2934 2894 3005 gratiorem
2936 2935 3102 2992 etiam
3158 2936 3212 2990 in
3275 2937 3376 2991 hac
3428 2935 3540 2991 vita
3581 2934 3724 2992 reci-

2129 3026 2240 3096 piet
2279 3025 2625 3093 charitatem,
2662 3027 2798 3081 etin
2831 3026 3013 3082 futuro
3045 3027 3269 3098 praemia
3311 3028 3671 3103 sempiterna.

2208 3135 2225 3166 ί
2260 3115 2356 3170 Est
2400 3124 2624 3186 propter
2665 3117 2890 3188 gloriam
2934 3118 3250 3184 minoratio,
3288 3126 3345 3173 et
3380 3125 3467 3174 est
3497 3117 3593 3188 qui
3619 3118 3726 3173 hu-

445 3201 752 3274 obliganda,
777 3215 840 3263 ut
869 3210 1127 3267 nimirum
1154 3228 1276 3269 cum
1303 3224 1667 3286 opportunum
1696 3217 2025 3285 considerat,
2055 3191 2100 3255 C
2138 3223 2158 3258 ι
2189 3207 2420 3262 militate
2446 3206 2648 3262 levavit
2687 3216 2872 3279 caput.
2909 3228 2928 3262 ι
2971 3209 3073 3265 Hic
3114 3209 3266 3265 locus
3292 3208 3607 3280 evangelico
3641 3217 3727 3264 te-

444 3295 739 3363 postposita
762 3311 990 3357 censura
1016 3302 1239 3372 silentii,
1262 3305 1530 3376 loquendo
1555 3322 1676 3380 qua:
1702 3319 2026 3381 congruunt,

447 3382 502 3438 in
536 3401 694 3443 usum
723 3405 783 3446 se
811 3393 1060 3451 utilitatis
1094 3396 1388 3468 impendat.

521 3496 540 3528 ι
573 3476 832 3541 Lascivus
881 3495 1060 3542 autem
1111 3495 1168 3544 et
1217 3490 1532 3561 imprudens
1577 3507 1686 3550 non
1735 3495 2031 3552 servabunt

446 3575 679 3640 tempus.
714 3593 733 3627 ι
765 3574 880 3633 Mos
909 3587 990 3634 est
1017 3595 1233 3653 semper
1254 3584 1622 3654 prudentium,
1658 3593 1719 3642 ut
1745 3588 2030 3645 modercnt

445 3673 725 3720 sermones
757 3681 905 3735 suos,
936 3681 992 3726 et
1019 3680 1204 3741 aptum
1231 3681 1446 3748 tempus
1469 3679 1760 3734 observent
1789 3697 1803 3735 :
1837 3679 2028 3738 stulto-

365 3798 374 3805 .
445 3765 728 3812 rum-vero
769 3766 960 3817 utnec
1001 3762 1201 3832 locum,
1237 3781 1338 3824 nec
1387 3777 1622 3840 tempus,
1671 3785 1774 3826 nec
1806 3773 2028 3829 modum

445 3847 776 3920 custodiant,
829 3853 926 3910 sed
969 3861 1138 3912 totum
1188 3860 1433 3930 spiritum
1483 3877 1640 3918 suum
1690 3863 2030 3934 impudenter

444 3939 765 4012 proferant:
815 3945 957 4016 quod
995 3948 1290 4018 smpissime
1333 3950 1574 4008 haeretici
1601 3960 1657 4008 et
1697 3953 2025 4012 schismatici

447 4030 671 4088 faciunt.
705 4033 860 4090 Unde
903 4036 1191 4107 Apostolus
1220 4039 1565 4098 Timotheum
1610 4043 1769 4100 docet
1795 4046 2029 4117 qualiter

447 4122 721 4180 auditores
749 4139 875 4182 suos
898 4127 1154 4198 instruat,
1189 4149 1209 4184 ‹
1229 4147 1299 4188 ne
1325 4133 1609 4190 intendant
1635 4135 1832 4192 fabulis
1860 4147 1915 4192 et
1939 4153 2028 4209 ge-

445 4212 687 4286 nealogis
712 4216 1096 4288 interminatis,
1128 4237 1247 4293 quae
1276 4225 1600 4294 quaestiones
1625 4235 1887 4299 praestant
1911 4245 2027 4285 ma-

444 4307 527 4378 gis
552 4322 716 4379 quam
756 4310 1171 4369 aedificationem
1204 4315 1320 4385 Dei,
1352 4333 1474 4388 qua:
1501 4327 1586 4375 est
1638 4319 1694 4375 in
1724 4320 1868 4388 fide;
1902 4321 2025 4379 ﬁnis

443 4408 622 4458 autem
652 4406 903 4477 praecepti
935 4416 1020 4464 est
1048 4408 1286 4466 charitas
1314 4411 1383 4467 de
1415 4413 1578 4468 corde
1609 4428 1768 4485 puro,
1798 4423 1855 4470 et
1892 4429 2026 4469 eon-

444 4495 673 4553 scientia
710 4500 870 4569 bona,
901 4510 956 4558 ct
987 4502 1092 4559 ﬁde
1127 4519 1237 4560 non
1273 4505 1401 4562 ﬁcta
1449 4525 1466 4563 :
1495 4522 1528 4562 a
1574 4509 1772 4580 quibus
1804 4509 2022 4578 quidam

2129 3297 2384 3354 stimonio
2421 3299 2615 3368 exponi
2644 3299 2877 3366 videtur,
2907 3301 3000 3357 ubi
3040 3301 3237 3357 dicitur
3283 3318 3298 3354 :
3343 3318 3364 3352 ‹
3400 3300 3594 3356 Omnis
3623 3299 3724 3372 qui

2129 3403 2189 3444 se
2215 3387 2434 3456 exaltat,
2465 3388 2872 3457 humiliabitur;
2915 3398 2970 3446 et
3001 3391 3094 3462 qui
3122 3405 3182 3447 se
3205 3389 3473 3456 humiliat,
3501 3390 3722 3446 exalta-

2127 3479 2276 3536 bitur
2302 3479 2458 3553 (Luc.
2488 3497 2603 3548 xiv,
2626 3481 2807 3555 xvm).
2842 3501 2861 3536 ι
2893 3481 3121 3554 Propter
3139 3483 3366 3556 gloriam
3391 3496 3524 3554 ergo
3543 3482 3727 3540 mino-

2129 3579 2282 3628 ratur
2303 3573 2487 3643 homo,
2517 3590 2641 3630 cum
2676 3583 2899 3648 propter
2925 3578 3312 3635 exaltationem
3344 3577 3528 3635 cordis
3556 3577 3725 3635 meri-

2131 3669 2245 3719 tum
2286 3665 2508 3722 virtutis
2535 3665 2611 3722 illi
2664 3667 2959 3736 decrescit;
2987 3677 3042 3724 et
3068 3668 3138 3725 ab
3177 3668 3484 3725 humilitate
3519 3669 3725 3724 levavit

2128 3767 2292 3830 caput
2315 3802 2331 3828 ,
2389 3774 2514 3816 cum
2555 3769 2682 3831 post
2719 3770 3041 3832 praesentem
3102 3761 3485 3820 contritionem
3533 3761 3723 3818 anima

2127 3852 2246 3924 ejus
2277 3852 2450 3924 gloria
2478 3853 2799 3910 sublimatur
2825 3863 3047 3911 :eterna.

2204 3962 2225 3996 ε
2260 3944 2357 4001 Est
2393 3947 2486 4017 qui
2531 3945 2699 4001 multa
2728 3946 2960 4002 redimat
2993 3945 3206 4004 modico
3244 3947 3439 4019 pretio,
3476 3953 3533 4002 et
3559 3946 3722 4002 resti-

2133 4053 2154 4090 ς
2199 4046 2357 4095 tuens
2384 4055 2449 4096 ea
2481 4039 2803 4111 septuplum.
2826 4060 2846 4094 ι
2882 4040 3047 4096 Multa
3070 4041 3286 4097 redimit
3311 4039 3522 4096 modico
3541 4039 3722 4111 pretio

2127 4131 2218 4203 qui
2242 4145 2342 4201 per
2379 4131 2776 4190 confessionem
2819 4131 3139 4189 humilitatis
3184 4134 3252 4188 ab
3292 4132 3436 4190 omni
3475 4140 3724 4188 meretur

2126 4223 2324 4281 resolvi
2364 4223 2589 4292 delicto;
2620 4245 2638 4278 ‹
2657 4234 2713 4281 et
2737 4226 2972 4282 restituit
2997 4241 3061 4283 ea
3101 4225 3426 4296 septuplum,
3451 4243 3470 4277 ι
3498 4223 3724 4295 quando

2127 4313 2182 4368 in
2206 4315 2460 4370 vitiorum
2488 4316 2686 4383 locum,
2719 4317 2996 4387 copiosum
3025 4316 3215 4373 inserit
3241 4317 3500 4371 virtutum
3525 4330 3723 4372 nume—

2127 4419 2270 4459 rum.
2290 4404 2446 4473 Nam,
2465 4416 2528 4461 ut
2547 4406 2624 4462 ait
2644 4406 2994 4478 Apostolus,'¢
3012 4407 3102 4462 ubi
3126 4406 3422 4462 abundavit
3436 4405 3720 4474 delictum,

2129 4497 2590 4566 superabundavit
2639 4506 2695 4554 et
2738 4499 2910 4570 gratia
2941 4513 2957 4552 :
2988 4506 3049 4553 ut
3072 4499 3212 4554 sicut
3240 4498 3489 4569 regnavit
3523 4513 3722 4569 pecca-

444 4588 764 4649 aberrantcs
809 4596 1058 4652 conversi
1104 4605 1233 4654 sunt
1274 4599 1331 4654 in
1357 4598 1748 4671 vaniloquium,
1780 4600 2027 4657 volentes

2139 4563 2243 4640 tum
2269 4586 2324 4641 in
2353 4595 2607 4655 mortem,
2636 4588 2712 4644 ita
2735 4563 2791 4646 et
2816 4589 2989 4662 gratia
3021 4598 3209 4659 regnet
3231 4563 3330 4659 per
3361 4563 3634 4659 justitiam
3662 4587 3722 4643 in

444 4693 566 4735 esse
593 4681 725 4754 legis
752 4685 1020 4756 doctores,
1049 4704 1159 4746 non
1185 4689 1565 4764 intelligentes,
1592 4707 1768 4764 neque
1801 4708 1922 4764 qua:
1949 4693 2030 4749 lo-

445 4780 705 4842 quuntur,
756 4792 932 4849 neque
980 4779 1049 4836 de
1093 4782 1290 4852 quibus
1337 4783 1609 4841 affirmant
1639 4784 1695 4858 (Ι
1723 4785 1860 4841 Tim.
1902 4788 1966 4860 1).
2001 4805 2022 4840 ι

442 4863 688 4935 Quorum
712 4871 994 4930 stultitiam
1016 4875 1191 4932 adhuc
1217 4876 1492 4950 redarguit
1507 4877 1786 4950 Sapientia
1807 4881 2023 4936 dicens:

520 4977 542 5011 ‹
585 4960 686 5028 Qui
733 4964 918 5022 multis
943 4967 1114 5024 utitur
1141 4968 1340 5036 verbis,
1369 4969 1517 5027 lzedit
1566 4971 1806 5027 animam
1835 4986 2022 5039 suam;

448 5065 472 5102 ί
513 5060 571 5108 et
616 5053 709 5123 qui
756 5064 1079 5128 potestatem
1127 5059 1231 5117 sibi
1264 5061 1426 5116 sumit
1473 5060 1690 5133 injuste,
1737 5063 1970 5119 odietur.
1999 5081 2020 5116 ι

445 5143 626 5202 Multis
662 5155 885 5206 utuntur
903 5152 1085 5208 verbis
1118 5152 1361 5211 haeretici
1388 5169 1510 5210 cum
1537 5170 1635 5226 per
1657 5155 2024 5226 eloquentiam

441 5231 737 5295 humanam
769 5251 980 5299 certant
1017 5259 1170 5300 suam
1197 5245 1378 5301 velare
1432 5245 1730 5311 malitiam;
1783 5246 1877 5316 qui
1921 5245 2023 5302 sibi

442 5322 700 5395 injustam
723 5341 989 5403 usurpant
1013 5343 1358 5404 potestatem,
1409 5337 1667 5406 quoniam
1704 5345 1896 5394 contra
1931 5351 2023 5392 ve-

444 5416 659 5473 ritatcm
689 5423 969 5478 sentiendo
1013 5441 1120 5482 non
1145 5435 1297 5483 recte
1329 5428 1431 5483 sibi
1466 5438 1732 5499 usurpant
1769 5429 2024 5500 magiste-

444 5505 511 5561 rii
541 5507 874 5581 dignitatem.
927 5513 1081 5571 Unde
1128 5517 1230 5588 ipsi
1261 5518 1488 5573 odibilcs
1513 5528 1692 5586 erunt,
1739 5521 1866 5590 quia
1911 5527 2023 5576 tam

444 5613 630 5657 coram
657 5603 767 5659 Deo
799 5619 962 5675 quam
1006 5609 1173 5664 etiam
1197 5627 1380 5666 coram
1413 5613 1718 5668 hominibus
1747 5622 1934 5684 turpes
1969 5622 2026 5669 ct

442 5692 789 5754 detestabiles
820 5701 986 5766 fiunt;
1024 5717 1251 5771 quorum
1288 5705 1532 5760 doctrina
1572 5714 1624 5761 et
1659 5706 1894 5760 studium
1939 5715 2020 5761 to-

435 5795 559 5856 tum
585 5791 814 5849 vertitur
859 5791 967 5849 illis
1008 5792 1062 5849 in
1104 5792 1505 5851 detrimentum.
1536 5795 1690 5854 Unde
1731 5797 2016 5869 sequitur:
2068 5852 2092 5870 ,

2128 4680 2296 4734 vitam
2339 4688 2598 4736 aeternam
2634 4697 2734 4753 per
2779 4680 2964 4738 Jesum
2996 4679 3271 4738 Christum
3305 4681 3594 4738 Dominum
3625 4695 3723 4736 no-

2131 4778 2303 4825 strum
2328 4770 2506 4841 (Rom.
2530 4771 2639 4844 v).)
3762 4832 3771 4856 ‘

2206 4881 2224 4914 ι
2259 4860 2486 4932 Sapiens
2508 4863 2564 4917 in
2587 4863 2752 4919 verbo
2772 4863 3316 4934 seipsum’amabilem
3342 4861 3500 4930 facit;
3525 4863 3719 4935 gratia:

2134 4970 2155 5004 ‹
2183 4960 2363 5008 autem
2401 4951 2672 5008 fatuorum
2698 4953 3058 5010 etfundentur.
3113 4975 3133 5007 ι
3183 4954 3414 5026 Sapiens
3454 4953 3510 5009 in
3548 4953 3719 5009 verbo

2128 5055 2212 5102 est
2265 5046 2454 5103 doctor
2486 5046 2803 5115 catholicus,
2853 5047 2946 5117 qui
2973 5047 3044 5102 .in
3077 5047 3322 5103 doctrina
3346 5061 3444 5103 sua
3472 5046 3718 5116 seipsum

2128 5136 2416 5192 amabilem
2441 5135 2589 5204 facit,
2610 5136 2825 5209 quando
2852 5138 2908 5193 in
2932 5139 3268 5195 testamentis
3291 5137 3489 5193 divinis
3514 5135 3718 5196 verita-

2129 5238 2238 5286 tem
2267 5230 2420 5300 sequi
2451 5245 2561 5286 non
2587 5230 2842 5302 negligit;
2867 5231 3058 5303 gratia:
3083 5238 3264 5287 autem
3287 5229 3587 5294 fatuorum,
3609 5229 3714 5283 hoc

2125 5329 2210 5377 est
2236 5322 2488 5392 dogmata
2517 5321 2918 5389 haereticorum,
2947 5321 3308 5390 eil‘undentur,
3334 5335 3437 5377 nec
3454 5319 3570 5376 ullo
3587 5317 3710 5376 usni

2123 5413 2268 5471 bono
2293 5421 2431 5484 aptae
2458 5421 2655 5469 erunt:
2682 5413 2749 5470 de
2775 5430 2882 5485 quo
2909 5414 3086 5470 adhuc
3114 5413 3400 5470 subditur:

2201 5534 2226 5568 ί
2263 5515 2430 5572 Datus
2458 5515 2761 5587 insipientis
2788 5531 2897 5571 non
2925 5517 3033 5572 erit
3057 5514 3204 5572 utilis
3232 5514 3365 5580 tibi;
3394 5511 3538 5569 oculi
3561 5511 3710 5568 enim

2132 5631 2151 5662 α
2189 5610 2332 5668 illius
2377 5611 2752 5682 septempliccs
2789 5619 2934 5666 sunt.
2981 5628 3000 5660 ι
3046 5609 3214 5664 Datus
3256 5605 3558 5677 insipientis
3597 5619 3709 5659 non

2125 5703 2230 5756 erit
2267 5701 2435 5766 utilis,
2476 5703 2599 5772 quia
2630 5701 2872 5757 doctrina
2911 5698 3287 5754 litereticorum
3317 5696 3447 5750 nulli
3491 5702 3578 5751 est
3612 5708 3706 5749 sa—

2123 5791 2326 5861 lubris;
2358 5793 2498 5850 oculi
2525 5793 2670 5848 enim
2698 5791 2840 5846 illius
2865 5788 3239 5863 septemplices
3277 5794 3418 5854 sunt,
3451 5785 3577 5857 quia
3617 5783 3705 5838 in-
