4030 6480
300 403 410 463 80"

1201 401 1552 460 COMMENT.
1590 401 1657 457 ΙΝ
1695 397 2528 458 ECCLESlASTlCUM.—LIB.
2567 399 2650 455 ιν.

3447 415 3552 473 898

300 513 475 570 tentio
507 511 801 571 voluntatis
827 512 943 586 ejus
969 515 1137 572 variis
1165 515 1422 587 nequitiis
1466 514 1734 570 maculata
1776 522 1883 581 est,
1911 529 1964 587 Α
1993 532 2010 565 ς
2049 520 2190 568 sunt.
2227 533 2247 565 ι
2277 512 2539 581 Quoniam
2568 514 2659 586 qui
2703 516 3104 574 communicant
3127 518 3364 592 dogmati
3387 519 3558 578 haere-

299 607 523 676 quondo
549 609 619 663 ad
648 608 946 664 nocendum
987 623 1203 680 semper
1232 616 1412 664 exstat
1441 615 1650 679 parata.
1696 605 1882 676 Septe-

303 697 494 754 narius
534 713 664 771 ergo
686 714 964 768 numerus,
991 700 1083 770 qui
1104 709 1326 770 propter
1352 698 1531 754 divina
1556 697 1882 753 charismata

302 804 429 860 qua:
457 789 623 846 Isaias
654 793 914 862 propheta
944 791 1000 846 in
1039 789 1273 861 Spiritus
1302 789 1473 846 sancti
1503 789 1643 845 dono
1664 801 1884 844 enume-

303 887 394 937 rat
421 880 559 954 (lsa.
585 880 663 952 xi)
692 881 1009 952 perfectioni
1035 891 1384 937 consecratus
1407 887 1523 946 est,
1550 879 1691 935 idem
1718 893 1883 934 econ-
1937 920 1940 922 .
1970 923 1976 932 .

301 982 390 1030 tra
439 973 728 1046 aliquando
756 974 1142 1046 plenitudinem
1176 975 1431 1046 nequitiae
1481 973 1776 1046 significat,
1823 979 1888 1028 ut

299 1074 387 1122 est
414 1064 544 1120 illud
572 1066 628 1122 in
655 1065 968 1138 Evangelio,
994 1066 1139 1137 quod
1176 1063 1422 1121 Salvator
1453 1065 1518 1121 de
1551 1063 1756 1135 Spiritu
1777 1064 1882 1120 im-

299 1155 504 1232 mundo
530 1155 600 1211 ad
624 1163 836 1227 tempus
863 1155 1146 1212 deserente
1186 1154 1463 1212 hominem
1502 1153 1762 1220 narravit,
1805 1153 1887 1210 di-

300 1261 473 1304 cens:
511 1266 531 1301 ι
563 1246 698 1303 Cum
743 1247 1050 1304 immundus
1075 1246 1296 1318 spiritus
1321 1244 1515 1302 exierit
1541 1244 1610 1301 de
1643 1243 1882 1314 homine,

297 1338 641 1412 perambulat
659 1353 760 1410 per
784 1339 902 1395 loca
925 1339 1207 1412 inaquosa,
1243 1353 1492 1410 quaerens
1520 1337 1798 1410 requiem;
1828 1345 1887 1394 et

297 1446 408 1486 non
430 1430 710 1487 inveniens
729 1430 895 1488 dicit:
918 1431 1181 1488 Revertar
1203 1431 1260 1488 in
1281 1431 1496 1487 domum
1517 1444 1720 1496 meam,
1743 1428 1886 1485 unde

297 1524 462 1580 exivi.
510 1524 580 1581 Et
617 1539 742 1581 cum
782 1524 1008 1594 venerit,
1056 1525 1264 1582 invenit
1287 1539 1410 1579 eam
1449 1522 1631 1593 scopis
1660 1520 1886 1576 munda-

296 1620 436 1683 tain,
475 1623 531 1672 et
577 1623 705 1672 tunc
739 1615 888 1671 vadit
914 1623 970 1672 et
1013 1614 1243 1672 assumit
1286 1620 1495 1686 septem
1533 1610 1756 1684 spiritus
1783 1626 1883 1667 ne-

296 1706 518 1777 quiores
538 1722 620 1774 se,
641 1715 698 1763 et
724 1707 953 1780 ingressi
977 1707 1226 1764 habitant
1247 1706 1341 1774 ibi,
1369 1714 1425 1764 et
1444 1712 1571 1763 sunt
1590 1702 1885 1762 novissima

295 1795 532 1852 hominis
562 1795 703 1854 illius
728 1795 914 1868 pejora
937 1797 1206 1867 prioribus
1233 1796 1385 1870 (Luc.
1415 1797 1494 1871 v).
1529 1815 1549 1850 ι

1983 603 2231 668 ticorum,
2262 604 2364 674 ipsi
2387 604 2441 659 in
2463 605 2569 660 ﬁde
2595 614 2652 661 et
2668 606 2892 663 scientia
2921 609 3208 666 mendaces
3227 610 3390 678 ﬁunt;
3418 611 3559 668 unde

1981 712 2080 768 per
2104 711 2345 752 errorem
2371 712 2528 753 suum
2553 699 2803 756 omnibus
2821 699 3086 775 notabiles
3107 709 3284 770 erunt,
3312 701 3452 759 sicut
3475 717 3559 760 se-

1983 805 2156 861 quens
2186 792 2457 846 sententia
2481 792 2693 862 probat.

2058 898 2077 932 ι
2112 880 2334 949 Quoties
2353 890 2410 937 et
2441 883 2628 953 quanti
2651 883 2952 940 irridebunt
2993 886 3154 942 cum?
3183 885 3371 958 Neque
3417 886 3562 942 enim

1989 988 2008 1023 ι
2047 973 2192 1042 quod
2212 972 2518 1029 habendum
2544 982 2663 1028 erat
2703 974 2908 1030 directo
2951 990 3110 1031 sensu
3153 976 3453 1043 distribuit,
3483 977 3558 1032 si-

1989 1078 2009 1112 ι
2042 1061 2243 1118 militer
2262 1069 2318 1118 et
2341 1062 2486 1134 quod
2511 1077 2621 1118 non
2643 1072 2763 1118 erat
2781 1063 3107 1120 habendum.
3139 1085 3158 1120 ι
3184 1065 3390 1122 Idcirco
3416 1067 3560 1121 enim

1982 1153 2314 1212 detestabilis
2367 1164 2453 1212 est
2506 1155 2883 1212 haereticorum
2931 1165 3124 1225 coetus,
3173 1159 3427 1229 quoniam
3473 1174 3563 1214 ca-

1981 1261 2180 1302 nonem
2218 1247 2478 1316 divinum,
2516 1255 2572 1303 et
2596 1255 2937 1305 sacramenta
2974 1264 3093 1320 qua:
3138 1250 3193 1304 in
3246 1249 3337 1305 illo
3389 1266 3488 1307 con
3499 1251 3562 1306 ti-

1981 1344 2182 1394 nentur
2227 1338 2345 1409 ipse
2397 1331 2547 1396 recto
2601 1354 2764 1396 sensu
2813 1355 2923 1396 non
2977 1339 3369 1411 interpretatur
3393 1381 3409 1408 ,
3455 1355 3558 1396 nec

1981 1427 2376 1498 expositionem
2425 1437 2757 1486 tractatuum
2803 1445 3025 1486 suorum
3047 1470 3064 1497 ,
3116 1446 3238 1502 quae
3293 1430 3429 1486 nulli
3475 1439 3561 1486 est

1983 1520 2316 1587 necessaria,
2340 1519 2606 1576 catholico
2632 1535 2796 1576 sensu
2819 1519 3128 1592 proferunt;
3156 1529 3213 1577 et
3226 1520 3348 1576 ideo
3360 1520 3558 1592 praedi-

1982 1609 2124 1666 catio
2149 1624 2340 1666 eorum
2367 1609 2525 1667 simul
2545 1618 2602 1668 et
2628 1611 2860 1668 societas
2899 1611 3118 1667 omnino
3138 1618 3222 1666 est
3247 1611 3556 1667 devitanda.

2058 1719 2079 1754 ι
2117 1699 2326 1773 Lapsus
2375 1700 2526 1759 falsae
2575 1702 2774 1774 linguae
2823 1702 2981 1773 quasi
3009 1702 3103 1773 qui
3148 1701 3204 1757 in
3249 1702 3560 1775 pavimento

1987 1811 2009 1846 ι
2048 1793 2266 1861 cadens,
2293 1793 2373 1850 sic
2417 1808 2576 1850 casus
2627 1792 2894 1850 malorum
2933 1791 3256 1850 festinanter
3296 1793 3495 1850 veniet.
3533 1813 3556 1848 ι

373 1907 393 1939 ε
424 1887 630 1958 Exigua
654 1888 803 1944 dabit
829 1897 886 1944 et
912 1889 1083 1945 multa
1131 1889 1539 1962 improperabit,
1585 1901 1640 1950 et
1669 1895 1877 1967 apertio
1905 1895 1955 1959 B
1982 1885 2137 1945 Sicut
2167 1887 2312 1943 enim
2353 1888 2410 1942 in
2448 1886 2670 1957 planitie
2727 1886 3053 1958 pavimenti,
3098 1886 3194 1943 ubi
3239 1885 3560 1942 oll‘endicula

299 1997 320 2032 ι
354 1980 470 2060 oris
510 1980 654 2036 illius
683 1979 1038 2040 inflammatio
1074 1990 1175 2039 est.
1210 2003 1231 2036 ι
1265 1983 1470 2057 Exigua
1495 1987 1644 2044 dabit
1663 1990 1878 2046 haereti-

293 2088 411 2142 cus,
425 2074 528 2130 hoc
543 2081 647 2143 est,
668 2090 792 2132 raro
813 2074 871 2131 in
888 2083 1002 2133 tota
1024 2075 1269 2132 doctrina
1288 2091 1388 2134 sua
1412 2079 1656 2138 veritatis
1678 2081 1876 2138 indicia

291 2166 558 2234 ostendit;
601 2175 659 2223 et
692 2167 862 2223 multa
904 2169 1290 2240 improperabit
1311 2210 1326 2238 ,
1368 2171 1494 2242 quia
1540 2173 1598 2229 in
1642 2175 1878 2232 multilo-

289 2261 420 2332 quio
443 2275 542 2319 suo
564 2260 794 2332 plurima
818 2261 1144 2334 improperia
1168 2263 1368 2320 erroris
1388 2261 1634 2333 effundit,
1659 2275 1878 2338 etaper-

288 2354 491 2413 tiooris
507 2354 652 2412 illius
675 2354 1026 2412 inflammatio
1038 2367 1143 2424 est,
1165 2357 1422 2426 quoniam
1436 2373 1614 2416 sermo
1625 2357 1675 2431 ej
1684 2375 1747 2416 us
1774 2367 1873 2417 nei-

286 2448 518 2520 quitiam
544 2449 750 2505 erroris
771 2448 829 2504 in
870 2449 1248 2520 peccatoribus
1272 2442 1583 2508 auditorum
1609 2452 1871 2510 incendit.

366 2560 384 2594 ι
417 2539 588 2598 Hodie
613 2540 892 2599 feneratur
915 2542 1060 2613 quis,
1088 2550 1144 2598 et
1169 2556 1294 2600 cras
1318 2544 1555 2615 expetit;
1585 2551 1640 2600 et
1659 2546 1875 2603 odibilis

291 2654 312 2688 ι
347 2635 513 2692 homo
527 2632 916 2706 hujuscemodi.
937 2655 957 2689 ι
975 2635 1102 2693 llaec
1114 2638 1380 2694 sententia
1391 2645 1446 2694 et
1464 2638 1872 2696 instabilitatem

285 2728 664 2786 haereticorum
693 2729 997 2799 signiﬁcare
1019 2737 1220 2802 potest,
1259 2731 1353 2802 qui
1376 2730 1644 2794 violenter
1669 2733 1874 2791 erroris

285 2822 372 2879 sui
399 2836 682 2878 assensum
707 2822 777 2877 ab
820 2822 1156 2880 auditoribus
1198 2823 1312 2880 suis
1337 2832 1682 2895 extorquent.
1718 2825 1872 2884 Unde

282 2920 343 2968 et
381 2913 608 2970 odibiles
628 2921 792 2971 erunt
810 2921 923 2970 tam
949 2928 1135 2970 coram
1163 2913 1280 2971 Deo
1307 2929 1472 2987 quam,
1499 2915 1662 2974 etiam
1687 2933 1873 2976 coram

282 3003 623 3073 hominibus;
690 3005 778 3062 vel
837 3005 1019 3062 altiori
1075 3022 1238 3076 sensu
1287 3007 1525 3064 insinuat
1582 3010 1726 3080 quod
1782 3010 1872 3068 ille

284 3095 378 3167 qui
399 3095 799 3168 eleemosynam
826 3097 1052 3170 pauperi
1083 3099 1294 3167 tribuit,
1320 3107 1378 3156 et
1401 3100 1458 3156 in
1485 3102 1739 3171 praesenti
1759 3103 1872 3160 vita

285 3185 702 3242 retributionem
767 3187 1007 3258 quaerit,
1062 3188 1318 3245 odibilem
1368 3191 1717 3262 semetipsum
1779 3207 1872 3250 co-

282 3288 403 3356 ram
431 3276 602 3332 oculis
629 3277 826 3333 divinae
859 3276 1157 3348 majestatis
1198 3278 1366 3345 facit;
1398 3281 1555 3338 docet
1580 3283 1726 3338 enim
1752 3298 1868 3340 ma-
1892 3289 1940 3356 α

279 3355 477 3422 nifeste
490 3366 546 3421 in
559 3367 846 3439 Evangelio
858 3368 974 3440 ipsa
988 3369 1223 3437 Veritas,
1238 3378 1461 3442 propter
1481 3373 1611 3443 quid
1621 3373 1869 3431 facienda

281 3454 357 3512 sit
384 3454 744 3528 eleemosyna,
780 3457 856 3511 ita
893 3458 1078 3515 dicens
1107 3475 1123 3513 :
1161 3477 1181 3511 ‹
1222 3458 1358 3516 Cum
1406 3460 1543 3518 facis
1568 3462 1870 3537 eleemosy-

281 3561 433 3612 nam,
468 3546 676 3603 nesciat
708 3547 931 3605 sinistra
974 3557 1067 3606 tua
1118 3549 1247 3621 q’uid
1297 3551 1468 3609 faciat
1510 3554 1733 3612 dextera
1777 3565 1868 3614 tua

282 3637 438 3710 (Luc.
467 3639 582 3711 vi);
622 3657 642 3692 ι
679 3650 734 3695 ct
758 3641 888 3698 item
921 3661 935 3697 :
974 3660 994 3695 ι
1027 3642 1224 3712 Nolite,
1271 3645 1468 3717 inquit,
1498 3648 1870 3706 thesaurizare

279 3729 435 3788 vobis
463 3730 746 3789 thesauros
773 3734 828 3788 in
860 3742 1028 3802 terra,
1064 3735 1156 3792 ubi
1198 3753 1380 3810 aerugo
1401 3747 1458 3796 et
1503 3740 1649 3796 tinea
1689 3741 1868 3800 demo-

278 3819 429 3888 litur,
472 3830 530 3877 et
577 3821 668 3878 ubi
703 3823 852 3881 fures
877 3825 1138 3882 effodiunt
1179 3835 1237 3884 et
1263 3828 1534 3887 furantur.
1577 3831 1866 3890 Thesauri-

280 3921 401 3969 zate
425 3921 608 3970 autem
635 3916 789 3974 vobis
813 3918 1099 3977 thesauros
1125 3919 1182 3975 in
1209 3920 1368 3988 coelo,
1397 3922 1491 3978 ubi
1517 3937 1694 3995 neque
1721 3939 1862 3980 aeru-

278 4021 369 4078 go,
397 4021 500 4063 nec
529 4007 676 4064 tinea
729 4009 1048 4078 demolitur,
1069 4019 1126 4068 et
1152 4013 1245 4069 ubi
1269 4012 1418 4071 fures
1443 4029 1552 4071 non
1580 4014 1863 4084 effodiunt,

279 4117 454 4173 neque
477 4102 727 4161 furantur
747 4103 900 4176 (Luc.
926 4105 1062 4179 xlv).
1086 4125 1107 4160 ι
1138 4105 1207 4162 Et
1232 4105 1361 4163 alibi
1394 4107 1609 4167 cuidam
1633 4109 1864 4181 principi

275 4195 678 4253 Pharisaeorum
727 4197 870 4254 idem
915 4197 1178 4255 Dominus
1217 4199 1355 4255 dixit
1398 4218 1412 4255 :
1458 4218 1478 4252 ‹
1541 4201 1677 4257 Cum
1728 4201 1864 4259 facis

277 4289 568 4358 prandium
606 4296 701 4346 aut
733 4304 945 4346 cumam
963 4329 979 4357 ,
1006 4289 1116 4347 noli
1138 4305 1336 4348 vocare
1363 4290 1566 4347 amicos
1592 4300 1861 4358 tuos,'ne—

280 4394 387 4452 que
422 4379 639 4449 fratres,
675 4396 852 4452 neque
881 4389 1161 4454 cognatos,
1192 4397 1368 4452 neque
1397 4383 1606 4439 vicinos
1632 4383 1861 4451 divites,

277 4486 347 4527 ne
377 4470 516 4528 forte
543 4480 597 4528 et
637 4471 741 4543 ipsi
783 4480 837 4528 te
859 4471 1170 4540 reinvitent,
1199 4479 1254 4528 et
1282 4473 1378 4527 tiat
1402 4473 1502 4528 tibi
1542 4473 1857 4540 retributio;

277 4559 375 4617 sed
419 4575 545 4617 cum
595 4559 732 4620 facis
780 4561 1086 4620 convivium
1103 4602 1120 4630 ,
1151 4578 1288 4620 voca
1315 4577 1602 4636 pauperes,
1633 4564 1857 4634 debiles,

1982 1997 2092 2038 non
2124 1987 2269 2047 sunt,
2291 1978 2494 2035 frustra
2513 1979 2636 2051 quis
2659 1979 2824 2047 cadit,
2856 1979 2939 2034 sic
2965 1977 3343 2036 haereticorum
3369 1993 3561 2035 sensus

1980 2075 2197 2147 propria
2217 2073 2458 2144 nequitia
2494 2081 2815 2138 excaecatus,
2841 2071 2897 2126 in
2923 2071 3116 2127 semita
3144 2070 3410 2138 veritatis,
3429 2085 3560 2141 quae

1979 2164 2209 2222 lucidior
2227 2163 2340 2220 sole
2365 2173 2465 2230 est,
2493 2161 2855 2232 nequidquam
2878 2159 3093 2228 titubat,
3124 2167 3180 2217 et
3197 2176 3385 2216 casum
3406 2159 3555 2216 inve-

1979 2255 2091 2322 nit;
2118 2254 2248 2325 quid
2283 2262 2462 2310 autem
2490 2253 2573 2311 eis
2601 2252 2812 2309 ruinam
2837 2253 3035 2324 pariat,
3058 2252 3346 2310 continuus
3374 2265 3554 2310 sermo

1976 2345 2156 2419 palam
2190 2345 2448 2401 insinuat.

2054 2458 2074 2492 ι
2106 2437 2281 2494 Homo
2327 2438 2574 2509 ingratus
2624 2435 2779 2508 quasi
2803 2435 3039 2493 acharis.
3081 2453 3102 2488 ι
3138 2433 3276 2503 Quia
3317 2447 3448 2506 ergo
3472 2447 3557 2489 tn-

1976 2542 2163 2607 gratus
2201 2541 2288 2590 est
2309 2531 2619 2599 haereticus,
2647 2529 2963 2586 excellentis
2993 2528 3194 2600 ingenii
3236 2527 3376 2595 dolo,
3414 2525 3558 2597 quod

1975 2626 2218 2701 percepit
2240 2639 2308 2680 ex
2337 2636 2562 2681 munere
2596 2623 2800 2690 divino,
2828 2622 3002 2696 magis
3031 2621 3194 2694 elegit
3215 2636 3375 2678 suum
3399 2635 3552 2676 erro-

1976 2733 2094 2774 rem
2113 2717 2349 2775 condere
2377 2730 2542 2787 quam
2564 2715 2802 2772 divinam
2828 2715 3174 2771 traditionem
3197 2714 3253 2769 in
3275 2712 3557 2786 Scriptura

1974 2824 2135 2868 sacra
2162 2824 2410 2878 servare;
2455 2809 2576 2866 ideo
2615 2809 2734 2865 sine
2783 2808 2957 2880 gratia
2987 2807 3224 2878 Spiritus
3245 2805 3420 2863 sancti
3465 2805 3558 2877 de-

1913 2918 1928 2924 '
1973 2901 2174 2958 viando
2201 2901 2537 2956 demonstrat
2575 2912 2636 2955 se
2666 2898 3003 2954 auditoribus
3023 2898 3138 2955 suis
3159 2912 3372 2969 semper
3401 2910 3557 2950 ama-1

1973 3009 2096 3050 rum
2133 3001 2189 3050 et
2229 2991 2452 3050 noxium
2499 3005 2640 3048 esse.
2691 2989 2922 3047 Acharis
2977 2988 3122 3046 enim
3171 2988 3557 3059 interpretatur

1972 3102 2211 3153 amarus,
2241 3086 2357 3142 sive
2381 3085 2498 3140 sine
2517 3083 2724 3156 gratia;
2757 3092 2813 3139 et
2832 3081 3026 3138 merito
3046 3081 3161 3152 ipse
3186 3079 3383 3135 dicitur
3402 3091 3556 3135 ama-

1970 3194 2086 3248 rus,
2118 3179 2213 3250 qui
2239 3193 2348 3236 non
2377 3177 2578 3234 meruit
2600 3176 2782 3232 divina
2815 3175 2988 3248 gratia
3025 3173 3145 3230 ﬁeri
3169 3172 3424 3244 repletus.

2046 3292 2067 3326 ι
2104 3272 2309 3329 Fabula
2353 3287 2492 3328 vana
2534 3270 2591 3326 in
2627 3285 2721 3326 ore
2761 3267 3284 3338 indisciplinatorum
3338 3262 3555 3321 assidua

1977 3383 1998 3417 ι
2038 3363 2164 3421 erit.
2200 3382 2220 3416 ι
2251 3363 2397 3418 Bene
2413 3375 2542 3432 ergo
2567 3360 2812 3416 doctrina
2840 3357 3236 3422 haereticorum,
3267 3369 3430 3426 quam
3457 3368 3553 3410 ne-

1969 3456 2132 3512 fando
2149 3467 2244 3511 ore
2269 3453 2534 3526 garriunt,
2567 3450 2747 3508 fabula
2781 3457 3140 3521 nuncupatur,
3174 3445 3300 3517 quia
3335 3443 3550 3500 vanita-

1970 3557 2079 3606 tem
2103 3547 2251 3604 omni
2283 3547 2444 3603 modo
2481 3545 2744 3620 sequiur.
2780 3543 2936 3599 Unde
2952 3539 3243 3613 Apostolus
3270 3537 3550 3609 huiusmo-

1969 3642 2024 3700 di
2053 3641 2359 3698 doctrinam
2385 3653 2646 3709 respuens
2674 3637 2742 3692 ad
2769 3635 3112 3691 Timotheum
3144 3631 3407 3697 scribens,
3435 3629 3550 3684 ait:

1975 3751 1996 3786 ι
2025 3731 2178 3790 Sicut
2214 3731 2398 3802 rogavi
2437 3739 2507 3796 te,
2537 3737 2598 3784 ut
2649 3740 2962 3783 remaneres
3006 3723 3206 3796 Ephesi
3255 3737 3380 3778 cum
3418 3721 3554 3782 irem

1967 3826 2024 3882 in
2051 3823 2448 3890 Macedoniam,
2490 3829 2551 3876 ut
2579 3819 2926 3877 denuntiares
2949 3816 3272 3888 quibusdam
3305 3829 3374 3870 ne
3397 3812 3554 3868 aliter

1965 3917 2247 3984 docerent,
2287 3929 2462 3988 neque
2514 3911 2860 3968 intenderent
2899 3906 3094 3963 fabulis
3123 3913 3178 3963 et
3222 3902 3553 3978 genealogiis

1965 4005 2367 4064 interminatis:
2393 4019 2514 4076 qua:
2540 4000 2867 4075 quaestiones
2901 4004 3162 4080 praestant
3186 3995 3358 4066 magis
3387 4008 3552 4064 quam

1964 4098 2380 4156 aediﬁcationem
2407 4095 2525 4163 Dei,
2563 4109 2685 4166 qum
2731 4099 2816 4150 est
2842 4091 2898 4147 in
2942 4090 3047 4146 ﬁde
3073 4088 3126 4161 (I
3157 4086 3294 4142 Tim.
3325 4084 3388 4158 1).
3415 4104 3435 4138 ι
3484 4083 3554 4139 Et

1963 4207 2181 4249 rursum
2213 4209 2227 4244 :
2262 4209 2281 4242 ι
2307 4189 2540 4259 Ineptas,
2572 4186 2772 4256 inquit,
2799 4192 2854 4239 et
2880 4181 3050 4238 aniles
3076 4179 3286 4235 fabulas
3329 4177 3544 4234 devita:

1963 4298 2157 4342 exerce
2186 4288 2364 4336 autem
2408 4278 2639 4347 teipsum
2682 4275 2750 4329 ad
2774 4275 3052 4344 pietatem.
3093 4270 3229 4325 Nam
3255 4265 3550 4339 corporalis

1963 4377 2283 4437 exercitatio
2313 4374 2383 4430 ad
2410 4372 2684 4429 modicum
2714 4369 2865 4426 utilis
2911 4377 2995 4424 est
3020 4386 3033 4422 :
3063 4367 3238 4438 pietas
3264 4373 3445 4419 autem
3481 4362 3550 4418 ad

1965 4469 2148 4526 omnia
2171 4466 2319 4522 utilis
2342 4472 2447 4532 est,
2470 4461 2885 4534 promissionem
2905 4459 3110 4514 habens
3123 4457 3247 4512 vitae
3267 4469 3386 4526 quae
3405 4467 3548 4509 nunc

1963 4573 2072 4630 est,
2101 4569 2158 4618 et
2181 4558 2377 4616 futurae
2399 4556 2453 4629 (Ι
2485 4556 2624 4612 Tim.
2651 4553 2753 4627 ιν).
2791 4573 2814 4608 ι
2846 4553 2986 4610 Nam
3012 4551 3141 4624 quia
3164 4549 3402 4620 undique
3421 4561 3549 4618 per-

278 4665 452 4708 caecos
473 4689 492 4719 ,
524 4650 766 4721 claudos,
815 4662 872 4711 et
916 4653 1111 4712 beatus
1154 4654 1293 4723 eris,
1329 4655 1458 4728 quia
1504 4671 1614 4714 non
1660 4657 1863 4716 habent
1879 4646 1942 4711 ’1)
1965 4671 2251 4714 versorum
2299 4667 2484 4712 sermo
2531 4646 2889 4723 reprobabilis
2935 4652 3138 4715 exstat,
3189 4642 3314 4701 inde
3375 4639 3552 4698 adhuc

276 4740 579 4799 retribuere
629 4741 730 4799 tibi
759 4741 912 4816 (Luc.
942 4742 1058 4818 xiv)
1087 4761 1103 4802 :
1137 4761 1160 4800 ι
1184 4745 1519 4806 retribuetur
1554 4755 1739 4806 autem
1763 4747 1862 4807 tibi

275 4833 334 4892 in
370 4835 768 4893 resurrectione
790 4837 1082 4909 iustorum.

351 4947 370 4980 ε
404 4928 578 4986 Fatuo
606 4945 715 4986 non
747 4931 851 4986 erit
873 4932 1103 5000 amicus,
1122 4940 1181 4988 et
1213 4947 1322 4988 non
1351 4933 1456 4989 erit
1497 4924 1673 5006 gratia
1702 4935 1861 4993 bonis

280 5037 301 5072 ι
337 5018 502 5077 illius.
546 5039 566 5074 ι
600 5020 804 5077 Fatuus
851 5030 964 5079 tam
1007 5023 1098 5080 ille
1134 5023 1338 5094 estqui
1373 5023 1632 5094 spiritalis
1659 5024 1861 5082 laboris

271 5113 558 5183 praemium
604 5114 662 5169 in
709 5115 814 5172 hac
858 5115 970 5172 vita
1006 5131 1117 5172 non
1143 5116 1201 5172 in
1230 5116 1413 5172 futura
1434 5117 1648 5188 quierit,
1695 5132 1859 5188 quam

273 5204 440 5260 etiam
485 5206 794 5273 haereticus,
823 5207 918 5278 qui
948 5206 1166 5264 laudem
1199 5206 1494 5264 humanam
1550 5207 1778 5279 appetit,
1803 5215 1862 5263 et

274 5296 500 5370 gloriam
511 5311 630 5370 qua:
643 5313 673 5353 a
692 5298 807 5356 solo
823 5306 906 5355 est
915 5298 1027 5356 Deo
1036 5314 1280 5372 quaerere
1292 5298 1514 5372 negligit
1527 5317 1542 5368 ;
1557 5299 1862 5372 hujusqui

273 5404 405 5463 ergo
445 5392 754 5449 hominibus
797 5392 1003 5448 amicus
1040 5407 1202 5450 verus
1225 5407 1336 5448 non
1357 5393 1479 5461 erit,
1509 5393 1636 5462 quia
1670 5407 1861 5449 eorum

274 5483 504 5540 stultitia
528 5499 717 5540 verum
742 5485 996 5553 amicum,
1028 5485 1122 5557 qui
1148 5485 1442 5542 secundum
1461 5485 1633 5542 Deum
1653 5485 1862 5540 amicus

275 5575 364 5641 sit,
405 5575 608 5634 habere
630 5577 804 5633 nescit
834 5596 847 5633 :
873 5585 929 5634 et
967 5577 1089 5634 ideo
1129 5578 1285 5634 labor
1328 5590 1518 5633 eorum
1564 5576 1620 5632 in
1652 5575 1861 5633 caelesti

277 5681 446 5738 regno
493 5669 900 5726 retributionem
951 5684 1061 5724 non
1087 5668 1326 5736 habebit,
1354 5667 1482 5739 quia
1536 5667 1860 5722 transitoriae

277 5759 404 5820 vitae
429 5761 622 5832 gaudia
650 5764 884 5820 maxime
909 5761 1180 5834 quaesivit.

355 5876 380 5912 ι
413 5856 519 5934 Qui
567 5858 711 5918 enim
764 5857 931 5917 edunt
973 5871 1170 5930 panem
1217 5854 1362 5917 illius
1393 5895 1409 5925 ,
1460 5851 1631 5930 falsa).
1655 5851 1854 5927 linguae

2105 4745 2214 4801 itur
2238 4761 2252 4800 :

2105 4745 2214 4801 'tur
2238 4761 2252 4800 :

1962 4745 2172 4894 sufdllﬂx
2199 4851 2296 4892 ore
2320 4833 2457 4892 fatui
2500 4829 2881 4904 reprobabitur
2917 4824 3214 4900 parabole;
3245 4837 3357 4881 non
3403 4821 3550 4878 enim

1964 4929 2096 4988 dicit
2145 4927 2294 4982 illam
2331 4925 2392 4981 in
2433 4931 2675 4994 tempore
2710 4936 2831 4977 suo.
2885 4937 2906 4972 ι
2947 4917 3154 4972 Fatuus
3179 4921 3266 4970 est
3305 4926 3435 4981 ergo
3459 4909 3551 4964 Ju-

1963 5020 2134 5085 daeus,
2176 5016 2269 5086 qui
2305 5012 2660 5070 caeremonias
2708 5010 2842 5080 legis
2870 5007 3204 5078 temporibus
3235 5004 3421 5076 gratiae
3447 5015 3548 5058 ne-

1964 5107 2233 5169 cessarias
2259 5119 2380 5162 esse
2412 5105 2592 5170 docet,
2622 5098 3095 5159 circumcisionem
3119 5094 3388 5162 videlicet,
3420 5107 3550 5150 neo-

1962 5203 2192 5268 menias,
2243 5209 2298 5256 et
2348 5199 2594 5264 sabbata,
2637 5204 2692 5253 et
2721 5193 2927 5251 hostias
2951 5191 3237 5262 pecudum,
3276 5197 3332 5245 et
3356 5202 3422 5243 ea
3449 5187 3550 5244 sub

1964 5294 2255 5366 allegorica
2284 5290 2623 5363 expositione
2665 5286 2822 5357 juxta
2857 5297 3078 5341 sensum
3103 5296 3260 5337 suum
3285 5280 3553 5353 interpre-

1965 5387 2128 5453 tando
2158 5385 2356 5441 asserit
2382 5380 2649 5447 habenda,
2683 5397 2703 5431 ι
2733 5391 2858 5433 cum
2885 5374 3010 5430 ﬁnis
3038 5371 3172 5444 legis
3199 5370 3451 5428 Christus
3478 5369 3549 5427 sit

1964 5480 2034 5536 ad
2057 5477 2326 5551 justitiam
2350 5465 2498 5531 omni
2534 5470 2798 5529 credenti.
2832 5488 2851 5522 ι
2880 5466 3084 5523 Fatuus
3115 5473 3199 5521 est
3223 5471 3281 5519 et
3299 5463 3542 5536 philoso-

1961 5573 2124 5645 phus,
2156 5569 2250 5639 qui
2278 5569 2516 5622 humana
2543 5560 2959 5619 ratiocinatione
3002 5556 3237 5613 aestimat
3262 5569 3321 5610 se
3364 5552 3548 5610 omnia

1960 5679 2122 5737 posse
2169 5659 2651 5731 comprehendere,
2720 5655 2991 5724 vertitque
3035 5649 3337 5707 doctrinam
3393 5659 3548 5737 suam

1961 5736 2283 5826 disputando
2303 5751 2458 5822 juxta
2495 5749 2762 5805 elementa
2794 5744 3002 5810 mundi,
3035 5753 3090 5798 et
3115 5754 3223 5796 non
3251 5736 3546 5793 secundum

1959 5847 2262 5918 veritatem,
2293 5859 2412 5922 quae
2440 5851 2526 5902 est
2572 5843 2630 5903 in
2676 5839 2893 5898 Christo
2931 5834 3076 5896 Jesu.
3101 5831 3305 5892 Fatuus
3338 5833 3447 5902 est‘
3469 5833 3526 5886 et
