4030 6496
495 342 606 403 899

1143 331 1204 385 B.
1247 324 1501 383 RABANI
1540 324 1760 382 MAURI
1801 319 2125 379 ARCHIEP.
2165 316 2477 376 MOGUNT.
2519 315 2805 372 OPERUM
2842 314 3022 371 PARS
3060 313 3105 369 Ι.

3672 313 3787 371 900

496 456 804 521 hiereticus,
831 453 925 523 qui
952 452 1103 507 falsis
1126 447 1458 520 argumentis
1482 453 1537 500 et
1575 442 1885 515 sophisticis
1923 440 2077 497 locu-
2103 447 2158 510 Α
2182 437 2378 493 furaris
2413 435 2589 510 (Rom.
2626 434 2764 507 11);:
2797 443 2853 491 et
2878 434 3118 491 haeretici
3170 436 3485 498 mendaces,
3540 448 3789 504 quorum

500 548 736 605 tionibus
761 548 988 600 conatur
1035 541 1314 596 destruere
1361 533 1664 592 doctrinam
1698 530 1994 604 Evangelii,
2032 538 2086 585 et

496 636 783 694 veritatem
830 632 1113 689 catholicae
1161 629 1305 685 ﬁdei.
1338 627 1541 684 Horum
1563 641 1697 699 ergo
1731 625 1973 681 omnium
1994 638 2083 678 re-

498 726 816 800 probabitur
855 722 1131 795 parabola,
1182 723 1287 777 hoc
1342 728 1427 775 est
1483 716 1876 789 argumentatio
1927 714 2083 781 falsa,

499 835 641 891 qum,
680 819 987 873 lucescente
1030 830 1129 886 per
1154 812 1430 870 Christum
1459 810 1660 880 ubique
1698 809 1940 871 veritate,
1972 821 2089 861 um-

500 911 654 966 bram
704 908 837 980 legis
881 905 1081 961 veteris
1115 912 1172 959 et
1210 902 1466 974 ﬁgmenta
1500 899 1633 955 falsa
1681 898 1733 953 in
1790 897 2089 954 Ecc'lesiam

502 1001 853 1057 introducere
881 997 1088 1053 volunt.
1602 1011 1607 1017 ·
1708 1036 1711 1039 ,

578 1110 597 1143 ι
635 1092 734 1147 Est
759 1092 852 1161 qui
880 1097 1095 1145 vetatur
1117 1099 1344 1160 peccare
1373 1099 1489 1157 prie
1515 1083 1717 1153 inopia,
1751 1091 1807 1137 et
1826 1082 1879 1137 in
1905 1079 2091 1150 requie

508 1203 526 1236 ι
566 1200 663 1241 sua
710 1183 1098 1241 stimulabitur.
1138 1200 1155 1232 ι
1191 1179 1450 1250 Superius
1494 1175 1843 1246 reprehendit
1880 1173 2088 1228 falsita-

419 1278 424 1284 '
502 1284 612 1330 tem
638 1275 911 1330 haeretica:
942 1271 1226 1338 doctrinae,
1258 1286 1399 1325 nunc
1432 1268 1684 1324 similiter
1712 1267 1979 1337 vituperat
2005 1265 2090 1319 in-

506 1367 803 1422 tentionem
829 1364 1120 1422 voluntatis
1160 1377 1459 1435 perversae;
1499 1368 1625 1417 sunt
1649 1361 1794 1414 enim
1820 1357 1977 1424 tales,
2000 1357 2091 1428 qui

505 1458 632 1515 licet
681 1459 968 1533 aliquando
1008 1466 1232 1530 propter
1260 1464 1514 1511 eventum
1551 1454 1786 1524 aliquem
1815 1467 1924 1507 non
1971 1466 2093 1522 pos-

507 1550 615 1607 sint
646 1558 930 1622 peccatum
971 1557 1286 1621 perpetrare
1315 1545 1369 1601 in
1395 1545 1561 1612 facto,
1590 1554 1770 1601 tamen
1817 1557 2095 1613 nunquam

505 1644 695 1700 volunt
732 1643 1013 1713 quiescere
1042 1655 1073 1694 a
1100 1639 1243 1695 malo
1285 1638 1573 1703 desiderio,
1621 1650 1756 1707 quos
1791 1649 1983 1706 parum
2003 1633 2093 1704 ju-

504 1744 600 1793 vat
627 1735 929 1792 forinsecus
959 1733 1259 1805 captivatos
1284 1731 1461 1788 teneri
1487 1730 1727 1785 versutia
1747 1736 1803 1784 et
1829 1727 1972 1783 dolo.

2187 533 2398 589 facinus
2427 547 2491 587 eo
2543 530 2865 602 propensius
2905 538 2989 586 est
3021 527 3332 584 Iudaeorum
3362 525 3633 593 facinore,
3674 541 3795 596 quo

2185 632 2310 696 post
2330 631 2643 694 perceptam
2668 622 2897 694 gratiam
2924 619 3288 693 baptismatis,
3314 625 3373 674 et
3396 618 3790 675 indumentum

2187 715 2386 770 tunicm
2420 715 2626 771 Christi
2696 729 2803 785 quo
2871 711 3252 777 induebamur,
3305 710 3378 766 ad
3440 710 3790 781 apostasiam

2188 806 2489 873 redierunt,
2540 814 2595 863 et
2644 806 2856 877 spiritui
2888 804 3077 877 gratiae
3118 801 3449 859 calumniam
3496 801 3788 869 fecerunt;

2192 898 2285 952 sed
2332 904 2686 969 utrorumque
2742 905 2927 953 reatus
2968 895 3325 968 perditionem
3384 902 3679 964 aeternam,
3743 897 3794 954 si

2192 991 2308 1046 sine
2336 991 2655 1062 poenitentia
2677 990 2927 1055 obierint,
2957 990 3217 1045 inveniet.

2265 1104 2283 1136 ι
2327 1083 2502 1139 Mores
2554 1084 2833 1140 hominum
2879 1082 3222 1138 mendacium
3278 1080 3396 1136 sine
3449 1078 3686 1147 honore,
3735 1088 3793 1137 et

2197 1196 2215 1229 ι
2251 1177 2495 1233 confusio
2542 1176 2760 1233 illorum
2792 1192 2916 1232 cum
2957 1175 3088 1247 ipsis
3133 1176 3253 1231 sine
3291 1172 3729 1232 intermissione.
3765 1194 3787 1228 ι

2192 1270 2334 1342 Ergo
2382 1284 2562 1326 mores
2596 1270 2974 1326 hzereticorum
3012 1267 3275 1340 perversi,
3325 1283 3434 1325 non
3464 1279 3595 1337 sunt
3636 1273 3794 1346 digni

2193 1363 2396 1420 caelesti
2442 1362 2667 1429 honore,
2717 1362 2811 1419 sed
2858 1370 3117 1434 perpetua
3164 1360 3363 1417 inferni
3418 1364 3790 1423 confusione:

2192 1470 2312 1525 quae
2346 1470 2468 1509 cum
2496 1454 2629 1526 ipsis
2673 1455 2792 1511 sine
2828 1454 3231 1512 intermissione
3261 1465 3551 1528 permanet
3580 1457 3642 1514 in
3665 1472 3795 1530 per-

2192 1555 2354 1617 petua
2382 1547 2745 1603 damnatione.
3504 1566 3517 1573 ’

2795 1636 3024 1694 CAPUT
3060 1636 3180 1693 XV.

2662 1728 2891 1785 Verbum
2921 1728 3315 1801 parabolarum.

582 1845 602 1880 ι
637 1827 735 1895 Est
769 1826 862 1897 qui
906 1824 1086 1901 perdit
1127 1824 1363 1880 animam
1407 1836 1562 1878 suam
1589 1836 1705 1892 pra:
1755 1818 2092 1886 confusione,
2122 1809 2173 1873 B
2275 1841 2294 1873 ‹
2331 1820 2559 1892 Sapiens
2614 1820 2670 1874 in
2719 1820 2901 1876 verbis
2930 1819 3189 1890 producet
3222 1821 3483 1892 seipsum,
3531 1830 3591 1878 et
3629 1822 3801 1881 homo

512 1938 532 1972 ι
566 1927 620 1975 et
671 1920 740 1975 ab
792 1902 1119 1990 imprudenti
1157 1931 1388 1988 persona
1425 1916 1615 1987 perdet
1635 1929 1759 1969 eam
1799 1932 1812 1967 :
1853 1927 2098 1983 persona:

514 2029 534 2062 ί
565 2016 745 2066 autem
779 2007 1092 2079 acceptione
1132 2006 1324 2078 perdet
1354 2021 1429 2062 se.
1486 2026 1505 2058 ι
1543 2005 1637 2060 [ile
1672 2004 1909 2059 animam
1944 2018 2097 2060 suam

507 2115 629 2171 prie
647 2100 961 2156 confusione
987 2098 1187 2171 perdit,
1228 2098 1321 2168 qui
1360 2098 1558 2153 timens
1588 2096 1966 2151 transitoriam
1995 2109 2095 2165 po-

512 2201 762 2250 testatem
777 2192 934 2247 istius
963 2190 1172 2258 mundi,
1202 2205 1309 2245 non
1350 2189 1512 2244 audet
1539 2188 1783 2259 profiteri
1809 2187 2097 2241 veritatem

512 2284 810 2356 Evangelii.
840 2284 1122 2340 Manifeste
1147 2285 1291 2340 enim
1317 2284 1433 2353 ipse
1459 2282 1719 2337 Dominus
1745 2281 1911 2336 dicit:
1949 2298 1967 2331 ‹
1996 2278 2101 2346 Qui

514 2390 603 2433 me
632 2377 910 2433 erubuerit
932 2385 988 2431 et
1008 2390 1160 2432 meos
1185 2362 1485 2441 sermones,
1512 2375 1656 2430 hunc
1688 2372 1830 2429 illius
1864 2371 2101 2427 hominis

509 2468 797 2527 erubescet
822 2483 945 2521 cum
987 2468 1191 2523 sederit
1215 2467 1270 2522 in
1299 2464 1584 2535 majestate
1614 2479 1731 2519 sua.
1775 2482 1795 2517 ι
1823 2463 1893 2519 Et
1918 2462 2046 2516 item
2082 2478 2096 2515 :

518 2577 543 2617 ς
560 2558 754 2626 Nolite,
786 2560 982 2631 inquit,
1010 2560 1203 2615 timere
1223 2572 1318 2614 eos
1341 2557 1434 2628 qui
1457 2556 1711 2612 occidunt
1733 2568 1952 2623 corpus,
1978 2553 2099 2607 ani-

516 2666 664 2708 mam
712 2659 892 2706 autem
934 2665 1040 2706 non
1066 2658 1295 2722 possunt
1315 2649 1604 2713 occidere;
1637 2646 1732 2701 sed
1762 2646 1943 2716 potius
1977 2659 2101 2699 eum

518 2746 726 2813 timete,
756 2745 850 2815 qui
875 2751 1054 2816 potest
1079 2744 1315 2799 animam
1343 2749 1398 2798 et
1432 2754 1631 2812 corpus
1659 2737 1887 2811 perdere
1921 2737 1977 2791 in
2006 2751 2097 2807 ge-

515 2836 750 2893 hennam
773 2836 924 2909 (Luc.
955 2836 1053 2909 1x).
1080 2854 1100 2889 ι

1107 2947 1335 3005 CAPUT
1375 2945 1515 3002 XIV.

522 3038 782 3114 Usitatam
823 3058 931 3097 rem
972 3040 1221 3114 loquitur,
1249 3041 1374 3114 quia
1397 3039 1551 3094 multi
1573 3047 1692 3114 sunt
1719 3036 1808 3109 qui
1835 3050 2106 3114 precon-

590 3112 795 3182 fusione
816 3104 1122 3183 promittunt
1156 3104 1344 3177 atni'co,
1378 3119 1426 3165 et
1456 3110 1620 3180 gratis
1660 3104 1779 3161 eain
1807 3104 1917 3161 suis
1949 3104 2101 3158 labiis

592 3182 872 3254 acquirunt
909 3182 1202 3237 inimicum.

600 3312 633 3345 ι.
652 3291 750 3349 Est
781 3292 873 3363 qui
902 3308 1015 3365 prie
1058 3292 1376 3349 confusione
1396 3290 1664 3363 promittit
1693 3289 1889 3356 amico,
1931 3296 1986 3344 et
2022 3288 2105 3343 lu-

524 3400 547 3437 ι
579 3391 766 3441 cratns
809 3393 893 3441 est
934 3400 1057 3442 eum
1108 3386 1386 3441 inimicum
1438 3385 1627 3456 gratis.
1651 3403 1669 3435 ι
1717 3382 1813 3438 Est
1862 3384 2108 3453 quaedam

518 3492 649 3551 pars
687 3477 991 3545 hominum,
1023 3493 1142 3548 quae
1170 3478 1227 3532 in
1264 3492 1365 3534 usu
1410 3476 1574 3532 habet
1623 3476 1780 3547 plura
1815 3475 1939 3531 aliis
1982 3491 2108 3546 pro-

521 3567 757 3635 mittere,
787 3568 883 3624 sed
902 3582 1075 3639 pauca
1104 3575 1329 3639 propter
1352 3567 1675 3639 prcitatem
1701 3566 1837 3622 solet
1858 3566 2107 3634 reddere,

520 3659 666 3715 unde
684 3658 993 3729 huiusmodi
1019 3676 1133 3728 eos,
1155 3676 1292 3731 quos
1320 3668 1575 3732 poterant
1610 3676 1716 3717 non
1743 3660 2110 3732 promittendo

523 3748 724 3806 habere
753 3751 977 3817 amicos,
1008 3751 1063 3806 in
1091 3752 1456 3823 promissione
1484 3752 1799 3808 mentiendo
1828 3751 1997 3823 gratis
2027 3750 2111 3804 lu-

523 3844 662 3901 crati
687 3853 813 3900 sunt
833 3845 1099 3901 inimicos.

601 3954 621 3988 ι
650 3935 1010 4008 Opprobrium
1051 3936 1199 3991 enim
1245 3950 1480 4010 nequam
1525 3937 1579 3992 in
1622 3935 1844 3993 homine
1889 3939 2111 3992 menda-

532 4046 551 4078 ε
585 4027 750 4095 cium,
787 4038 842 4085 et
887 4031 942 4086 in
989 4045 1085 4087 ore
1123 4032 1647 4104 indisciplinatorum
1677 4031 2050 4088 assidue'erit.
2086 4050 2106 4084 ι

524 4118 643 4174 Non
686 4121 829 4175 enim
868 4136 1096 4191 parvum
1125 4124 1312 4178 vitium
1338 4131 1425 4180 est
1446 4123 1813 4189 mendacium,
1837 4122 1931 4178 sed
1969 4123 2114 4178 inter

523 4211 794 4283 praecipua
836 4214 968 4268 vitia
1003 4222 1371 4269 enumeratur.
1405 4212 1558 4270 Unde
1582 4214 1637 4269 in
1686 4212 1953 4286 Decalogo
1981 4212 2114 4284 legis

526 4305 787 4375 scriptum
811 4313 895 4361 est
922 4325 934 4361 :
967 4325 987 4360 ι
1022 4306 1098 4362 Ne
1118 4307 1314 4363 falsum
1337 4307 1706 4363 testimonium
1730 4307 1879 4362 dicas
1911 4305 2109 4379 (Exod.

526 4397 654 4469 xx);
678 4416 697 4449 ι
738 4405 793 4453 et
832 4398 998 4455 alibi:
1030 4417 1048 4451 ι
1082 4398 1177 4465 Os,
1221 4400 1418 4470 inquit,
1442 4400 1584 4469 quod
1626 4400 1890 4454 mentitur
1915 4399 2116 4455 occidit

526 4487 763 4543 animam
785 4487 965 4562 (Deut.
994 4490 1070 4564 v).
1106 4509 1124 4544 ›
1145 4491 1275 4563 Ejus
1303 4506 1518 4562 quoque
1544 4491 1832 4547 assiduitas
1847 4491 2006 4547 valde
2032 4498 2116 4547 est

524 4578 901 4651 vituperabilis
920 4590 976 4638 et
998 4583 1326 4654 perniciosa.
1352 4583 1506 4639 Unde
1534 4580 1856 4652 efsequitur
1880 4600 1893 4635 :

605 4686 626 4721 ι
663 4669 850 4726 Potior
869 4672 957 4725 fur
982 4687 1145 4742 quam
1174 4673 1463 4728 assiduitas
1484 4672 1587 4727 viri
1615 4672 1910 4739 mendacis,
1932 4672 2112 4743 perdi-

532 4776 557 4816 ι
594 4760 800 4819 tionem
830 4770 1011 4819 autem
1039 4764 1199 4819 ambo
1233 4764 1644 4821 haareditabunt.
1685 4783 1703 4815 ι
1741 4763 1860 4820 Non
1888 4770 2115 4820 excusat

522 4849 702 4912 furem
732 4856 887 4926 quasi
926 4857 998 4912 sit
1036 4857 1154 4913 sine
1199 4865 1441 4929 peccato,
1474 4857 1570 4913 sed
1604 4857 1659 4912 in
1685 4854 1801 4926 ejus
1823 4871 2110 4927 compara-

526 4946 673 5002 tione
698 4955 956 5019 aggravat
994 4948 1367 5009 assiduitatem
1394 4948 1657 5004 mendacii
1683 4962 1697 5002 :
1722 4949 1863 5004 sicut
1890 4948 1945 5003 in
1972 4948 2111 5004 Eze-

527 5039 702 5097 chiele
744 5039 1030 5111 propheta,
1082 5039 1369 5097 fornicatio
1419 5039 1757 5097 Hierusalem
1801 5049 2114 5111 comparata

529 5132 873 5189 fornicationi
908 5132 1191 5200 Samarize,
1238 5133 1554 5188 sceleratior
1596 5133 1866 5187 invenitur
1895 5130 2112 5203 (Ezedt.

531 5224 642 5293 xvr)
664 5239 681 5290 ;
705 5223 798 5280 sed
817 5234 998 5282 tamen
1016 5226 1187 5281 ambae
1204 5227 1378 5298 dignae
1402 5234 1529 5280 sunt
1555 5232 1749 5281 morte.
1775 5224 1843 5279 Et
1864 5225 1917 5278 in
1940 5225 2117 5279 Evan-

532 5314 669 5384 gelio
692 5326 973 5386 peccatum
1006 5316 1156 5373 Judae
1199 5326 1569 5388 comparatum
1602 5326 1830 5388 peccato
1856 5318 2117 5374 Sodomo-

534 5418 652 5458 rum
684 5409 1004 5476 propensius
1032 5423 1153 5463 esse
1202 5409 1372 5479 ipsius
1404 5408 1617 5464 Domini
1666 5423 1763 5464 ore
1799 5409 2119 5479 pronuntia-

535 5507 649 5566 tur;
704 5499 899 5572 quibus
939 5510 1119 5559 tamen
1170 5506 1433 5559 ambabus
1483 5505 1538 5559 in
1584 5501 1789 5572 judicio
1840 5502 2118 5575 c'ondignae

530 5589 915 5649 retributiones
956 5604 1240 5660 pcenarum
1265 5602 1613 5650 reservantur
1645 5592 1861 5662 (Matth.
1896 5594 1974 5665 χ).
2006 5594 2119 5665 My-

528 5682 668 5740 Stice
724 5689 901 5736 autem
947 5679 1095 5737 fures
1140 5682 1307 5739 Judaei
1363 5694 1591 5756 possunt
1641 5683 1889 5755 intelligi,
1927 5685 2119 5754 quibus

530 5786 627 5847 per
652 5771 879 5829 Paulum
903 5772 1143 5830 dicitur:
1181 5792 1200 5826 ‹
1236 5773 1338 5843 Qui
1382 5776 1645 5849 praedicas
1672 5788 1780 5830 non
1809 5774 2115 5843 furandum,

2207 1934 2226 1968 α
2264 1914 2500 1986 prudens
2526 1913 2761 1986 placebit
2790 1913 3079 1985 magnatis.
3121 1932 3141 1966 ι
3183 1911 3413 1985 Sapiens
3435 1916 3800 1989 semetipsum

2200 2011 2395 2079 prodet
2445 2009 2502 2063 in
2537 2008 2741 2074 verbis,
2791 2008 3008 2078 quando
3054 2009 3399 2078 prudentiam
3448 2012 3656 2069 mentis
3704 2010 3803 2065 de-

2199 2112 2466 2161 monstrat
2492 2104 2543 2159 in
2568 2104 2704 2159 bene
2737 2102 2916 2158 dictis.
2946 2101 3102 2170 Quod
3130 2104 3247 2173 ipsa
3285 2103 3501 2159 Veritas
3530 2104 3588 2158 in
3625 2103 3803 2158 Eval-

2201 2194 2340 2267 gelio
2360 2193 2616 2261 ostendit,
2660 2193 2848 2250 dicens
2880 2212 2891 2246 :
2928 2213 2945 2243 ‹
2980 2192 3161 2248 Bonus
3193 2193 3355 2249 homo
3403 2194 3471 2250 de
3502 2194 3653 2250 bono
3682 2195 3803 2251 the-

2202 2304 2365 2346 sauro
2391 2288 2570 2345 cordis
2599 2288 2683 2344 sui
2707 2287 2915 2359 profert
2956 2289 3178 2354 bonum,
3209 2299 3265 2344 et
3302 2288 3483 2351 malus
3526 2290 3699 2355 homo
3729 2288 3799 2345 de

2201 2381 2344 2437 malo
2380 2380 2638 2437 thesauro
2673 2379 2880 2450 profert
2905 2380 3147 2435 malum:
3175 2397 3241 2437 ex
3276 2381 3617 2437 abundantia
3644 2382 3795 2438 enim

2200 2473 2381 2529 cordis
2435 2487 2497 2529 os
2550 2472 2787 2543 loquitur
2849 2470 3001 2543 (Luc.
3056 2474 3166 2544 Vl);
3231 2480 3284 2528 et
3346 2472 3511 2529 homo
3558 2474 3806 2544 prudm

2202 2563 2471 2635 magnatis
2521 2562 2777 2635 placebit,
2829 2562 2956 2631 quia
3003 2562 3206 2618 sanctis
3253 2561 3571 2617 doctoribus
3628 2563 3807 2634 placet

2204 2656 2418 2711 devotio
2455 2653 2732 2725 discipulis
2771 2655 2909 2709 bene
2937 2653 3262 2720 obedientis,
3292 2654 3447 2725 cujus
3473 2654 3676 2710 merita
3700 2671 3804 2726 pa-

2203 2746 2352 2801 riunt
2391 2746 2493 2803 sibi
2549 2746 2857 2801 mercedem
2910 2745 3038 2800 vitae
3086 2754 3320 2813 aeternas,
3368 2746 3515 2803 sicut
3565 2760 3804 2819 sequens

2205 2838 2472 2893 sententia
2504 2836 2830 2892 declarando
2859 2836 3118 2891 insinuat.

2282 2951 2302 2983 ι
2342 2931 2445 2999 Qui
2495 2937 2753 3003 operatur
2796 2938 2999 2986 terram
3050 2943 3226 2996 suam,
3254 2929 3504 2986 inaltabit
3543 2945 3806 2989 acervum

2206 3023 2419 3096 frugum
2441 3040 2454 3089 ;
2478 3030 2533 3078 et
2550 3022 2642 3092 qui
2664 3029 2923 3091 operatur
2937 3021 3229 3092 justitiam,
3247 3021 3364 3091 ipse
3384 3021 3745 3078 exaltabitur.
3780 3042 3803 3077 ι

2204 3118 2298 3173 llle
2346 3131 2476 3189 ergo
2508 3123 2768 3188 operatur
2805 3122 3009 3171 terram
3037 3129 3223 3180 suam,
3262 3114 3355 3184 qui
3383 3128 3610 3171 carnem
3652 3130 3808 3171 suam

2129 3182 2175 3247 (ἶ
2204 3210 2520 3280 evangelico
2553 3223 2788 3265 exarans
2825 3222 3047 3264 vomere
3101 3206 3231 3264 facit
3273 3221 3396 3263 eam
3441 3207 3809 3278 plurimm

2206 3301 2469 3354 virtutum
2525 3299 2733 3354 fructus
2770 3299 3009 3370 gignere,
3051 3306 3109 3354 et
3139 3297 3367 3367 iustitiae
3418 3298 3686 3369 operibus
3708 3300 3811 3371 ἰάθ-

2208 3389 2435 3446 servire.
2468 3387 2635 3463 Cujus
2668 3402 2833 3458 opera
2879 3386 3271 3459 paterfamilias
3332 3388 3388 3442 in
3438 3387 3625 3443 futura
3684 3404 3811 3444 en-

2209 3480 2508 3537 minatione
2534 3479 2847 3535 collaudans
2868 3478 3078 3537 caelesti
3099 3479 3308 3535 honore
3333 3480 3607 3551 condigne
3635 3494 3812 3535 remu-

2208 3581 2383 3638 nerat,
2409 3572 2639 3626 dicens:
2679 3590 2698 3621 ‹
2731 3569 2898 3641 Euge,
2951 3583 3107 3626 serve
3161 3570 3302 3627 bone
3335 3578 3388 3623 et
3427 3569 3628 3635 ﬁdelis,
3684 3570 3810 3641 quia

2210 3679 2373 3734 super
2396 3677 2570 3733 pauca
2596 3662 2745 3718 fuisti
2768 3661 2961 3727 fidelis,
2989 3674 3152 3731 super
3173 3660 3344 3716 multa
3373 3668 3426 3716 te
3447 3662 3810 3727 constituam,

2210 3753 2355 3809 intra
2386 3753 2440 3807 in
2469 3752 2726 3824 gaudium
2757 3751 2971 3806 Domini
3002 3750 3080 3805 tui
3109 3749 3262 3822 (Luc.
3290 3750 3392 3823 rx).
3426 3769 3443 3802 ι

2290 3864 2307 3896 ι
2343 3844 2444 3911 Qui
2475 3858 2607 3900 vero
2626 3842 2804 3914 placet
2824 3842 3114 3914 magnatis,
3144 3840 3363 3913 effugiet
3386 3841 3758 3911 iniquitatem.
3786 3859 3807 3894 ι

2212 3939 2327 3994 Hoc
2357 3947 2441 3993 est
2465 3937 2613 4007 quod
2633 3934 2883 4007 superius
2908 3934 3065 4001 dixit,
3110 3952 3129 3985 ι
3159 3933 3333 3990 Homo
3360 3933 3604 4004 prudens
3628 3934 3810 4005 place-

2212 4029 2294 4085 bit
2331 4029 2636 4100 magnatis;
2674 4047 2693 4080 ι
2725 4027 2779 4082 in
2827 4041 2893 4083 eo
2918 4027 3065 4082 enim
3092 4023 3271 4097 placet
3296 4025 3525 4081 devotus
3574 4025 3812 4097 discipu-

2212 4121 2299 4176 lus
2345 4121 2503 4175 bonis
2530 4120 2828 4192 magistris,
2859 4118 3003 4189 quod
3042 4116 3232 4189 fugere
3254 4125 3430 4172 certat
3452 4132 3677 4174 omnem
3695 4132 3812 4173 Ina-

2214 4210 2391 4266 cuiam
2454 4209 2772 4279 iniquitatis.
2832 4208 2986 4266 Unde
3029 4221 3129 4279 per
3176 4206 3514 4277 psalmistam
3567 4207 3809 4263 dicitur:

2222 4320 2242 4354 ι
2276 4302 2425 4358 Beati
2453 4300 2788 4357 immaculati
2815 4301 2869 4355 in
2908 4300 3019 4367 via,
3044 4299 3140 4371 qui
3162 4298 3443 4355 ambulant
3480 4300 3537 4354 in
3568 4299 3690 4373 lege
3714 4301 3815 4357 Do»

2216 4394 2349 4449 mini
2380 4393 2552 4466 (Psal.
2587 4391 2795 4464 cxvln);
2860 4410 2880 4443 ι
2914 4400 2971 4446 et
3014 4390 3145 4447 item
3181 4408 3194 4444 :
3225 4409 3244 4440 ‹
3270 4389 3474 4446 Beatus
3502 4391 3591 4445 vir
3621 4376 3719 4461 qui
3745 4390 3814 4446 ti-

2217 4495 2329 4543 met
2366 4487 2675 4553 Dominum,
2713 4488 2768 4541 in
2817 4485 3085 4542 mandatis
3112 4484 3231 4556 ejus
3256 4484 3441 4555 cupiet
3473 4484 3640 4539 nimis
3670 4502 3687 4537 :
3720 4497 3814 4555 po-

2219 4589 2339 4637 tens
2381 4582 2438 4636 in
2486 4588 2631 4636 terra
2659 4580 2765 4635 erit
2793 4593 2981 4637 semen
3027 4579 3165 4651 ejus.
3197 4577 3384 4634 Gloria
3426 4585 3483 4633 et
3510 4576 3722 4633 divitia
3746 4577 3813 4632 in

2220 4673 2381 4730 domo
2407 4672 2600 4743 ipsius,
2628 4680 2684 4735 et
2711 4671 2922 4741 iustitia
2946 4668 3064 4741 ejus
3088 4678 3274 4727 manet
3326 4669 3383 4726 in
3410 4667 3671 4725 sarculum
3716 4682 3816 4723 sc-

2218 4766 2325 4820 culi
2351 4763 2525 4835 (Psal.
2550 4764 2684 4837 cn).
2720 4783 2739 4815 ι
2970 4782 2975 4787 ·

2293 4878 2313 4910 ι
2349 4857 2521 4915 Xenia
2569 4868 2625 4913 et
2658 4858 2799 4912 dona
2850 4865 3129 4913 excaecant
3182 4853 3367 4912 oculos
3414 4851 3708 4922 iudicum;
3762 4858 3818 4906 et

2224 4969 2244 5002 c
2273 4948 2427 5020 quasi
2468 4957 2651 5004 mutus
2675 4948 2731 5003 in
2759 4962 2857 5004 ore
2899 4948 3098 5005 avertit
3138 4945 3508 5016 correptiones
3545 4958 3759 5001 eorum.
3789 4960 3810 4994 ι

2217 5039 2371 5106 Quod
2414 5039 2557 5094 enim
2601 5039 2741 5094 dona
2792 5046 2845 5094 et
2892 5038 3138 5110 pecuniae
3189 5034 3391 5106 judicia
3436 5032 3686 5105 judicent
3749 5030 3815 5085 ab

2217 5132 2488 5201 aequitatis
2515 5131 2733 5186 tramite
2778 5131 2841 5186 ie
2868 5131 2957 5186 via
2983 5130 3287 5201 iniquitatis
3312 5135 3590 5195 avertant,
3630 5123 3814 5180 multis

2218 5222 2273 5277 in
2302 5222 2433 5277 locis
2460 5237 2614 5277 sacra
2641 5220 2920 5292 Scriptura
2946 5221 3226 5292 praecepit,
3256 5220 3443 5274 dicens
3478 5234 3494 5271 :
3530 5235 3552 5269 ι
3594 5213 3811 5271 Iudices

2177 5347 2181 5351 -
2219 5316 2591 5387 etmagistros
2625 5317 2924 5372 constitues
2959 5316 3015 5370 in
3041 5315 3293 5371 omnibus
3313 5312 3489 5385 portis
3518 5311 3652 5378 tuis,
3676 5323 3813 5382 quas

2220 5409 2482 5465 Dominus
2518 5407 2662 5465 Deus
2706 5417 2829 5464 tuus
2856 5406 3065 5463 dederit
3093 5407 3190 5462 tibi
3217 5421 3320 5478 per
3362 5404 3607 5475 singulas
3636 5402 3810 5458 tribus

2220 5510 2362 5568 tuas,
2391 5508 2451 5555 ut
2479 5499 2725 5571 judicent
2750 5501 3005 5572 populum
3042 5498 3191 5568 justo
3208 5498 3434 5569 judicio,
3462 5513 3565 5553 nec
3593 5497 3649 5551 in
3676 5494 3808 5550 alte.

2222 5609 2338 5649 ram
2392 5600 2599 5663 partem
2638 5592 2926 5648 declinent.
2963 5590 3079 5646 Non
3117 5591 3353 5662 accipies
3378 5602 3670 5661 personam
3709 5599 3807 5642 nee

2220 5702 2467 5751 munera,
2502 5686 2624 5754 quia
2660 5701 2884 5739 munera
2934 5691 3211 5740 excaecant
3246 5682 3431 5738 oculos
3458 5679 3801 5749 sapientium,

2223 5790 2276 5835 et
2320 5788 2531 5836 mutant
2561 5781 2726 5836 verba
2762 5780 3052 5850 justorum.
3102 5777 3253 5836 Iuste
3301 5778 3443 5852 quod
3482 5778 3686 5848 justutc
3724 5777 3805 5826 est
