4030 6534
266 337 388 397 901

1209 327 1564 387 COMMENT.
1605 327 1677 381 ΠΥ
1718 326 2324 385 ECQIHJSIASTICUM.
2365 360 2437 370 —
2472 328 2600 385 LIB.
2641 326 2706 384 ν.

3466 322 3573 381 902

268 453 656 534 persequeris,
678 458 740 507 ut
763 464 914 507 vivas
952 456 1008 505 et
1025 432 1302 521 possideas
1326 455 1548 509 terram,
1578 457 1738 513 quam
1772 441 1877 495 Do-
1902 454 1955 519 Α
1978 439 2057 495 dit
2087 441 2140 494 in
2182 449 2351 507 terra,
2372 440 2626 528 .multum
2650 436 2980 510 obiurgant,
3018 434 3323 534 rependens
3347 433 3433 534 illi.
3459 449 3572 534 ine-

271 526 650 610 ;ninusDeus
679 552 805 611 tuus
857 542 1066 601 dederit
1112 540 1210 599 tibi
1265 539 1445 613 (Deut.
1484 536 1619 609 xw).
1656 556 1673 588 ι
1713 534 1879 603 Quasi
1986 530 2145 593 ritam
2170 526 2389 602 prunam
2414 549 2426 585 :
2451 531 2660 589 Idcirco
2690 550 2709 584 ‹
2744 528 2940 586 melius
2963 534 3048 585 est
3070 527 3385 587 hominibus
3410 526 3574 602 (sicut

274 652 479 705 mutus
512 640 569 696 in
598 652 695 697 ore
721 635 919 695 avertit
945 635 1317 706 correptiones
1350 630 1705 703 pecuniarum
1733 644 1884 688 ama-

277 740 403 798 tor,
430 727 561 800 quia
588 727 693 789 hoc
721 723 846 782 silet
872 731 1092 797 propter
1114 722 1241 781 illas
1274 720 1419 793 quod
1447 718 1737 779 dicendum
1764 724 1884 777 erat

279 831 390 883 aut
432 824 537 881 hoc
575 818 728 885 dicit,
775 818 922 889 quod
977 816 1315 877 reticendum
1359 814 1540 873 fuerat
1592 832 1605 869 :
1652 825 1882 883 quorum

280 926 587 987 utrimque
605 912 797 973 inutile
830 921 916 971 est
944 912 1001 969 in
1024 908 1252 981 judicio,
1289 905 1386 966 ubi
1408 907 1628 979 omnino
1656 918 1886 978 regnare

283 1011 458 1070 debet
487 1007 691 1079 veritas
741 1014 796 1063 et
842 1004 1138 1078 prmualere
1178 1002 1412 1073 iustitia.
1449 1001 1605 1070 Quod
1650 1013 1885 1072 sequens

282 1099 569 1160 sententia
591 1097 759 1157 etiam
777 1096 879 1154 sub
905 1094 1153 1168 exemplo
1171 1094 1385 1167 probat.

373 1212 391 1247 ‹
422 1189 708 1263 Sapientia
750 1186 1017 1245 absconsa
1058 1193 1115 1242 et
1161 1186 1453 1243 thesaurus
1500 1182 1727 1249 invisus,
1767 1195 1888 1251 qua:

294 1304 318 1349 ι
352 1284 563 1347 utilitas
605 1283 660 1341 in
684 1281 967 1352 utrisque?
996 1278 1184 1347 Melior
1213 1287 1298 1335 est
1343 1279 1435 1350 qui
1466 1276 1605 1335 celat
1631 1275 1889 1346 insipien-

290 1378 434 1441 tiam
458 1392 637 1443 suam,
656 1389 820 1446 quam
840 1373 937 1445 qui
956 1373 1294 1430 abscondunt
1313 1370 1633 1442 sapientiam
1652 1383 1830 1425 suam.
1861 1386 1881 1421 ι

290 1469 456 1535 Sient
506 1467 655 1527 nulla
693 1466 900 1525 utilitas
925 1472 1011 1521 est
1064 1465 1466 1529 thesaurorum,
1512 1462 1606 1532 qui
1640 1461 1695 1517 in
1744 1468 1890 1515 terra

292 1560 498 1627 Moesi
531 1560 813 1631 hominum
838 1558 1010 1617 latent
1037 1558 1369 1629 agnitionem
1404 1565 1460 1612 et
1486 1562 1789 1626 aspectum,
1812 1553 1891 1608 sic

290 1660 357 1719 et
392 1651 660 1723 sapimus
689 1650 982 1713 indiscrete
1024 1648 1294 1709 occultata
1339 1648 1747 1719 possessoribus
1777 1645 1891 1702 suis

295 1745 510 1813 nullum
539 1743 698 1813 δίει-ι
719 1743 978 1813 fruemur,
1008 1745 1120 1803 imo
1141 1745 1442 1802 maximum
1468 1742 1888 1808 detrimentum;

1981 626 2074 685 hic
2098 625 2361 698 scriptum
2403 624 2508 698 est)
2537 632 2599 679 ut
2623 622 2898 682 occultent
2932 621 3303 692 insipientiam
3337 635 3515 690 suam,
3549 638 3570 675 ι

1983 731 2054 775 ne
2075 731 2196 773 eam
2215 714 2553 787 proferentes
2572 729 2682 770 non
2703 712 2849 770 nulla
2877 717 3139 784 generent
3161 709 3381 781 delicta,
3409 725 3575 783 quam

1983 816 2046 867 ut
2097 808 2429 873 abscondant
2472 805 2796 877 sapientiam
2835 818 3013 869 suam,
3065 817 3164 875 per
3213 816 3379 875 quam
3431 811 3579 863 recte

1982 899 2326 972 praedicando
2345 906 2401 955 et
2423 900 2564 959 bene
2589 896 2821 963 vivendo
2846 902 3072 968 possent
3095 892 3220 965 aliis
3248 892 3318 955 ad
3340 891 3574 961 salutem

1984 994 2263 1065 prodesse,
2286 1001 2354 1051 et
2374 993 2480 1057 sibi
2501 989 2892 1065 prmparare'in
2917 1004 3088 1061 reﬂui)
3115 987 3328 1059 caelesti
3371 999 3581 1049 merce-

1984 1086 2109 1149 dem
2164 1091 2503 1158 perpetuam,
2559 1084 2614 1149 in
2657 1082 2751 1149 diel
2794 1080 3044 1141 videlicet
3084 1078 3303 1152 iudicii,
3363 1078 3581 1153 quando

1992 1198 2013 1234 ι
2045 1178 2271 1252 recipiet
2298 1176 2671 1249 unusquisque
2695 1180 2859 1247 prout
2881 1171 3054 1245 gessit
3096 1172 3214 1235 sive
3235 1171 3439 1235 bonum
3464 1167 3583 1227 sive

1987 1270 2189 1332 malum
2225 1288 2238 1324 :
2276 1289 2295 1323 ι
2332 1268 2657 1333 admonendi
2683 1280 2927 1338 namque
2947 1272 3094 1335 sunt,
3121 1261 3214 1334 qui
3238 1276 3363 1331 cum
3386 1259 3584 1335 pratdi-

1988 1380 2116 1422 care
2158 1363 2363 1425 utiliter
2390 1363 2624 1435 possint.
2654 1360 3019 1427 immoderata
3063 1365 3247 1429 tamen
3278 1356 3585 1413 humilitate

1989 1454 2286 1528 refugiunt,
2342 1462 2402 1527 ut
2449 1468 2519 1515 ex
2571 1452 2771 1516 minori
2815 1450 3256 1515 consideratione
3302 1447 3583 1519 colligant,

1989 1556 2255 1619 quamam
2302 1546 2356 1603 in
2410 1545 2710 1616 maioribus
2745 1544 2909 1605 rebus
2937 1543 3273 1614 delinquant.
3332 1539 3392 1597 Si
3434 1540 3582 1603 enim

1989 1640 2354 1713 indigentibus
2389 1638 2652 1711 proximis
2688 1637 2792 1709 ipsi
2838 1651 2978 1708 quas
3026 1634 3296 1707 haberent
3324 1631 3585 1707 pecunias

1992 1731 2405 1800 absconderent,
2434 1730 2712 1803 adiutores
2738 1728 2926 1802 procul
2952 1727 3119 1790 dubie
3140 1725 3473 1795 calamitatis
3497 1738 3586 1789 ex-

288 1836 528 1911 woinds
546 1837 830 1904 Dominus,
860 1837 1076 1907 quando
1105 1837 1162 1893 in
1189 1835 1484 1909 Evangelia
1507 1833 1750 1891 laudavit
1774 1848 1890 1890 ser-
1916 1842 1965 1905 Β
1990 1826 2298 1887 stitissent:
2326 1840 2436 1897 quo
2461 1824 2627 1896 igitur
2648 1832 2804 1883 reatu
2823 1821 3273 1897 constringuntur
3292 1818 3580 1891 aspiciant,

296 1942 450 1997 πω,
486 1929 580 2000 qui
615 1927 940 2001 negotiando
964 1927 1344 1999 multiplicauit
1364 1926 1651 1999 pecuniam
1673 1924 1889 1983 Domini
1934 1916 1945 1919 “

290 2020 410 2089 sui,
444 2021 731 2093 minium
758 2019 1086 2092 condignum
1136 2018 1213 2075 illi
1252 2020 1521 2086 restituit;
1552 2032 1772 2076 servum
1797 2031 1890 2073 ne-

294 2126 493 2185 quam,
510 2113 601 2184 qui
615 2121 901 2185 acceptum
916 2112 1179 2169 talentum
1194 2112 1417 2169 sudario
1433 2111 1654 2183 ligando
1672 2110 1894 2166 abscon-

2001 1920 2097 1992 qui
2124 1919 2250 1976 dum
2277 1919 2629 1991 peccantibus
2645 1916 2908 1974 fratribus
2934 1917 3163 1974 verbum
3182 1912 3587 1987 praedicationis

1990 2014 2337 2079 subtrahunt,
2398 2011 2757 2070 morientibus
2814 2010 3089 2068 mentibus
3148 2008 3274 2066 vita:
3344 2004 3586 2075 renndia

1994 2105 2354 2176 abscondunt.
2410 2189 2419 2201 .

776 2714 779 2715 ν
820 2672 1047 2730 CAPUT
1084 2672 1378 2731 PRIMUM.

302 2785 579 2859 Sapientia
613 2786 762 2841 docet
786 2802 949 2859 unum
979 2788 1239 2859 hominem
1266 2791 1323 2844 in
1344 2792 1605 2859 omnibus,
1642 2802 1690 2846 et
1713 2808 1888 2848 omnes

453 2872 559 2912 uno
585 2869 732 2934 :non
766 2858 1125 2934 adjiciend_um
1150 2876 1262 2915 esse
1301 2873 1569 2934 peccatum
1597 2879 1754 2934 super
1772 2880 1890 2933 pec-

371 2937 571 2997 catum,
595 2928 687 2997 sed
714 2930 974 2985 orandum
1008 2928 1180 2984 Deum
1208 2940 1264 2989 ut
1286 2928 1548 2989 auxilium
1567 2928 1812 3004 praibeat.

369 3043 521 3116 (ω.
574 3042 714 3114 ut.)
748 3042 871 3109 Fili,
917 3044 1191 3114 peccasti?
1236 3059 1345 3100 non
1389 3045 1615 3116 adjicias
1659 3046 1888 3113 iterum;

1500 2354 1804 2499 LIBER
1873 2411 2376 2508 QUINTUS.

1998 2681 2114 2751 ipse
2140 2679 2284 2736 enim
2322 2672 2581 2730 interﬁcit
2625 2666 2911 2725 hominum
2937 2664 3170 2732 animas,
3214 2663 3343 2734 quia
3378 2659 3594 2734 peccati

1997 2769 2191 2842 laqueo
2210 2773 2398 2839 captas
2420 2760 2625 2819 acterna
2658 2766 2837 2815 morte
2855 2756 3021 2814 eilicit
3047 2770 3193 2811 reas.

2074 2890 2093 2923 ι
2131 2870 2296 2939 Quasi
2328 2867 2601 2936 romphaea
2633 2864 2719 2919 bis
2741 2870 2900 2918 acuta
2929 2859 3108 2916 omnis
3147 2859 3408 2931 iniquitas
3436 2857 3591 2930 :pla-

2004 2982 2025 3016 ι
2058 2978 2139 3037 gat
2179 2961 2326 3017 illius
2373 2974 2479 3014 non
2523 2964 2610 3012 est
2660 2954 2885 3011 sanitas.
2925 2970 2944 3005 ι
2986 2951 3079 3007 Bis
3126 2959 3286 3006 acuta
3319 2949 3593 3021 romphaea

1998 3056 2237 3112 hominis
2278 3053 2558 3124 iniquitas,
2605 3049 2731 3105 inde
2779 3047 2991 3130 dicitur.
3029 3045 3174 3117 quod
3202 3044 3425 3114 utrique
3460 3042 3594 3099 sub—

304 3155 326 3190 ι
358 3138 452 3195 sed
472 3144 542 3195 et-
554 3138 622 3193 de
646 3136 897 3208 pristinis
924 3137 1240 3208 deprecare,
1269 3145 1331 3193 ut
1351 3138 1447 3194 tibi
1471 3139 1838 3195 dimittantur.
1868 3158 1887 3194 ι

1999 3149 2213 3206 stantia:
2242 3147 2432 3219 ipsius,
2464 3141 2734 3215 corporali
2761 3139 3014 3196 videlicet
3049 3146 3103 3193 et
3143 3136 3376 3208 spiritali
3422 3148 3590 3208 gene-

300 3229 527 3286 Salubre
547 3231 642 3286 dat
684 3229 995 3297 consilium,
1034 3239 1098 3285 ut
1121 3230 1252 3301 quia
1280 3232 1624 3303 peccavimus
1653 3234 1784 3306 (non
1813 3242 1899 3289 est

298 3324 443 3385 enim
493 3324 656 3379 homo
681 3337 849 3394 super
875 3330 1081 3379 terram
1110 3324 1203 3393 qui
1240 3322 1408 3378 faciat
1432 3324 1655 3390 bonum,
1705 3330 1762 3379 et
1786 3338 1893 3379 non

299 3413 511 3487 peccet)
540 3428 650 3470 non
696 3414 959 3471 iteremus
983 3422 1236 3486 peccata,
1272 3415 1370 3471 sed
1393 3414 1462 3470 de
1487 3414 1735 3484 pristinis
1761 3430 1895 3470 con-

300 3506 521 3578 dignam
570 3506 951 3578 pmnitentiam
996 3514 1222 3583 agentes
1280 3507 1635 3578 deprecemur
1697 3506 1893 3574 Deum,

298 3604 570 3670 quatenus
619 3598 858 3657 dimittat
908 3597 1065 3654 nobis
1113 3598 1544 3654 misericorditer
1598 3599 1743 3669 quod
1793 3613 1894 3654 nos

296 3701 398 3760 per
417 3686 771 3760 fragilitatem
798 3695 1044 3747 nostram
1066 3688 1442 3745 commisimus
1480 3689 1749 3759 nequiter.

371 3798 393 3832 ‹
431 3778 598 3847 Quasi
629 3792 662 3834 a
698 3778 840 3835 facie
864 3777 1075 3835 colubri
1106 3777 1233 3849 fuge
1258 3786 1515 3849 peccata;
1553 3788 1611 3835 et
1636 3780 1683 3836 si
1706 3792 1893 3837 acces-

305 3889 325 3924 ι
353 3871 493 3927 seris
514 3872 583 3927 ad
603 3868 716 3937 illa,
748 3870 1054 3942 suscipiant
1081 3879 1157 3926 te.
1192 3889 1212 3923 ι
1245 3870 1481 3927 Goluber
1503 3872 1650 3927 enim
1677 3871 1769 3927 ille
1799 3886 1895 3927 an-

300 3962 502 4034 tiquus,
563 3961 657 4032 qui
714 3975 932 4033 semper
973 3961 1105 4018 colit
1138 3962 1363 4018 umbras
1417 3970 1791 4032 peccatorum,
1838 3970 1896 4018 et

300 4060 493 4126 regnat
518 4051 577 4108 in
601 4051 731 4113 ﬁliis
757 4054 1133 4120 tenebrarum,
1175 4053 1457 4109 interitum
1492 4062 1745 4109 nostrum
1773 4054 1894 4110 sine

300 4146 607 4202 cessatione
641 4145 937 4214 desiderat,
966 4155 1023 4202 et
1051 4146 1294 4219 suggerit
1314 4145 1481 4203 nobis
1498 4160 1665 4217 opera
1686 4146 1897 4203 facino-

302 4255 452 4310 rosa;
477 4241 593 4312 ipse
616 4239 842 4296 omnino
864 4240 1022 4297 nobis
1043 4238 1331 4312 fugiendus
1358 4247 1461 4309 est,
1487 4241 1614 4310 quia
1640 4241 1687 4295 si
1710 4255 1895 4296 acces-

302 4333 534 4390 serimus
582 4332 651 4388 ad
697 4331 849 4388 illum
876 4332 1267 4389 consentiendo
1293 4331 1729 4403 suggestionibus
1755 4332 1890 4402 ejus,

302 4423 558 4496 suscipiet
584 4437 685 4480 nos
717 4423 785 4479 ad
822 4422 1020 4479 inferni
1061 4432 1327 4480 tartarum
1361 4439 1547 4480 secum
1593 4424 1887 4493 ducendos,

2000 3253 2086 3299 ret
2126 3250 2397 3298 mortem:
2433 3238 2560 3311 quia
2597 3236 2738 3308 ignis
2766 3235 3027 3305 gehennae
3065 3240 3175 3286 tam
3204 3245 3404 3301 corpus
3430 3243 3595 3299 quam

1999 3336 2164 3392 etiam
2196 3333 2435 3389 animam
2456 3336 2580 3402 post
2618 3327 2763 3391 diem
2786 3323 2976 3396 judicii
3024 3321 3439 3389 excruciaturus
3472 3327 3591 3387 est;

1998 3426 2152 3497 cujus
2188 3426 2361 3499 plaga:
2414 3437 2523 3479 non
2548 3429 2634 3476 est
2660 3418 2900 3481 sanitas;
2943 3415 3073 3487 quia
3104 3422 3395 3487 postquam
3428 3413 3597 3469 homo

1997 3521 2116 3577 sine
2141 3517 2478 3593 poenitentiae
2502 3512 2742 3570 remedio
2768 3512 2835 3568 de
2859 3510 2965 3566 hac
2990 3508 3103 3567 vita
3130 3506 3345 3574 exierit,
3374 3512 3429 3562 et
3465 3504 3595 3560 illuc

1992 3611 2141 3684 justo
2180 3609 2276 3665 Dei
2320 3606 2527 3678 judicio
2556 3607 2847 3661 damnatus
2880 3600 3066 3667 fuerit,
3099 3599 3216 3663 sine
3253 3598 3361 3655 line
3405 3597 3596 3658 ibi.ar—

1999 3700 2165 3757 debit.
2211 3698 2368 3755 Unde
2400 3697 2530 3768 ipsis
2562 3692 2941 3768 peccatoribus
2967 3692 3023 3747 in
3049 3697 3297 3749 extremo
3339 3686 3594 3747 examine

1998 3791 2232 3847 dicitur:
2264 3809 2282 3841 ι
2318 3788 2396 3845 [te
2417 3789 2472 3843 in
2496 3787 2679 3860 ignem
2708 3790 2993 3851 atternlm,
3020 3782 3115 3856 qui
3141 3787 3482 3854 praeparatus
3510 3787 3597 3836 est

1999 3882 2213 3941 diabolo
2235 3890 2290 3937 et
2316 3878 2521 3952 angelis
2558 3876 2710 3949 ejus;
2737 3885 2793 3932 et
2824 3876 2981 3932 ibunt
3006 3873 3158 3945 impii
3189 3872 3245 3928 in
3270 3870 3594 3947 supplicium

1998 3981 2283 4038 aeternum,
2329 3971 2463 4043 justi
2504 3978 2685 4025 autem
2747 3968 2803 4023 in
2859 3966 3032 4033 vitam
3070 3971 3327 4020 aeternam
3373 3960 3593 4035 (Matth.

1996 4064 2148 4138 xxv).
2183 4084 2203 4116 ι
2250 4064 2355 4120 Sed
2396 4063 2524 4134 quia
2556 4060 2933 4132 opportunitas
2976 4051 3080 4114 loéi
3107 4073 3166 4115 se
3196 4055 3398 4123 attulit,
3438 4063 3501 4111 ut
3528 4056 3595 4113 de

1997 4155 2357 4213 irremissibili
2392 4162 2618 4226 peccato
2645 4151 2851 4226 aliquid
2893 4151 3157 4216 dicamus,
3192 4148 3398 4223 placuit
3439 4146 3597 4204 nobis

1995 4263 2065 4304 ex
2090 4249 2275 4304 verbis
2302 4247 2476 4302 sancti
2497 4244 2786 4316 Augustini
2813 4243 2995 4314 aliqua
3015 4256 3241 4314 ponere,
3274 4240 3369 4315 qui
3397 4239 3452 4295 in
3477 4255 3596 4295 ser-

1996 4354 2158 4396 mone
2204 4340 2272 4393 ad
2311 4337 2593 4409 populum,
2632 4336 2727 4393 ubi
2762 4335 3015 4408 exposuit
3044 4350 3165 4413 qua:
3200 4333 3273 4389 sit
3302 4331 3597 4389 irremissi-

1998 4430 2124 4487 bilis
2151 4427 2491 4501 blasphemia
2518 4428 2575 4484 in
2607 4426 2871 4499 Spiritum
2906 4434 3177 4494 sanctum,
3219 4425 3295 4481 ita
3322 4425 3401 4480 ait
3432 4442 3448 4482 :
3478 4423 3597 4480 Pri-

232 4507 236 4515 ’
303 4525 569 4592 quatenus
622 4526 1018 4575 tormentorum
1085 4518 1202 4588 ejus
1250 4518 1424 4575 simus
1467 4518 1779 4590 participes,
1840 4527 1895 4575 et
1919 4525 1975 4587 D
1999 4535 2089 4577 mo
2126 4536 2256 4593 ergo
2307 4520 2363 4575 in
2406 4534 2505 4575 nos
2560 4518 2627 4573 ad
2680 4517 3053 4589 accipiendam
3095 4517 3263 4585 vitam
3308 4525 3593 4585 aeternam,

304 4613 665 4671 damnationis
718 4622 1020 4670 consortes.
1081 4610 1234 4668 Unde
1279 4611 1456 4667 adhuc
1503 4613 1572 4667 de
1609 4610 1893 4668 ferocitate

302 4705 417 4778 ejus
464 4706 711 4777 loquens,
763 4703 913 4760 addit
945 4720 961 4757 :
996 4722 1015 4755 ι
1054 4701 1253 4759 Dentes
1305 4702 1482 4758 leonis
1526 4702 1716 4759 dentes
1752 4703 1889 4774 ejus,

302 4796 687 4873 interﬁcientes
722 4796 934 4852 animas
971 4797 1274 4853 hominum.
1306 4815 1324 4849 ι
1362 4796 1423 4852 In
1451 4795 1734 4870 Scriptura
1762 4812 1893 4869 ergo

304 4905 459 4948 sacra
485 4890 572 4946 leo
597 4889 887 4961 aliquando
916 4890 971 4945 in
994 4889 1195 4946 bonam
1220 4896 1434 4960 partem
1479 4891 1764 4962 accipitur,
1797 4890 1895 4944 ali-

306 4980 514 5052 quando
557 4995 689 5037 vero
725 4981 781 5036 in
810 4981 1012 5036 malam
1046 4999 1059 5036 :
1090 4981 1348 5052 quoniam
1377 4981 1462 5037 leo
1490 4982 1692 5038 dicitur
1729 4981 1891 5038 Chri-

279 5079 442 5157 ‘stus,
488 5078 545 5127 et
593 5086 625 5128 e
651 5071 930 5127 contrario
989 5071 1074 5128 leo
1097 5072 1296 5127 dicitur
1335 5072 1613 5141 diabolus;
1670 5073 1766 5128 sed
1808 5072 1894 5129 leo

305 5162 550 5220 ﬂliristus
572 5172 796 5236 propter
823 5164 1221 5232 fortitudinem,
1253 5173 1315 5220 ut
1355 5175 1441 5223 est
1468 5163 1848 5223 illud’Joannis
1875 5182 1889 5220 :

312 5276 331 5309 ς
356 5255 496 5312 Ecce
538 5257 668 5337 vicit
695 5256 782 5314 leo
806 5259 873 5315 de
898 5258 1043 5315 tribu
1086 5258 1245 5329 Juda,
1282 5260 1435 5317 radix
1466 5260 1655 5327 David,
1684 5259 1896 5330 aperire

307 5351 528 5420 librum,
550 5361 607 5423 et
632 5354 843 5410 solvere
869 5362 1075 5426 septem
1098 5354 1372 5428 signacula
1401 5354 1517 5426 ejus
1547 5353 1732 5426 (Apoc.
1761 5353 1837 5424 v).
1869 5371 1888 5406 ι

308 5442 441 5501 Item
466 5443 553 5502 leo
591 5445 837 5503 diabolus
865 5455 1089 5519 propter
1117 5448 1385 5504 saevitiam
1419 5466 1430 5502 :
1459 5447 1526 5502 de
1566 5461 1673 5518 quo
1698 5446 1897 5505 Petrus

314 5537 556 5595 scribens
609 5539 675 5594 ad
705 5538 1010 5606 credentes,
1045 5540 1122 5595 ait
1150 5555 1165 5594 :
1206 5560 1223 5591 ι
1252 5538 1427 5595 Sobrii
1477 5548 1651 5596 estote
1677 5548 1731 5595 et
1761 5540 1896 5612 vigi-

313 5630 418 5688 late
450 5632 506 5687 in
542 5632 879 5688 orationibus
908 5651 921 5687 :
955 5633 1082 5703 quia
1130 5633 1470 5688 adversarius
1500 5640 1681 5686 vester
1710 5632 1897 5688 diabo-

315 5720 401 5781 lus
431 5732 685 5796 tanquam
729 5726 813 5782 leo
840 5728 1060 5798 rugiens
1089 5728 1282 5783 circuit
1321 5741 1569 5798 quaerens
1604 5742 1761 5796 quem
1806 5727 1897 5780 dc-

320 5826 476 5878 voret
518 5833 535 5874 :
582 5819 669 5875 cui
711 5819 951 5877 resistite
1000 5819 1169 5880 fortes
1222 5819 1275 5875 in
1318 5816 1419 5873 fide
1448 5816 1502 5890 (I
1528 5816 1675 5874 Petr.
1723 5816 1777 5890 ν)
1821 5836 1833 5872 :
1871 5837 1889 5871 ι

1997 4626 2118 4684 qua:
2144 4610 2199 4666 in
2245 4610 2544 4668 novissimo
2594 4609 2834 4675 dabitur,
2875 4608 2944 4665 de
2970 4609 3217 4666 bonitate
3264 4610 3362 4679 Dei
3396 4623 3597 4668 munus

1996 4705 2146 4762 venit
2170 4705 2237 4759 ab
2263 4703 2418 4760 initio
2446 4702 2594 4771 fidei,
2629 4702 2881 4760 remissio
2905 4710 3257 4776 peccatorum
3286 4720 3301 4758 :
3330 4718 3430 4777 per
3451 4702 3598 4776 quod

1997 4794 2322 4852 beneﬁcium
2379 4795 2625 4851 eruimur
2676 4795 2743 4851 de
2790 4803 3062 4868 potestate
3100 4782 3471 4867 tenebrarum,
3542 4804 3601 4855 et

1997 4887 2251 4967 princeps
2295 4886 2455 4959 hujus
2498 4889 2686 4947 mundi
2731 4889 2968 4959 mittitur
3014 4887 3165 4959 foras
3218 4889 3325 4947 fide
3384 4902 3595 4959 nostra,

1998 4979 2091 5051 qui
2117 4987 2374 5053 operatur
2398 4980 2456 5035 in
2497 4979 2624 5036 ﬁliis
2668 4980 3030 5049 inﬁdelitatis,
3061 4980 3210 5049 nulla
3246 4981 3299 5037 vi
3336 4981 3465 5061 alia,
3492 4981 3598 5037 nisi

1999 5074 2261 5131 societate
2312 5081 2368 5129 et
2414 5072 2743 5145 obligatione
2786 5074 3016 5147 peccati.
3079 5074 3139 5130 In
3191 5072 3398 5146 Spiritu
3451 5074 3598 5145 enim

1999 5174 2210 5233 sancto,
2238 5182 2347 5239 quo
2386 5167 2443 5223 in
2472 5181 2640 5223 unum
2682 5154 3041 5239 Dci’populus
3067 5175 3453 5239 congregatur,
3500 5167 3600 5239 eji-

2000 5259 2142 5315 citur
2187 5258 2409 5331 Spiritus
2456 5259 2787 5315 immundus.
2819 5258 2912 5328 qui
2953 5258 3007 5315 in
3043 5258 3282 5330 seipsum
3311 5245 3594 5325 dividitur.

2000 5350 2202 5407 Contra
2217 5350 2325 5408 hoc
2352 5352 2555 5407 donum
2576 5351 2899 5425 gratuitum,
2934 5357 3127 5407 contra
3148 5350 3311 5408 istam
3345 5351 3443 5409 Dei
3471 5367 3596 5426 gra-

1999 5444 2134 5498 tiam
2174 5442 2414 5515 loquitur
2439 5458 2534 5498 cor
2575 5442 2942 5514 impaenitens.
2993 5441 3116 5514 Ipsa
3159 5457 3288 5517 ergo
3342 5443 3596 5516 impaeni-

2002 5536 2169 5591 tentia
2204 5543 2289 5592 est
2333 5535 2569 5607 Spiritus
2597 5534 2956 5606 blasphemia,
2984 5552 3106 5608 qua:
3137 5550 3246 5592 non
3286 5537 3596 5593 remittetur

2001 5642 2175 5698 neque
2204 5630 2256 5683 in
2284 5630 2388 5685 hoc
2416 5630 2631 5696 saeculo,
2666 5645 2842 5701 neque
2876 5629 2932 5684 iu
2967 5627 3168 5685 futuro.
3200 5628 3404 5685 Contra
3447 5629 3593 5684 enim

2003 5720 2265 5790 Spiritum
2298 5731 2563 5789 sanctum,
2590 5738 2697 5793 quo
2733 5723 3080 5795 baptizantur
3106 5736 3335 5794 quorum
3370 5727 3593 5792 peccata

2004 5814 2187 5874 omnia
2215 5814 2577 5883 dimittuntur,
2612 5821 2666 5871 et
2692 5830 2853 5887 quem
2886 5814 3090 5888 accepit
3114 5811 3379 5881 Ecclesia,
3413 5817 3473 5867 ut
3499 5808 3587 5867 cui
