4030 6474
497 397 606 470 ωδ

1138 395 1214 451 Β.-
1245 391 1498 449 RABANI
1535 388 1753 448 MAURI
1795 383 2114 445 ARCHIEP.
2155 380 2469 442 MOGUNT.
2507 378 2794 440 OPERUM
2827 377 3008 438 PARS
3045 377 3084 435 l.

3664 383 3773 438 904

501 517 804 580 dimiserint
841 517 1080 585 peccata,
1136 510 1480 564 dimittantur
1527 509 1598 573 ci,
1654 505 1878 562 verbum
1925 501 2082 558 valde
2107 503 2158 564 A
2185 501 2381 556 stcntia
2411 497 2816 569 cooperantium
2841 509 3224 567 personarum;
3251 495 3378 566 quia
3417 503 3472 552 et
3505 493 3683 552 Filius
3708 497 3776 551 de

500 607 702 668 malum
723 614 778 661 et
802 602 964 660 nimis
997 601 1241 671 impium,
1268 600 1381 654 sive
1401 596 1754 668 cogitatione;
1780 594 1893 648 sive
1916 591 2081 647 etiam

507 702 694 774 lingua
742 712 840 754 sua
876 695 1024 761 dicit,
1057 709 1216 764 quem
1237 691 1495 764 patientia
1523 690 1619 745 Dei
1656 702 1782 744 cum
1809 685 1874 740 ad
1905 682 2081 754 paeni-

503 793 724 852 tentiam
757 789 1007 855 adducat,
1030 788 1144 858 ipse
1169 785 1467 842 secundum
1491 782 1747 839 duritiam
1777 778 1959 834 cordis
1997 776 2082 832 sui

502 897 558 943 et
585 899 680 940 cor
703 879 1067 951 imptenitens,
1095 876 1431 934 thesaurizat
1477 874 1580 930 sibi
1616 873 1753 928 iram
1779 870 1835 925 in
1869 869 1956 925 die
1989 868 2085 924 ira:

502 987 558 1036 et
587 973 933 1033 revelationis
949 970 1085 1043 iusti
1104 969 1294 1039 iudicii
1320 969 1439 1035 Dei,
1466 968 1558 1039 qui
1578 965 1768 1023 reddet
1796 961 2086 1032 unicuique

505 1070 805 1129 secundum
836 1080 1002 1138 opera
1028 1063 1145 1134 ejus
1177 1062 1356 1135 (Rom.
1378 1060 1463 1132 ιι).
1501 1057 1630 1114 Ηωο
1670 1070 1800 1128 ergo
1831 1053 2084 1126 impaeni-

507 1163 678 1219 teutia
705 1161 806 1232 (sic
833 1159 981 1217 enim
1005 1172 1114 1213 uno
1139 1156 1316 1226 aliquo
1344 1153 1563 1210 nomine
1580 1165 1868 1222 possumus
1889 1156 2083 1204 utcun-

503 1269 610 1324 que
637 1251 908 1324 appellare
931 1248 1348 1319 blasphemiam,
1371 1255 1427 1301 et
1446 1245 1670 1301 verbum
1697 1249 1888 1298 contra
1915 1240 2087 1311 Spiri-

504 1351 620 1399 tum
656 1351 923 1409 sanctum,
947 1340 1091 1410 quod
1118 1337 1495 1395 remissionem
1519 1349 1629 1390 non
1651 1333 1815 1389 habet
1843 1333 1898 1388 in
1927 1339 2087 1386 teter-

523 1433 657 1504 ium)
713 1434 848 1500 haec,
901 1431 1163 1502 inquam,
1211 1425 1627 1498 impcnnitentia,
1685 1431 1874 1480 contra
1923 1435 2088 1492 quam

505 1525 774 1582 clamabat
811 1530 865 1579 et
896 1506 1084 1592 praeco
1111 1527 1165 1574 et
1205 1518 1372 1591 iudex
1411 1517 1650 1574 dicentes
1693 1533 1706 1570 ε
1753 1534 1770 1568 ‹
1817 1514 2089 1570 Paeniten-

508 1614 636 1668 tiam
659 1609 1329 1687 agite,appropinquavit
1355 1608 1502 1664 enim
1552 1622 1777 1680 regnum
1825 1605 2089 1662 caelorum

2182 591 2276 646 illo
2307 600 2466 646 natus
2513 598 2616 656 est,
2672 600 2727 644 et
2763 588 3000 659 Spiritus
3040 596 3258 644 sanctus
3293 588 3668 660 principaliter
3709 590 3776 644 de

2181 685 2272 742 illo
2297 683 2563 754 procedit,
2594 680 2661 735 de
2682 695 2791 751 quo
2817 689 2976 736 natus
3001 665 3084 736 est
3106 679 3300 747 Filius,
3323 691 3380 737 et
3403 695 3528 735 cum
3565 696 3678 750 quo
3701 679 3776 735 illi

2181 773 2484 832 communis
2511 781 2597 829 est
2624 773 2768 828 idem
2817 771 3073 843 Spiritus.
3105 771 3244 827 Hinc
3272 779 3360 828 est
3406 771 3555 842 quod
3588 770 3778 826 Domi-

2180 882 2285 923 nus
2303 864 2460 922 Jesus
2487 863 2544 919 in
2582 863 2789 936 Spiritu
2831 871 3020 920 sancto
3055 863 3330 920 daemones
3363 864 3560 935 eiecit:
3599 876 3780 933 neque

2181 958 2328 1013 enim
2354 957 2457 1013 hoc
2486 961 2550 1012 ‘et
2574 955 2719 1012 solus
2746 955 2970 1027 implere
2997 970 3106 1012 non
3154 963 3385 1026 poterat,
3409 965 3579 1027 atque
3621 955 3779 1010 illum

2185 1047 2242 1103 in
2265 1047 2588 1117 adiutorium
2613 1056 2871 1116 tanquam
2914 1046 3041 1102 huic
3071 1045 3222 1118 Operi
3247 1063 3357 1103 non
3385 1047 3667 1104 sufﬁciens
3691 1060 3781 1102 as-

2184 1140 2434 1195 sumebat
2470 1156 2483 1192 :
2519 1137 2612 1193 sed
2640 1137 2887 1208 spiritum
2925 1135 3159 1194 divisum
3203 1138 3261 1193 in
3297 1139 3690 1211 semetipsum,-
3715 1155 3784 1197 eo

2187 1231 2392 1302 Spiritu
2417 1231 2752 1302 congruebat
2774 1229 2988 1300 expelli,
3016 1244 3178 1300 quem
3202 1229 3367 1287 Pater
3382 1240 3440 1288 et
3464 1231 3644 1288 Filius
3671 1248 3780 1289 non

2187 1322 2416 1378 divisum
2447 1322 2503 1377 in
2553 1322 2904 1393 semetipsum
2935 1322 3297 1380 communiter
3341 1324 3570 1381 habent.
3604 1324 3702 1382 Sic
3726 1334 3784 1385 et

2185 1421 2430 1484 peccata,
2463 1413 2590 1484 quia
2625 1421 2826 1484 praeter
2878 1413 3180 1470 Ecclesiam
3237 1429 3348 1472 non
3403 1415 3782 1485 dimittuntur,

2189 1507 2246 1562 in
2314 1523 2380 1565 eo
2436 1507 2641 1580 Spiritu
2715 1510 2912 1567 dimitti
2975 1511 3258 1581 oportebat
3307 1527 3416 1583 quo
3476 1512 3536 1569 in
3615 1529 3784 1569 unum

2189 1601 2433 1658 Ecclesia
2473 1611 2850 1675 congregatur.
2908 1602 3153 1674 Denique
3183 1603 3230 1660 si
3256 1618 3594 1675 quemquam
3622 1614 3781 1661 extra

509 1702 729 1778 (Matth.
767 1701 888 1775 nt);
921 1709 1113 1759 contra
1146 1715 1310 1771 quam
1354 1699 1615 1756 Dominus
1664 1713 1727 1755 os
1768 1697 2090 1768 evangelica:
2189 1693 2490 1753 Ecclesiam
2552 1711 2774 1754 suorum
2831 1697 3091 1756 paeniteat
3139 1705 3512 1770 peccatorum,
3567 1707 3630 1756 et
3695 1699 3787 1756 hic

515 1793 906 1851 oraedicationis
937 1793 1168 1865 aperuit,
1195 1800 1250 1848 et
1289 1800 1479 1848 contra
1507 1806 1670 1862 quam
1711 1790 1887 1862 ipsum
1915 1789 2092 1844 Evan—
2194 1788 2330 1844 tanti
2377 1789 2589 1860 peccati
2637 1790 2780 1860 quod
2826 1789 3060 1846 alienum
3117 1799 3201 1848 est
3259 1793 3327 1846 ab
3383 1791 3637 1848 Ecclesia
3691 1792 3786 1848 Dei

505 1883 705 1956 gelium
730 1883 786 1940 in
812 1892 928 1941 toto
949 1885 1084 1942 orbe
1109 1883 1514 1956 praedicandum
1538 1897 1660 1939 esse
1691 1881 1964 1953 praedixit,
1995 1879 2088 1937 ubi
2114 1867 2164 1931 B
2191 1893 2286 1935 cor
2333 1878 2679 1950 impaenitens
2715 1880 2929 1949 habeat,
2959 1881 3088 1952 quid
3129 1881 3179 1936 ei
3213 1880 3434 1952 prodest
3463 1881 3559 1938 illa
3603 1882 3786 1952 pani-

506 1986 695 2049 postea
747 1991 910 2048 quam
964 1977 1270 2034 resurrexit
1319 1991 1352 2031 a
1389 1975 1639 2043 mortuis,
1687 1975 1762 2030 ait
1813 1973 2090 2045 discipulis

506 2066 665 2124 suis:
715 2084 735 2119 ι
777 2066 1075 2139 Oportebat
1122 2066 1397 2124 Christum
1443 2065 1579 2136 pati,
1627 2072 1684 2121 et
1728 2078 2012 2136 resurgere
2058 2079 2092 2120 a

509 2160 740 2216 mortuis
760 2161 922 2217 tertio
943 2161 1130 2230 die,!et
1151 2160 1434 2232 praedicari
1457 2159 1511 2216 in
1531 2157 1752 2214 nomine
1778 2157 1895 2229 ejus
1919 2155 2094 2229 paeni-

505 2250 738 2308 tentiam
799 2259 856 2309 et
902 2251 1277 2309 remissionem
1339 2259 1691 2323 peccatorum
1757 2264 1857 2320 per
1903 2263 2094 2306 omnes

506 2352 720 2418 gentes,
755 2343 1140 2416 incipientibus
1170 2345 1238 2400 ab
1279 2343 1615 2401 Hierusalem
1653 2341 1807 2415 (Luc.
1830 2341 1982 2415 xxiv)
2013 2361 2028 2398 :
2067 2362 2088 2398 ι

508 2435 626 2494 haec
659 2437 880 2493 omnino
909 2437 1304 2508 impmuitentia
1348 2453 1457 2493 non
1485 2437 1651 2493 habet
1695 2435 2091 2504 remissionem,

507 2539 688 2597 neque
730 2526 785 2581 in
837 2526 943 2584 hoc
987 2527 1204 2593 saeculo,
1245 2541 1420 2597 neque
1445 2526 1501 2581 in
1524 2525 1741 2592 futuro;
1767 2525 1893 2597 quia
1921 2524 2096 2597 pomi-

504 2618 680 2674 tentia
717 2617 968 2688 impetrat
991 2617 1366 2674 remissionem
1398 2616 1454 2671 in
1483 2617 1588 2672 hoc
1617 2615 1838 2682 saeculo,
1860 2630 1981 2686 quae
2002 2630 2096 2670 va-

511 2705 587 2764 let
611 2707 667 2763 in
698 2705 900 2764 futuro.
934 2706 1043 2765 Sed
1081 2708 1184 2764 ista
1214 2706 1609 2780 impmnitentia
1661 2706 1748 2762 vel
1781 2722 1880 2763 cor
1906 2706 2098 2778 impie-

511 2797 711 2864 nitens,
768 2798 1007 2869 quandiu
1059 2797 1287 2870 quisque
1335 2797 1391 2853 in
1426 2798 1529 2854 hac
1575 2813 1740 2854 carne
1802 2796 1954 2865 vivit,
1989 2812 2098 2853 non

461 2901 464 2904 '
509 2897 688 2960 potest
727 2889 983 2960 iudicari.
1040 2891 1120 2947 De
1162 2890 1310 2947 nullo
1352 2891 1498 2946 enim
1551 2890 1947 2962 desperandum
1989 2898 2093 2956 est,

510 2980 748 3051 quandiu
797 2980 1058 3051 patientia
1083 2980 1179 3036 Dei
1214 2980 1281 3036 ad
1323 2980 1701 3052 paenitentiam
1730 2979 1967 3047 adducit,
1997 2993 2099 3036 nec

513 3071 583 3129 de
626 3071 730 3128 hac
773 3072 884 3128 vita
919 3072 1063 3145 rapit
1085 3072 1353 3142 'impium,
1391 3091 1410 3124 ‹
1441 3073 1533 3143 qui
1583 3087 1693 3128 non
1720 3070 1836 3127 vult
1864 3079 2099 3127 mortem

512 3163 668 3235 impii
703 3163 801 3221 sed
826 3164 1000 3238 magis
1040 3172 1103 3219 ut
1147 3172 1496 3220 convertatur
1517 3171 1573 3220 ct
1595 3164 1764 3218 vivat.
1800 3181 1819 3216 ι
1846 3161 2099 3233 Paganus

2195 1969 2382 2036 tentia,
2416 1985 2538 2026 cum
2571 1970 2676 2027 isto
2720 1970 2838 2028 solo
2859 1973 3086 2028 verbum
3129 1971 3274 2028 dicat
3298 1981 3489 2031 contra
3520 1973 3784 2045 Spiritum

2193 2069 2461 2131 sanctum,
2477 2077 2586 2136 quo
2611 2065 2901 2121 extraneu's
2927 2072 3012 2120 est
3026 2063 3094 2120 ab
3116 2063 3381 2130 Ecclesia,
3407 2079 3532 2134 qua:
3572 2063 3788 2134 accepit

2193 2153 2299 2210 hoc
2314 2153 2515 2209 donum
2533 2162 2673 2209 utea
2687 2153 2743 2208 in
2766 2153 2973 2224 Spiritu
2995 2161 3184 2210 sancto
3205 2152 3301 2208 ﬁat
3322 2153 3576 2210 remissio
3589 2169 3787 2226 pecca-

2195 2247 2418 2303 torum?
2446 2260 2611 2318 quam
2636 2244 3011 2302 remissionem
3033 2259 3158 2301 cum
3181 2243 3420 2302 Trinitas
3441 2243 3634 2310 faciat,
3661 2259 3785 2314 pro-

2192 2336 2313 2410 prie
2337 2327 2521 2393 tamen
2558 2337 2627 2392 ad
2661 2336 2922 2407 Spiritum
2969 2343 3214 2392 sanctum
3255 2335 3580 2408 intelligitur
3617 2335 3784 2407 perti-

2194 2441 2347 2484 nere.
2386 2427 2506 2498 lpse
2528 2427 2675 2483 enim
2701 2435 2788 2484 est
2813 2421 3374 2498 Spiritus‘adoptionis
3417 2426 3684 2494 ﬁliorum,
3728 2425 3786 2482 in

2194 2537 2304 2594 quo
2345 2521 2644 2577 clamamus
2671 2539 2685 2576 :
2723 2539 2743 2572 ι
2764 2519 2940 2587 Abba,
2974 2518 3157 2585 Pater,
3187 2539 3207 2572 ι
3241 2527 3302 2576 ιιι
3326 2520 3376 2577 ei
3398 2520 3679 2590 possimus
3701 2518 3787 2575 di-

2195 2630 2343 2684 cere,
2375 2634 2393 2668 ι
2420 2615 2630 2670 dimitte
2659 2614 2816 2670 nobis
2843 2614 3023 2671 debita
3048 2620 3254 2671 nostra.
3283 2632 3304 2666 ι
3337 2613 3598 2686 Quisquis
3627 2611 3792 2684 igitur

2196 2720 2323 2762 reus
2341 2704 2505 2761 fuerit
2523 2705 2932 2776 impoenitentize
2945 2713 3138 2762 contra
3151 2705 3434 2777 Spiritum,
3457 2706 3514 2762 in
3536 2721 3650 2777 quo
3676 2709 3792 2764 uni-

2196 2804 2282 2853 tas
2318 2804 2375 2852 et
2411 2796 2643 2853 societas
2679 2796 3076 2854 communionis
3115 2804 3478 2868 congregatur
3507 2795 3791 2863 Ecclesia,

2198 2905 2474 2961 nunquam
2509 2889 2584 2946 illi
2612 2890 2947 2956 remittetur;
2987 2890 3114 2961 quia
3152 2890 3257 2946 hoc
3298 2889 3401 2946 sibi
3444 2889 3668 2955 clausit,
3707 2889 3796 2944 ubi

2199 2983 2529 3039 remittitur:
2558 2991 2612 3039 et
2636 2983 2832 3039 merito
2861 2982 3206 3040 damnabitur
3228 2997 3353 3040 cum
3397 2981 3719 3053 spirituqui
3743 2981 3796 3035 in

2200 3075 2439 3145 seipsum
2465 3075 2668 3131 divisus
2691 3081 2796 3142 est,
2825 3074 3028 3131 divisus
3058 3083 3116 3131 et
3150 3075 3267 3147 ipse
3300 3082 3492 3130 contra
3531 3073 3799 3145 Spiritum

2203 3166 2296 3238 qui
2321 3166 2380 3222 in
2406 3167 2641 3238 seipsum
2671 3167 2875 3224 divisus
2915 3183 3024 3224 non
3066 3175 3168 3225 est.
3203 3168 3338 3224 Item
3384 3168 3531 3224 inter
3579 3175 3799 3223 canem.

512 3231 610 3314 est
654 3256 814 3314 hodie
856 3275 868 3311 :
910 3231 1054 3314 unde
1107 3257 1215 3314 scis
1261 3266 1444 3313 utrum
1499 3257 1568 3313 sit
1603 3256 1820 3312 futurus
1858 3231 2099 3313 crastino
2125 3231 2171 3297 Ο
2203 3231 2275 3316 fit
2301 3259 2369 3315 de
2403 3231 2733 3331 blasphemia
2773 3259 3006 3332 Spiritus
3045 3262 3163 3318 habe
3195 3261 3466 3318 sententia
3497 3260 3799 3328 diceretur,

512 3344 886 3404 Christianus?
918 3346 1133 3403 Iudaeus
1162 3345 1394 3403 inﬁdelis
1415 3356 1499 3403 est
1523 3347 1683 3403 hodie
1709 3364 1722 3400 :
1755 3345 1882 3417 quid
1909 3347 1955 3402 si
1976 3361 2099 3404 cras
2200 3365 2366 3408 causa
2393 3350 2601 3406 exstitit
2629 3366 2693 3408 ex
2719 3352 3228 3408 commemoratione
3255 3352 3476 3422 spiritus
3509 3350 3798 3414 immundi,

517 3439 699 3496 credet
717 3438 774 3495 in
793 3437 1106 3496 Christum?
1129 3439 1426 3495 Haercticus
1449 3446 1533 3495 est
1552 3439 1742 3495 hodie:
1759 3438 1887 3508 quid
1911 3438 1957 3493 si
1979 3453 2102 3495 cras
2202 3443 2296 3515 qui
2322 3442 2378 3498 in
2403 3443 2640 3514 seipsum
2663 3443 2865 3500 divisus
2887 3453 2988 3500 est.
3037 3443 3253 3499 Dictum
3279 3443 3424 3498 enim
3453 3450 3577 3498 erat
3606 3442 3675 3498 de
3705 3442 3801 3498 Do-

516 3538 772 3600 scquetur
811 3531 1135 3587 catholicam
1191 3531 1520 3588 veritatem?
1574 3530 1970 3587 Sehismaticus
2019 3537 2103 3587 est
2203 3537 2372 3602 mino,
2399 3537 2542 3606 quod
2563 3536 2620 3592 in
2644 3536 2886 3608 principe
2907 3535 3210 3591 daemonum
3238 3534 3475 3606 eiecerat
3499 3533 3799 3590 daemones.

517 3619 723 3677 hodie:
753 3620 883 3691 quid
911 3621 959 3678 si
1004 3635 1126 3677 cras
1151 3621 1506 3692 amplectetur
1529 3621 1852 3678 catholicam
1879 3621 2104 3692 pacem?
2209 3628 2312 3686 Ubi
2341 3629 2455 3702 ipse
2482 3629 2743 3686 Dominus
2783 3629 2860 3684 ait
2907 3629 2964 3684 in
3011 3627 3218 3699 Spiritu
3263 3636 3454 3684 sancto
3499 3641 3562 3683 se
3607 3625 3804 3697 ejicere

518 3708 662 3780 Ωιιίά
687 3711 733 3767 Si
752 3711 866 3779 ίεῑίν
888 3726 1024 3782 quos
1046 3712 1103 3767 in
1123 3727 1444 3797 (1800“an0
1466 3728 1665 3784 genere
1688 3711 1893 3769 θΐΐοΐὶδ
1923 3721 2104 3780 notas.
2206 3721 2499 3787 daemones,
2523 3728 2584 3776 ut
2606 3719 2857 3791 Spiritus,
2895 3720 2989 3790 qui
3012 3733 3120 3775 non
3142 3717 3308 3775 estin
3332 3733 3394 3775 se
3420 3717 3633 3773 divisus
3680 3729 3800 3772 eum

525 3809 583 3856 et
611 3809 868 3873 tanquam
882 3801 1524 3872 desperatissimosmodo
1546 3805 1790 3872 damnas,
1817 3811 2108 3874 antequam

521 3893 715 3949 ﬁniant
763 3893 922 3949 istam
968 3893 1157 3961 vitam,
1208 3903 1370 3965 agant
1411 3895 1811 3966 paenitentiam,
1849 3904 1906 3951 et
1959 3894 2109 3951 inve-

521 3983 675 4038 niant
693 3996 880 4038 veram
900 3982 1103 4038 vitam?
1124 3982 1381 4054 Quisquis
1399 3985 1653 4041 universa
1675 4001 1772 4042 sua
1792 3985 1926 4052 vita,
1944 4000 2109 4056 quam

526 4077 579 4134 in
613 4079 717 4134 ista
746 4078 886 4150 gerit
912 4092 1098 4145 carne,
1143 4077 1476 4148 quantalibet
1517 4078 1849 4152 longitudine
1886 4087 2108 4151 proten-

525 4170 705 4233 datur,
737 4182 1072 4240 quaecunque
1098 4169 1265 4225 verba
1289 4168 1375 4224 vel
1395 4183 1490 4226 ore
1523 4169 1610 4226 vel
1647 4171 1760 4226 sola
1784 4170 2111 4243 cogitatione

526 4256 735 4314 locutus
783 4257 946 4314 fuerit
981 4259 1144 4315 corde
1181 4257 1564 4331 imptenitenti,
1615 4270 1803 4317 contra
1832 4262 2111 4318 remissio-

527 4364 652 4405 nem
681 4357 1049 4420 peceatorum,
1082 4365 1204 4420 qua:
1231 4349 1294 4405 ﬁt
1339 4350 1395 4405 in
1424 4350 1689 4418 Ecclesia,
1719 4351 1943 4406 verbum
1982 4350 2114 4406 dicit

2208 3813 2300 3884 qui
2331 3814 2388 3870 in
2415 3827 2475 3869 se
2507 3811 2714 3868 divisus
2764 3819 2849 3868 est
2894 3811 3079 3866 vincat
3117 3819 3281 3881 atque
3318 3807 3520 3878 eiiciat.
3573 3807 3670 3864 Ille
3711 3822 3804 3862 au-

2207 3911 2319 3959 tem
2346 3903 2510 3958 homo
2538 3902 2596 3958 in
2621 3901 2737 3974 eius
2762 3900 3066 3972 perditione
3091 3907 3393 3966 remaneat,
3421 3896 3516 3970 qui
3552 3896 3611 3951 in
3646 3895 3804 3967 huius

2208 3994 2301 4065 qui
2327 3996 2384 4050 in
2405 4009 2464 4051 se
2493 3994 2696 4050 divisus
2719 4007 2830 4050 non
2856 3999 2971 4060 est,
3005 4006 3197 4064 pacem
3222 4007 3322 4064 per
3349 3989 3804 4063 impcenitentiam

2211 4085 2444 4142 transire
2489 4084 2772 4140 detrectat.
2823 4083 2938 4140 Hoc
2986 4083 3134 4138 enim
3189 4081 3404 4139 Marcus
3452 4082 3530 4136 ita
3582 4090 3803 4136 narrat:

2216 4195 2235 4229 ‹
2261 4176 2431 4232 Amen
2461 4175 2583 4232 dico
2607 4175 2780 4242 vobis,
2811 4174 3066 4247 quoniam
3092 4174 3276 4230 omnia
3303 4173 3652 4230 dimittentur
3683 4171 3810 4239 filiis

2209 4267 2489 4324 hominum
2509 4274 2738 4338 peccata
2763 4272 2820 4322 et
2844 4263 3196 4336 blasphemiae
3228 4263 3426 4336 quibus
3451 4263 3808 4333 blasphema-

2210 4359 2388 4414 verint
2416 4375 2430 4412 :
2457 4357 2550 4429 qui
2578 4365 2760 4412 autem
2792 4353 3250 4426 blasphemaverit
3281 4354 3338 4410 in
3377 4352 3646 4425 Spiritum
3685 4367 3810 4409 san-

527 4448 714 4498 coutra
754 4440 1018 4512 Spiritum
1061 4451 1333 4499 sanctum.
1365 4442 1426 4500 Si
1453 4460 1580 4516 ergo
1607 4444 1824 4517 (inquit)
1852 4454 1910 4500 ct
1951 4445 2115 4502 Pater
2211 4459 2380 4516 ctum,
2409 4462 2516 4502 non
2537 4444 2757 4502 habebit
2777 4443 3152 4501 remissionem
3170 4444 3228 4500 in
3248 4453 3530 4509 aeternum,
3553 4443 3655 4499 sed
3686 4457 3813 4499 reus

529 4543 583 4588 ct
623 4531 789 4588 Filius
814 4540 871 4587 et
902 4530 1136 4602 Spiritus
1163 4541 1382 4590 sanctus
1428 4543 1647 4605 peccata
1676 4535 1975 4602 dimittunt,
2011 4552 2112 4593 cur
2136 4583 2188 4606 π
2214 4539 2319 4594 erit
2363 4534 2552 4592 aeterni
2591 4533 2771 4592 delicti
2813 4532 3008 4606 (Marc.
3035 4531 3142 4606 Ill).
3179 4551 3200 4586 ι
3250 4531 3379 4590 Haec
3400 4534 3568 4590 verba
3592 4531 3812 4589 Domini

439 4685 442 4687 _
531 4624 621 4680 illa
655 4625 1048 4696 impmnitentia
1070 4641 1193 4698 qua:
1215 4641 1494 4698 nunquam
1519 4627 1840 4695 dimittetur,
1864 4636 2109 4685 tantum-

533 4717 692 4774 modo
733 4715 804 4774 ad
856 4717 1092 4789 Spiritus
1141 4718 1537 4792 blasphemiam
1589 4720 1787 4776 dicitur
1839 4720 2116 4791 pertinere

535 4815 789 4879 tanquam
837 4807 948 4876 ille,
998 4810 1091 4881 qui
1119 4810 1224 4867 hoc
1252 4810 1656 4880 impaenitendae
1702 4818 1927 4882 peccato
1953 4809 2118 4868 fuerit

533 4899 819 4973 obligatus,
871 4899 1013 4956 dono
1056 4901 1232 4957 sancti
1283 4901 1515 4973 Spiritus
1541 4901 1795 4958 resistere
1845 4900 2112 4970 videatur,

534 4989 680 5062 quod
702 5004 768 5047 eo
787 4989 929 5047 dono
951 4989 1046 5046 ﬁat
1070 4991 1321 5048 remissio
1345 4991 1731 5062 peccatorum?
1758 4989 1903 5046 [nter
1920 4999 2116 5047 caetera

535 5080 653 5137 haec
676 5079 753 5137 ita
777 5081 1051 5149 dicuntur,
1085 5091 1146 5138 ut
1179 5090 1358 5138 tamen
1383 5081 1756 5152 inseparabilis
1781 5081 2116 5154 intelligatur

537 5173 779 5244 operatio
805 5173 1105 5230 Trinitatis.
1142 5173 1221 5230 lla
1248 5182 1308 5230 ut
1351 5189 1475 5229 cum
1498 5173 1742 5244 operatio
1770 5173 1948 5230 Patris
1976 5173 2113 5230 dici-

540 5273 650 5332 tur,
675 5279 786 5322 non
804 5279 927 5323 eam
952 5266 1068 5324 sine
1095 5266 1234 5322 Filio
1258 5276 1314 5322 et
1335 5265 1544 5336 Spiritu
1575 5274 1764 5322 sancto
1788 5267 2004 5337 operari
2029 5266 2115 5322 in-

541 5356 832 5430 telligatur,
854 5374 979 5415 cum
1000 5357 1243 5428 operatio
1264 5357 1405 5424 Filii,
1436 5371 1545 5412 non
1571 5357 1690 5412 sine
1726 5355 1886 5412 Patre
1911 5366 1966 5412 et
1995 5356 2118 5426 Spi-

540 5449 651 5505 ritu
681 5458 906 5518 sancto;
953 5458 1160 5506 etcum
1185 5450 1431 5520 operatio
1475 5448 1710 5520 Spiritus
1761 5448 1957 5515 sancti,
2009 5462 2117 5503 non

543 5542 659 5598 sine
683 5541 844 5598 Patre
872 5550 927 5598 et
949 5541 1086 5597 Filio
1114 5559 1125 5595 :
1160 5543 1304 5612 quod
1335 5543 1466 5598 satis
1497 5552 1683 5597 uotum
1713 5551 1796 5598 est
1820 5551 1967 5598 recte
1995 5557 2117 5598 cre-

545 5636 814 5702 dentibus,
860 5635 945 5690 vel
1000 5634 1164 5690 etiam
1205 5645 1265 5690 ut
1301 5645 1526 5705 possunt
1572 5636 2014 5707 intelligentibus,
2066 5645 2122 5693 ct

547 5727 676 5783 illud
703 5727 824 5783 ideo
849 5727 1050 5781 dictum
1074 5742 1194 5782 esse
1221 5729 1286 5782 de
1310 5727 1490 5794 Patre,
1529 5747 1547 5779 ε
1581 5729 1697 5798 ipse
1729 5729 1859 5783 facit
1879 5743 2063 5798 opera,
2083 5735 2115 5780 ἰ

548 5821 690 5891 quod
730 5819 796 5877 ab
819 5818 908 5876 illo
937 5820 1009 5879 sit
1035 5820 1186 5894 origo
1213 5820 1376 5880 etiam
1421 5836 1662 5892 operum,
1700 5838 1730 5877 a
1759 5837 1866 5892 quo
1895 5828 1976 5876 est
2003 5819 2119 5876 cxi-

2134 4583 2190 4645 D

2215 4643 2339 4685 cum
2376 4625 2618 4694 dixisset,
2648 4638 2761 4681 sua
2781 4623 2976 4680 deinde
3019 4621 3313 4696 coniungit,
3354 4624 3545 4681 dicens
3573 4640 3590 4680 :
3627 4643 3647 4678 ι
3676 4637 3813 4694 quo-

2214 4719 2362 4777 niam
2400 4717 2652 4774 dicebant
2690 4734 2704 4770 :
2752 4713 3017 4787 Spiritum
3052 4715 3391 4772 immundum
3434 4717 3642 4772 habet:
3675 4734 3696 4768 ι
3753 4725 3815 4770 ut

2215 4809 2527 4867 ostenderet
2550 4809 2678 4864 hinc
2705 4807 2874 4864 fuisse
2902 4816 3150 4864 exortam
3187 4822 3427 4875 causam,
3457 4815 3520 4863 ut
3540 4809 3650 4866 hoc
3673 4807 3816 4863 dice-

2215 4908 2322 4968 rct,
2359 4901 2502 4971 quod
2528 4899 2778 4956 dixerunt
2812 4914 2937 4956 eum
2972 4899 3030 4956 in
3066 4898 3371 4957 Beelzebub
3414 4899 3666 4971 principe
3706 4899 3814 4954 dm-

2216 4992 2523 5050 moniorum
2569 4991 2841 5047 daemones
2887 4990 3118 5063 pellere.
3174 4990 3297 5048 Non
3335 4990 3462 5062 quia
3500 4991 3619 5061 ipsa
3667 4998 3814 5047 esset

2219 5085 2575 5156 blasphemia,
2601 5099 2723 5156 quae
2749 5099 2859 5140 non
2887 5085 3216 5152 remittetur,
3243 5098 3369 5141 cum
3389 5093 3446 5140 et
3473 5085 3590 5140 haec
3618 5085 3812 5140 remit—

2221 5189 2388 5248 tatur,
2431 5179 2479 5236 si
2523 5187 2669 5234 recta
2715 5177 3036 5248 poenitentia
3087 5184 3493 5248 consequatur:
3522 5175 3620 5232 sed
3669 5175 3811 5246 quod

2221 5271 2370 5336 hinc,
2399 5277 2460 5326 ut
2497 5268 2628 5335 dixi,
2659 5283 2822 5325 causa
2856 5268 3083 5336 exstitit,
3125 5276 3185 5324 ut
3227 5283 3261 5324 a
3298 5267 3528 5324 Domino
3557 5265 3646 5321 illa
3682 5279 3810 5320 sen-

2225 5362 2394 5419 tentia
2435 5360 2790 5432 proferretur,
2809 5357 2953 5416 facta
2974 5360 3246 5416 mentione
3269 5360 3494 5431 spiritus
3517 5356 3808 5422 humandi,

2221 5470 2385 5528 quem
2415 5454 2673 5509 adversus
2702 5452 2939 5522 seipsum
2981 5451 3240 5507 Dominus
3274 5451 3504 5506 divisum
3549 5447 3803 5510 ostendit,

2219 5553 2441 5618 pr0ptcr
2469 5543 2729 5613 Spiritum
2754 5548 3021 5606 sanctum,
3049 5541 3141 5611 qui
3171 5556 3279 5598 non
3305 5540 3482 5595 solum
3518 5538 3806 5593 adversum

2222 5650 2282 5693 se
2309 5635 2512 5692 divisus
2535 5649 2643 5690 non
2679 5640 2784 5698 est,
2817 5635 2908 5690 sed
2939 5633 3104 5688 etiam
3128 5645 3264 5702 quos
3289 5629 3492 5700 colligit
3524 5626 3686 5684 etlicit
3725 5627 3804 5682 in-

2225 5728 2446 5784 divisos.
2505 5725 2639 5780 Nam
2668 5734 2722 5780 et
2750 5726 2794 5781 si
2817 5727 3098 5796 quisquam
3129 5723 3203 5780 ita
3228 5724 3300 5782 sit
3327 5722 3636 5780 contrarius
3659 5718 3802 5776 veri-

2227 5818 2345 5886 tuti,
2374 5828 2429 5874 ut
2461 5819 2570 5876 Deo
2594 5817 2833 5890 loquenti
2859 5833 2967 5876 non
2998 5818 3053 5878 in
3080 5815 3380 5889 prophetis,
3418 5818 3514 5876 sed
3547 5828 3607 5873 tu
3642 5810 3803 5870 unico
