4030 6476
304 445 408 499 905

1185 444 1536 505 COMMENT.
1572 446 1642 504 ιΝ
1680 448 2292 512 ECCLESIASTICUM.
2331 484 2401 497 --
2438 455 2566 512 LIB.
2606 457 2671 512 ν.

3448 459 3551 516 906

301 549 439 607 Filio
464 548 608 619 (cum
627 554 846 619 propter
871 562 971 605 nos
1008 564 1154 619 eum,
1182 561 1241 608 ut
1264 554 1419 610 nobis
1450 554 1505 611 in
1539 571 1604 612 eo
1632 556 1878 627 loquere-
1904 569 1957 630 Α
2057 583 2075 614 ‹
2108 563 2276 619 Notus
2320 580 2352 619 a
2387 565 2544 636 longe
2579 573 2769 636 potens
2805 582 2986 639 lingua
3029 570 3240 636 audaci,
3279 579 3334 625 et
3369 587 3554 628 sensa-

304 651 390 696 tur
412 639 581 696 ﬁlium
607 640 844 697 hominis
863 657 984 699 esse
1009 644 1198 716 voluit)
1226 647 1541 714 reluctetur,
1575 651 1881 708 remittetur

300 734 371 799 ei,
404 749 527 789 cum
553 735 863 804 paenitendo
886 753 1177 796 conversus
1211 741 1373 797 fuerit
1410 743 1478 798 ad
1521 743 1618 800 Dei
1664 746 1878 802 bonita-

301 832 409 878 tem
444 841 457 876 :
489 825 581 893 qui
611 839 734 880 cum
772 835 1000 884 mortem
1024 830 1176 900 impii
1202 831 1387 899 nollet,
1424 843 1688 905 quantum
1711 848 1770 893 ut
1795 855 1880 896 re-

298 922 545 969 vertatur
571 923 629 970 et
649 915 812 984 vivat,
840 918 986 974 dedit
1011 919 1263 976 Ecclesiae
1302 937 1413 979 suae
1450 922 1708 996 Spiritum
1756 943 1880 984 san-
1938 918 1946 929 ’

298 1014 466 1072 ctum,
489 1013 548 1061 ut
576 1008 876 1078 cuicunque
896 1009 953 1065 in
975 1027 1039 1067 eo
1063 1023 1287 1083 peccata
1307 1015 1624 1085 dimitteret,
1645 1019 1881 1077 dimitte”—

298 1097 589 1156 rentur.ei.
640 1097 742 1165 Qui
787 1113 918 1155 vero
955 1101 1081 1158 huic
1123 1104 1261 1160 dono
1299 1107 1570 1165 exstiterit
1605 1109 1875 1178 inimicus,

297 1194 358 1241 ut
390 1201 497 1242 non
528 1186 658 1244 illud
683 1203 781 1258 per
806 1191 1176 1261 pmnitentiam
1213 1205 1379 1266 petat,
1424 1199 1520 1254 sed
1554 1199 1606 1256 ei
1643 1215 1742 1271 per
1779 1203 1879 1258 im-

297 1278 669 1346 poenitentiam
690 1282 1048 1352 contradicat,
1067 1284 1127 1339 ﬁt
1143 1287 1546 1358 irremissibile;
1577 1306 1686 1348 non
1709 1295 1877 1365 quod-

297 1383 508 1438 cunque
552 1380 854 1440 peccatum,
902 1373 998 1429 sed
1049 1385 1356 1449 contempta
1403 1381 1487 1436 vel
1520 1383 1685 1438 etiam
1710 1400 1878 1456 oppu-

295 1468 456 1530 gnata
490 1461 605 1531 ipsa
641 1461 886 1519 remissio
911 1474 1274 1535 peccatorum.
1319 1470 1499 1542 Atque
1546 1473 1622 1528 ita
1669 1474 1879 1530 dicetur

297 1552 520 1606 verbum
548 1563 738 1610 contra
785 1554 1046 1626 Spiritum
1081 1569 1347 1630 sanctum,
1386 1579 1510 1620 cum
1559 1580 1627 1621 ex
1673 1568 1878 1638 disper-

294 1643 446 1698 sione
478 1644 546 1699 ad
583 1648 1053 1718 congregationem
1082 1667 1360 1723 nunquam
1384 1655 1616 1723 venitur,
1651 1673 1771 1728 qua:
1807 1661 1876 1717 ad

292 1736 617 1794 remittenda
645 1750 867 1809 peccata
890 1744 1100 1814 accepit
1134 1744 1397 1817 Spiritum
1427 1757 1694 1806 sanctum.

372 1848 389 1879 ε
417 1827 727 1901 Obiurgatio
750 1840 806 1888 et
841 1834 1052 1905 injuriae
1086 1837 1439 1894 annullabunt
1466 1842 1825 1897 substantiam
1856 1857 1872 1897 :

1984 673 2002 704 ‹
2033 662 2116 708 tus
2155 655 2257 710 scit
2290 653 2396 710 labi
2437 669 2497 710 se
2524 655 2590 710 ab
2626 655 2761 726 ipso.
2795 676 2813 709 ι
2858 657 3228 716 Manifestatur
3263 675 3392 732 ergo
3418 677 3555 732 pra:—

1977 747 2211 815 sumptio
2253 748 2506 802 haeretica
2555 749 2608 804 in
2656 747 2837 819 lingua
2882 750 3173 806 temeraria
3200 791 3215 817 ,
3261 766 3368 822 qua
3409 751 3555 822 loqui

1976 839 2254 906 praesumit
2291 839 2551 896 adversus
2583 839 2752 896 Deum
2787 841 3161 913 iniquitatem;
3202 843 3298 899 sed
3344 843 3555 899 cautela

1977 927 2212 985 hominis
2232 929 2468 1003 religiosi
2495 940 2550 987 et
2574 931 2746 989 ﬁdelis
2770 933 3019 990 observat
3039 949 3117 1002 se,
3146 948 3217 989 ne
3249 934 3305 990 in
3326 931 3442 1002 ejus
3469 950 3559 990 er-

1979 1037 2157 1078 rorem
2179 1024 2353 1079 cadat.

2053 1133 2072 1165 ε
2100 1111 2202 1182 Qui
2229 1115 2458 1171 aediﬁcat
2487 1116 2704 1172 domum
2725 1131 2877 1172 suam
2897 1116 3143 1186 impediis
3163 1115 3352 1173 alienis
3367 1157 3381 1183 ,
3405 1115 3560 1187 quasi

1983 1226 2002 1257 ε
2029 1206 2121 1276 qui
2149 1205 2364 1279 colligat
2389 1207 2592 1278 lapides
2626 1223 2751 1264 suos
2777 1207 2832 1263 in
2863 1206 3058 1262 hieme.
3086 1227 3106 1259 ι
3159 1205 3310 1263 Hanc
3337 1216 3558 1262 senten-

1976 1297 2107 1351 tiam
2128 1313 2414 1367 possumus
2443 1298 2726 1368 dupliciter
2752 1299 3076 1371 intelligere,
3101 1307 3162 1354 ut
3187 1309 3280 1355 aut
3300 1301 3456 1370 juxta
3482 1300 3560 1353 al-

1977 1385 2238 1457 legoriam
2263 1387 2528 1459 signiﬁcet
2553 1389 2887 1456 haereticum,
2936 1389 3027 1458 qui
3076 1389 3382 1444 testimonia
3427 1389 3562 1443 divi-

1978 1492 2169 1532 narum
2210 1477 2614 1547 Scripturarum
2654 1495 2686 1534 a
2734 1494 2897 1534 sensu
2922 1494 3092 1549 pravo
3125 1480 3344 1535 omnino
3388 1479 3562 1534 aliena

1977 1574 2269 1638 congregat
2298 1567 2353 1621 in
2391 1583 2583 1634 unum,
2614 1567 2683 1622 ad
2717 1568 3178 1624 conﬁrmationem
3214 1569 3418 1624 erroris
3457 1570 3560 1634 sui,

1975 1657 2179 1715 frustra
2208 1659 2456 1716 laborare
2486 1679 2498 1714 :
2527 1661 2655 1731 quia
2686 1661 2922 1717 vindicta
2949 1661 3168 1718 ultionis
3189 1659 3348 1730 justae
3372 1661 3564 1717 dissol-

1976 1759 2133 1806 vetur
2171 1752 2368 1808 duritia
2409 1753 2640 1810 actionis
2673 1751 2948 1820 nefandae;
2987 1762 3081 1810 aut
3116 1755 3413 1810 secundum
3454 1762 3564 1809 tro-

1977 1842 2247 1913 pologiam
2279 1859 2501 1900 avarum
2529 1852 2823 1914 raptorem,
2853 1844 2944 1914 qui
2968 1861 3036 1900 ex
3063 1844 3254 1901 alienis
3282 1847 3443 1901 rebus
3465 1861 3562 1901 sua

297 1936 316 1969 ι
354 1919 434 1976 sic
469 1922 765 1979 substantia
793 1927 1010 1996 superbi
1037 1928 1428 1997 eradicahitur;
1458 1939 1514 1987 et
1538 1932 1728 1988 domus
1755 1949 1876 2004 quae
1901 1919 1950 1980 B
1976 1930 2126 1986 lucra
2166 1934 2346 1989 studet
2385 1948 2606 2003 augere,
2655 1934 2906 1991 omnibus
2940 1935 3096 1991 bonis
3131 1951 3362 1991 vacuum
3391 1936 3446 1990 in
3476 1936 3563 1991 die

297 2028 316 2061 ι
350 2011 516 2068 nimie
547 2013 784 2087 locuples
807 2027 893 2075 est
919 2019 1282 2078 annullabitur
1305 2025 1577 2096 superbia.
1607 2044 1626 2078 I
1676 2027 1736 2082 In
1765 2027 1872 2083 alia
1965 2019 2154 2091 iudicii
2193 2039 2292 2096 pro
2334 2024 2477 2082 malo
2523 2040 2688 2096 opere
2733 2041 2834 2082 suo
2872 2025 3050 2083 valida
3089 2035 3354 2110 tormenta
3392 2028 3560 2083 luere.

292 2099 527 2156 editione
550 2102 765 2175 legitur,
807 2125 826 2158 ‹
851 2104 1166 2181 Objurgatio
1195 2119 1253 2167 et
1278 2112 1490 2184 injuriae
1521 2116 1874 2173 annullabunt

291 2189 667 2247 substantiam.
695 2214 716 2246 ι
779 2194 942 2252 Juxta
979 2199 1261 2256 historiam
1297 2200 1475 2260 facilis
1505 2213 1589 2262 est
1626 2222 1820 2264 sensus
1853 2225 1868 2262 :

289 2276 416 2350 quia
440 2277 531 2335 ubi
561 2283 931 2346 contentiones
957 2294 1011 2344 et
1040 2285 1254 2364 injuriae
1291 2302 1632 2369 excrescunt,
1658 2295 1736 2355 ibi
1770 2297 1873 2356 mi-

293 2384 488 2433 nuetur
524 2389 580 2436 et
623 2383 896 2442 decrescet
923 2388 1240 2456 substantia,
1278 2402 1334 2448 et
1362 2404 1474 2450 tota
1497 2397 1708 2464 domus,
1741 2413 1868 2469 pos-

289 2469 530 2528 sessione
556 2473 853 2543 annullata,
884 2477 1098 2536 deﬁciet
1135 2482 1561 2542 discordantium
1594 2489 1866 2560 superbia.

289 2557 434 2613 lnter
472 2565 730 2634 superbos
757 2567 902 2624 enim
926 2585 1140 2642 semper
1167 2572 1348 2645 jurgia
1377 2585 1532 2644 sunt;
1564 2557 1869 2638 ubi—autem

289 2654 544 2719 pne-valet
576 2657 852 2716 hominum
881 2663 1163 2733 dissensio,
1203 2666 1280 2724 ibi
1318 2670 1573 2727 continuo
1611 2684 1871 2744 sequetur

290 2756 473 2798 rerum
512 2761 730 2804 suarum
783 2751 1029 2809 defectio.
1090 2756 1243 2812 Unde
1284 2760 1502 2829 quidam
1546 2764 1868 2833 sapieutium

289 2829 648 2905 interrogatus
688 2839 754 2894 de
786 2839 938 2911 lapsu
968 2847 1332 2915 potentissimi
1365 2851 1535 2922 regni,
1563 2829 1730 2924 quare
1757 2863 1868 2912 tam

290 2923 402 2979 cito
426 2926 696 2994 ceciderit,
725 2934 1032 3002 respondit:
1055 2935 1355 2995 Concordia
1382 2957 1468 2997 res
1491 2923 1730 3002 minima:
1751 2961 1871 3002 cre-

291 3023 477 3085 scunt,
508 3019 774 3078 discordia
802 3033 984 3080 autem
1013 3030 1263 3086 maxima:
1287 3031 1672 3091 dissolvuntur.
1706 3037 1869 3094 Juxta

292 3106 600 3179 allegoriam
619 3127 750 3168 vero
776 3115 952 3170 omnis
981 3122 1312 3178 constructio
1338 3124 1606 3181 hmreticae
1629 3130 1868 3198 pravita-

291 3196 361 3250 tis
386 3205 440 3251 et
469 3200 744 3278 multiplex
771 3218 959 3261 eorum
984 3223 1139 3264 error
1159 3211 1396 3269 innitens
1421 3196 1752 3286 argumentis
1777 3235 1870 3275 va-

2592 2135 2822 2194 CAPUT
2875 2137 2921 2194 Il

1975 2221 2132 2298 Quod
2160 2236 2348 2307 stu-ape
2377 2226 2595 2313 collecto
2622 2244 2888 2313 sy'nagoga
2901 2229 2992 2313 ait
3004 2229 3347 2313 peccantium,
3377 2240 3428 2313 et
3449 2231 3564 2313 lue:

2046 2299 2325 2359 relicua-uin
2363 2299 2740 2374 conventicula,
2779 2308 2836 2352 ut
2864 2308 2913 2358 et
2944 2300 3267 2360 zizaniorum
3297 2302 3562 2376 lascisculi

2047 2376 2321 2430 exurendi.

2050 2488 2295 2560 «lStuppa
2315 2490 2537 2546 collecta
2561 2506 2832 2563 synagoga
2855 2493 3219 2564 peccantium,
3235 2502 3290 2549 et
3313 2508 3561 2549 consum-

1978 2598 1998 2632 ‹
2025 2579 2189 2634 matio
2214 2579 2427 2635 illorum
2453 2580 2668 2636 ﬂamma
2692 2581 2852 2652 ignis.
2881 2601 2901 2634 ι
2961 2581 3251 2652 Comparat
3277 2583 3355 2637 rei
3385 2583 3561 2655 fragili

1970 2680 2318 2742 peccatorum
2344 2687 2690 2744 synagogam,
2717 2680 2777 2727 ut
2803 2673 3054 2730 ostendat
3077 2673 3195 2744 ejus
3220 2673 3481 2730 vilitatem
3510 2680 3566 2728 et

1971 2763 2370 2820 velocissimum
2400 2765 2705 2831 interitum;
2735 2767 2860 2836 quia
2900 2767 3040 2822 sicut
3077 2776 3282 2838 stuppae
3320 2767 3565 2822 collectio

1971 2853 2097 2924 igne
2135 2856 2374 2911 adhibito
2420 2854 2579 2911 facile
2621 2855 2935 2928 conﬂagrat,
2973 2858 3048 2912 ita
3076 2867 3421 2929 peccatorum
3450 2874 3562 2913 coe-

1973 2953 2062 3000 tus
2085 2945 2141 3001 in
2168 2945 2349 3000 futura
2372 2947 2608 3003 vindicta
2635 2948 2752 3004 sine
2780 2964 2931 3004 mora
2961 2949 3235 3020 disperiet.

2049 3054 2066 3086 ‹
2100 3034 2200 3090 Via
2225 3039 2562 3105 peccantium
2591 3038 2930 3110 complanata
2956 3039 3245 3111 lapidibus,
3283 3048 3338 3095 et
3366 3039 3422 3094 in
3455 3039 3563 3094 ﬁne

1978 3143 1996 3176 ι
2026 3123 2240 3180 illorum
2279 3125 2440 3182 inferi
2475 3139 2532 3185 et
2561 3131 2798 3186 tenebrae
2822 3139 2878 3186 et
2903 3145 3096 3200 paenae.
3126 3151 3145 3183 ι
3209 3131 3407 3186 Reddit
3435 3147 3561 3187 cau-

1973 3229 2090 3270 sam
2120 3231 2289 3286 quare
2320 3219 2479 3274 velox
2507 3220 2578 3274 sit
2605 3221 2872 3276 malorum
2899 3221 3155 3291 perditio,
3189 3223 3313 3292 quia
3353 3223 3464 3288 via,
3507 3222 3562 3277 id

292 3287 388 3343 riis
424 3298 478 3345 et
517 3292 948 3364 syllogismorum
987 3299 1421 3358 conclusionibus
1446 3283 1651 3362 idcirco
1677 3309 1873 3365 annul-
1897 3283 1942 3348 (ἶ
1973 3315 2074 3373 est,
2101 3307 2210 3362 vita
2235 3308 2447 3365 illorum
2478 3326 2733 3380 praesens,
2765 3328 2863 3382 per
2891 3328 3053 3382 quam
3079 3314 3145 3368 ad
3171 3313 3564 3369 remuneratio-

289 3377 508 3448 labitur,
536 3390 591 3438 et
621 3383 690 3438 ad
715 3385 942 3441 nihilum
977 3388 1267 3461 redigetur,
1305 3395 1431 3463 quia
1459 3396 1742 3454 veritatem
1772 3415 1866 3456 ca-

291 3471 503 3528 tholicze
533 3473 672 3531 ﬁdei;
695 3483 749 3532 et
777 3478 1038 3534 unitatem
1063 3482 1216 3552 pacis
1260 3493 1462 3542 sanctae
1497 3487 1756 3545 Ecclesiae
1784 3507 1870 3547 se-

291 3561 384 3630 qui
413 3561 713 3620 noluerunt.

368 3671 386 3704 ‹
419 3650 732 3723 Deprecatio
766 3661 1022 3731 pauperis
1056 3678 1124 3718 ex
1147 3679 1242 3723 ore
1270 3681 1443 3738 usque
1467 3668 1534 3724 ad
1562 3685 1723 3728 aures
1751 3672 1869 3743 ejus

293 3765 310 3795 ι
343 3746 644 3814 perveniet,
682 3757 736 3804 et
762 3747 1026 3818 judicium
1054 3752 1308 3812 festinato
1330 3758 1582 3816 adveniet
1609 3761 1705 3817 illi.
1739 3783 1758 3815 ι
1807 3763 1868 3819 In

287 3834 494 3904 psalmo
523 3838 781 3910 scriptum
814 3849 933 3897 est:
959 3863 977 3895 «
1007 3843 1350 3902 Desiderium
1377 3865 1676 3922 pauperum
1704 3868 1869 3909 exau-

286 3925 422 3981 divit
464 3927 720 3986 Dominus
757 3929 929 4004 (Psal.
972 3935 1076 4007 Ix),
1103 3955 1122 3988 ι
1167 3937 1432 3995 desideria
1472 3943 1652 3999 cordis
1680 3959 1868 4002 eorum

287 4017 561 4072 exaudivit
595 4021 741 4077 auris
781 4030 889 4078 tua.
941 4025 1006 4080 Et
1042 4027 1097 4088 in
1133 4027 1426 4099 Evangelia
1465 4034 1744 4103 Dominus,
1776 4038 1870 4094 ubi

287 4109 530 4164 narravit
556 4111 624 4168 de
647 4113 829 4182 vidua,
860 4131 980 4186 quae
1003 4133 1103 4189 pro
1132 4119 1444 4180 defensione
1473 4140 1569 4181 sua
1600 4127 1871 4185 clamabat

287 4199 355 4253 ad
399 4198 635 4269 judicem
684 4204 1005 4276 iniquitatis,
1049 4220 1234 4281 postea
1282 4217 1580 4286 subjunxit,
1633 4220 1864 4276 dicens:

293 4312 309 4342 ί
347 4292 542 4350 Audite
575 4296 704 4366 quid
724 4330 728 4335 -
735 4298 902 4368 judex
943 4301 1240 4372 iniquitatis
1285 4308 1417 4363 dicit
1450 4327 1464 4364 ε
1496 4308 1640 4366 Deus
1685 4322 1866 4369 autem

289 4399 396 4440 non
429 4385 588 4442 faciet
611 4388 902 4446 vindictam
933 4394 1231 4452 electorum
1263 4414 1485 4457 suorum
1519 4403 1866 4461 clamantium

287 4475 356 4529 ad
393 4491 452 4531 se
496 4478 580 4534 die
624 4495 688 4536 ac
730 4491 905 4550 nocte,
937 4493 993 4539 et
1027 4489 1346 4556 patientiam
1381 4492 1603 4549 habebit
1641 4495 1696 4549 in
1737 4494 1863 4550 illis.

287 4568 416 4623 Dico
439 4579 615 4626 autem
642 4574 825 4642 vobis,
856 4576 982 4645 quia
1010 4577 1116 4634 cito
1143 4578 1306 4636 faciet
1332 4582 1624 4640 vindictam
1649 4585 1864 4642 illorum

288 4658 436 4728 (Luc.
478 4663 653 4736 vaII).
683 4683 701 4717 ι
757 4666 837 4721 Ex
864 4683 960 4724 ore
994 4670 1136 4726 enim
1175 4675 1428 4744 pauperis
1462 4677 1767 4748 deprecatio
1795 4681 1866 4736 ad

288 4769 447 4809 aures
479 4753 676 4823 judicis
721 4759 917 4826 veniet,
949 4761 1076 4830 quia
1112 4765 1356 4822 anxietas
1385 4767 1662 4837 Ecclesiae,
1701 4786 1866 4841 quam

289 4845 453 4901 habet
478 4847 532 4902 in
573 4848 798 4905 diversis
829 4850 1282 4922 tribulationibus,
1308 4859 1590 4927 perveniet
1611 4861 1677 4916 ad
1709 4876 1867 4918 aures

289 4939 518 5005 piissimi
536 4937 754 5008 judicis,
783 4951 838 4997 et
864 4942 979 5014 ipse
1002 4959 1123 5000 eam
1147 4947 1214 5001 ab
1235 4947 1486 5005 omnibus
1513 4950 1869 5008 tribulationi-

289 5031 390 5086 bus
421 5031 532 5088 suis
567 5031 779 5105 eripiet,
810 5048 1108 5106 omnesque
1135 5036 1320 5094 hostes
1346 5039 1464 5112 ejus
1491 5041 1666 5113 dignis
1693 5045 1868 5114 peenis

289 5122 536 5192 subjiciet

365 5233 384 5266 ι
416 5213 516 5281 Qui
550 5217 666 5274 odit
691 5222 1105 5292 correptionem,
1128 5225 1414 5296 vestigium
1432 5233 1515 5281 est
1532 5228 1862 5298 peccatoris;

295 5325 312 5356 ι
349 5314 404 5361 et
437 5308 528 5376 qui
570 5311 722 5368 timet
770 5313 956 5381 Deum,
996 5323 1342 5374 convertetur
1379 5317 1447 5373 ad
1485 5333 1584 5375 cor
1629 5335 1806 5377 suum.
1839 5340 1861 5376 υ

289 5396 393 5464 Qui
434 5413 538 5455 non
577 5403 692 5458 vult
727 5418 786 5460 se
821 5405 1092 5479 corrigere
1117 5424 1150 5464 a
1178 5411 1436 5481 peccatis,
1464 5419 1519 5468 et
1543 5414 1659 5470 odit
1682 5430 1866 5472 corre-

283 5486 525 5555 ptionem
545 5492 918 5564 admonitoris,
946 5499 1061 5569 ipse
1089 5499 1579 5574 indicium-praebet
1603 5505 1659 5561 in
1684 5520 1743 5561 se
1769 5519 1865 5571 nej

287 5580 473 5651 quitiae
511 5586 596 5642 sui
632 5589 965 5658 seductoris,
999 5592 1256 5662 quoniam
1295 5594 1563 5668 malignus
1591 5597 1866 5654 induravit

289 5681 526 5730 mentem
552 5675 688 5748 ejus,
713 5695 781 5736 ne
805 5681 1048 5737 crederet
1076 5689 1130 5738 et
1153 5684 1438 5741 obaudiret
1460 5687 1696 5743 veritati.
1727 5687 1866 5743 Nam

288 5770 380 5837 qui
417 5770 664 5828 timorem
701 5775 793 5830 Dei
828 5776 991 5832 habet
1022 5778 1076 5832 in
1116 5780 1430 5850 semetipso,
1470 5784 1737 5839 convertit
1771 5799 1868 5840 cor

278 5875 446 5945 unm
471 5862 539 5918 ad
562 5862 820 5920 audienda
849 5876 903 5922 et
927 5867 1190 5939 implenda
1213 5882 1478 5945 praecepta
1499 5873 1634 5950 legis
1651 5875 1864 5934 divinat.

612 5951 881 6021 PATItOL.
925 5957 1059 6023 CIX

1895 4647 1945 4706 D

1971 3413 2098 3452 nem
2119 3397 2356 3454 futuram
2383 3401 2695 3467 tendebant,
2719 3402 2880 3472 plena
2910 3402 3012 3456 fuit
3033 3402 3306 3458 doloribus
3333 3411 3390 3458 et
3412 3402 3562 3457 duris

1969 3498 2322 3561 peccatorum
2347 3492 2619 3563 operibus.
2670 3493 2826 3551 Unde
2851 3502 2907 3548 et
2930 3495 2983 3548 in
3007 3493 3114 3548 ﬁne
3141 3493 3354 3548 illorum
3376 3509 3563 3548 succe-

1976 3582 2107 3637 dunt
2140 3582 2219 3638 eis
2259 3583 2455 3638 inferni
2490 3584 2809 3641 et‘tenebrae
2838 3593 2892 3640 et
2916 3599 3113 3656 poema,
3138 3586 3333 3657 quibus
3366 3586 3563 3641 merito

1970 3674 2424 3731 excruciabuntur
2452 3676 2506 3731 in
2530 3685 2811 3735 aeternum.
2861 3677 2906 3732 E
2934 3677 3205 3733 contrario
3235 3693 3364 3732 vero
3381 3676 3563 3746 justus

1971 3767 2040 3822 ab
2067 3768 2153 3823 his
2173 3769 2424 3824 omnibus
2455 3784 2513 3824 se
2539 3770 2813 3836 observat,
2850 3777 2906 3825 et
2933 3771 3002 3826 ad
3029 3769 3306 3826 caelestem
3329 3769 3561 3825 retribu-

1971 3857 2175 3914 tionem
2203 3874 2261 3915 se
2285 3869 2574 3931 praeparat.
2626 3861 2782 3916 Unde
2807 3868 2861 3916 et
2889 3862 3166 3932 sequitur:

2051 3971 2067 4002 (
2100 3951 2203 4019 Qui
2238 3954 2473 4008 custodit
2496 3952 2787 4023 justitiam,
2828 3953 3126 4010 continebit
3167 3968 3388 4008 sensum
3419 3950 3558 4020 ejus.

1977 4059 1995 4092 ‹
2027 4039 2428 4099 Consummatio
2449 4043 2657 4100 timoris
2684 4045 2799 4110 Dei,
2829 4045 3112 4115 sapientia.
3137 4063 3156 4095 ›
3193 4044 3296 4112 Qui
3321 4059 3450 4114 ergo
3475 4059 3563 4098 cu-

1978 4150 1998 4184 I
2027 4132 2488 4202 stoditjustitiam,
2514 4156 2534 4188 ι
2563 4136 2868 4193 servabitur
2889 4137 2956 4191 ab
2977 4136 3089 4203 illa,
3118 4142 3173 4192 et
3198 4135 3255 4191 in
3281 4134 3389 4191 ﬁne
3408 4135 3560 4191 illum

1971 4234 2228 4294 sequetur
2277 4238 2480 4282 mterna
2526 4228 2742 4298 gloria:
2777 4229 2902 4298 quia
2955 4229 3350 4285 consummatio
3400 4229 3556 4284 bona:

1970 4317 2266 4374 voluntatis
2293 4317 2442 4387 ejus,
2470 4334 2633 4389 quam
2656 4319 2711 4374 in
2741 4319 2922 4376 divino
2951 4321 3144 4376 timore
3173 4321 3380 4385 habuit,
3408 4335 3561 4375 crea-

1972 4410 2106 4465 toris
2154 4410 2239 4466 sui
2294 4411 2569 4482 agnitione
2626 4420 2683 4468 et
2739 4412 3189 4484 contemplatione
3245 4427 3558 4469 remunera-

1969 4502 2081 4557 bitu
2091 4520 2136 4557 r.

2029 4609 2068 4648 ⁸(
2097 4595 2165 4652 Et
2183 4611 2374 4654 sensus
2394 4598 2510 4670 ejus
2534 4613 2640 4654 non
2671 4599 2971 4665 erudietur,
2997 4598 3089 4670 qui
3111 4613 3220 4655 non
3243 4605 3328 4655 est
3347 4599 3560 4670 sapiens

1975 4706 1994 4739 ‹
2021 4686 2075 4742 in
2125 4688 2284 4744 bono.
2344 4689 2442 4745 Est
2487 4698 2668 4746 autem
2710 4690 3041 4760 insipientia,
3081 4706 3201 4760 quae
3233 4690 3468 4747 abundat
3503 4691 3560 4746 in

1974 4799 1993 4831 ‹
2022 4779 2202 4847 malo;
2233 4790 2287 4836 et
2315 4797 2424 4838 non
2453 4790 2538 4838 est
2566 4797 2778 4850 sensus,
2809 4783 2901 4838 ubi
2927 4783 3166 4838 abundat
3189 4783 3508 4838 amaritudo.
3535 4802 3554 4833 ι

1968 4865 2064 4923 His
2091 4868 2288 4940 quippe
2309 4855 2592 4927 sententiis
2611 4870 2964 4928 confunditur
2983 4866 3137 4927 error
3157 4872 3556 4936 haereticorum,

1968 4958 2095 5028 quia
2129 4974 2320 5015 eorum
2354 4976 2568 5026 sensus,
2616 4977 2778 5032 quem
2814 4962 3017 5018 habent
3058 4961 3111 5017 in
3154 4961 3558 5032 Scripturarum

1969 5065 2249 5106 sacrarum
2276 5050 2642 5118 meditatione,
2681 5068 2790 5108 non
2819 5060 2902 5107 est
2929 5051 3160 5107 salubris
3187 5051 3556 5107 scrutantibus

1970 5157 2125 5208 eum;
2156 5143 2242 5198 vel
2263 5144 2442 5214 potius
2469 5160 2578 5199 non
2603 5152 2687 5200 est
2710 5160 2902 5200 sensus
2928 5143 3208 5209 dicendus,
3253 5141 3341 5198 ubi
3387 5142 3557 5196 abun-

1970 5235 2064 5290 dat
2087 5235 2328 5304 nequitia
2357 5243 2412 5290 et
2442 5236 2628 5302 dolus;
2671 5237 2796 5306 quia
2830 5235 3092 5291 Dominus
3137 5234 3344 5289 creavit
3382 5233 3558 5288 homi-

1969 5341 2096 5381 nem
2131 5333 2362 5394 rectum,
2401 5335 2457 5383 et
2484 5327 2588 5398 ipsi
2621 5327 3033 5384 immiscuerunt
3074 5340 3134 5383 se
3169 5325 3394 5382 inﬁnitis
3413 5340 3558 5382 aute-

1970 5420 2252 5477 stionibus.

2045 5532 2063 5564 ε
2092 5512 2328 5568 Scientia
2358 5513 2616 5584 sapientis
2640 5522 2900 5586 tanquam
2927 5513 3209 5571 inundatio
3238 5512 3554 5578 abundabit,

1977 5622 1996 5654 ι
2027 5609 2083 5658 et
2127 5605 2414 5660 consilium
2465 5606 2609 5660 illius
2663 5606 2803 5662 sicut
2853 5603 2972 5662 fons
3026 5607 3153 5663 vitae
3197 5609 3499 5676 permanet.
3530 5619 3550 5651 ι

1973 5691 2228 5763 Quisquis
2259 5711 2291 5750 a
2327 5697 2438 5751 Deo
2464 5696 2662 5752 donum
2696 5712 2839 5753 verte
2867 5697 3142 5768 sapientiae
3164 5694 3412 5767 percipit,
3439 5691 3557 5762 ipse

1973 5784 2355 5856 multiplicibus
2377 5789 2745 5845 doctrinarum
2759 5798 2813 5846 et
2826 5791 3088 5846 virtutum
3109 5787 3372 5843 fructibus
3385 5785 3558 5840 abun-

1975 5875 2143 5946 dabit,
2176 5879 2304 5948 quia
2330 5878 2385 5936 in
2415 5879 2504 5937 illo
2535 5880 2827 5949 replebitur
2852 5881 2944 5937 illa
2973 5879 3251 5936 Dominica
3288 5873 3556 5932 sententia

3081 5970 3160 6030 29
