4030 6474
480 384 584 441 907

479 597 571 653 ﬁet
591 597 643 651 in
661 611 726 651 eo
746 593 866 651 fons
887 610 1040 667 aquae
1058 594 1302 651 salientis
1331 594 1386 649 in
1412 594 1580 649 vitam
1606 599 1861 647 aeternam
1884 588 2064 661 (Joan.

477 687 573 761 tv).
616 707 634 739 ι
675 687 741 743 Et
776 687 943 743 item:
975 707 993 738 ‹
1024 686 1125 756 Qui
1155 687 1292 754 sitit,
1323 686 1519 759 inquit,
1548 684 1731 740 veniat
1768 682 1836 738 ad
1873 696 1981 747 me,
2017 688 2073 736 et

477 777 668 833 bibat:
708 780 763 833 et
804 777 871 833 de
918 784 1109 833 ventre
1146 775 1263 849 ejus
1312 775 1481 839 ﬂuent
1527 791 1682 849 aqum
1714 774 1851 830 vivae
1885 770 2067 847 (Joan.

478 867 597 941 v11).
634 889 653 921 ι

554 980 571 1012 ι
603 958 709 1016 Cor
746 958 881 1014 fatui
928 958 1084 1031 quasi
1130 974 1227 1014 vas
1264 957 1626 1026 confractum,
1653 964 1708 1014 et
1733 970 1950 1013 omnem
1986 969 2071 1009 sa-

484 1068 501 1100 ι
530 1049 789 1121 pientiam
819 1064 928 1105 non
964 1050 1188 1107 tenebit.
1220 1070 1238 1102 ι
1289 1049 1440 1106 Mens
1472 1065 1602 1122 ergo
1639 1046 1789 1105 stulti
1832 1045 2070 1101 haeretici

475 1142 630 1213 quasi
667 1158 763 1198 vas
794 1142 1132 1201 confractum
1168 1148 1273 1210 est,
1310 1143 1436 1215 quia
1465 1143 1685 1198 malitias
1711 1139 1943 1199 stimulis
1966 1154 2071 1193 uu-

474 1234 635 1308 dique
668 1243 752 1291 est
772 1223 1126 1308 perforatum,
1167 1250 1270 1292 nec
1303 1234 1414 1305 iam
1447 1234 1645 1291 habilis
1683 1242 1768 1290 est
1812 1234 1878 1288 ad
1914 1244 2073 1288 usum

475 1327 772 1398 sapientiae,
809 1328 935 1400 quia
970 1328 1226 1384 virtutem
1265 1327 1404 1400 ejus,
1449 1344 1571 1401 qum
1598 1329 1814 1384 sincera
1845 1332 1901 1383 et
1933 1340 2072 1399 pura

475 1430 580 1486 est,
626 1430 847 1494 propter
894 1422 977 1478 sui
1022 1421 1325 1480 fceditatem
1379 1423 1659 1480 continere
1709 1436 1819 1479 non
1871 1426 2068 1492 potest.

479 1515 632 1571 Unde
652 1515 785 1572 dicit
810 1534 822 1570 :
853 1536 872 1569 ι
899 1531 1115 1575 omnem
1143 1517 1463 1590 sapientiam
1496 1533 1605 1574 non
1632 1515 1860 1584 tenebit,
1892 1535 1911 1569 ›
1947 1513 2075 1586 quia

477 1606 711 1678 Spiritus
736 1617 956 1666 sanctus
990 1609 1288 1683 disciplina:
1329 1609 1551 1682 effugiet
1592 1610 1807 1677 ﬁctum;
1866 1627 1885 1663 ί
1914 1614 1971 1666 et
2018 1608 2076 1665 in

478 1700 794 1763 malevolam
820 1703 1063 1765 animam
1087 1718 1196 1761 non
1218 1705 1466 1763 introibit
1492 1705 1780 1778 sapientia.
1811 1724 1830 1756 ι

552 1813 571 1847 ί
602 1794 841 1851 Verbum
895 1795 1115 1867 sapiens
1165 1798 1526 1870 quodcunque
1585 1798 1819 1855 audierit
1871 1798 2077 1857 inscius

482 1904 501 1936 ε
528 1884 793 1952 laudabit,
814 1894 870 1943 et
896 1888 962 1943 ad
991 1903 1052 1944 se
1073 1888 1293 1959 adiiciet
1319 1908 1332 1944 :
1354 1890 1538 1949 audiet
1564 1889 1873 1946 luxuriosus
1894 1897 1949 1945 et
1970 1889 2077 1949 dis-

483 1994 503 2026 ι
530 1976 750 2048 plicebit
778 1977 872 2044 illi,
903 1986 957 2039 et
995 1978 1243 2050 projiciet
1272 1981 1403 2045 illud
1431 1990 1554 2053 post
1588 1981 1812 2041 dorsum
1840 1996 2018 2039 suum.
2050 2001 2068 2033 ι

457 2066 709 2122 'lnscium
764 2069 996 2139 appellat
1044 2070 1305 2135 humilem
1344 2074 1648 2131 auditorem
1700 2081 1757 2128 et
1806 2073 2075 2128 intentum

476 2161 852 2216 ineditatorem
878 2162 1029 2217 verbi
1056 2163 1172 2229 Dei,
1205 2165 1296 2236 qui
1320 2165 1436 2220 sitit
1464 2180 1589 2221 cum
1617 2166 1881 2239 propheta
1904 2173 1959 2221 et
1981 2182 2077 2241 ap-

475 2251 632 2321 petit,
658 2258 719 2306 ut
740 2254 1024 2324 perveniat
1057 2255 1124 2310 ad
1145 2256 1497 2327 praesentiam
1526 2265 1581 2314 et
1606 2258 1940 2329 agnitionem
1971 2260 2076 2315 Do-

474 2342 607 2396 mini
638 2344 752 2411 sui;
790 2344 879 2401 hic
906 2347 1205 2401 secundum
1231 2347 1489 2403 saeculum
1519 2356 1605 2404 est
1630 2348 1849 2416 stultus,
1883 2364 2077 2406 secun-

475 2431 605 2487 dum
633 2434 803 2489 Deum
832 2436 963 2492 vero
991 2436 1060 2491 ad
1086 2436 1403 2493 discendum
1430 2438 1707 2495 studiosus
1735 2459 1746 2494 :
1783 2460 1802 2495 ι
1830 2440 1955 2512 quia
1980 2440 2077 2496 ﬁlii

475 2522 634 2593 hujus
660 2526 841 2584 seaculi
866 2531 1246 2599 prudentiores
1287 2539 1415 2591 sunt
1445 2531 1570 2588 ﬁliis
1595 2532 1731 2589 lucis
1762 2532 1818 2589 in
1845 2547 2076 2605 genera-

476 2617 625 2674 tione
668 2634 784 2675 sua.
822 2640 843 2674 ›
892 2620 1039 2677 Talis
1066 2638 1194 2694 ergo
1218 2625 1579 2697 quodcunque
1605 2626 1835 2685 verbum
1858 2624 2078 2696 sapiens

478 2710 726 2779 audierit,
776 2710 1038 2781 laudabit,
1091 2715 1314 2783 amabit,
1351 2724 1406 2773 et
1434 2717 1490 2773 in
1528 2732 1683 2774 suam
1716 2723 1956 2773 mentem
1987 2730 2077 2771 re-

476 2803 711 2859 condere
732 2802 1026 2861 festinabit.
1064 2806 1106 2861 E
1132 2816 1325 2864 contra
1347 2825 1478 2866 vero
1508 2809 1823 2866 luxuriosus
1849 2817 1905 2863 et
1928 2823 2081 2864 ama-

477 2904 564 2951 tor
611 2896 951 2967 voluptatum
1000 2901 1203 2968 szeculi,
1256 2918 1377 2961 cum
1427 2904 1660 2959 audierit
1698 2904 1922 2959 verbum
1957 2901 2077 2969 Dei,

476 2985 781 3057 displicebit
826 2987 922 3057 illi,
965 2998 1020 3045 et
1065 2989 1311 3073 projiciet
1349 3001 1474 3064 post
1504 2994 1726 3048 dorsum
1760 3008 1940 3059 suum,
1973 2992 2078 3046 hoc

475 3084 577 3145 est,
616 3077 671 3133 in
708 3078 921 3135 irritum
961 3080 1132 3153 ducit,
1172 3097 1275 3143 nec
1310 3082 1490 3157 ipsum
1516 3099 1681 3156 Opere
1706 3082 1930 3154 implere
1950 3096 2080 3138 con~

475 3171 671 3229 tendit.

482 3375 499 3408 l
527 3356 633 3412 biis
657 3359 861 3415 sensati
883 3360 1191 3419 invenietur
1218 3363 1414 3436 gratia.
1449 3383 1467 3417 ›
1514 3363 1772 3420 Doctrina
1798 3380 1927 3437 ergo
1967 3365 2080 3420 hae-

477 3448 633 3505 retici
671 3453 882 3509 cunctis
926 3470 1119 3510 sanum
1164 3456 1502 3527 sapientibus
1535 3473 1762 3517 onerosa
1799 3466 1883 3515 est
1910 3458 1965 3515 in
1990 3458 2080 3513 via

476 3544 636 3615 hujus
661 3547 866 3616 saeculi,
896 3550 1024 3621 quia
1059 3550 1191 3607 nulli
1227 3552 1350 3608 usui
1386 3560 1533 3623 apta,
1563 3553 1658 3610 sed
1686 3553 1939 3611 omnibus
1976 3553 2077 3608 bo-

475 3642 562 3696 nis
600 3650 684 3698 est
730 3646 1023 3701 contraria.
1075 3644 1134 3700 In
1178 3646 1335 3703 labiis
1372 3662 1502 3719 ergo
1542 3647 1745 3703 sensati
1774 3645 2080 3703 invenietur

480 3734 675 3806 gratia,
721 3737 851 3807 quia
892 3737 950 3793 in
996 3739 1179 3795 verbis
1232 3741 1468 3796 doctoris
1507 3740 1762 3795 catholici
1810 3739 2081 3809 reperitur

481 3841 614 3882 sana
642 3828 959 3897 praedicatio
984 3837 1039 3887 et
1064 3829 1238 3903 gratia
1271 3831 1507 3901 Spiritus
1543 3832 1740 3887 sancti.

554 3936 575 3971 ι
605 3915 681 3974 Os
704 3918 988 3990 prudentis
1016 3921 1277 3991 quaeritur
1302 3922 1353 3975 in
1376 3921 1637 3986 Ecclesia,
1665 3931 1720 3979 et
1746 3922 1909 3979 verba
1932 3922 2080 3978 illius

486 4028 507 4062 ‹
534 4010 852 4080 cogitabunt
886 4011 943 4066 in
981 4012 1238 4069 cordibus
1278 4014 1409 4069 suis.
1442 4033 1460 4065 ι
1516 4013 1632 4069 Hoc
1675 4022 1782 4081 est,
1829 4015 2077 4071 doctrina

480 4102 737 4165 catholici
766 4105 1139 4175 prmdicatoris
1168 4107 1431 4176 quaeritur
1461 4108 1516 4162 in
1543 4108 1739 4178 populo
1766 4108 1888 4175 Dei,
1912 4117 1967 4163 et
1985 4110 2079 4164 de-

479 4194 595 4251 voti
640 4196 916 4255 auditores
960 4198 1124 4253 verba
1170 4197 1317 4254 illius
1354 4200 1700 4255 retractando
1745 4200 1984 4271 cogitant
2020 4202 2078 4257 in

480 4288 734 4344 cordibus
771 4290 903 4357 suis,
933 4300 1203 4362 quatenus
1225 4309 1289 4349 ea
1317 4302 1464 4351 recte
1492 4294 1836 4367 intelligendo
1858 4303 1915 4351 et
1936 4295 2079 4351 bene

480 4377 710 4435 vivendo
735 4381 1042 4452 cumpleant
1070 4383 1375 4441 actionibus
1396 4384 1519 4453 piis.

557 4489 573 4519 ι
604 4470 888 4539 Tanquam
926 4473 1116 4528 domus
1155 4476 1532 4537 exterminata,
1575 4475 1653 4530 sic
1682 4473 1834 4530 fatuo
1860 4475 2077 4545 sapien-

486 4581 503 4611 ε
538 4561 632 4625 tia,
661 4572 715 4615 et
735 4562 962 4621 scientia
990 4565 1251 4621 inscusati
1279 4566 1664 4627 inenarrabilia
1690 4567 1876 4625 verba.
1905 4585 1924 4617 ι
1966 4567 2076 4621 Do-

1122 344 1182 442 s.
1225 383 1484 441 RABANI
1524 381 1747 440 MAURI
1784 376 2110 437 ARCHIEP.
2152 372 2463 441 uocum,
2504 368 2790 430 OPERUM
2827 369 3008 427 rans
3044 368 3088 427 1.
3700 369 3789 441 τεν

478 520 582 575 qua
613 502 742 559 dicit
773 519 785 556 :
826 521 845 553 ‹
877 501 979 570 Qui
1018 500 1219 557 biberit
1260 517 1457 574 aquam
1500 515 1665 575 quam
1702 514 1803 571 ego
1828 498 1968 553 dabo
1998 496 2068 561 ei,
2098 494 2154 558 Α

2787 486 3015 545 CAPUT
3058 484 3147 542 Ill.

2174 578 2443 657 Sapientia
2471 580 2697 657 ostendit
2728 576 3289 657 risumAculpamfsse,
3315 582 3432 657 Anon
3465 570 3723 646 gaudium
3749 586 3774 627 :

2585 653 2709 727 quia
2748 647 3065 724 gaudium'a
3106 647 3216 704 Deo
3249 652 3346 704 est.

2250 780 2270 818 ι
2297 764 2504 821 Fatuus
2544 765 2601 820 in
2647 764 2760 820 risu
2802 761 3006 819 exaltat
3035 774 3225 819 vocem
3260 772 3437 828 suam,
3473 757 3560 815 vir
3584 766 3778 815 autem

2179 877 2198 910 ί
2224 857 2443 929 sapiens
2467 858 2558 917 vix
2589 858 2750 914 tacite
2772 853 2988 913 ridebit.
3019 875 3039 910 ι
3095 850 3313 910 Homini
3339 853 3597 937 prudenti
3630 861 3774 907 tem-

2170 950 2415 1023 perantia
2462 952 2517 1006 in
2566 946 2815 1007 omnibus
2858 948 2997 1005 bene
3041 947 3327 1021 convenit,
3377 963 3541 1019 quam
3592 942 3783 1001 fatuus

2173 1044 2339 1103 verbo
2386 1051 2442 1105 et
2493 1044 2734 1101 moribus
2795 1042 3017 1100 omnino
3075 1058 3298 1100 servare
3354 1042 3550 1097 nescit.
3608 1037 3779 1094 Juxta

2175 1133 2405 1192 aliorum
2448 1138 2628 1195 autem
2667 1154 2908 1206 sensum,
2954 1134 3151 1197 stultus
3175 1134 3561 1195 haereticorum
3600 1143 3785 1190 coetus

2174 1226 2444 1298 plausibili
2473 1230 2786 1302 operatione
2819 1244 2913 1305 per
2944 1224 3275 1295 rhetoricam
3321 1234 3496 1284 artem
3530 1226 3785 1282 docendo

2177 1320 2484 1379 auditorum
2520 1321 2757 1381 favorem
2785 1322 3003 1395 quaerit,
3033 1322 3127 1379 sed
3156 1321 3293 1385 ordo,
3327 1328 3648 1377 sanctorum
3688 1317 3786 1373 do-

2176 1416 2386 1469 ctorum
2423 1414 2499 1473 ita
2525 1408 2926 1485 iucunditatem
2965 1404 3253 1475 locutionis
3287 1413 3401 1472 suis
3438 1411 3787 1468 intermiscet

2178 1506 2463 1587 doctrinis,
2495 1518 2556 1565 ut
2585 1517 2769 1566 tamen
2795 1525 2826 1569 a
2856 1500 3106 1573 veritatis
3136 1509 3388 1576 tramite,
3418 1516 3475 1565 et
3501 1506 3786 1576 evangeli-

2178 1600 2257 1658 cis
2308 1602 2457 1661 nullo
2508 1605 2669 1671 modo
2731 1604 2952 1669 aberret
2997 1603 3316 1681 disciplinis.
3376 1602 3535 1663 Unde
3580 1610 3641 1659 et
3695 1617 3786 1658 se-

2177 1696 2365 1767 quitur
2400 1717 2413 1750 :

2255 1815 2274 1849 ι
2310 1793 2702 1855 Ornamentum
2729 1808 2957 1852 aureum
2977 1793 3232 1865 prudenti
3254 1792 3524 1858 doctrina,
3546 1799 3603 1848 et
3628 1792 3789 1863 quasi

2103 1867 2153 1931 Β
2185 1906 2203 1940 ι
2231 1886 2506 1949 brachiale
2532 1889 2589 1947 in
2615 1885 2839 1945 brachio
2867 1887 3078 1951 dextro.
3109 1906 3127 1938 ι
3170 1886 3315 1958 Ergo
3342 1885 3438 1957 qui
3463 1900 3665 1940 aurum
3696 1900 3787 1941 sa-

2177 1979 2397 2050 pientiae
2442 1978 2785 2049 splendorem
2826 1985 2884 2035 et
2931 1978 3218 2051 mysticum
3254 1977 3452 2037 divina:
3491 1976 3635 2049 legis
3664 1990 3791 2030 sen-

2178 2089 2298 2132 sum
2325 2072 2617 2148 signiﬁcat,
2645 2073 2801 2145 quasi
2827 2081 3211 2137 ornamentum
3251 2086 3481 2127 aureum
3531 2077 3619 2126 est
3660 2085 3787 2139 pru-

2179 2167 2329 2223 denti
2355 2166 2619 2233 doetrina,
2652 2182 2773 2225 cum
2805 2166 3121 2239 praedicatio
3151 2165 3295 2225 illius
3323 2163 3512 2221 divina
3546 2163 3790 2225 illustra-

2177 2265 2268 2315 tur
2297 2258 2599 2329 sapientia;
2639 2265 2695 2314 et
2719 2258 2876 2331 quasi
2911 2257 3190 2317 brachiale
3218 2258 3274 2313 in
3305 2256 3536 2313 brachio
3564 2257 3789 2320 dextro,

2180 2368 2305 2408 cum
2344 2353 2596 2409 universa
2615 2367 2781 2424 opera
2809 2368 2907 2408 sua
2945 2358 3009 2429 et
3027 2358 3199 2413 totam
3220 2351 3391 2419 vitam
3425 2364 3582 2407 suam
3614 2348 3792 2405 virtu.

2180 2452 2297 2499 tum
2322 2443 2626 2501 circumdat
2654 2442 2972 2516 disciplina;
2996 2458 3101 2505 nec
3127 2442 3273 2503 enim
3294 2441 3440 2497 aliud
3467 2440 3671 2497 docere
3697 2447 3792 2496 aut

2182 2547 2346 2607 agere
2381 2536 2550 2599 novit,
2602 2535 2706 2592 nisi
2751 2535 2895 2593 quod
2932 2549 3124 2597 norma
3169 2534 3447 2607 aequitatis
3485 2540 3545 2590 et
3562 2531 3794 2602 iustitia

2182 2626 2354 2685 dictat
2380 2624 2569 2698 regula

2260 2737 2278 2771 ι
2306 2717 2412 2774 Pes
2450 2716 2585 2783 fatui
2621 2716 2798 2775 facilis
2847 2717 2903 2779 in
2943 2717 3164 2775 domum
3201 2714 3473 2789 proximi;
3518 2724 3576 2771 et
3626 2714 3793 2770 homo

2189 2832 2208 2867 ι
2234 2812 2444 2883 peritus
2479 2811 2831 2871 confunditur
2851 2826 2882 2867 a
2906 2826 3141 2882 persona
3171 2808 3427 2881 potentis.
3461 2827 3481 2861 ι
3523 2806 3634 2863 Pes
3657 2805 3794 2863 fatui

2184 2901 2344 2959 facile
2369 2903 2719 2975 progreditur
2748 2902 2803 2958 in
2836 2902 3058 2958 domum
3086 2900 3339 2973 proximi,
3381 2915 3505 2956 cum
3544 2898 3793 2955 haeretici

2186 3003 2471 3061 auctorum
2500 3010 2726 3051 suorum
2750 3002 2961 3053 sectam
2987 2993 3043 3049 in
3070 2991 3346 3051 domicilio
3382 2991 3792 3062 scripturarum

2185 3103 2410 3149 suarum
2452 3087 2755 3145 latitantem
2794 3082 3025 3149 student
3044 3084 3284 3152 imitari;
3322 3084 3419 3142 sed
3446 3083 3616 3139 homo
3648 3084 3796 3165 peri-

2184 3188 2276 3237 tus
2313 3177 2668 3239 confunditur
2693 3193 2725 3234 a
2755 3192 2989 3250 persona
3014 3177 3274 3249 potentis,
3303 3175 3527 3247 quando
3561 3174 3794 3231 catholi-

551 3284 570 3317 ‹
600 3261 854 3322 Narratio
874 3265 1031 3335 fatui,
1072 3269 1230 3343 quasi
1259 3269 1478 3328 sarcina
1504 3270 1564 3327 in
1592 3271 1713 3339 via;
1756 3287 1881 3327 nam
1911 3271 1965 3331 in
1997 3271 2079 3329 la-
2105 3239 2153 3304 θ
2185 3290 2283 3333 cus
2312 3274 2503 3339 doctor
2531 3239 2806 3335 erubescit
2828 3239 3076 3333 errorem
3111 3270 3269 3342 sequi
3315 3239 3559 3329 bonums-
3449 3268 3462 3281 °
3509 3268 3522 3280 ’
3600 3284 3798 3340 super-

2184 3365 2405 3422 bientis.

2263 3476 2283 3510 ‹
2315 3456 2526 3515 Stultus
2563 3471 2594 3510 a
2634 3456 2873 3513 fenestra
2902 3454 3157 3527 respiciet
3184 3454 3243 3515 in
3272 3453 3492 3511 domum
3526 3471 3541 3507 :
3574 3452 3665 3511 vir
3698 3467 3794 3508 au-

2190 3569 2209 3602 (
2243 3558 2352 3605 tem
2385 3549 2631 3605 eruditus
2663 3548 2796 3604 foris
2825 3547 3010 3603 stabit.
3041 3567 3060 3601 ι
3120 3546 3221 3603 Hic
3250 3547 3403 3605 locus
3428 3563 3529 3618 per
3557 3546 3791 3619 ﬁguram

2183 3644 2420 3702 ostendit
2445 3642 2771 3699 malitiosam
2791 3641 3173 3703 haereticorum
3196 3640 3553 3697 calliditatem
3573 3681 3589 3706 ,
3620 3650 3679 3696 et
3710 3640 3790 3694 lu-

2185 3738 2459 3795 culentam
2502 3736 2894 3795 catholicorum
2925 3734 3350 3805 simplicitatem.
3404 3733 3619 3789 Stultus
3658 3749 3788 3803 ergo

2186 3846 2217 3884 a
2244 3830 2485 3885 fenestra
2515 3828 2770 3899 respiciet
2801 3827 2857 3883 in
2886 3828 3128 3893 domum,
3161 3828 3382 3897 quando
3426 3827 3663 3883 callidus
3700 3843 3786 3883 ar-

2184 3930 2528 3994 gumentator
2550 3922 2604 3977 in
2635 3921 2797 3976 domo
2827 3919 3231 3991 Scripturarum
3280 3919 3551 3977 foramina
3590 3922 3786 3990 quaerit

2185 4012 2498 4069 occultioris
2528 4027 2743 4077 sensus,
2786 4011 2927 4067 unde
2969 4011 3175 4067 erroris
3216 4011 3301 4066 sui
3343 4012 3520 4082 possit
3544 4012 3788 4082 arripere

2184 4104 2573 4166 assertionem;
2608 4102 2703 4159 sed
2726 4102 3031 4159 catholicus
3055 4103 3245 4159 doctor
3270 4102 3405 4158 foris
3429 4103 3623 4169 stabit,
3659 4106 3786 4175 quia

2185 4197 2522 4267 Scripturam
2568 4212 2781 4254 sacram
2831 4194 3186 4252 manifestare
3208 4236 3224 4260 ,
3271 4205 3329 4252 et
3376 4197 3446 4252 ad
3489 4199 3791 4255 multorum

2182 4290 2433 4349 notitiam
2460 4289 2847 4359 praedicatione
2871 4303 2968 4343 sua
2993 4288 3294 4359 perducere
3322 4289 3629 4345 contendit.
3693 4292 3789 4346 Ve-

2182 4384 2319 4441 ritas
2348 4383 2495 4439 enim
2529 4381 2757 4454 angulos
2785 4396 2897 4438 non
2919 4388 3085 4448 amat,
3110 4381 3206 4437 sed
3244 4396 3345 4453 per
3373 4381 3512 4438 lucis
3532 4387 3785 4440 semitam

2181 4479 2443 4536 ambulat.

2256 4593 2276 4625 ι
2304 4572 2545 4629 Stultitia
2573 4570 2812 4627 hominis
2849 4570 3040 4626 audire
3073 4584 3174 4640 per
3200 4568 3420 4636 ostium,
3457 4574 3514 4624 et
3542 4570 3786 4640 prudens

426 4658 434 4666 ‘
484 4668 603 4705 mus
630 4654 988 4710 exterminata
1029 4657 1164 4712 bene
1199 4665 1378 4726 potest
1415 4658 1522 4713 dici
1563 4658 1940 4717 haereticorum
1985 4622 2155 4730 sy--Il
2188 4685 2208 4719 ι
2234 4666 2549 4737 gravabitur
2572 4663 2919 4720 contumelia.
2952 4682 2972 4715 ι
3023 4622 3265 4717 Βὶωιίιία
3302 4671 3387 4717 est
3429 4622 3673 4717 hominis
3720 4662 3787 4716 ab

481 4759 712 4814 tiuguga,
759 4745 851 4801 ubi
901 4747 1035 4805 recti
1073 4755 1128 4802 et
1172 4748 1424 4804 catholici
1465 4763 1659 4807 sensus
1687 4750 1961 4819 spernitur
1987 4766 2079 4807 sa-

479 4835 704 4903 pientia.
721 4834 1014 4907 Propterea
1038 4839 1279 4901 scientia:
1300 4840 1511 4899 illorum
1539 4850 1664 4899 sunt
1689 4843 2077 4901 inenarrabilis

481 4929 669 4994 verba,
710 4932 838 5001 quia
882 4931 1270 5003 multiplicibus
1316 4935 1592 4993 erroribus
1634 4946 1761 4995 sunt
1801 4938 2071 5009 obnoxia;

482 5034 591 5076 non
617 5022 763 5081 enim
790 5023 1005 5090 decent,
1034 5026 1179 5095 quod
1204 5028 1402 5084 veritas
1422 5029 1608 5097 habet,
1634 5031 1731 5087 sed
1755 5031 1899 5101 quod
1923 5030 2081 5087 falla-

482 5113 619 5173 citer
647 5129 834 5173 eorum
864 5117 1022 5175 ﬁnxit
1042 5121 1284 5191 nequitia

559 5228 577 5261 ‹
602 5208 900 5281 Compedes
934 5213 990 5269 in
1034 5215 1261 5286 pedibus
1303 5216 1471 5273 stulto
1505 5218 1772 5286 doctrina,
1818 5227 1875 5275 et
1918 5220 2078 5291 quasi

490 5314 509 5347 ι
540 5297 754 5355 vincula
796 5314 1058 5360 manuum
1105 5321 1270 5377 supra
1315 5323 1537 5362 manum
1572 5311 1839 5365 dextram.
1873 5329 1893 5361 ι
1941 5312 2079 5367 Ver-

482 5389 610 5445 bum
637 5393 780 5447 enim
809 5395 957 5463 vitai,
984 5399 1128 5467 quod
1157 5398 1351 5455 liberat
1379 5417 1408 5454 a
1429 5411 1603 5457 morte
1624 5404 1836 5459 animas
1865 5404 2073 5472 ﬁdeles,

482 5483 684 5555 obibat
708 5488 969 5556 compede
990 5490 1203 5548 animas
1228 5501 1497 5559 errantes,
1525 5494 1652 5565 quia
1679 5497 1958 5565 gressibus
1980 5513 2071 5552 eo-

482 5591 625 5642 rum,
658 5576 858 5646 quibus
885 5579 1143 5639 incedunt
1172 5582 1227 5637 in
1261 5583 1351 5641 via
1374 5584 1698 5655 iniquitatis,
1723 5587 2067 5654 contradicit,

482 5674 539 5720 et
579 5666 786 5725 dextrae
820 5683 1032 5736 eorum,
1071 5670 1175 5729 hoc
1213 5681 1297 5729 est
1338 5675 1594 5744 operibus
1628 5678 1812 5747 pravis
1854 5677 2072 5739 vincula

480 5755 673 5825 injicit,
716 5761 934 5831 quando
975 5762 1220 5821 actiones
1264 5778 1457 5822 eorum
1497 5768 1805 5827 damnando
1852 5769 2073 5827 fortiter

480 5852 842 5920 Ieprehendit.

2181 4771 2279 4814 ore
2305 4757 2687 4813 haereticorum
2718 4754 2856 4811 velle
2890 4753 3290 4824 prmdieationis
3313 4752 3503 4807 audire
3534 4753 3782 4817 verbum,

2183 4850 2310 4920 quia
2336 4848 2461 4903 inde
2488 4847 2611 4903 ﬁdei
2632 4862 2744 4904 sum
2763 4853 2944 4917 potest
2969 4845 3220 4916 accipere
3240 4842 3576 4900 scandalum.
3610 4844 3786 4898 Verus

2183 4958 2315 5013 ergo
2336 4941 2662 5012 praedicator
2687 4939 2839 4995 verbi
2874 4939 3067 5008 saepius
3097 4937 3362 4993 malorum
3388 4934 3628 4992 amciter
3655 4953 3786 4992 etai-

2184 5032 2427 5097 tumelia,
2462 5031 2589 5101 quia
2615 5032 2685 5089 ab
2709 5029 2983 5101 aequitatis
3008 5030 3156 5085 nullo
3182 5030 3342 5086 modo
3360 5029 3476 5085 vult
3498 5028 3784 5086 (incedere

2184 5125 2390 5197 regula.
2439 5123 2553 5179 Hoc
2577 5124 2724 5179 enim
2749 5124 2917 5195 distat
2938 5125 3079 5181 inter
3104 5124 3418 5180 hmreticum
3455 5131 3514 5177 et
3555 5122 3785 5178 catholi-

2182 5236 2332 5285 cum,
2376 5219 2520 5288 quod
2564 5219 2655 5274 ille
2693 5220 2899 5290 appetit
2940 5220 3157 5276 laudem
3189 5222 3504 5286 humanam,
3538 5219 3646 5275 iste
3673 5219 3785 5291 glo-

2180 5316 2320 5370 riam
2349 5315 2614 5380 divinam;
2658 5314 2746 5370 ille
2782 5316 2976 5385 Quaerit
3002 5328 3263 5386 prospera
3298 5316 3504 5380 mundi,
3539 5316 3645 5371 iste
3671 5329 3780 5368 non

2179 5405 2518 5475 pertimescit
2551 5416 2651 5474 pro
2689 5404 2917 5463 Christo
2947 5406 3172 5461 adversa
3200 5407 3349 5476 pati;
3390 5405 3481 5461 ille
3509 5406 3685 5461 tendit
3710 5402 3778 5459 ad

2184 5505 2371 5568 portas
2401 5495 2611 5560 mortis,
2643 5494 2746 5552 itte
2777 5497 2847 5551 ad
2870 5496 3067 5567 gaudia
3093 5497 3245 5568 regni
3269 5496 3525 5552 caelatis.

2260 5606 2280 5640 ι
2306 5586 2475 5641 Labla
2502 5586 2924 5657 imprudentium
2943 5587 3106 5646 stulta
3126 5590 3427 5645 narrabant
3451 5607 3463 5643 :
3487 5587 3661 5646 verba
3682 5600 3778 5644 au-

2190 5690 2210 5728 ι
2238 5685 2350 5732 tem
2398 5677 2744 5747 prudentium
2802 5685 3003 5733 statera
3066 5679 3533 5749 ponderabuntur.
3564 5698 3584 5732 ι
3662 5678 3777 5733 Hoc

2182 5767 2445 5835 insinuat,
2466 5770 2610 5838 quod
2633 5783 2913 5825 sermones
2930 5770 3294 5841 insipientium
3316 5772 3598 5828 stultitiam
3622 5772 3775 5843 pravi

2186 5876 2377 5919 sensus
2398 5877 2614 5934 semper
2634 5861 2939 5935 proferunt,
2963 5862 3129 5926 verba
3152 5873 3332 5925 autem
3349 5863 3590 5926 ﬁdelium
3613 5878 3777 5935 res.-
