4030 6472
302 338 409 399 909

1193 340 1546 406 COIMENT.
1587 339 1656 404 ΙΝ
1701 348 2316 414 ECCLESIASTICUM.
2355 387 2429 401 --
2458 360 2590 417 LIB.
2634 360 2695 419 ν.

3477 372 3582 434 910

301 454 409 510 lam
440 459 589 509 recte
609 450 734 509 ﬁdei
761 451 820 509 in
844 451 1092 512 doctrina
1119 469 1217 513 sua
1253 458 1455 532 ubique
1494 476 1710 519 servare
1752 478 1886 519 eon-
1912 469 1966 533 Α
1991 467 2082 537 qui
2110 468 2164 524 in
2190 469 2365 541 lapide
2389 472 2535 530 luteo
2556 475 2641 530 vel
2660 457 2727 532 de
2746 485 2988 535 stercore
3007 480 3170 538 boum
3190 481 3455 554 lapidatus
3475 497 3578 557 est.

302 545 531 602 tendunt

375 659 393 692 ι
422 637 481 695 lu
513 652 609 693 ore
631 636 908 695 fatuorum
934 653 1031 695 cor
1059 639 1298 709 illorum,
1320 650 1374 697 et
1402 642 1456 699 in
1482 644 1645 701 corde
1671 647 1886 718 sapien-

302 729 435 789 tium
463 744 528 785 os
555 727 791 784 illorum.
821 748 842 783 ι
891 728 951 785 In
973 745 1070 789 ore
1098 728 1370 788 fatuorum
1398 748 1494 790 cor
1534 728 1748 791 illorum
1782 747 1885 808 est,

296 820 513 891 quando
537 819 917 877 haereticorum
940 828 997 877 et
1015 823 1484 881 schismatieorum
1520 827 1683 887 stulta
1712 830 1890 886 inten-

296 912 374 968 tio
403 913 692 969 verborum
723 912 953 973 intendit
978 924 1193 973 ornatu.
1251 937 1270 975 ι
1297 917 1356 977 In
1380 922 1543 979 corde
1579 931 1760 983 autem
1797 940 1884 982 sa-

292 1002 555 1074 pientium
582 1018 645 1059 os
668 1003 903 1072 illorum,
934 1025 953 1061 ι
987 1009 1204 1079 quando
1238 1009 1533 1071 electorum
1572 1016 1753 1075 studet
1777 1017 1889 1074 elo-

292 1096 481 1168 quium
520 1112 663 1154 vera:
711 1100 990 1170 sapientiae
1029 1101 1263 1166 ﬁdeliter
1302 1108 1607 1177 exprimere
1644 1125 1884 1171 sensum.

368 1206 386 1240 ι
414 1186 550 1243 Dum
589 1187 865 1249 maledicit
894 1192 1091 1263 impius
1129 1194 1423 1265 diabolum,
1456 1200 1730 1261 maledicit
1768 1204 1886 1277 ipse

296 1297 318 1332 ι
352 1279 590 1336 animam
644 1296 820 1339 suam.
848 1302 868 1341 ι
934 1281 1053 1341 Non
1105 1287 1225 1343 ideo
1270 1290 1614 1351 maledicitur
1662 1294 1884 1369 impius,

288 1372 434 1444 quod
485 1371 834 1435 maledictum
873 1373 1005 1435 dicit
1058 1378 1355 1450 malignum
1412 1381 1730 1453 diabolum;
1786 1388 1884 1449 sed

285 1460 431 1532 quod
460 1463 625 1527 hunc,
664 1478 829 1534 quem
876 1466 1025 1523 novit
1058 1468 1374 1541 malignum,
1405 1487 1516 1529 non
1550 1484 1729 1531 cessat
1760 1491 1884 1548 per-

283 1569 443 1611 versa
490 1555 771 1612 voluntate
805 1565 862 1615 et
902 1559 1157 1629 operibus
1180 1564 1363 1633 pravis
1391 1567 1544 1637 sequi
1575 1568 1879 1627 inimicum.

284 1642 439 1701 Unde
463 1644 722 1705 Dominus
751 1647 808 1703 in
832 1647 1120 1721 Evangelio
1147 1654 1215 1709 ad
1232 1653 1450 1714 Iudaeos
1478 1658 1554 1715 ait
1582 1678 1595 1713 :
1626 1679 1649 1713 ι
1678 1660 1787 1718 Vos
1812 1677 1881 1719 ex

1991 559 2243 630 populum
2269 562 2540 639 signiﬁcat
2562 565 2893 638 ludazorum,
2937 573 3029 644 qui
3073 590 3137 630 ex
3180 573 3361 647 fragili
3406 559 3652 652 genti-3

1988 652 2120 744 lium
2150 657 2303 712 turba
2330 669 2385 714 et
2407 659 2582 732 legem
2616 662 2887 735 ignoranti
2918 664 3101 740 (quem
3119 667 3256 743 lapis
3278 669 3476 744 ﬁgurat
3497 671 3581 729 lu-

1989 742 2130 814 teus)
2162 748 2543 818 exprobratur,
2573 768 2640 808 eo
2666 755 2811 825 quod
2836 771 2936 827 pro
2957 758 3225 829 pravitate
3269 742 3463 819 sensus
3494 763 3581 820 sui

1988 833 2045 926 in
2082 834 2357 895 Christum
2392 842 2572 912 palam
2601 846 3000 916 advenientem,
3039 850 3132 921 qui
3157 850 3259 909 sibi
3282 856 3338 907 in
3359 849 3503 926 Lege
3524 861 3583 909 et

1988 922 2271 997 Prophetis
2300 933 2598 1003 promissus
2626 944 2732 1002 est,
2759 939 2938 994 renuit
2964 941 3204 1001 credere.
3256 941 3406 999 Idem
3433 922 3490 999 et
3512 943 3581 1002 de

1986 1022 2226 1071 stercore
2248 1019 2431 1088 boum,
2456 1023 2559 1079 hoc
2583 1033 2665 1080 est
2692 1025 2760 1081 de
2784 1024 2983 1085 Judaais
3006 1032 3370 1100 credentibus,
3395 1034 3489 1105 qui
3509 1048 3581 1093 ex

1987 1108 2227 1180 antiquis
2247 1111 2440 1181 bobus,
2467 1115 2794 1185 patriarchis
2814 1119 3065 1177 videlicet
3099 1122 3384 1195 religiosis,
3415 1133 3471 1182 et
3495 1125 3576 1181 le-

1985 1200 2272 1276 gisjugum
2299 1210 2643 1276 portantibus
2673 1211 2803 1269 editi
2833 1220 2976 1280 sunt,
3002 1229 3101 1285 pro
3126 1215 3367 1275 caecitate
3394 1218 3578 1277 cordis

1985 1293 2070 1349 sui
2117 1294 2413 1354 irridentur
2434 1339 2450 1366 ,
2497 1302 2756 1375 quoniam
2804 1303 3235 1367 incarnationem
3279 1307 3578 1369 Salvatoris

1981 1386 2401 1528 praesentialiter
2442 1390 2546 1452 sibi
2583 1393 2770 1452 datam
2815 1392 2978 1471 digna
3023 1396 3130 1456 ﬁde
3193 1400 3437 1475 recipere
3470 1417 3573 1461 no-

2004 1487 2221 1528 uerunt.

2004 1487 2221 1532 uerunt.

2060 1584 2079 1619 ‹
2106 1566 2363 1626 Confusio
2401 1575 2575 1644 patris
2621 1583 2708 1632 est
2742 1576 2811 1633 de
2846 1577 2959 1636 ﬁlio
2990 1578 3396 1652 iudisciplinato
3420 1599 3435 1638 :
3463 1582 3574 1641 ﬁlia

1989 1677 2008 1715 ς
2036 1667 2218 1718 autem
2256 1663 2405 1721 fatua
2442 1669 2498 1724 in
2532 1669 2968 1732 deminoratione
2992 1674 3106 1733 ﬁet.
3138 1696 3158 1730 ι
3211 1676 3573 1739 Confunditur

280 1745 434 1805 patre
465 1737 681 1795 diabolo
728 1741 883 1808 estis,
920 1748 976 1797 et
1012 1742 1281 1800 desideria
1313 1746 1486 1816 patris
1518 1750 1687 1806 vestri
1716 1752 1881 1809 vultis
1981 1752 2127 1806 enim
2165 1753 2358 1811 doctor
2396 1759 2623 1835 quilibet
2653 1775 2754 1831 pro
2790 1764 3038 1837 reprobis
3061 1737 3304 1825 moribus
3327 1769 3575 1841 discipuli

279 1828 460 1888 facere
490 1829 672 1903 (Joan.
702 1833 844 1907 vin).
881 1854 901 1889 ι
949 1834 1067 1892 Non
1100 1838 1247 1894 enim
1268 1838 1365 1895 ﬁlii
1389 1841 1587 1898 diaboli
1624 1844 1727 1914 ipsi
1757 1844 1873 1902 fue~
1898 1838 1949 1899 B
1975 1843 2382 1917 indisciplinati,
2411 1828 2539 1921 quia
2568 1851 2624 1907 in
2649 1828 2716 1909 eo
2742 1828 2946 1915 laboris
2974 1856 3059 1915 sui
3101 1856 3339 1919 fructum
3384 1828 3573 1914 condi-

279 1931 408 1977 runt
432 1925 741 1982 conditione
768 1934 995 1995 naturae,
1039 1930 1133 1985 sed
1180 1932 1400 1990 malitia:
1437 1935 1581 1992 illius
1619 1953 1874 2009 perversa

278 2013 604 2072 imitatione.
655 2017 718 2073 In
758 2034 826 2076 eo
856 2020 1003 2077 enim
1032 2025 1382 2096 semetipsum
1411 2028 1610 2101 impius
1654 2033 1876 2091 maledi-

277 2108 375 2175 cit,
403 2110 545 2179 quod
582 2110 855 2169 diabolum
884 2123 1107 2187 propter
1150 2118 1487 2191 impietatem
1532 2141 1689 2183 suam
1724 2129 1878 2187 dam-

280 2211 474 2259 uatum
514 2205 688 2277 magis
727 2206 892 2279 elegit
920 2207 1142 2277 imitari,
1173 2228 1335 2284 quam
1359 2216 1634 2277 Christum
1659 2239 1761 2295 pro
1783 2239 1874 2281 sa-

276 2293 390 2350 l'ute
422 2296 644 2351 humani
672 2298 892 2367 generis
918 2301 1263 2363 cruciﬁxum.

352 2402 372 2437 ι
402 2382 637 2470 Susurro
662 2388 1041 2460 eoinquinabit
1064 2396 1303 2455 animam
1331 2414 1504 2467 suam,
1536 2412 1592 2460 et
1612 2405 1671 2462 in
1695 2410 1875 2466 omni-

280 2494 300 2528 ι
329 2475 432 2532 bus
460 2478 702 2547 odietur;
734 2488 789 2536 et
811 2483 904 2554 qui
935 2501 1061 2543 eum
1089 2503 1155 2545 eo
1188 2494 1453 2551 manserit
1493 2497 1713 2556 odiosus
1746 2504 1873 2570 erit,

279 2586 299 2619 ι
327 2568 528 2626 tacitus
555 2579 611 2625 et
636 2581 885 2630 sensatus
924 2576 1304 2638 honorabitur.
1331 2603 1353 2639 ι
1418 2583 1659 2646 Susurro
1692 2568 1874 2648 nullus

270 2661 468 2753 melius
514 2663 743 2738 intelligi
774 2677 958 2740 potest
995 2687 1160 2743 quam
1190 2675 1503 2747 haereticus,
1541 2682 1635 2753 qui
1660 2684 1875 2743 occulte

273 2751 331 2811 in
360 2754 604 2813 doctrina
643 2773 741 2815 sua
779 2760 1008 2822 insidias
1039 2773 1094 2821 et
1120 2766 1345 2839 laqueos
1376 2751 1582 2833 erroris
1610 2776 1868 2847 disponit,

273 2847 343 2904 ad
364 2848 709 2920 decipiendas
735 2852 1157 2925 imprudentium
1183 2862 1411 2921 animas.
1454 2864 1555 2923 Hie
1575 2867 1870 2926 sceleribus

271 2940 458 2999 multis
500 2944 737 3003 animam
763 2964 941 3008 suam
990 2952 1382 3025 eoinquinabit,
1433 2967 1487 3015 et
1521 2960 1579 3016 in
1618 2963 1870 3023 omnibus

272 3040 386 3090 tam
437 3036 619 3094 verbis
665 3054 828 3109 quam
882 3041 1046 3099 etiam
1095 3044 1259 3102 factis
1302 3062 1489 3104 coram
1545 3053 1870 3122 sapientium

271 3125 444 3183 oculis
472 3142 689 3199 semper
718 3131 938 3191 odiosus
962 3134 1089 3203 erit,
1118 3144 1175 3191 et
1199 3138 1513 3212 quicunque
1546 3158 1738 3200 eorum
1775 3161 1865 3201 se-

273 3220 376 3278 ctis
396 3222 654 3293 deceptus
680 3224 737 3280 in
762 3227 842 3284 eis
860 3243 1184 3299 permanere
1214 3248 1387 3303 usque
1433 3234 1504 3292 ad
1539 3234 1703 3291 ﬁnem
1740 3236 1866 3292 vitae

272 3311 597 3383 decreverit,
627 3315 730 3383 iste
753 3319 1004 3377 similiter
1034 3324 1285 3381 omnibus
1313 3325 1473 3382 bonis
1495 3326 1712 3385 odibilis
1737 3327 1865 3384 erit.

269 3402 316 3459 E
352 3407 630 3464 contrario
663 3423 791 3465 vero
817 3409 907 3466 ille
932 3413 1026 3483 qui
1052 3413 1249 3485 linguae
1284 3431 1398 3471 suae
1437 3426 1620 3475 servat
1662 3424 1868 3488 tempe-

272 3504 603 3566 ramentum,
638 3510 693 3556 et
716 3500 1004 3558 verborum
1033 3506 1374 3563 moderatum
1400 3515 1549 3567 tenet
1570 3508 1865 3577 silentium,

272 3587 378 3643 iste
422 3591 715 3648 secundum
738 3594 866 3651 boni
886 3609 1079 3653 sensus
1102 3599 1186 3654 sui
1213 3599 1537 3673 dignitatem
1562 3600 1863 3668 caelestem,

270 3678 493 3739 Christo
510 3684 801 3755 tribuente,
828 3689 1128 3760 possidebit
1149 3692 1433 3751 honorem.

885 3818 1116 3878 CAPUT
1147 3818 1239 3878 IV.

272 3920 431 3999 Piger
466 3924 585 3992 iste,
610 3926 700 3998 qui
728 3927 792 3999 de
817 3926 990 3999 lapide
1018 3929 1156 3985 luteo
1180 3940 1227 3985 et
1259 3913 1323 3986 de
1351 3941 1576 3989 stercore
1598 3932 1753 3990 boum
1786 3934 1867 3990 la-

339 3994 572 4078 pidatur,
601 3994 821 4078 populus
844 3994 917 4078 est
940 3999 1252 4078 Judteorum
1276 4020 1392 4078 cum
1420 4005 1485 4059 de
1510 4006 1683 4078 lapide
1704 4005 1862 4072 luteo,

339 4066 396 4147 id
432 4079 505 4120 est
541 4066 810 4147 gentilium
847 4069 1009 4140 legem
1036 4074 1414 4147 ignorantium
1454 4066 1645 4147 popqu
1686 4094 1846 4147 expro

342 4137 527 4218 bratur
548 4150 636 4218 :_et
665 4139 730 4193 de
758 4137 984 4196 stercore
1028 4137 1206 4210 boum,
1241 4144 1297 4199 id
1329 4156 1405 4201 est
1445 4137 1478 4201 ὰ
1516 4137 1720 4205 Iudicis
1745 4137 1867 4218 :iam

343 4209 691 4265 credentibus.

344 4321 494 4393 (CAP.
524 4324 685 4397 xxii.)
711 4344 729 4377 ι
758 4326 814 4381 In
834 4325 1013 4396 lapide
1029 4326 1175 4383 luteo
1187 4327 1461 4398 lapidatur
1473 4328 1646 4400 piger,
1670 4337 1726 4384 et
1746 4345 1864 4387 om—

277 4436 295 4468 t
325 4434 423 4472 nes
462 4417 748 4487 loquentur
792 4435 954 4491 super
991 4422 1427 4492 aspernationem
1465 4422 1628 4479 illius.
1655 4442 1673 4475 ›
1711 4423 1771 4479 In
1795 4424 1872 4478 la-

273 4513 396 4583 pide
434 4512 581 4569 luteo
630 4512 897 4585 lapidatur
943 4516 1117 4587 piger,
1163 4517 1380 4587 quando
1414 4518 1685 4588 peccatori
1719 4517 1871 4573 duris

274 4604 679 4678 Scripturarum
699 4610 984 4665 sententiis
1006 4610 1221 4666 fmditas
1242 4611 1510 4667 scelerum
1535 4628 1754 4668 suorum
1777 4628 1872 4668 ex-

240 4700 586 4767 -probratur.
661 4719 680 4752 ι
711 4700 1017 4771 Omnesque
1072 4701 1365 4775 loquentur
1406 4718 1570 4773 super
1612 4719 1871 4775 asperna-

276 4792 423 4848 tione
454 4792 617 4859 illius,
649 4813 668 4845 ι
710 4794 837 4865 quia
874 4810 1065 4851 omnes
1099 4794 1223 4853 boni
1250 4796 1587 4851 detestantur
1613 4805 1667 4851 et
1692 4796 1870 4865 despi—

275 4886 427 4941 ciunt
448 4887 641 4943 sordes
663 4902 887 4961 operum
908 4888 1109 4959 ipsius,
1139 4897 1194 4947 et
1215 4889 1342 4959 quia
1361 4888 1598 4943 maxime
1620 4888 1758 4944 tales
1778 4903 1876 4959 per

275 4976 450 5032 cilicia
493 4978 777 5033 doctorum
804 4988 1138 5050 arguuntur,
1174 4980 1301 5035 inde
1333 4988 1457 5052 apte
1491 4980 1868 5053 subjungitur:

353 5085 374 5118 ι
402 5068 481 5123 De
509 5077 754 5127 stercore
778 5071 941 5125 boum
974 5070 1245 5140 lapidatus
1274 5080 1359 5128 est
1385 5071 1557 5143 piger,
1597 5079 1651 5127 et
1688 5071 1864 5126 omnis

282 5181 303 5214 ι
332 5161 431 5233 qui
459 5162 692 5235 tetigerit
721 5179 869 5232 eum,
893 5165 1130 5221 excutiet
1153 5182 1366 5223 manus.
1396 5186 1414 5219 ›
1466 5165 1760 5235 Lapidatur
1784 5164 1865 5236 pi-

275 5270 373 5330 ger
399 5258 466 5312 de
495 5265 735 5315 stercore
770 5260 958 5327 boum,
1000 5261 1214 5331 quando
1250 5260 1468 5333 pigritia
1512 5258 1780 5314 malorum
1810 5257 1864 5312 in

276 5350 420 5408 bono
443 5366 604 5422 opere
632 5354 962 5424 torpentium
992 5370 1087 5425 per
1116 5363 1298 5425 aptam
1331 5354 1574 5412 stultitia:
1598 5368 1710 5410 sua:
1745 5367 1864 5408 ora-

278 5443 483 5502 tionem
512 5462 543 5502 a
572 5447 773 5503 sanctis
810 5448 1258 5517 praedicatoribus
1300 5449 1406 5505 illis
1444 5449 1863 5520 improperatur,

276 5537 354 5601 ita
400 5545 461 5594 ut
497 5555 687 5596 omnes
713 5541 807 5611 qui
840 5542 1021 5614 aliquo
1048 5543 1206 5600 modo
1233 5542 1753 5599 communieaverint
1778 5556 1868 5596 ne-

277 5626 549 5701 gligentiae
576 5645 789 5698 eorum,
819 5648 1014 5689 manus
1044 5648 1272 5704 operum
1300 5648 1333 5688 a
1359 5632 1611 5704 squalore
1646 5631 1864 5688 foedita-

280 5720 353 5775 tis
377 5720 592 5776 illorum
613 5725 908 5793 excutiant,
943 5734 999 5782 et
1031 5726 1100 5782 ad
1138 5727 1539 5784 observantiam
1586 5723 1868 5781 mandato-

282 5828 402 5870 rum
433 5814 529 5871 Dei
565 5816 682 5873 utili
710 5822 968 5879 exercitio
1001 5832 1304 5881 recurrant.
1344 5823 1517 5880 Aliter
1554 5823 1708 5894 piger
1741 5821 1868 5890 iste,

1974 1951 2157 2009 gnum
2184 1953 2292 2021 non
2338 1939 2564 1999 invenit.
2611 1941 2877 2003 Similiter
2918 1947 2974 2007 iu
3018 1945 3129 2004 ﬁlia
3177 1938 3577 2021 indisciplinata

1974 2026 2197 2085 honoris
2237 2020 2354 2101 ejus
2396 2033 2688 2093 diminutio
2726 2037 2808 2106 ﬁt,
2834 2040 2965 2112 quia
2992 2041 3049 2098 in
3074 2044 3426 2113 perversitate
3453 2059 3573 2100 mo-

1975 2136 2095 2175 rum
2118 2121 2261 2179 illius
2289 2125 2570 2185 tristitiam
2597 2137 2654 2186 et
2681 2146 2791 2191 non
2814 2132 3146 2193 hilaritatem
3176 2137 3355 2193 cordis
3390 2136 3571 2192 habet.

1972 2204 2059 2267 An
2084 2210 2172 2266 ille
2191 2216 2544 2275 contristatus
2571 2216 2639 2276 de
2667 2221 3055 2296 discipulorum
3078 2226 3421 2300 improbitate
3449 2225 3572 2296 fuit,

1974 2300 2067 2373 qui
2099 2303 2169 2359 ad
2204 2307 2466 2374 quosdam
2490 2310 2562 2364 ita
2585 2311 2827 2383 scripsit,
2853 2314 3077 2377 dicens:
3111 2335 3131 2368 t
3164 2316 3367 2377 Vellem
3392 2323 3573 2371 autem

1972 2407 2095 2449 esse
2119 2397 2261 2466 apud
2287 2412 2384 2455 vos
2413 2401 2592 2466 modo,
2630 2412 2686 2458 et
2715 2412 2930 2463 mutare
2967 2423 3158 2469 vocem
3198 2424 3377 2477 meam
3403 2427 3417 2467 :
3447 2424 3578 2481 quo-

1973 2482 2119 2539 niam
2158 2485 2460 2545 confundor
2506 2490 2562 2546 in
2600 2493 2789 2549 vobis?
2819 2515 2839 2548 ι
2881 2492 3026 2569 (Gal.
3068 2496 3166 2570 iv.)
3208 2497 3311 2568 Qui
3345 2488 3470 2559 alibi
3508 2500 3576 2557 de

1970 2570 2216 2644 profectu
2239 2576 2506 2635 bonorum
2531 2578 2766 2638 ﬁliorum
2789 2586 3030 2657 gaudens
3056 2587 3377 2660 gratulando
3400 2590 3577 2646 exsul-

1973 2674 2072 2735 tat,
2102 2668 2289 2726 dieens
2317 2689 2330 2726 :
2364 2693 2382 2725 t
2408 2672 2575 2730 Multa
2600 2675 2735 2732 mihi
2758 2677 2957 2736 ﬁducia
2983 2692 3067 2739 est
3084 2683 3225 2757 apud
3246 2697 3373 2751 VOS;
3404 2683 3576 2749 multa

1970 2761 2103 2817 mihi
2137 2762 2391 2834 gloriatio
2423 2782 2521 2847 pro
2547 2766 2730 2836 vobis;
2760 2772 2998 2847 repletus
3028 2790 3150 2833 sum
3183 2766 3571 2842 consolatione,

1971 2850 2350 2925 superabundo
2378 2846 2574 2932 gaudio
2602 2859 2658 2916 in
2690 2846 2840 2918 omni
2870 2860 3224 2921 tribulatione
3260 2874 3446 2923 nostra
3485 2865 3573 2938 (II

1970 2944 2094 3001 Cor.
2125 2947 2242 3022 vn).
2274 2969 2293 3001 ι
2349 2938 2416 3005 Et
2454 2951 2583 3006 item
2609 2970 2621 3006 :
2652 2972 2670 3005 ‹
2696 2946 2757 3007 In
2801 2953 3191 3023 consolatione,
3235 2956 3430 3033 inquit,
3476 2972 3573 3012 no-

1970 3046 2082 3093 stra
2113 3039 2476 3099 abundantius
2513 3044 2688 3117 magis
2716 3047 2887 3119 gavisi
2927 3063 3114 3107 sumus
3162 3064 3327 3121 super
3372 3050 3567 3123 gaudio

1971 3130 2099 3198 Titi,
2122 3133 2250 3204 quia
2278 3133 2514 3191 refectus
2539 3145 2623 3192 est
2642 3138 2866 3208 spiritus
2886 3140 3001 3210 ejus
3020 3143 3087 3195 ab
3107 3141 3361 3196 omnibus
3382 3142 3565 3209 vobis;

1893 3202 1941 3271 Ο
1969 3230 2025 3276 et
2064 3223 2111 3277 si
2140 3202 2307 3295 quid,
2344 3227 2486 3296 apud
2527 3202 2686 3283 illum
2718 3231 2784 3285 de
2811 3202 2967 3287 vobis
2994 3232 3256 3303 gloriatus
3292 3248 3430 3299 sum,
3460 3202 3570 3288 non

1969 3326 2091 3370 sum
2122 3316 2378 3373 confusus
2417 3316 2626 3391 (Ibid).
2658 3339 2678 3374 ι

2048 3424 2066 3458 t
2107 3405 2249 3462 Filia
2290 3407 2563 3478 prudens,
2617 3411 2905 3468 haereditas
2952 3402 3070 3468 viro
3096 3429 3222 3482 suo;
3261 3432 3389 3472 nam
3439 3432 3560 3486 quae

1979 3516 1996 3549 ι
2043 3495 2356 3566 confundit,
2389 3500 2445 3555 in
2476 3504 2859 3561 contumeliam
2890 3504 2950 3560 ﬁt
2978 3507 3256 3578 genitoris.
3307 3528 3325 3561 ι
3368 3507 3565 3564 Anima

1971 3604 2101 3661 ergo
2120 3606 2239 3663 quae
2261 3592 2560 3662 prudenter
2583 3602 2639 3650 et
2664 3596 2855 3651 devote
2880 3595 3082 3655 Christi
3108 3598 3390 3654 servitium
3418 3599 3564 3669 agit,

1971 3684 2039 3737 ad
2070 3682 2443 3738 haereditatem
2482 3685 2600 3757 ejus
2626 3687 2921 3758 pertinebit
2954 3708 2966 3742 :
3008 3706 3126 3763 qua:
3161 3698 3341 3745 autem
3371 3690 3563 3747 confu-

1971 3773 2123 3829 sione
2147 3775 2339 3847 dignas
2361 3790 2450 3833 res
2475 3780 2643 3850 gerit,
2670 3782 3055 3839 contumeliam
3076 3784 3307 3854 genitori
3334 3784 3566 3856 spiritali

1973 3863 2136 3934 facit,
2168 3868 2263 3938 qui
2305 3884 2427 3925 eam
2472 3885 2570 3942 per
2601 3869 2839 3944 Spiritus
2885 3876 3060 3931 sancti
3089 3877 3320 3948 gratiam
3366 3878 3424 3935 in
3463 3879 3564 3935 ha-

1971 3960 2232 4030 ptismate
2265 3964 2606 4033 regeneravit
2624 4005 2640 4033 ,
2665 3973 2720 4021 et
2748 3966 2851 4023 sibi
2880 3966 3047 4023 ﬁliam
3077 3968 3329 4040 adoptavi

2049 4090 2069 4126 t
2113 4073 2332 4132 Patrem
2365 4084 2421 4132 et
2445 4076 2623 4133 virum
2644 4077 2928 4135 confundit
2953 4080 3129 4136 audax
3146 4118 3163 4145 ,
3206 4087 3262 4135 et
3291 4080 3358 4139 ab
3384 4079 3566 4151 impiis

1978 4186 1997 4218 ι
2042 4182 2149 4223 non
2178 4169 2540 4225 minorabitur
2571 4189 2584 4224 :
2617 4171 2686 4226 ab
2719 4172 2963 4241 utrisque
2998 4180 3179 4233 autem
3210 4171 3562 4228 inhonorabi-

1980 4275 1999 4309 ι
2047 4265 2155 4311 tur.
2216 4277 2235 4311 ›
2286 4258 2452 4313 Pater
2498 4260 2694 4313 anima:
2739 4260 3061 4315 Christianae
3113 4263 3259 4316 Deus
3303 4273 3420 4328 est,
3478 4262 3566 4317 vir

1972 4358 2157 4405 autem
2207 4348 2325 4419 ejus
2371 4349 2643 4407 Christus.
2693 4351 2821 4407 Haec
2864 4367 2994 4422 ergo
3044 4352 3090 4407 si
3118 4352 3186 4407 ad
3233 4354 3562 4422 apostasiam

1975 4442 2219 4508 venerit,
2250 4450 2307 4497 et
2345 4442 2725 4499 haereticorum
2769 4458 3012 4498 errorem
3043 4443 3350 4513 procaciter
3380 4442 3563 4499 defen-

1895 4569 1950 4633 Β
1977 4533 2149 4601 derit,
2194 4535 2486 4593 inhonorat
2519 4546 2732 4606 patrem
2760 4552 2919 4591 suum
2949 4536 3245 4606 spiritalem
3278 4543 3334 4591 et
3363 4536 3560 4591 virum.

1977 4624 2085 4678 Sed
2129 4624 2253 4681 licet
2280 4627 2349 4682 ab
2391 4626 2570 4696 impiis
2595 4634 2652 4682 et
2691 4627 2775 4682 sui
2805 4627 3011 4683 erroris
3037 4626 3388 4698 participibus
3423 4641 3564 4696 pra:-

1977 4716 2276 4771 scntialiter
2304 4734 2410 4772 non
2437 4720 2794 4788 vituperetur,
2822 4721 2890 4774 ab
2928 4720 3174 4789 utrisque
3202 4726 3381 4774 tamen
3399 4758 3414 4784 ,
3460 4718 3563 4773 hoc

1975 4818 2059 4864 est
2076 4850 2089 4875 ,
2114 4818 2269 4879 patre
2290 4817 2344 4863 et
2370 4810 2485 4866 viro
2502 4851 2517 4877 ,
2544 4812 2610 4866 de
2631 4812 2826 4881 quibus
2846 4811 3094 4882 superius
3114 4810 3276 4875 dixit,
3304 4812 3359 4867 in
3382 4811 3561 4864 futuro

1969 4899 2174 4970 judicio
2199 4900 2576 4970 confundetur,
2609 4913 2665 4959 et
2690 4905 3037 4965 damnatione
3061 4904 3258 4958 merita
3284 4903 3562 4974 perpetuis

1975 4991 2153 5063 poenis
2182 4990 2513 5061 subjicietur.

2046 5106 2063 5137 ε
2110 5085 2311 5140 Musica
2356 5086 2413 5141 in
2445 5087 2593 5143 luctu
2624 5087 2934 5158 importuna
2962 5088 3238 5154 narratio;
3268 5085 3477 5158 ﬂagella
3505 5097 3561 5143 et

1975 5197 1994 5230 ι
2042 5177 2291 5233 doctrina
2318 5177 2372 5233 in
2400 5179 2549 5235 omni
2579 5187 2820 5249 tempore
2848 5179 3137 5250 sapientia.
3174 5198 3194 5232 ι
3230 5178 3434 5235 Contra
3466 5195 3562 5236 eos

1968 5269 2102 5325 facit
2140 5270 2233 5341 qui
2257 5270 2570 5340 operatione
2594 5286 2692 5326 sua
2719 5271 2775 5325 in
2807 5270 3051 5326 Ecclesia
3080 5265 3329 5340 plausum
3373 5271 3557 5342 populi

1968 5371 2025 5419 et
2043 5363 2281 5419 favorem
2303 5372 2583 5434 quaerunt,
2609 5373 2664 5420 et
2694 5378 2802 5419 non
2824 5364 2893 5419 ad
2934 5364 3038 5419 hoc
3060 5364 3317 5431 tendunt,
3342 5373 3401 5420 ut
3445 5381 3561 5421 ma-

1966 5459 2049 5529 gis
2094 5459 2563 5529 eompunetionem
2585 5458 2950 5529 lacrymarum
2995 5456 3048 5512 in
3080 5457 3419 5513 auditoribus
3447 5457 3561 5513 suis

1968 5552 2238 5617 excitent,
2280 5567 2404 5607 eum
2432 5550 2689 5607 Ecclesiae
2718 5550 2904 5621 panis,
2948 5565 3056 5605 non
3084 5550 3242 5622 panis
3277 5549 3348 5604 sit
3377 5546 3558 5601 riden-

1969 5641 2133 5710 tium,
2173 5644 2267 5698 sed
2297 5643 2615 5714 lugentium.
2658 5641 2784 5698 ldeo
2808 5641 2941 5697 dicit
2980 5640 3187 5719 ﬂagella
3221 5646 3278 5695 et
3317 5636 3561 5693 doctrina

1968 5730 2027 5785 in
2069 5731 2215 5787 omni
2244 5739 2485 5804 tempore
2510 5732 2819 5804 sapientiae,
2852 5732 2978 5803 quia
3023 5732 3077 5786 in
3120 5728 3268 5785 onmi
3322 5734 3561 5796 tempore

1967 5824 2253 5892 convenit,
2309 5832 2364 5879 ut
2414 5824 2481 5880 ad
2517 5825 2864 5896 praesentium
2905 5838 3085 5880 rerum
3137 5822 3445 5892 despectura
3507 5826 3561 5873 et
