4030 6478
493 405 590 462 9H

1103 398 1189 449 ιΒ.
1231 389 1487 446 RABANI
1525 383 1746 443 MAURI
1783 378 2108 438 ARCHIEP.
2150 372 2457 432 MOGUNT.
2499 367 2784 428 OPERUM
2822 365 3004 422 PARS
3041 365 3081 419 l.

3645 363 3766 419 912

493 521 564 576 ad
609 519 909 571 futurorum
955 508 1250 580 appetitum
1291 520 1387 575 per
1419 505 1670 558 doctores
1694 513 1822 555 suos
1846 495 2074 567 pepulus
2101 496 2154 556 Α
2177 492 2327 562 impii
2362 503 2550 546 omnes
2597 488 2714 544 dies
2732 487 2857 540 vitae
2895 483 3128 538 illorum.
3168 499 3187 531 ›
3220 479 3349 536 Duae
3387 479 3587 550 quippe
3627 488 3772 535 sunt

488 615 817 681 provocetur
843 644 860 670 ,
909 609 970 656 ut
1023 601 1160 656 sciat
1219 613 1364 652 nunc
1393 604 1606 665 tempus
1653 609 1771 649 esse
1820 588 2071 660 lugendi,

490 712 620 756 tunc
644 708 826 754 autem
871 693 1111 758 ridendi,
1159 706 1304 746 nunc
1352 698 1564 759 tempus
1618 685 1787 749 belli,
1819 692 1948 737 tunc
1983 695 2078 734 au-

487 800 600 848 tem
646 790 817 862 pacis.
867 787 1022 844 Unde
1065 786 1182 855 ipsa
1229 781 1440 838 Veritas
1495 780 1548 834 in
1594 775 1885 846 Evangelio
1936 773 2011 827 ait
2058 789 2071 825 :

493 905 514 936 ‹
548 881 700 935 Beati
719 879 812 950 qui
837 878 1024 948 lugent
1051 891 1213 939 nunc,
1243 872 1499 942 quoniam
1520 870 1624 939 ipsi
1653 867 2078 924 consolabuntur

490 974 706 1047 (Matth.
736 973 814 1042 v).
858 989 878 1024 ›
911 968 957 1024 Ε
1000 977 1192 1024 contra
1218 965 1344 1020 alibi
1375 963 1562 1020 mundi
1585 962 1947 1047 amatoribus,
1984 960 2075 1030 qui

485 1045 770 1137 praesentis
826 1063 954 1117 vitae
1013 1057 1433 1116 consolationem
1497 1065 1777 1125 quaerunt,
1803 1045 1828 1052 ”
1851 1051 2076 1107 commi-

486 1169 668 1224 natur,
721 1156 910 1212 dicens
968 1171 981 1207 :
1037 1171 1055 1204 ‹
1119 1150 1213 1206 Vae
1249 1149 1404 1204 vobis
1430 1147 1524 1218 qui
1568 1147 1786 1212 ridetis,
1821 1144 2074 1216 quoniam

487 1250 710 1307 ﬂebitis.
750 1269 768 1300 ι
804 1246 944 1302 Hinc
967 1251 1023 1299 et
1047 1241 1301 1298 Salomon
1325 1241 1402 1295 ait
1439 1257 1452 1294 :
1490 1258 1508 1291 ι
1541 1237 1648 1294 Cor
1672 1236 1997 1307 sapientium
2020 1237 2076 1289 in

485 1345 650 1398 domo
677 1341 875 1405 luctus,
905 1344 961 1391 et
987 1351 1082 1391 cor
1103 1333 1476 1404 insipientium
1506 1331 1561 1385 in
1590 1331 1749 1385 domo
1774 1328 2011 1383 laetitiae:
2050 1346 2069 1378 ι

486 1436 543 1492 id
568 1442 653 1491 est
670 1475 683 1501 ,
715 1433 772 1488 in
793 1432 955 1488 domo
983 1428 1104 1485 talis
1129 1427 1232 1482 viri
1247 1467 1264 1493 ,
1289 1426 1462 1496 quise
1487 1423 1748 1493 corripiat
1767 1422 2076 1493 delinquen-

483 1538 595 1586 tem
614 1570 629 1595 ,
674 1535 728 1584 et
754 1527 987 1582 adducat
1013 1523 1083 1578 ad
1107 1521 1414 1592 lacrymas:
1446 1537 1465 1570 ι
1497 1533 1606 1573 non
1650 1516 1708 1571 in
1741 1516 1902 1571 domo
1943 1513 2078 1569 laeti-

486 1621 611 1687 tiae;
653 1639 674 1672 ι
722 1618 816 1674 ubi
845 1617 1035 1672 doctor
1060 1613 1264 1682 decipit
1289 1621 1346 1666 et
1390 1598 1678 1681 decipitur,
1710 1606 1924 1677 quando
1967 1621 2077 1661 non

486 1710 898 1766 conversionem
944 1706 1313 1770 audientium,
1364 1704 1460 1759 sed
1507 1700 1729 1770 plausus
1779 1698 1972 1768 qut-erit
2021 1703 2076 1752 et

485 1801 723 1857 laudem.
749 1799 852 1856 Hic
879 1814 1095 1870 quoque
1117 1797 1371 1869 quoniam
1402 1801 1677 1850 saturatus
1700 1799 1803 1857 est,
1821 1800 2074 1861 propter-

2177 593 2380 641 mortes
2414 602 2426 637 :
2460 597 2566 638 una
2595 580 2869 650 corporis,
2910 591 3030 646 quae
3055 575 3306 632 omnibus
3334 572 3643 629 hominibus
3674 581 3776 629 est

2176 675 2506 741 communis;
2559 673 2664 728 alia
2703 671 2928 735 animm,
2969 683 3088 738 quae
3129 664 3508 737 peccatoribus
3553 662 3776 719 solum-

2177 771 2336 826 modo
2380 776 2464 824 est
2504 765 2754 838 specialis
2786 782 2798 818 :
2831 779 2937 818 una
2970 762 3025 816 in
3050 759 3304 832 praesenti
3332 756 3531 813 saeculo
3571 755 3777 813 tenni-

2177 870 2367 927 natur;
2408 858 2579 914 altera
2621 864 2799 912 autem
2829 855 2885 908 in
2909 861 3174 908 mternum
3199 865 3309 907 non
3345 849 3589 904 ﬁnietur.
3633 848 3778 904 Ideo

2177 953 2337 1019 dicit,
2393 951 2582 1022 Super.
2612 957 2885 1005 mortuum
2929 945 3200 1002 modicum
3254 943 3405 1014 plora
3432 983 3448 1008 ,
3499 942 3777 1013 quoniam

2139 1039 2144 1044 ’
2180 1043 2473 1115 requievit;
2517 1057 2665 1097 mors
2725 1039 2868 1096 enim
2917 1036 3161 1108 corporis
3217 1033 3503 1105 praesentis
3557 1033 3780 1089 laboris

2177 1147 2261 1193 est
2291 1137 2414 1192 ﬁnis
2432 1177 2446 1203 ,
2476 1144 2530 1190 et
2559 1133 2801 1204 requiem
2833 1132 2926 1187 dat
2955 1130 3158 1186 sanctis
3185 1144 3218 1184 a
3244 1127 3428 1185 dolore
3457 1127 3585 1182 vita:
3625 1143 3780 1197 prae-

2178 1229 2369 1286 sentis.
2415 1227 2676 1283 Similiter
2702 1235 2757 1282 et
2791 1224 2920 1279 illud
2950 1239 3057 1293 quo
3092 1221 3312 1286 dicitur,
3340 1219 3516 1275 luctus
3561 1218 3778 1273 mortui

2177 1329 2384 1392 septem
2417 1321 2566 1386 dies,
2611 1318 2745 1374 fatui
2793 1324 2973 1372 autem
3001 1323 3057 1370 et
3085 1313 3236 1383 impii
3267 1328 3456 1369 omnes
3485 1311 3606 1366 dies
3638 1310 3779 1365 vita:

2178 1414 2394 1470 illorum
2409 1453 2424 1479 ,
2447 1410 2714 1482 signiﬁcat
2735 1409 2876 1478 quod
2896 1406 3194 1477 corporalis
3215 1420 3362 1460 mors
3385 1402 3778 1458 tantummodo

2178 1502 2240 1558 ﬁt
2269 1502 2324 1557 in
2347 1499 2629 1572 praesentis
2655 1499 2781 1553 vitae
2813 1498 2987 1567 spatio
3004 1535 3020 1562 ,
3047 1493 3193 1566 quod
3218 1493 3525 1564 septenario
3551 1492 3777 1546 dierum

2179 1605 2407 1647 numero
2435 1587 2722 1653 discurrit;
2769 1586 3042 1641 fatuorum
3070 1591 3253 1639 autem
3284 1584 3389 1638 hoc
3410 1591 3525 1648 est,
3567 1596 3775 1652 pecca-

2181 1696 2359 1742 torum
2386 1691 2443 1739 et
2489 1683 2776 1752 impiorum
2807 1685 3089 1751 permanet
3112 1691 3303 1733 omnes
3325 1676 3442 1731 dies
3471 1675 3601 1729 vitae
3649 1673 3776 1728 illo-

2178 1793 2334 1842 rum,
2379 1776 2484 1830 hoc
2508 1782 2592 1830 est
2633 1774 2689 1828 in
2732 1772 2986 1828 saeculum
3040 1768 3255 1835 saeculi;
3305 1767 3521 1838 quando
3569 1765 3780 1819 animae

483 1911 550 1952 ea
588 1895 797 1965 recepit
833 1859 1262 1951 οοξιεοῖθιίοῇεηι
1304 1905 1477 1948 suam,
1521 1887 1768 1957 Denique
1809 1859 1941 1940 ίιυίςξ
1979 1900 2075 1939 ex-
2102 1880 2150 1941 Β
2179 1868 2394 1924 illorum
2424 1867 2540 1921 sine
2585 1864 2777 1921 mortis
2811 1864 3124 1920 interventu
3157 1859 3545 1933 perpetualiter
3570 1873 3780 1914 excru-

482 1987 742 2058 positioni
771 1987 938 2042 etiam
984 1994 1276 2056 sequentes
1318 1981 1574 2038 versiculi
1601 1977 1955 2036 concordant.
1985 1974 2080 2029 Ait

484 2079 634 2134 enim
663 2096 678 2133 :
713 2097 733 2131 ι
773 2076 963 2134 Melius
991 2086 1076 2134 est
1105 2078 1293 2134 audire
1328 2074 1757 2145 increpationem
1786 2068 2073 2140 sapientis,

485 2187 650 2243 super
670 2173 849 2228 virum
865 2172 1180 2228 audientem
1201 2185 1424 2227 carmen
1444 2168 1734 2225 stultorum
1749 2205 1767 2233 ,
1790 2166 1917 2234 quia
1938 2163 2081 2219 sicut

483 2280 591 2320 vox
623 2265 901 2334 spinarum
950 2263 1256 2320 ardentium
1300 2262 1401 2317 sub
1427 2259 1567 2326 olla,
1599 2259 1679 2314 sic
1717 2257 1861 2312 risus
1889 2253 2076 2318 stulti,

486 2356 582 2411 sed
609 2363 666 2411 et
699 2356 806 2412 hoc
833 2355 1048 2410 vanitas
1077 2352 1249 2426 (Eccl.
1282 2353 1382 2425 vn)
1415 2370 1428 2406 :
1472 2372 1490 2404 ›
1526 2349 1716 2406 Melius
1744 2356 1828 2404 est
1851 2345 1998 2402 enim
2046 2359 2080 2398 a

485 2445 733 2515 sapiente
753 2445 988 2516 corripi,
1015 2459 1181 2515 quam
1207 2459 1307 2514 per
1331 2442 1698 2498 adulationem
1727 2438 1902 2508 decipi
1926 2435 2080 2492 blan-

485 2536 784 2601 dientium;
806 2537 894 2592 cui
916 2536 1092 2591 simile
1115 2544 1199 2592 est
1217 2535 1349 2590 illud
1374 2554 1386 2588 :
1416 2553 1436 2586 (
1466 2534 1691 2590 Meliora
1711 2540 1839 2589 sunt
1856 2529 2080 2586 vulnera

485 2627 650 2682 amici
675 2643 837 2698 quam
857 2627 1166 2684 voluntaria
1188 2626 1372 2682 oscula
1393 2625 1600 2682 inimici
1615 2622 1801 2696 (Prov.
1831 2621 2023 2692 xxv").
2055 2639 2073 2673 ι

489 2720 646 2776 Sicut
673 2720 822 2776 enim
847 2735 954 2775 vox
985 2719 1265 2790 spinarum
1289 2719 1391 2775 sub
1419 2717 1523 2774 olla
1553 2715 1861 2772 ardentium
1889 2712 2082 2784 strepi-

486 2822 604 2869 tum
628 2813 808 2870 reddit
831 2813 1113 2870 insuavem
1132 2853 1147 2880 ,
1170 2813 1251 2868 sic
1270 2820 1326 2866 et
1348 2809 1619 2882 palpantis
1643 2807 1888 2880 magistri
1915 2807 2082 2863 verba

487 2920 597 2960 non
625 2903 924 2976 proderunt
949 2904 1035 2959 vel
1057 2905 1124 2960 ad
1144 2918 1306 2959 curas
1336 2901 1550 2968 saeculi,
1576 2915 1698 2971 quae
1723 2899 1890 2970 spinae
1916 2899 2084 2952 inter-

486 3005 802 3067 pretantur,
855 2998 1132 3055 auditores
1181 3013 1310 3053 suos
1358 2995 1726 3061 cobortantis,
1772 2991 1860 3048 vel
1901 2992 2084 3047 futuro

489 3103 584 3144 cos
618 3088 872 3145 incendio
895 3089 1275 3160 praeparantis.

1115 3199 1346 3256 CAPUT
1384 3198 1452 3253 V.

491 3291 647 3359 Quod
689 3291 776 3347 ille
795 3293 884 3365 qui
908 3293 1138 3365 loquitur
1159 3291 1368 3365 verbum
1411 3305 1517 3365 non
1557 3287 1874 3365 attendenti,
1904 3288 1979 3342 sic
2007 3295 2086 3365 est
2111 3252 2157 3316 Ε

576 3365 728 3434 quasi
770 3361 861 3435 qui
889 3361 1232 3417 dormientem
1265 3362 1328 3415 de
1358 3361 1503 3431 gravi
1531 3361 1752 3414 suscitat
1789 3363 2015 3422 somqu
2079 3363 2086 3388 ³

629 3453 733 3521 Qui
753 3453 911 3509 docet
925 3452 1134 3508 fatuum
1151 3493 1166 3519 ,
1183 3451 1341 3522 quasi
1363 3451 1458 3522 qui
1471 3449 1804 3521 conglutinat
1821 3459 2036 3506 testam.
2063 3467 2081 3500 ι

492 3543 648 3600 Sicut
678 3554 840 3613 testa,
863 3546 993 3600 licet
1037 3545 1208 3599 multo
1247 3544 1434 3600 labore
1479 3543 1707 3600 artiﬁcis
1734 3543 2087 3609 conﬁciatur,

493 3645 682 3690 tamen
714 3637 781 3691 ad
817 3636 1133 3691 ﬁrmitatem
1160 3635 1354 3705 lapidis
1382 3651 1492 3691 non
1519 3635 1868 3706 perducitur,
1901 3635 1994 3690 sed
2023 3650 2091 3689 ex

493 3726 675 3798 fragili
707 3726 936 3782 materia
977 3725 1275 3791 fabricata,
1315 3724 1563 3796 fragilem
1593 3725 1679 3780 sui
1719 3725 1961 3794 corporis
1991 3739 2091 3777 ex-

494 3819 649 3874 hibet
696 3825 931 3885 statum,
977 3818 1056 3874 sic
1100 3827 1158 3874 et
1184 3817 1393 3883 fatuus,
1422 3817 1552 3874 licet
1594 3817 1782 3874 solerti
1809 3831 1937 3870 cura
1971 3831 2090 3870 ma-

495 3910 653 3982 gistri
700 3909 760 3965 in
789 3910 938 3966 omni
982 3909 1268 3979 disciplina
1316 3908 1590 3963 nutriatur
1637 3908 1724 3961 vel
1770 3907 2090 3974 edoceatur,

498 4003 588 4057 vix
621 4010 805 4058 tamen
829 4003 898 4058 ad
921 4001 1313 4072 perfectionem
1335 4000 1464 4056 boni
1487 3999 1734 4070 discipuli
1757 3999 2090 4070 perducitur.

499 4093 610 4149 Sed
633 4094 775 4149 sicut
796 4107 960 4152 sensu
987 4101 1074 4149 est
1099 4094 1295 4149 brutus
1315 4101 1372 4148 et
1391 4093 1574 4146 animo
1592 4092 1904 4157 indevotus,
1930 4091 2095 4145 etiam

501 4186 730 4243 scientia
776 4194 834 4243 et
877 4186 1082 4244 virtute
1109 4185 1334 4243 minime
1363 4185 1471 4242 erit
1509 4183 1800 4255 perfectus.
1851 4183 2004 4240 Unde
2043 4191 2098 4238 et

503 4280 756 4337 subditur
786 4296 807 4338 :
1195 4321 1202 4326 .

578 4392 598 4426 ‹
640 4372 744 4441 Qui
790 4381 983 4428 narrat
1023 4373 1251 4429 verbum
1298 4386 1408 4428 non
1437 4369 1774 4436 attendenti,
1807 4368 1966 4437 quasi
2005 4367 2100 4437 qui

508 4481 526 4513 ι
574 4462 778 4517 excitat
822 4462 1181 4518 dormientem
1233 4461 1299 4517 de
1348 4461 1501 4531 gravi
1545 4474 1759 4516 somno.
1814 4478 1833 4510 ›
1869 4455 2010 4527 Apta
2041 4456 2104 4510 ﬁt

504 4553 844 4624 comparatio
899 4553 1251 4619 dormientis,
1304 4560 1360 4609 et
1407 4567 1516 4607 non
1556 4551 1922 4616 attendentis,
1974 4551 2102 4620 quia

2178 1963 2392 2018 ciantur
2419 1960 2474 2014 in
2507 1957 2738 2014 inferno.

2157 2081 2161 2085 -
2255 2075 2273 2108 ι
2319 2055 2454 2111 Cum
2490 2052 2654 2110 stulto
2689 2066 2800 2107 non
2841 2049 3073 2105 multum
3122 2046 3482 2118 colloquaris,
3533 2051 3592 2100 et
3644 2058 3776 2098 cum

2182 2167 2203 2202 ι
2247 2149 2522 2204 insensato
2547 2161 2615 2200 ne
2641 2143 2840 2201 abieris
2875 2161 2888 2197 :
2919 2156 3076 2199 serva
3116 2149 3168 2197 te
3190 2141 3260 2200 ab
3287 2139 3380 2196 illo
3407 2148 3468 2194 ut
3495 2153 3609 2194 non
3655 2152 3781 2192 mo-

2183 2261 2201 2292 «
2245 2240 2460 2296 lestiam
2505 2238 2741 2303 habeas,
2793 2243 2849 2292 et
2898 2250 3006 2290 non
3053 2229 3492 2302 coinquinaberis
3541 2235 3779 2299 peccato

2184 2349 2202 2382 ι
2246 2330 2408 2386 illius.
2437 2327 2670 2384 Deﬁecte
2700 2327 2766 2382 ab
2796 2325 2887 2382 illo
2913 2333 2967 2382 et
2992 2325 3239 2380 invenies
3266 2322 3512 2393 requiem
3530 2361 3544 2387 ,
3575 2328 3634 2375 et
3661 2334 3776 2374 non

2185 2439 2204 2472 ‹
2253 2418 2588 2476 acediaberis
2631 2417 2689 2474 in
2718 2416 2947 2473 stultitia
2981 2415 3145 2470 illius.
3185 2434 3202 2466 ι
3246 2413 3306 2468 ln
3355 2412 3443 2468 his
3482 2411 3778 2466 sententiis

2181 2509 2449 2582 sapientia
2479 2509 2668 2575 docet,
2709 2517 2771 2563 ut
2797 2524 2921 2564 cum
2947 2505 3126 2562 stultis
3153 2503 3464 2560 hominibus
3509 2517 3622 2557 non
3648 2515 3778 2572 pro—

2181 2603 2463 2659 trahamus
2490 2601 2848 2666 locutionem;
2882 2613 3010 2670 quia
3058 2597 3133 2653 ibi
3179 2594 3383 2651 nullam
3427 2593 3778 2650 inveniemus

2181 2696 2504 2764 utilitatem,
2532 2702 2588 2751 et
2631 2693 2872 2749 maxime
2906 2692 2962 2748 in
2991 2689 3292 2756 haereticis,
3325 2703 3562 2760 quorum
3593 2686 3780 2742 stulti-

2182 2791 2260 2845 tia
2295 2789 2454 2860 plena
2480 2796 2567 2845 est
2587 2785 2944 2858 blasphemia.
2981 2781 3304 2855 Hujusmodi
3344 2780 3494 2836 enim
3523 2779 3780 2835 homines

2185 2883 2459 2940 (levitandi
2509 2889 2666 2948 sunt,
2712 2896 2780 2936 ne
2806 2881 2859 2934 in
2885 2887 3233 2950 peccatorum
3259 2875 3472 2931 illorum
3523 2872 3779 2928 sordibus

2185 2981 2631 3050 coinquinemur,
2685 2988 2741 3033 et
2781 2978 3022 3047 quietem
3048 2973 3197 3044 pacis
3230 2979 3286 3026 et
3319 2967 3774 3040 tranquillitatem

2188 3072 2538 3138 amittamus,
2583 3070 2709 3140 quia
2745 3084 2866 3123 cum
2899 3067 2985 3122 liis
3027 3078 3303 3134 nunquam
3345 3060 3598 3130 requiem
3631 3058 3783 3112 inve-

2188 3163 2428 3226 niemus;
2455 3160 2502 3217 si
2521 3160 2666 3214 enim
2687 3174 2746 3214 se
2766 3166 3084 3214 convertere
3105 3151 3376 3210 voluerint
3394 3192 3408 3214 ,
3439 3157 3498 3204 et
3526 3149 3783 3203 deserere

2189 3268 2433 3311 errorem
2483 3266 2672 3318 suum,
2724 3257 2783 3303 ut
2831 3248 3154 3318 resipiscaut
3207 3260 3240 3299 a
3284 3240 3484 3298 diaboli
3533 3239 3781 3309 laqueis,

2192 3347 2387 3418 quibus
2412 3344 2557 3414 capti
2584 3342 2910 3398 tenebantur
2937 3340 3004 3395 ad
3034 3338 3204 3408 ipsius
3243 3335 3584 3390 voluntatem
3607 3373 3623 3396 ,
3669 3331 3784 3400 jam

2190 3454 2300 3493 non
2355 3447 2415 3492 ut
2461 3433 2713 3501 inimici,
2774 3433 2868 3488 sed
2919 3440 2981 3485 ut
3035 3429 3235 3484 fratres
3294 3423 3569 3481 tractandi
3633 3428 3780 3476 sunt.

2193 3529 2462 3586 Caeterum
2506 3534 2687 3582 autem
2749 3522 2985 3594 quandiu
3031 3521 3086 3576 in
3131 3533 3318 3575 errore
3377 3530 3478 3571 suo
3523 3512 3784 3584 perstite-

2194 3622 2336 3687 rint,
2382 3618 2603 3675 omnino
2646 3623 2771 3673 sunt
2809 3613 3049 3685 fugiendi
3093 3627 3156 3666 ac
3189 3606 3494 3669 devitandi,
3528 3619 3636 3660 nec
3679 3602 3784 3656 ullo

2195 3709 2591 3769 communionis
2633 3706 2828 3763 solatio
2872 3702 3109 3759 fovendi.
3169 3699 3323 3756 Unde
3366 3697 3496 3753 dicit
3546 3692 3786 3749 Joannes

2197 3801 2470 3874 apostolus
2515 3818 2528 3855 :
2568 3819 2586 3851 ε
2624 3796 2684 3854 Si
2710 3797 2832 3868 quis
2855 3794 3006 3850 venit
3033 3794 3102 3849 ad
3132 3807 3260 3858 vos,
3289 3799 3344 3846 et
3387 3790 3533 3844 hanc
3583 3785 3787 3841 doctri-

2196 3910 2324 3950 nam
2350 3910 2458 3950 non
2485 3891 2668 3956 allcrt,
2700 3891 2867 3945 nolite
2891 3889 3135 3958 recipere
3157 3900 3280 3941 eum
3313 3883 3368 3938 in
3394 3882 3618 3938 domum
3637 3920 3652 3941 ,
3688 3893 3787 3932 nec

2196 4001 2297 4040 ave
2317 3985 2366 4039 ei
2381 3982 2630 4039 dixeritis
2647 3979 2732 4052 (ΙΙ
2749 3979 2911 4034 Joan.
2938 3978 3000 4048 1):
3026 3997 3044 4028 ι
3073 3976 3164 4046 qui
3188 3974 3332 4030 enim
3358 3968 3650 4025 dixeritilli
3667 3982 3788 4032 ave,

2199 4075 2562 4132 communicat
2601 4071 2854 4142 operibus
2883 4069 3000 4139 ejus
3029 4066 3297 4137 malignis.
3333 4062 3471 4132 Hinc
3498 4070 3556 4116 et
3585 4059 3788 4114 Paulus

2201 4169 2278 4224 ait
2307 4188 2320 4223 :
2359 4187 2377 4220 ι
2411 4167 2738 4223 Hmreticum
2764 4163 3041 4220 hominem
3063 4168 3187 4230 post
3209 4171 3374 4212 unam
3401 4163 3458 4209 et
3491 4153 3793 4208 secundam

2202 4261 2601 4332 correptionem
2647 4258 2851 4322 devita,
2883 4254 3060 4311 sciens
3087 4251 3213 4322 quia
3259 4249 3556 4305 subversus
3587 4254 3676 4299 est
3705 4243 3794 4314 qui

2202 4353 2511 4424 hujusmodi
2538 4359 2651 4417 est,
2679 4358 2735 4405 ct
2774 4349 3002 4418 deliquit
3025 4344 3245 4416 proprio
3282 4341 3489 4412 judicio
3532 4340 3794 4395 condem-

2203 4452 2364 4500 natus
2386 4443 2514 4516 (Tit.
2545 4442 2650 4515 ιιι).
2688 4461 2707 4494 ι
2742 4440 2810 4495 Et
2829 4439 2954 4509 quia
2975 4434 3284 4505 hujusmodi
3306 4433 3587 4488 hominum
3613 4445 3796 4485 mores

2206 4545 2260 4591 et
2289 4536 2456 4592 verba
2484 4533 2719 4591 difﬁcilia
2748 4539 2873 4587 sunt
2903 4529 2970 4587 ad
3008 4527 3364 4600 portandum,
3405 4523 3527 4580 ideo
3571 4522 3796 4593 subjun-

507 4645 650 4700 sicut
677 4646 770 4702 ille
795 4654 1052 4718 gravatur
1079 4615 1302 4715 somno,
1333 4646 1412 4702 ita
1440 4645 1543 4702 iste
1573 4644 1741 4701 stulto
1775 4615 2100 4715 opprimitur
2127 4615 2180 4676 D
2207 4628 2352 4700 Sil“?
2379 4645 2391 4681 ε

508 4754 696 4798 sensu.
728 4739 882 4798 Unde
910 4739 1257 4811 subjungitur
1289 4757 1303 4794 ε

647 4829 785 4887 Cum
835 4831 1144 4890 dormiente
1188 4829 1427 4902 loquitur
1472 4831 1566 4902 qui
1609 4838 1895 4886 enumerat
1937 4827 2102 4884 stulto

515 4945 533 4977 ε
582 4923 936 4996 sapientiam,
967 4931 1023 4980 et
1051 4923 1107 4979 in
1133 4922 1243 4980 ﬁne
1269 4923 1422 4990 dicit,
1452 4921 1584 4990 Quis
1631 4930 1716 4979 est
1758 4922 1882 4977 hic?
1915 4942 1932 4974 ι
1984 4918 2101 4975 Non

510 5020 656 5075 enim
687 5018 792 5075 rite
837 5017 1091 5090 intelligit
1139 5017 1401 5074 doctrinae
1444 5017 1703 5084 verbum,
1734 5030 1909 5085 neque
1949 5020 2102 5085 grate

509 5110 741 5181 suscipit
770 5109 1018 5165 docentis
1062 5107 1320 5164 studium.
1367 5107 1521 5164 Unde
1555 5107 1610 5161 in
1655 5103 1964 5176 hujusmodi
1996 5102 2106 5157 dis-

509 5202 710 5274 pendio
757 5202 932 5274 magis
979 5200 1269 5258 dolendum
1299 5208 1574 5270 estquam
1621 5198 1962 5269 gaudendum
1987 5237 2002 5263 ,
2051 5205 2106 5251 et

508 5309 612 5363 pro
634 5293 1045 5364 recuperatioue
1065 5293 1252 5364 aegroti
1272 5308 1398 5349 cum
1420 5290 1635 5348 ﬂetibus
1657 5289 1942 5356 orandum,
1979 5287 2105 5358 quia

513 5384 630 5455 ipse
655 5399 756 5455 pro
779 5385 952 5440 salute
980 5400 1077 5440 sua
1103 5400 1322 5458 gemere
1352 5383 1546 5440 nescit.

503 5507 508 5511 -
596 5496 613 5529 ι
661 5475 835 5546 Super
861 5486 1134 5533 mortuum
1161 5477 1314 5549 plora
1334 5520 1348 5546 ,
1379 5477 1565 5534 deﬁcit
1584 5477 1728 5533 enim
1753 5477 1843 5531 lux
1873 5477 2022 5546 ejus;
2053 5482 2108 5529 ct

519 5583 684 5639 super
709 5565 918 5622 fatuum
948 5568 1101 5638 plora
1122 5609 1136 5635 ,
1169 5569 1351 5625 deﬁcit
1377 5570 1524 5625 enim
1558 5584 1748 5625 sensus
1773 5568 1908 5639 ejus.
1943 5567 2111 5622 Modi-

521 5673 648 5714 cum
705 5656 860 5729 plora
915 5673 1077 5729 super
1124 5669 1395 5716 mortuum
1431 5703 1445 5727 ,
1501 5661 1754 5733 quoniam
1825 5657 2106 5728 requievit.

522 5747 854 5821 Nequissimi
903 5750 1050 5806 enim
1099 5750 1432 5821 nequissima
1487 5754 1630 5818 vita,
1677 5768 1838 5823 super
1881 5761 2110 5810 mortem

525 5842 678 5928 fatui.
733 5843 935 5903 Luctus
983 5843 1181 5904 mortui
1231 5853 1434 5916 septem
1478 5847 1627 5915 dies,
1680 5845 1812 5901 fatui
1849 5854 2028 5902 autem
2057 5852 2113 5900 et

2284 4761 2304 4794 ι
2351 4739 2526 4812 Super
2551 4738 2830 4809 plumbum
2878 4734 3007 4805 quid
3055 4729 3401 4805 gravabitur?
3445 4727 3680 4798 etquod
3729 4723 3798 4778 illi

2215 4856 2232 4888 ι
2281 4834 2428 4891 aliud
2451 4847 2649 4889 nomen
2702 4846 2867 4901 quam
2912 4828 3126 4884 fatuus?
3155 4826 3394 4882 Arenam
3437 4830 3495 4878 et
3535 4820 3708 4877 salem
3750 4828 3800 4872 et

2216 4950 2234 4984 ι
2280 4941 2518 4984 massam
2545 4925 2675 4980 ferri
2697 4923 2912 4980 facilius
2939 4929 3022 4978 est
3050 4929 3268 4992 portare
3287 4959 3301 4984 ,
3326 4930 3493 4988 quam
3520 4913 3800 4969 hominem

2218 5039 2237 5073 ι
2283 5016 2682 5089 imprudentem
2711 5022 2767 5070 et
2794 5012 3004 5069 fatuum
3028 5019 3084 5067 et
3111 5011 3354 5081 impium.
3394 5025 3413 5059 ι
3448 5004 3590 5060 Huic
3625 5002 3801 5058 simile

2211 5119 2295 5166 est
2321 5107 2450 5164 illud
2471 5148 2486 5174 ,
2515 5108 2659 5177 quod
2686 5106 2742 5160 in
2770 5103 3082 5160 Proverbiis
3106 5103 3369 5170 scriptum
3392 5106 3478 5154 est
3510 5114 3523 5150 :
3567 5115 3587 5149 ι
3623 5094 3801 5151 Grave

2212 5210 2298 5257 est
2322 5216 2513 5256 saxum
2531 5241 2544 5264 ,
2579 5205 2634 5252 et
2663 5211 2894 5252 onerosa
2924 5210 3118 5261 arena;
3152 5192 3248 5249 sed
3277 5192 3359 5245 ira
3387 5187 3538 5245 stulti
3568 5195 3799 5256 utroque

2213 5291 2428 5365 gravior
2444 5287 2625 5360 (Prov.
2644 5287 2834 5350 xxvu).
2862 5307 2880 5338 ›
2901 5285 2970 5340 Ει
2985 5286 3143 5340 item:
3168 5302 3186 5334 ‹
3208 5281 3398 5337 Melius
3411 5287 3498 5335 est
3511 5291 3799 5332 occurrere

2211 5398 2352 5437 ursae
2371 5379 2542 5450 raptis
2562 5379 2760 5434 fetibus
2777 5417 2793 5444 ,
2815 5391 2977 5446 quam
2997 5375 3161 5430 stulto
3175 5371 3470 5429 conﬁdenti
3493 5371 3551 5426 in
3573 5365 3799 5424 stultitia

2213 5487 2308 5527 sua
2323 5468 2510 5542 (Prov.
2526 5467 2682 5538 xvn).
2708 5487 2726 5518 ι
2745 5467 2924 5522 Arena
2946 5466 3276 5520 minutorum
3301 5469 3485 5534 potest
3495 5457 3800 5530 signiﬁcare

2213 5563 2612 5621 multitudinem
2626 5569 2972 5632 peccatorum
2993 5577 3006 5613 :
3033 5558 3111 5614 sal
3123 5557 3247 5628 quia
3264 5571 3364 5627 pro
3381 5551 3649 5623 sapientia
3664 5560 3801 5616 Stepe

2215 5661 2269 5715 in
2311 5657 2607 5729 Scripturis
2645 5655 2898 5726 ponitur,
2944 5651 3033 5707 hic
3063 5656 3242 5720 potest
3279 5645 3590 5718 signiﬁcare
3630 5636 3802 5709 philo-

2217 5752 2413 5820 sophos
2448 5748 2756 5819 gentilium,
2801 5744 2890 5814 qui
2919 5742 3198 5811 sapientia:
3233 5739 3516 5794 imitantur
3533 5730 3798 5789 studium;

2217 5856 2396 5898 massa
2447 5837 2579 5896 ferri
2608 5837 2860 5894 duritiam
2898 5828 3292 5903 persecutionis
3319 5839 3654 5900 paganorum
3689 5839 3702 5875 ;
3751 5824 3801 5873 et
