  <div class='ocr_page' id='page_1' title='image "/cluster/home/n/w/nwhite01/storage/ocr_20150623/109/hvd.32044015466857/460.png"; bbox 0 0 4030 6464; ppageno 0'>
   <div class='ocr_carea' id='block_1_1' title="bbox 294 389 400 445">
    <p class='ocr_par' dir='ltr' id='par_1_1' title="bbox 294 389 400 445">
     <span class='ocr_line' id='line_1_1' title="bbox 294 389 400 445; baseline -0.009 0"><span class='ocrx_word' id='word_1_1' title='bbox 294 389 400 445; x_wconf 69' lang='grc'><strong>915</strong></span> 
     </span>
    </p>
   </div>
   <div class='ocr_carea' id='block_1_2' title="bbox 1167 373 2663 448">
    <p class='ocr_par' dir='ltr' id='par_1_2' title="bbox 1167 373 2663 448">
     <span class='ocr_line' id='line_1_2' title="bbox 1167 373 2663 448; baseline -0.001 -2"><span class='ocrx_word' id='word_1_2' title='bbox 1167 386 1518 446; x_wconf 64' lang='lat' dir='ltr'><strong>conamur.</strong></span> <span class='ocrx_word' id='word_1_3' title='bbox 1559 388 1628 444; x_wconf 86' lang='lat' dir='ltr'><strong>IN</strong></span> <span class='ocrx_word' id='word_1_4' title='bbox 1666 373 2389 448; x_wconf 41' lang='lat' dir='ltr'><strong>ECCLESIASTICUMxé</strong></span> <span class='ocrx_word' id='word_1_5' title='bbox 2426 387 2554 444; x_wconf 86' lang='lat' dir='ltr'><strong>LIB.</strong></span> <span class='ocrx_word' id='word_1_6' title='bbox 2597 390 2663 444; x_wconf 89' lang='lat' dir='ltr'><strong>v.</strong></span> 
     </span>
    </p>
   </div>
   <div class='ocr_carea' id='block_1_3' title="bbox 3451 384 3559 440">
    <p class='ocr_par' dir='ltr' id='par_1_3' title="bbox 3451 384 3559 440">
     <span class='ocr_line' id='line_1_3' title="bbox 3451 384 3559 440; baseline 0 0"><span class='ocrx_word' id='word_1_7' title='bbox 3451 384 3559 440; x_wconf 75' lang='lat' dir='ltr'><strong>9M</strong></span> 
     </span>
    </p>
   </div>
   <div class='ocr_carea' id='block_1_4' title="bbox 288 498 3565 574">
    <p class='ocr_par' dir='ltr' id='par_1_4' title="bbox 288 498 3565 574">
     <span class='ocr_line' id='line_1_4' title="bbox 288 498 3565 574; baseline 0.001 -19"><span class='ocrx_word' id='word_1_8' title='bbox 288 500 420 573; x_wconf 85' lang='lat' dir='ltr'><strong>quia</strong></span> <span class='ocrx_word' id='word_1_9' title='bbox 471 498 588 554; x_wconf 77' lang='lat' dir='ltr'><strong>haec</strong></span> <span class='ocrx_word' id='word_1_10' title='bbox 631 499 812 556; x_wconf 82' lang='lat' dir='ltr'><strong>omnia</strong></span> <span class='ocrx_word' id='word_1_11' title='bbox 857 512 1141 573; x_wconf 75' lang='lat' dir='ltr'><strong>comparat</strong></span> <span class='ocrx_word' id='word_1_12' title='bbox 1192 504 1398 559; x_wconf 85' lang='lat' dir='ltr'><strong>homini</strong></span> <span class='ocrx_word' id='word_1_13' title='bbox 1444 504 1769 574; x_wconf 77' lang='lat' dir='ltr'><strong>imprudenti</strong></span> <span class='ocrx_word' id='word_1_14' title='bbox 1819 511 1876 559; x_wconf 89' lang='lat' dir='ltr'><strong>et</strong></span> <span class='ocrx_word' id='word_1_15' title='bbox 1898 504 2162 572; x_wconf 64' lang='lat' dir='ltr'><strong>Alidati,</strong></span> <span class='ocrx_word' id='word_1_16' title='bbox 2212 513 2267 560; x_wconf 90' lang='lat' dir='ltr'><strong>et</strong></span> <span class='ocrx_word' id='word_1_17' title='bbox 2317 506 2495 560; x_wconf 85' lang='lat' dir='ltr'><strong>cordis</strong></span> <span class='ocrx_word' id='word_1_18' title='bbox 2545 504 2717 559; x_wconf 90' lang='lat' dir='ltr'><strong>timidi</strong></span> <span class='ocrx_word' id='word_1_19' title='bbox 2754 503 3134 560; x_wconf 72' lang='lat' dir='ltr'><strong>haereticorum</strong></span> <span class='ocrx_word' id='word_1_20' title='bbox 3157 500 3462 557; x_wconf 75' lang='lat' dir='ltr'><strong>vacillantis</strong></span> <span class='ocrx_word' id='word_1_21' title='bbox 3508 503 3565 558; x_wconf 90' lang='lat' dir='ltr'><strong>in</strong></span> 
     </span>
    </p>
   </div>
   <div class='ocr_carea' id='block_1_5' title="bbox 288 590 1872 664">
    <p class='ocr_par' dir='ltr' id='par_1_5' title="bbox 288 590 1872 664">
     <span class='ocr_line' id='line_1_5' title="bbox 288 590 1872 664; baseline 0.003 -20"><span class='ocrx_word' id='word_1_22' title='bbox 288 591 440 645; x_wconf 81' lang='lat' dir='ltr'><strong>fatuo</strong></span> <span class='ocrx_word' id='word_1_23' title='bbox 492 598 546 644; x_wconf 89' lang='lat' dir='ltr'><strong>et</strong></span> <span class='ocrx_word' id='word_1_24' title='bbox 570 590 776 661; x_wconf 72' lang='lat' dir='ltr'><strong>impio,</strong></span> <span class='ocrx_word' id='word_1_25' title='bbox 827 593 1078 648; x_wconf 83' lang='lat' dir='ltr'><strong>videlicet</strong></span> <span class='ocrx_word' id='word_1_26' title='bbox 1106 594 1390 658; x_wconf 70' lang='lat' dir='ltr'><strong>ha:retico,</strong></span> <span class='ocrx_word' id='word_1_27' title='bbox 1420 594 1513 664; x_wconf 89' lang='lat' dir='ltr'><strong>qui</strong></span> <span class='ocrx_word' id='word_1_28' title='bbox 1560 593 1872 663; x_wconf 83' lang='lat' dir='ltr'><strong>imprudens</strong></span> 
     </span>
    </p>
   </div>
   <div class='ocr_carea' id='block_1_6' title="bbox 288 681 1876 754">
    <p class='ocr_par' dir='ltr' id='par_1_6' title="bbox 288 681 1876 754">
     <span class='ocr_line' id='line_1_6' title="bbox 288 681 1876 754; baseline 0.001 -17"><span class='ocrx_word' id='word_1_29' title='bbox 288 692 372 739; x_wconf 80' lang='lat' dir='ltr'><strong>est</strong></span> <span class='ocrx_word' id='word_1_30' title='bbox 399 682 628 738; x_wconf 88' lang='lat' dir='ltr'><strong>scientia</strong></span> <span class='ocrx_word' id='word_1_31' title='bbox 646 723 660 748; x_wconf 92' lang='lat'><strong>,</strong></span> <span class='ocrx_word' id='word_1_32' title='bbox 695 681 876 738; x_wconf 89' lang='lat' dir='ltr'><strong>fatuus</strong></span> <span class='ocrx_word' id='word_1_33' title='bbox 903 683 1182 750; x_wconf 84' lang='lat' dir='ltr'><strong>doctrina,</strong></span> <span class='ocrx_word' id='word_1_34' title='bbox 1215 685 1410 754; x_wconf 91' lang='lat' dir='ltr'><strong>impius</strong></span> <span class='ocrx_word' id='word_1_35' title='bbox 1434 682 1579 750; x_wconf 88' lang='lat' dir='ltr'><strong>vita&#39;,</strong></span> <span class='ocrx_word' id='word_1_36' title='bbox 1607 683 1876 754; x_wconf 88' lang='lat' dir='ltr'><strong>signiﬁcat</strong></span> 
     </span>
    </p>
   </div>
   <div class='ocr_carea' id='block_1_7' title="bbox 290 775 1872 847">
    <p class='ocr_par' dir='ltr' id='par_1_7' title="bbox 290 775 1872 847">
     <span class='ocr_line' id='line_1_7' title="bbox 290 775 1872 847; baseline -0.003 -15"><span class='ocrx_word' id='word_1_37' title='bbox 290 775 687 833; x_wconf 86' lang='lat' dir='ltr'><strong>intolerabilius</strong></span> <span class='ocrx_word' id='word_1_38' title='bbox 713 791 837 832; x_wconf 88' lang='lat' dir='ltr'><strong>esse</strong></span> <span class='ocrx_word' id='word_1_39' title='bbox 863 775 1067 831; x_wconf 89' lang='lat' dir='ltr'><strong>malum</strong></span> <span class='ocrx_word' id='word_1_40' title='bbox 1085 817 1101 843; x_wconf 94' lang='lat'><strong>,</strong></span> <span class='ocrx_word' id='word_1_41' title='bbox 1121 777 1267 847; x_wconf 89' lang='lat' dir='ltr'><strong>quod</strong></span> <span class='ocrx_word' id='word_1_42' title='bbox 1295 777 1550 847; x_wconf 84' lang='lat' dir='ltr'><strong>ipse&#39;agit</strong></span> <span class='ocrx_word' id='word_1_43' title='bbox 1593 783 1716 845; x_wconf 91' lang='lat' dir='ltr'><strong>post</strong></span> <span class='ocrx_word' id='word_1_44' title='bbox 1749 789 1872 846; x_wconf 84' lang='lat' dir='ltr'><strong>per-</strong></span> 
     </span>
    </p>
   </div>
   <div class='ocr_carea' id='block_1_8' title="bbox 288 865 1871 936">
    <p class='ocr_par' dir='ltr' id='par_1_8' title="bbox 288 865 1871 936">
     <span class='ocr_line' id='line_1_8' title="bbox 288 865 1871 936; baseline 0 -14"><span class='ocrx_word' id='word_1_45' title='bbox 288 866 596 936; x_wconf 89' lang='lat' dir='ltr'><strong>ceptionem</strong></span> <span class='ocrx_word' id='word_1_46' title='bbox 637 865 781 921; x_wconf 86' lang='lat' dir='ltr'><strong>sacri</strong></span> <span class='ocrx_word' id='word_1_47' title='bbox 827 865 1200 936; x_wconf 88' lang='lat' dir='ltr'><strong>baptismatis,</strong></span> <span class='ocrx_word' id='word_1_48' title='bbox 1232 873 1289 922; x_wconf 89' lang='lat' dir='ltr'><strong>et</strong></span> <span class='ocrx_word' id='word_1_49' title='bbox 1326 867 1724 923; x_wconf 77' lang='lat' dir='ltr'><strong>confessionem</strong></span> <span class='ocrx_word' id='word_1_50' title='bbox 1769 881 1871 922; x_wconf 85' lang='lat' dir='ltr'><strong>no-</strong></span> 
     </span>
    </p>
   </div>
   <div class='ocr_carea' id='block_1_9' title="bbox 288 956 1877 1032">
    <p class='ocr_par' dir='ltr' id='par_1_9' title="bbox 288 956 1877 1032">
     <span class='ocr_line' id='line_1_9' title="bbox 288 956 1877 1032; baseline 0.002 -19"><span class='ocrx_word' id='word_1_51' title='bbox 288 958 453 1013; x_wconf 86' lang='lat' dir='ltr'><strong>minis</strong></span> <span class='ocrx_word' id='word_1_52' title='bbox 480 956 715 1022; x_wconf 91' lang='lat' dir='ltr'><strong>Christi,</strong></span> <span class='ocrx_word' id='word_1_53' title='bbox 742 959 1185 1032; x_wconf 87' lang='lat' dir='ltr'><strong>aguitionemque</strong></span> <span class='ocrx_word' id='word_1_54' title='bbox 1222 961 1467 1017; x_wconf 87' lang='lat' dir='ltr'><strong>veritatis</strong></span> <span class='ocrx_word' id='word_1_55' title='bbox 1501 969 1745 1032; x_wconf 87' lang='lat' dir='ltr'><strong>apostata</strong></span> <span class='ocrx_word' id='word_1_56' title='bbox 1793 960 1877 1016; x_wconf 82' lang='lat' dir='ltr'><strong>fa-</strong></span> 
     </span>
    </p>
   </div>
   <div class='ocr_carea' id='block_1_10' title="bbox 289 1048 1878 1119">
    <p class='ocr_par' dir='ltr' id='par_1_10' title="bbox 289 1048 1878 1119">
     <span class='ocr_line' id='line_1_10' title="bbox 289 1048 1878 1119; baseline 0.004 -17"><span class='ocrx_word' id='word_1_57' title='bbox 289 1055 409 1103; x_wconf 90' lang='lat' dir='ltr'><strong>ctus</strong></span> <span class='ocrx_word' id='word_1_58' title='bbox 429 1088 443 1113; x_wconf 93' lang='lat'><strong>,</strong></span> <span class='ocrx_word' id='word_1_59' title='bbox 467 1063 631 1116; x_wconf 88' lang='lat' dir='ltr'><strong>quam</strong></span> <span class='ocrx_word' id='word_1_60' title='bbox 658 1048 762 1103; x_wconf 92' lang='lat' dir='ltr'><strong>hoc</strong></span> <span class='ocrx_word' id='word_1_61' title='bbox 788 1050 932 1119; x_wconf 90' lang='lat' dir='ltr'><strong>quod</strong></span> <span class='ocrx_word' id='word_1_62' title='bbox 957 1050 1044 1106; x_wconf 90' lang='lat' dir='ltr'><strong>vel</strong></span> <span class='ocrx_word' id='word_1_63' title='bbox 1063 1052 1226 1108; x_wconf 90' lang='lat' dir='ltr'><strong>homo</strong></span> <span class='ocrx_word' id='word_1_64' title='bbox 1260 1053 1560 1109; x_wconf 88' lang='lat' dir='ltr'><strong>catholicus</strong></span> <span class='ocrx_word' id='word_1_65' title='bbox 1589 1053 1878 1109; x_wconf 86' lang='lat' dir='ltr'><strong>committit</strong></span> 
     </span>
    </p>
   </div>
   <div class='ocr_carea' id='block_1_11' title="bbox 287 1139 1942 1216">
    <p class='ocr_par' dir='ltr' id='par_1_11' title="bbox 287 1139 1942 1216">
     <span class='ocr_line' id='line_1_11' title="bbox 287 1139 1942 1216; baseline 0.004 -22"><span class='ocrx_word' id='word_1_66' title='bbox 287 1141 358 1206; x_wconf 37' lang='lat' dir='ltr'><strong>in.</strong></span> <span class='ocrx_word' id='word_1_67' title='bbox 374 1139 716 1195; x_wconf 90' lang='lat' dir='ltr'><strong>multitudine</strong></span> <span class='ocrx_word' id='word_1_68' title='bbox 738 1141 1069 1196; x_wconf 89' lang='lat' dir='ltr'><strong>minutarum</strong></span> <span class='ocrx_word' id='word_1_69' title='bbox 1098 1145 1589 1216; x_wconf 88' lang='lat' dir='ltr'><strong>transgressionum</strong></span> <span class='ocrx_word' id='word_1_70' title='bbox 1609 1185 1624 1211; x_wconf 96' lang='lat'><strong>,</strong></span> <span class='ocrx_word' id='word_1_71' title='bbox 1651 1145 1736 1199; x_wconf 87' lang='lat' dir='ltr'><strong>vel</strong></span> <span class='ocrx_word' id='word_1_72' title='bbox 1759 1145 1878 1215; x_wconf 80' lang='lat' dir='ltr'><strong>phi-</strong></span> <span class='ocrx_word' id='word_1_73' title='bbox 1933 1140 1942 1151; x_wconf 91' lang='grc'><em>’</em></span> 
     </span>
    </p>
   </div>
   <div class='ocr_carea' id='block_1_12' title="bbox 285 1231 1878 1307">
    <p class='ocr_par' dir='ltr' id='par_1_12' title="bbox 285 1231 1878 1307">
     <span class='ocr_line' id='line_1_12' title="bbox 285 1231 1878 1307; baseline 0.003 -21"><span class='ocrx_word' id='word_1_74' title='bbox 285 1232 543 1302; x_wconf 89' lang='lat' dir='ltr'><strong>losophus</strong></span> <span class='ocrx_word' id='word_1_75' title='bbox 583 1231 798 1302; x_wconf 78' lang='lat' dir='ltr'><strong>gentilis</strong></span> <span class='ocrx_word' id='word_1_76' title='bbox 828 1233 883 1288; x_wconf 92' lang='lat' dir='ltr'><strong>in</strong></span> <span class='ocrx_word' id='word_1_77' title='bbox 910 1234 1161 1290; x_wconf 82' lang='lat' dir='ltr'><strong>humanae</strong></span> <span class='ocrx_word' id='word_1_78' title='bbox 1190 1236 1469 1307; x_wconf 83' lang='lat' dir='ltr'><strong>sapientiae</strong></span> <span class='ocrx_word' id='word_1_79' title='bbox 1500 1237 1749 1306; x_wconf 85' lang='lat' dir='ltr'><strong>scriptis,</strong></span> <span class='ocrx_word' id='word_1_80' title='bbox 1790 1235 1878 1291; x_wconf 90' lang='lat' dir='ltr'><strong>vel</strong></span> 
     </span>
    </p>
   </div>
   <div class='ocr_carea' id='block_1_13' title="bbox 287 1325 1874 1398">
    <p class='ocr_par' dir='ltr' id='par_1_13' title="bbox 287 1325 1874 1398">
     <span class='ocr_line' id='line_1_13' title="bbox 287 1325 1874 1398; baseline 0.005 -23"><span class='ocrx_word' id='word_1_81' title='bbox 287 1337 531 1393; x_wconf 76' lang='lat' dir='ltr'><strong>paganus</strong></span> <span class='ocrx_word' id='word_1_82' title='bbox 559 1331 882 1392; x_wconf 90' lang='lat' dir='ltr'><strong>persecutor</strong></span> <span class='ocrx_word' id='word_1_83' title='bbox 908 1325 1002 1394; x_wconf 88' lang='lat' dir='ltr'><strong>qui</strong></span> <span class='ocrx_word' id='word_1_84' title='bbox 1033 1326 1274 1382; x_wconf 90' lang='lat' dir='ltr'><strong>nondum</strong></span> <span class='ocrx_word' id='word_1_85' title='bbox 1306 1327 1554 1398; x_wconf 89' lang='lat' dir='ltr'><strong>pervenit</strong></span> <span class='ocrx_word' id='word_1_86' title='bbox 1579 1328 1646 1383; x_wconf 94' lang='lat' dir='ltr'><strong>ad</strong></span> <span class='ocrx_word' id='word_1_87' title='bbox 1681 1327 1874 1396; x_wconf 91' lang='lat' dir='ltr'><strong>ﬁdem;</strong></span> 
     </span>
    </p>
   </div>
   <div class='ocr_carea' id='block_1_14' title="bbox 287 1413 1878 1490">
    <p class='ocr_par' dir='ltr' id='par_1_14' title="bbox 287 1413 1878 1490">
     <span class='ocr_line' id='line_1_14' title="bbox 287 1413 1878 1490; baseline 0.005 -22"><span class='ocrx_word' id='word_1_88' title='bbox 287 1422 344 1468; x_wconf 92' lang='lat' dir='ltr'><strong>et</strong></span> <span class='ocrx_word' id='word_1_89' title='bbox 372 1414 495 1468; x_wconf 92' lang='lat' dir='ltr'><strong>ideo</strong></span> <span class='ocrx_word' id='word_1_90' title='bbox 531 1413 787 1484; x_wconf 79' lang='lat' dir='ltr'><strong>ignorans</strong></span> <span class='ocrx_word' id='word_1_91' title='bbox 813 1415 938 1470; x_wconf 91' lang='lat' dir='ltr'><strong>odio</strong></span> <span class='ocrx_word' id='word_1_92' title='bbox 961 1415 1125 1472; x_wconf 86' lang='lat' dir='ltr'><strong>habet</strong></span> <span class='ocrx_word' id='word_1_93' title='bbox 1148 1418 1433 1473; x_wconf 87' lang='lat' dir='ltr'><strong>veritatem</strong></span> <span class='ocrx_word' id='word_1_94' title='bbox 1453 1459 1467 1485; x_wconf 92' lang='lat'><strong>,</strong></span> <span class='ocrx_word' id='word_1_95' title='bbox 1498 1426 1555 1474; x_wconf 92' lang='lat' dir='ltr'><strong>et</strong></span> <span class='ocrx_word' id='word_1_96' title='bbox 1598 1419 1878 1490; x_wconf 90' lang='lat' dir='ltr'><strong>persequi-</strong></span> 
     </span>
    </p>
   </div>
   <div class='ocr_carea' id='block_1_15' title="bbox 290 1502 1878 1579">
    <p class='ocr_par' dir='ltr' id='par_1_15' title="bbox 290 1502 1878 1579">
     <span class='ocr_line' id='line_1_15' title="bbox 290 1502 1878 1579; baseline 0.004 -20"><span class='ocrx_word' id='word_1_97' title='bbox 290 1515 381 1559; x_wconf 93' lang='lat' dir='ltr'><strong>tur</strong></span> <span class='ocrx_word' id='word_1_98' title='bbox 402 1502 768 1560; x_wconf 89' lang='lat' dir='ltr'><strong>Christianam</strong></span> <span class='ocrx_word' id='word_1_99' title='bbox 797 1505 1133 1576; x_wconf 81' lang='lat' dir='ltr'><strong>religionem.</strong></span> <span class='ocrx_word' id='word_1_100' title='bbox 1175 1526 1194 1559; x_wconf 87' lang='grc'><strong><em>‹</em></strong></span> <span class='ocrx_word' id='word_1_101' title='bbox 1247 1507 1449 1564; x_wconf 91' lang='lat' dir='ltr'><strong>Servus</strong></span> <span class='ocrx_word' id='word_1_102' title='bbox 1477 1508 1624 1564; x_wconf 90' lang='lat' dir='ltr'><strong>enim</strong></span> <span class='ocrx_word' id='word_1_103' title='bbox 1652 1511 1745 1579; x_wconf 88' lang='lat' dir='ltr'><strong>qui</strong></span> <span class='ocrx_word' id='word_1_104' title='bbox 1774 1511 1878 1566; x_wconf 88' lang='lat' dir='ltr'><strong>scit</strong></span> 
     </span>
    </p>
   </div>
   <div class='ocr_carea' id='block_1_16' title="bbox 285 1597 1874 1672">
    <p class='ocr_par' dir='ltr' id='par_1_16' title="bbox 285 1597 1874 1672">
     <span class='ocr_line' id='line_1_16' title="bbox 285 1597 1874 1672; baseline 0.004 -20"><span class='ocrx_word' id='word_1_105' title='bbox 285 1599 621 1653; x_wconf 82' lang='lat' dir='ltr'><strong>voluntatem</strong></span> <span class='ocrx_word' id='word_1_106' title='bbox 646 1597 850 1654; x_wconf 90' lang='lat' dir='ltr'><strong>domini</strong></span> <span class='ocrx_word' id='word_1_107' title='bbox 873 1598 956 1654; x_wconf 93' lang='lat' dir='ltr'><strong>sui</strong></span> <span class='ocrx_word' id='word_1_108' title='bbox 979 1607 1033 1654; x_wconf 89' lang='lat' dir='ltr'><strong>et</strong></span> <span class='ocrx_word' id='word_1_109' title='bbox 1055 1615 1163 1656; x_wconf 92' lang='lat' dir='ltr'><strong>non</strong></span> <span class='ocrx_word' id='word_1_110' title='bbox 1187 1599 1347 1668; x_wconf 91' lang='lat' dir='ltr'><strong>facit,</strong></span> <span class='ocrx_word' id='word_1_111' title='bbox 1371 1601 1647 1672; x_wconf 85' lang='lat' dir='ltr'><strong>vapulabit</strong></span> <span class='ocrx_word' id='word_1_112' title='bbox 1669 1603 1874 1660; x_wconf 91' lang='lat' dir='ltr'><strong>multis.</strong></span> 
     </span>
    </p>
   </div>
   <div class='ocr_carea' id='block_1_17' title="bbox 243 1681 1877 1765">
    <p class='ocr_par' dir='ltr' id='par_1_17' title="bbox 243 1681 1877 1765">
     <span class='ocr_line' id='line_1_17' title="bbox 243 1681 1877 1765; baseline 0.007 -25"><span class='ocrx_word' id='word_1_113' title='bbox 243 1681 246 1684; x_wconf 39' lang='grc'><strong>⁴</strong></span> <span class='ocrx_word' id='word_1_114' title='bbox 285 1689 388 1754; x_wconf 82' lang='lat' dir='ltr'><strong>Qui</strong></span> <span class='ocrx_word' id='word_1_115' title='bbox 443 1696 623 1742; x_wconf 88' lang='lat' dir='ltr'><strong>autem</strong></span> <span class='ocrx_word' id='word_1_116' title='bbox 674 1688 851 1744; x_wconf 90' lang='lat' dir='ltr'><strong>nescit</strong></span> <span class='ocrx_word' id='word_1_117' title='bbox 891 1695 948 1746; x_wconf 88' lang='lat' dir='ltr'><strong>et</strong></span> <span class='ocrx_word' id='word_1_118' title='bbox 995 1705 1105 1746; x_wconf 92' lang='lat' dir='ltr'><strong>non</strong></span> <span class='ocrx_word' id='word_1_119' title='bbox 1144 1691 1310 1760; x_wconf 81' lang='lat' dir='ltr'><strong>facit,</strong></span> <span class='ocrx_word' id='word_1_120' title='bbox 1359 1693 1644 1764; x_wconf 87' lang='lat' dir='ltr'><strong>vapulabit</strong></span> <span class='ocrx_word' id='word_1_121' title='bbox 1689 1695 1877 1765; x_wconf 89' lang='lat' dir='ltr'><strong>paucis</strong></span> 
     </span>
    </p>
   </div>
   <div class='ocr_carea' id='block_1_18' title="bbox 287 1778 663 1853">
    <p class='ocr_par' dir='ltr' id='par_1_18' title="bbox 287 1778 663 1853">
     <span class='ocr_line' id='line_1_18' title="bbox 287 1778 663 1853; baseline 0.011 -23"><span class='ocrx_word' id='word_1_122' title='bbox 287 1778 441 1850; x_wconf 85' lang='lat' dir='ltr'><strong>(Luc.</strong></span> <span class='ocrx_word' id='word_1_123' title='bbox 471 1778 596 1853; x_wconf 84' lang='lat' dir='ltr'><strong>xu).</strong></span> <span class='ocrx_word' id='word_1_124' title='bbox 642 1801 663 1834; x_wconf 79' lang='grc'><strong><em>›</em></strong></span> 
     </span>
    </p>
   </div>
   <div class='ocr_carea' id='block_1_19' title="bbox 1979 596 3563 668">
    <p class='ocr_par' dir='ltr' id='par_1_19' title="bbox 1979 596 3563 668">
     <span class='ocr_line' id='line_1_19' title="bbox 1979 596 3563 668; baseline -0.001 -14"><span class='ocrx_word' id='word_1_125' title='bbox 1979 599 2205 654; x_wconf 88' lang='lat' dir='ltr'><strong>stultitia</strong></span> <span class='ocrx_word' id='word_1_126' title='bbox 2224 613 2471 655; x_wconf 91' lang='lat' dir='ltr'><strong>errorum</strong></span> <span class='ocrx_word' id='word_1_127' title='bbox 2492 598 2605 668; x_wconf 90' lang='lat' dir='ltr'><strong>ipse</strong></span> <span class='ocrx_word' id='word_1_128' title='bbox 2629 597 2880 652; x_wconf 87' lang='lat' dir='ltr'><strong>Salvator</strong></span> <span class='ocrx_word' id='word_1_129' title='bbox 2898 598 2954 652; x_wconf 93' lang='lat' dir='ltr'><strong>in</strong></span> <span class='ocrx_word' id='word_1_130' title='bbox 2976 596 3270 668; x_wconf 80' lang='lat' dir='ltr'><strong>Evangelia</strong></span> <span class='ocrx_word' id='word_1_131' title='bbox 3289 597 3563 653; x_wconf 88' lang='lat' dir='ltr'><strong>luculenta</strong></span> 
     </span>
    </p>
   </div>
   <div class='ocr_carea' id='block_1_20' title="bbox 1978 685 3563 758">
    <p class='ocr_par' dir='ltr' id='par_1_20' title="bbox 1978 685 3563 758">
     <span class='ocr_line' id='line_1_20' title="bbox 1978 685 3563 758; baseline 0.001 -16"><span class='ocrx_word' id='word_1_132' title='bbox 1978 687 2331 743; x_wconf 88' lang='lat' dir='ltr'><strong>similitudine</strong></span> <span class='ocrx_word' id='word_1_133' title='bbox 2374 688 2656 758; x_wconf 82' lang='lat' dir='ltr'><strong>exposuit,</strong></span> <span class='ocrx_word' id='word_1_134' title='bbox 2706 687 2892 742; x_wconf 91' lang='lat' dir='ltr'><strong>dicens</strong></span> <span class='ocrx_word' id='word_1_135' title='bbox 2940 704 2952 740; x_wconf 91' lang='lat'>:</span> <span class='ocrx_word' id='word_1_136' title='bbox 3010 705 3030 739; x_wconf 80' lang='lat' dir='ltr'><strong>t</strong></span> <span class='ocrx_word' id='word_1_137' title='bbox 3067 685 3256 741; x_wconf 89' lang='lat' dir='ltr'><strong>Omnis</strong></span> <span class='ocrx_word' id='word_1_138' title='bbox 3293 701 3423 757; x_wconf 85' lang='lat' dir='ltr'><strong>ergo</strong></span> <span class='ocrx_word' id='word_1_139' title='bbox 3469 688 3563 757; x_wconf 90' lang='lat' dir='ltr'><strong>qui</strong></span> 
     </span>
    </p>
   </div>
   <div class='ocr_carea' id='block_1_21' title="bbox 1977 776 3569 843">
    <p class='ocr_par' dir='ltr' id='par_1_21' title="bbox 1977 776 3569 843">
     <span class='ocr_line' id='line_1_21' title="bbox 1977 776 3569 843; baseline -0.001 -9"><span class='ocrx_word' id='word_1_140' title='bbox 1977 780 2128 834; x_wconf 89' lang='lat' dir='ltr'><strong>audit</strong></span> <span class='ocrx_word' id='word_1_141' title='bbox 2154 781 2318 835; x_wconf 92' lang='lat' dir='ltr'><strong>verba</strong></span> <span class='ocrx_word' id='word_1_142' title='bbox 2345 794 2466 833; x_wconf 89' lang='lat' dir='ltr'><strong>mea</strong></span> <span class='ocrx_word' id='word_1_143' title='bbox 2495 779 2610 833; x_wconf 84' lang='lat' dir='ltr'><strong>haec</strong></span> <span class='ocrx_word' id='word_1_144' title='bbox 2637 786 2692 831; x_wconf 92' lang='lat' dir='ltr'><strong>et</strong></span> <span class='ocrx_word' id='word_1_145' title='bbox 2738 777 2865 832; x_wconf 79' lang='lat' dir='ltr'><strong>facit</strong></span> <span class='ocrx_word' id='word_1_146' title='bbox 2891 792 2954 832; x_wconf 91' lang='lat' dir='ltr'><strong>ea</strong></span> <span class='ocrx_word' id='word_1_147' title='bbox 2972 817 2988 843; x_wconf 93' lang='lat'><strong>,</strong></span> <span class='ocrx_word' id='word_1_148' title='bbox 3034 776 3423 832; x_wconf 90' lang='lat' dir='ltr'><strong>assimilabitur</strong></span> <span class='ocrx_word' id='word_1_149' title='bbox 3447 777 3569 832; x_wconf 91' lang='lat' dir='ltr'><strong>viro</strong></span> 
     </span>
    </p>
   </div>
   <div class='ocr_carea' id='block_1_22' title="bbox 1976 869 3565 940">
    <p class='ocr_par' dir='ltr' id='par_1_22' title="bbox 1976 869 3565 940">
     <span class='ocr_line' id='line_1_22' title="bbox 1976 869 3565 940; baseline -0.001 -15"><span class='ocrx_word' id='word_1_150' title='bbox 1976 871 2230 939; x_wconf 88' lang='lat' dir='ltr'><strong>sapienti,</strong></span> <span class='ocrx_word' id='word_1_151' title='bbox 2260 870 2353 940; x_wconf 92' lang='lat' dir='ltr'><strong>qui</strong></span> <span class='ocrx_word' id='word_1_152' title='bbox 2383 869 2671 924; x_wconf 56' lang='lat' dir='ltr'><strong>aediﬁcavit</strong></span> <span class='ocrx_word' id='word_1_153' title='bbox 2697 869 2918 924; x_wconf 88' lang='lat' dir='ltr'><strong>domum</strong></span> <span class='ocrx_word' id='word_1_154' title='bbox 2946 883 3100 923; x_wconf 90' lang='lat' dir='ltr'><strong>suam</strong></span> <span class='ocrx_word' id='word_1_155' title='bbox 3135 883 3298 937; x_wconf 88' lang='lat' dir='ltr'><strong>supra</strong></span> <span class='ocrx_word' id='word_1_156' title='bbox 3327 875 3565 937; x_wconf 87' lang='lat' dir='ltr'><strong>petram,</strong></span> 
     </span>
    </p>
   </div>
   <div class='ocr_carea' id='block_1_23' title="bbox 1975 958 3563 1031">
    <p class='ocr_par' dir='ltr' id='par_1_23' title="bbox 1975 958 3563 1031">
     <span class='ocr_line' id='line_1_23' title="bbox 1975 958 3563 1031; baseline -0.001 -15"><span class='ocrx_word' id='word_1_157' title='bbox 1975 969 2031 1016; x_wconf 91' lang='lat' dir='ltr'><strong>et</strong></span> <span class='ocrx_word' id='word_1_158' title='bbox 2062 962 2341 1017; x_wconf 88' lang='lat' dir='ltr'><strong>descendit</strong></span> <span class='ocrx_word' id='word_1_159' title='bbox 2375 961 2554 1031; x_wconf 89' lang='lat' dir='ltr'><strong>pluvia</strong></span> <span class='ocrx_word' id='word_1_160' title='bbox 2575 1001 2589 1026; x_wconf 91' lang='lat'><strong>,</strong></span> <span class='ocrx_word' id='word_1_161' title='bbox 2617 967 2672 1015; x_wconf 89' lang='lat' dir='ltr'><strong>et</strong></span> <span class='ocrx_word' id='word_1_162' title='bbox 2698 969 2964 1016; x_wconf 91' lang='lat' dir='ltr'><strong>venerunt</strong></span> <span class='ocrx_word' id='word_1_163' title='bbox 2993 959 3248 1024; x_wconf 92' lang='lat' dir='ltr'><strong>ﬂumina,</strong></span> <span class='ocrx_word' id='word_1_164' title='bbox 3291 967 3350 1014; x_wconf 90' lang='lat' dir='ltr'><strong>et</strong></span> <span class='ocrx_word' id='word_1_165' title='bbox 3395 958 3563 1015; x_wconf 86' lang='lat' dir='ltr'><strong>ﬂave-</strong></span> 
     </span>
    </p>
   </div>
   <div class='ocr_carea' id='block_1_24' title="bbox 1976 1051 3567 1120">
    <p class='ocr_par' dir='ltr' id='par_1_24' title="bbox 1976 1051 3567 1120">
     <span class='ocr_line' id='line_1_24' title="bbox 1976 1051 3567 1120; baseline -0.003 -12"><span class='ocrx_word' id='word_1_166' title='bbox 1976 1062 2104 1108; x_wconf 87' lang='lat' dir='ltr'><strong>runt</strong></span> <span class='ocrx_word' id='word_1_167' title='bbox 2132 1053 2312 1120; x_wconf 90' lang='lat' dir='ltr'><strong>venti,</strong></span> <span class='ocrx_word' id='word_1_168' title='bbox 2345 1061 2400 1108; x_wconf 93' lang='lat' dir='ltr'><strong>et</strong></span> <span class='ocrx_word' id='word_1_169' title='bbox 2455 1053 2735 1108; x_wconf 77' lang='lat' dir='ltr'><strong>irrue’runt</strong></span> <span class='ocrx_word' id='word_1_170' title='bbox 2768 1051 2824 1106; x_wconf 92' lang='lat' dir='ltr'><strong>in</strong></span> <span class='ocrx_word' id='word_1_171' title='bbox 2867 1052 3085 1106; x_wconf 89' lang='lat' dir='ltr'><strong>domum</strong></span> <span class='ocrx_word' id='word_1_172' title='bbox 3117 1051 3267 1104; x_wconf 88' lang='lat' dir='ltr'><strong>illam</strong></span> <span class='ocrx_word' id='word_1_173' title='bbox 3288 1089 3304 1116; x_wconf 95' lang='lat'><strong>,</strong></span> <span class='ocrx_word' id='word_1_174' title='bbox 3352 1058 3410 1104; x_wconf 89' lang='lat' dir='ltr'><strong>et</strong></span> <span class='ocrx_word' id='word_1_175' title='bbox 3455 1065 3567 1104; x_wconf 92' lang='lat' dir='ltr'><strong>non</strong></span> 
     </span>
    </p>
   </div>
   <div class='ocr_carea' id='block_1_25' title="bbox 1977 1141 3568 1210">
    <p class='ocr_par' dir='ltr' id='par_1_25' title="bbox 1977 1141 3568 1210">
     <span class='ocr_line' id='line_1_25' title="bbox 1977 1141 3568 1210; baseline -0.001 -12"><span class='ocrx_word' id='word_1_176' title='bbox 1977 1143 2207 1198; x_wconf 85' lang='lat' dir='ltr'><strong>cecidit:</strong></span> <span class='ocrx_word' id='word_1_177' title='bbox 2240 1142 2469 1198; x_wconf 88' lang='lat' dir='ltr'><strong>fundata</strong></span> <span class='ocrx_word' id='word_1_178' title='bbox 2496 1142 2645 1198; x_wconf 91' lang='lat' dir='ltr'><strong>enim</strong></span> <span class='ocrx_word' id='word_1_179' title='bbox 2671 1148 2791 1197; x_wconf 90' lang='lat' dir='ltr'><strong>erat</strong></span> <span class='ocrx_word' id='word_1_180' title='bbox 2827 1155 2992 1210; x_wconf 88' lang='lat' dir='ltr'><strong>supra</strong></span> <span class='ocrx_word' id='word_1_181' title='bbox 3016 1149 3260 1210; x_wconf 85' lang='lat' dir='ltr'><strong>petram;</strong></span> <span class='ocrx_word' id='word_1_182' title='bbox 3290 1147 3345 1196; x_wconf 88' lang='lat' dir='ltr'><strong>et</strong></span> <span class='ocrx_word' id='word_1_183' title='bbox 3389 1141 3568 1196; x_wconf 89' lang='lat' dir='ltr'><strong>omnis</strong></span> 
     </span>
    </p>
   </div>
   <div class='ocr_carea' id='block_1_26' title="bbox 1979 1231 3574 1306">
    <p class='ocr_par' dir='ltr' id='par_1_26' title="bbox 1979 1231 3574 1306">
     <span class='ocr_line' id='line_1_26' title="bbox 1979 1231 3574 1306; baseline -0.001 -17"><span class='ocrx_word' id='word_1_184' title='bbox 1979 1235 2071 1306; x_wconf 89' lang='lat' dir='ltr'><strong>qui</strong></span> <span class='ocrx_word' id='word_1_185' title='bbox 2098 1234 2250 1289; x_wconf 90' lang='lat' dir='ltr'><strong>audit</strong></span> <span class='ocrx_word' id='word_1_186' title='bbox 2271 1235 2437 1289; x_wconf 90' lang='lat' dir='ltr'><strong>verba</strong></span> <span class='ocrx_word' id='word_1_187' title='bbox 2462 1249 2586 1290; x_wconf 90' lang='lat' dir='ltr'><strong>mea</strong></span> <span class='ocrx_word' id='word_1_188' title='bbox 2615 1235 2733 1290; x_wconf 89' lang='lat' dir='ltr'><strong>haec</strong></span> <span class='ocrx_word' id='word_1_189' title='bbox 2757 1242 2813 1288; x_wconf 90' lang='lat' dir='ltr'><strong>et</strong></span> <span class='ocrx_word' id='word_1_190' title='bbox 2839 1248 2948 1288; x_wconf 90' lang='lat' dir='ltr'><strong>non</strong></span> <span class='ocrx_word' id='word_1_191' title='bbox 2977 1231 3102 1288; x_wconf 87' lang='lat' dir='ltr'><strong>facit</strong></span> <span class='ocrx_word' id='word_1_192' title='bbox 3136 1248 3200 1289; x_wconf 88' lang='lat' dir='ltr'><strong>ea</strong></span> <span class='ocrx_word' id='word_1_193' title='bbox 3217 1274 3232 1299; x_wconf 94' lang='lat'><strong>,</strong></span> <span class='ocrx_word' id='word_1_194' title='bbox 3264 1234 3460 1290; x_wconf 87' lang='lat' dir='ltr'><strong>similis</strong></span> <span class='ocrx_word' id='word_1_195' title='bbox 3486 1242 3574 1289; x_wconf 89' lang='lat' dir='ltr'><strong>est</strong></span> 
     </span>
    </p>
   </div>
   <div class='ocr_carea' id='block_1_27' title="bbox 1977 1325 3575 1396">
    <p class='ocr_par' dir='ltr' id='par_1_27' title="bbox 1977 1325 3575 1396">
     <span class='ocr_line' id='line_1_27' title="bbox 1977 1325 3575 1396; baseline 0 -16"><span class='ocrx_word' id='word_1_196' title='bbox 1977 1327 2096 1381; x_wconf 88' lang='lat' dir='ltr'><strong>viro</strong></span> <span class='ocrx_word' id='word_1_197' title='bbox 2125 1325 2322 1393; x_wconf 90' lang='lat' dir='ltr'><strong>stulto,</strong></span> <span class='ocrx_word' id='word_1_198' title='bbox 2373 1327 2466 1396; x_wconf 92' lang='lat' dir='ltr'><strong>qui</strong></span> <span class='ocrx_word' id='word_1_199' title='bbox 2521 1325 2754 1381; x_wconf 89' lang='lat' dir='ltr'><strong>aediﬁcat</strong></span> <span class='ocrx_word' id='word_1_200' title='bbox 2793 1327 3015 1381; x_wconf 88' lang='lat' dir='ltr'><strong>domum</strong></span> <span class='ocrx_word' id='word_1_201' title='bbox 3073 1342 3227 1381; x_wconf 90' lang='lat' dir='ltr'><strong>suam</strong></span> <span class='ocrx_word' id='word_1_202' title='bbox 3265 1341 3428 1396; x_wconf 89' lang='lat' dir='ltr'><strong>super</strong></span> <span class='ocrx_word' id='word_1_203' title='bbox 3454 1342 3575 1381; x_wconf 89' lang='lat' dir='ltr'><strong>are-</strong></span> 
     </span>
    </p>
   </div>
   <div class='ocr_carea' id='block_1_28' title="bbox 1978 1416 3575 1487">
    <p class='ocr_par' dir='ltr' id='par_1_28' title="bbox 1978 1416 3575 1487">
     <span class='ocr_line' id='line_1_28' title="bbox 1978 1416 3575 1487; baseline -0.001 -14"><span class='ocrx_word' id='word_1_204' title='bbox 1978 1434 2134 1485; x_wconf 88' lang='lat' dir='ltr'><strong>nam;</strong></span> <span class='ocrx_word' id='word_1_205' title='bbox 2197 1426 2252 1474; x_wconf 93' lang='lat' dir='ltr'><strong>et</strong></span> <span class='ocrx_word' id='word_1_206' title='bbox 2277 1418 2557 1473; x_wconf 88' lang='lat' dir='ltr'><strong>descendit</strong></span> <span class='ocrx_word' id='word_1_207' title='bbox 2595 1418 2798 1487; x_wconf 88' lang='lat' dir='ltr'><strong>pluvia,</strong></span> <span class='ocrx_word' id='word_1_208' title='bbox 2828 1426 2883 1474; x_wconf 90' lang='lat' dir='ltr'><strong>et</strong></span> <span class='ocrx_word' id='word_1_209' title='bbox 2911 1426 3180 1473; x_wconf 88' lang='lat' dir='ltr'><strong>venerunt</strong></span> <span class='ocrx_word' id='word_1_210' title='bbox 3207 1416 3466 1484; x_wconf 89' lang='lat' dir='ltr'><strong>ﬂumina,</strong></span> <span class='ocrx_word' id='word_1_211' title='bbox 3516 1425 3575 1474; x_wconf 88' lang='lat' dir='ltr'><strong>et</strong></span> 
     </span>
    </p>
   </div>
   <div class='ocr_carea' id='block_1_29' title="bbox 1977 1508 3578 1577">
    <p class='ocr_par' dir='ltr' id='par_1_29' title="bbox 1977 1508 3578 1577">
     <span class='ocr_line' id='line_1_29' title="bbox 1977 1508 3578 1577; baseline 0.001 -13"><span class='ocrx_word' id='word_1_212' title='bbox 1977 1508 2244 1564; x_wconf 87' lang='lat' dir='ltr'><strong>ﬂaverunt</strong></span> <span class='ocrx_word' id='word_1_213' title='bbox 2267 1510 2449 1577; x_wconf 88' lang='lat' dir='ltr'><strong>venti,</strong></span> <span class='ocrx_word' id='word_1_214' title='bbox 2480 1517 2538 1565; x_wconf 89' lang='lat' dir='ltr'><strong>et</strong></span> <span class='ocrx_word' id='word_1_215' title='bbox 2567 1510 2847 1566; x_wconf 84' lang='lat' dir='ltr'><strong>irruerunt</strong></span> <span class='ocrx_word' id='word_1_216' title='bbox 2874 1511 2930 1566; x_wconf 90' lang='lat' dir='ltr'><strong>in</strong></span> <span class='ocrx_word' id='word_1_217' title='bbox 2961 1511 3182 1567; x_wconf 90' lang='lat' dir='ltr'><strong>domum</strong></span> <span class='ocrx_word' id='word_1_218' title='bbox 3218 1511 3362 1566; x_wconf 92' lang='lat' dir='ltr'><strong>illam</strong></span> <span class='ocrx_word' id='word_1_219' title='bbox 3393 1518 3450 1567; x_wconf 91' lang='lat' dir='ltr'><strong>et</strong></span> <span class='ocrx_word' id='word_1_220' title='bbox 3485 1526 3578 1566; x_wconf 91' lang='lat' dir='ltr'><strong>ce-</strong></span> 
     </span>
    </p>
   </div>
   <div class='ocr_carea' id='block_1_30' title="bbox 1978 1601 3576 1674">
    <p class='ocr_par' dir='ltr' id='par_1_30' title="bbox 1978 1601 3576 1674">
     <span class='ocr_line' id='line_1_30' title="bbox 1978 1601 3576 1674; baseline 0 -16"><span class='ocrx_word' id='word_1_221' title='bbox 1978 1603 2142 1669; x_wconf 90' lang='lat' dir='ltr'><strong>cidit,</strong></span> <span class='ocrx_word' id='word_1_222' title='bbox 2177 1612 2233 1656; x_wconf 88' lang='lat' dir='ltr'><strong>et</strong></span> <span class='ocrx_word' id='word_1_223' title='bbox 2280 1601 2386 1656; x_wconf 88' lang='lat' dir='ltr'><strong>fuit</strong></span> <span class='ocrx_word' id='word_1_224' title='bbox 2429 1602 2588 1657; x_wconf 89' lang='lat' dir='ltr'><strong>ruina</strong></span> <span class='ocrx_word' id='word_1_225' title='bbox 2641 1603 2760 1674; x_wconf 88' lang='lat' dir='ltr'><strong>ejus</strong></span> <span class='ocrx_word' id='word_1_226' title='bbox 2803 1617 3018 1674; x_wconf 86' lang='lat' dir='ltr'><strong>magna.</strong></span> <span class='ocrx_word' id='word_1_227' title='bbox 3060 1622 3079 1655; x_wconf 90' lang='grc'><strong>›</strong></span> <span class='ocrx_word' id='word_1_228' title='bbox 3138 1602 3576 1659; x_wconf 86' lang='lat' dir='ltr'><strong>Fundamentum</strong></span> 
     </span>
    </p>
   </div>
   <div class='ocr_carea' id='block_1_31' title="bbox 1980 1694 3578 1766">
    <p class='ocr_par' dir='ltr' id='par_1_31' title="bbox 1980 1694 3578 1766">
     <span class='ocr_line' id='line_1_31' title="bbox 1980 1694 3578 1766; baseline 0 -16"><span class='ocrx_word' id='word_1_229' title='bbox 1980 1695 2123 1766; x_wconf 88' lang='lat' dir='ltr'><strong>quod</strong></span> <span class='ocrx_word' id='word_1_230' title='bbox 2150 1695 2427 1764; x_wconf 89' lang='lat' dir='ltr'><strong>apostolus</strong></span> <span class='ocrx_word' id='word_1_231' title='bbox 2455 1694 2657 1750; x_wconf 89' lang='lat' dir='ltr'><strong>Paulus</strong></span> <span class='ocrx_word' id='word_1_232' title='bbox 2699 1696 3032 1752; x_wconf 90' lang='lat' dir='ltr'><strong>architectus</strong></span> <span class='ocrx_word' id='word_1_233' title='bbox 3056 1695 3241 1766; x_wconf 89' lang='lat' dir='ltr'><strong>posuit</strong></span> <span class='ocrx_word' id='word_1_234' title='bbox 3283 1711 3454 1750; x_wconf 91' lang='lat' dir='ltr'><strong>unum</strong></span> <span class='ocrx_word' id='word_1_235' title='bbox 3493 1703 3578 1751; x_wconf 88' lang='lat' dir='ltr'><strong>est</strong></span> 
     </span>
    </p>
   </div>
   <div class='ocr_carea' id='block_1_32' title="bbox 1982 1784 3582 1856">
    <p class='ocr_par' dir='ltr' id='par_1_32' title="bbox 1982 1784 3582 1856">
     <span class='ocr_line' id='line_1_32' title="bbox 1982 1784 3582 1856; baseline -0.002 -14"><span class='ocrx_word' id='word_1_236' title='bbox 1982 1787 2246 1842; x_wconf 88' lang='lat' dir='ltr'><strong>Dominus</strong></span> <span class='ocrx_word' id='word_1_237' title='bbox 2294 1794 2480 1841; x_wconf 88' lang='lat' dir='ltr'><strong>noster</strong></span> <span class='ocrx_word' id='word_1_238' title='bbox 2520 1784 2678 1841; x_wconf 85' lang='lat' dir='ltr'><strong>Jesus</strong></span> <span class='ocrx_word' id='word_1_239' title='bbox 2711 1785 2994 1852; x_wconf 88' lang='lat' dir='ltr'><strong>Christus;</strong></span> <span class='ocrx_word' id='word_1_240' title='bbox 3047 1802 3210 1856; x_wconf 87' lang='lat' dir='ltr'><strong>super</strong></span> <span class='ocrx_word' id='word_1_241' title='bbox 3235 1787 3341 1841; x_wconf 91' lang='lat' dir='ltr'><strong>hoc</strong></span> <span class='ocrx_word' id='word_1_242' title='bbox 3386 1785 3582 1840; x_wconf 85' lang='lat' dir='ltr'><strong>funda-</strong></span> 
     </span>
    </p>
   </div>
   <div class='ocr_carea' id='block_1_33' title="bbox 363 1863 3581 1950">
    <p class='ocr_par' dir='ltr' id='par_1_33' title="bbox 363 1863 3581 1950">
     <span class='ocr_line' id='line_1_33' title="bbox 363 1863 3581 1950; baseline 0.002 -24"><span class='ocrx_word' id='word_1_243' title='bbox 363 1891 380 1922; x_wconf 78' lang='grc' dir='ltr'>ι</span> <span class='ocrx_word' id='word_1_244' title='bbox 427 1870 817 1929; x_wconf 90' lang='lat' dir='ltr'><strong>Loramentum</strong></span> <span class='ocrx_word' id='word_1_245' title='bbox 843 1889 1084 1944; x_wconf 64' lang='lat' dir='ltr'><strong>ligneum</strong></span> <span class='ocrx_word' id='word_1_246' title='bbox 1107 1877 1417 1950; x_wconf 63' lang='lat' dir='ltr'><strong>codigatum</strong></span> <span class='ocrx_word' id='word_1_247' title='bbox 1446 1879 1501 1934; x_wconf 93' lang='lat' dir='ltr'><strong>in</strong></span> <span class='ocrx_word' id='word_1_248' title='bbox 1523 1879 1877 1939; x_wconf 90' lang='lat' dir='ltr'><strong>fundamento</strong></span> <span class='ocrx_word' id='word_1_249' title='bbox 1903 1863 1953 1925; x_wconf 81' lang='grc' dir='ltr'><strong>Β</strong></span> <span class='ocrx_word' id='word_1_250' title='bbox 1983 1879 2239 1934; x_wconf 90' lang='lat' dir='ltr'><strong>mendum</strong></span> <span class='ocrx_word' id='word_1_251' title='bbox 2266 1877 2462 1934; x_wconf 88' lang='lat' dir='ltr'><strong>stabile</strong></span> <span class='ocrx_word' id='word_1_252' title='bbox 2502 1885 2558 1934; x_wconf 91' lang='lat' dir='ltr'><strong>et</strong></span> <span class='ocrx_word' id='word_1_253' title='bbox 2596 1878 2814 1934; x_wconf 89' lang='lat' dir='ltr'><strong>ﬁrmum</strong></span> <span class='ocrx_word' id='word_1_254' title='bbox 2843 1887 2900 1934; x_wconf 91' lang='lat' dir='ltr'><strong>et</strong></span> <span class='ocrx_word' id='word_1_255' title='bbox 2938 1893 3038 1948; x_wconf 91' lang='lat' dir='ltr'><strong>per</strong></span> <span class='ocrx_word' id='word_1_256' title='bbox 3064 1894 3124 1934; x_wconf 88' lang='lat' dir='ltr'><strong>se</strong></span> <span class='ocrx_word' id='word_1_257' title='bbox 3168 1879 3390 1933; x_wconf 90' lang='lat' dir='ltr'><strong>robusta</strong></span> <span class='ocrx_word' id='word_1_258' title='bbox 3409 1875 3581 1931; x_wconf 79' lang='lat' dir='ltr'><strong>-mole</strong></span> 
     </span>
    </p>
   </div>
   <div class='ocr_carea' id='block_1_34' title="bbox 291 1967 1876 2043">
    <p class='ocr_par' dir='ltr' id='par_1_34' title="bbox 291 1967 1876 2043">
     <span class='ocr_line' id='line_1_34' title="bbox 291 1967 1876 2043; baseline 0.013 -27"><span class='ocrx_word' id='word_1_259' title='bbox 291 1985 309 2016; x_wconf 73' lang='grc' dir='ltr'><strong><em>ι</em></strong></span> <span class='ocrx_word' id='word_1_260' title='bbox 355 1967 568 2024; x_wconf 80' lang='lat' dir='ltr'><strong>:ediﬁcii</strong></span> <span class='ocrx_word' id='word_1_261' title='bbox 596 1985 703 2043; x_wconf 86' lang='lat' dir='ltr'><strong>non</strong></span> <span class='ocrx_word' id='word_1_262' title='bbox 731 1971 1046 2028; x_wconf 89' lang='lat' dir='ltr'><strong>dissolvitur</strong></span> <span class='ocrx_word' id='word_1_263' title='bbox 1074 1992 1088 2028; x_wconf 89' lang='lat'><strong>:</strong></span> <span class='ocrx_word' id='word_1_264' title='bbox 1122 1976 1202 2030; x_wconf 92' lang='lat' dir='ltr'><strong>sic</strong></span> <span class='ocrx_word' id='word_1_265' title='bbox 1219 1984 1275 2030; x_wconf 90' lang='lat' dir='ltr'><strong>et</strong></span> <span class='ocrx_word' id='word_1_266' title='bbox 1302 1991 1396 2032; x_wconf 92' lang='lat' dir='ltr'><strong>cor</strong></span> <span class='ocrx_word' id='word_1_267' title='bbox 1417 1978 1793 2042; x_wconf 86' lang='lat' dir='ltr'><strong>conﬁrmatum</strong></span> <span class='ocrx_word' id='word_1_268' title='bbox 1819 1981 1876 2037; x_wconf 90' lang='lat' dir='ltr'><strong>in</strong></span> 
     </span>
    </p>
   </div>
   <div class='ocr_carea' id='block_1_35' title="bbox 293 2060 1876 2142">
    <p class='ocr_par' dir='ltr' id='par_1_35' title="bbox 293 2060 1876 2142">
     <span class='ocr_line' id='line_1_35' title="bbox 293 2060 1876 2142; baseline 0.013 -32"><span class='ocrx_word' id='word_1_269' title='bbox 293 2076 311 2108; x_wconf 76' lang='grc' dir='ltr'><strong><em>ι</em></strong></span> <span class='ocrx_word' id='word_1_270' title='bbox 359 2060 686 2130; x_wconf 79' lang='lat' dir='ltr'><strong>cogitatione</strong></span> <span class='ocrx_word' id='word_1_271' title='bbox 720 2063 952 2119; x_wconf 91' lang='lat' dir='ltr'><strong>consilii.</strong></span> <span class='ocrx_word' id='word_1_272' title='bbox 991 2085 1011 2118; x_wconf 75' lang='grc' dir='ltr'><strong><em>ι</em></strong></span> <span class='ocrx_word' id='word_1_273' title='bbox 1049 2066 1219 2138; x_wconf 90' lang='lat' dir='ltr'><strong>Ligna</strong></span> <span class='ocrx_word' id='word_1_274' title='bbox 1266 2083 1397 2141; x_wconf 90' lang='lat' dir='ltr'><strong>ergo</strong></span> <span class='ocrx_word' id='word_1_275' title='bbox 1443 2069 1674 2142; x_wconf 80' lang='lat' dir='ltr'><strong>legimus</strong></span> <span class='ocrx_word' id='word_1_276' title='bbox 1696 2071 1876 2141; x_wconf 89' lang='lat' dir='ltr'><strong>justos</strong></span> 
     </span>
    </p>
   </div>
   <div class='ocr_carea' id='block_1_36' title="bbox 285 2147 1876 2234">
    <p class='ocr_par' dir='ltr' id='par_1_36' title="bbox 285 2147 1876 2234">
     <span class='ocr_line' id='line_1_36' title="bbox 285 2147 1876 2234; baseline 0.012 -33"><span class='ocrx_word' id='word_1_277' title='bbox 285 2147 434 2204; x_wconf 90' lang='lat' dir='ltr'><strong>viros</strong></span> <span class='ocrx_word' id='word_1_278' title='bbox 485 2150 825 2221; x_wconf 88' lang='lat' dir='ltr'><strong>signiﬁcare,</strong></span> <span class='ocrx_word' id='word_1_279' title='bbox 878 2156 970 2225; x_wconf 91' lang='lat' dir='ltr'><strong>qui</strong></span> <span class='ocrx_word' id='word_1_280' title='bbox 1015 2157 1251 2212; x_wconf 89' lang='lat' dir='ltr'><strong>fructum</strong></span> <span class='ocrx_word' id='word_1_281' title='bbox 1303 2159 1510 2216; x_wconf 86' lang='lat' dir='ltr'><strong>dabunt</strong></span> <span class='ocrx_word' id='word_1_282' title='bbox 1537 2162 1590 2217; x_wconf 91' lang='lat' dir='ltr'><strong>in</strong></span> <span class='ocrx_word' id='word_1_283' title='bbox 1636 2171 1876 2234; x_wconf 90' lang='lat' dir='ltr'><strong>tempore</strong></span> 
     </span>
    </p>
   </div>
   <div class='ocr_carea' id='block_1_37' title="bbox 286 2243 1878 2324">
    <p class='ocr_par' dir='ltr' id='par_1_37' title="bbox 286 2243 1878 2324">
     <span class='ocr_line' id='line_1_37' title="bbox 286 2243 1878 2324; baseline 0.011 -31"><span class='ocrx_word' id='word_1_284' title='bbox 286 2254 413 2304; x_wconf 92' lang='lat' dir='ltr'><strong>suo,</strong></span> <span class='ocrx_word' id='word_1_285' title='bbox 443 2247 499 2295; x_wconf 93' lang='lat' dir='ltr'><strong>et</strong></span> <span class='ocrx_word' id='word_1_286' title='bbox 527 2256 757 2311; x_wconf 90' lang='lat' dir='ltr'><strong>quorum</strong></span> <span class='ocrx_word' id='word_1_287' title='bbox 796 2243 923 2300; x_wconf 88' lang='lat' dir='ltr'><strong>folia</strong></span> <span class='ocrx_word' id='word_1_288' title='bbox 954 2261 1065 2302; x_wconf 87' lang='lat' dir='ltr'><strong>non</strong></span> <span class='ocrx_word' id='word_1_289' title='bbox 1094 2247 1378 2316; x_wconf 90' lang='lat' dir='ltr'><strong>decidunt,</strong></span> <span class='ocrx_word' id='word_1_290' title='bbox 1413 2261 1470 2307; x_wconf 95' lang='lat' dir='ltr'><strong>et</strong></span> <span class='ocrx_word' id='word_1_291' title='bbox 1515 2253 1698 2308; x_wconf 90' lang='lat' dir='ltr'><strong>omnia</strong></span> <span class='ocrx_word' id='word_1_292' title='bbox 1729 2269 1878 2324; x_wconf 68' lang='lat' dir='ltr'><strong>qua:-</strong></span> 
     </span>
    </p>
   </div>
   <div class='ocr_carea' id='block_1_38' title="bbox 287 2331 1876 2413">
    <p class='ocr_par' dir='ltr' id='par_1_38' title="bbox 287 2331 1876 2413">
     <span class='ocr_line' id='line_1_38' title="bbox 287 2331 1876 2413; baseline 0.008 -28"><span class='ocrx_word' id='word_1_293' title='bbox 287 2345 499 2400; x_wconf 90' lang='lat' dir='ltr'><strong>cunque</strong></span> <span class='ocrx_word' id='word_1_294' title='bbox 535 2331 764 2389; x_wconf 80' lang='lat' dir='ltr'><strong>fecerint</strong></span> <span class='ocrx_word' id='word_1_295' title='bbox 799 2338 1267 2406; x_wconf 87' lang='lat' dir='ltr'><strong>prosperabuntur</strong></span> <span class='ocrx_word' id='word_1_296' title='bbox 1306 2340 1481 2410; x_wconf 82' lang='lat' dir='ltr'><strong>(Psal.</strong></span> <span class='ocrx_word' id='word_1_297' title='bbox 1539 2342 1602 2413; x_wconf 87' lang='grc' dir='ltr'><strong>ι).</strong></span> <span class='ocrx_word' id='word_1_298' title='bbox 1654 2343 1876 2398; x_wconf 88' lang='lat' dir='ltr'><strong>Funda-</strong></span> 
     </span>
    </p>
   </div>
   <div class='ocr_carea' id='block_1_39' title="bbox 285 2426 1880 2506">
    <p class='ocr_par' dir='ltr' id='par_1_39' title="bbox 285 2426 1880 2506">
     <span class='ocr_line' id='line_1_39' title="bbox 285 2426 1880 2506; baseline 0.011 -30"><span class='ocrx_word' id='word_1_299' title='bbox 285 2430 529 2478; x_wconf 86' lang='lat' dir='ltr'><strong>mentum</strong></span> <span class='ocrx_word' id='word_1_300' title='bbox 556 2432 739 2481; x_wconf 89' lang='lat' dir='ltr'><strong>autem</strong></span> <span class='ocrx_word' id='word_1_301' title='bbox 765 2426 977 2482; x_wconf 87' lang='lat' dir='ltr'><strong>aediﬁcii</strong></span> <span class='ocrx_word' id='word_1_302' title='bbox 1007 2431 1281 2499; x_wconf 92' lang='lat' dir='ltr'><strong>apostolos</strong></span> <span class='ocrx_word' id='word_1_303' title='bbox 1310 2439 1364 2487; x_wconf 90' lang='lat' dir='ltr'><strong>et</strong></span> <span class='ocrx_word' id='word_1_304' title='bbox 1385 2435 1682 2503; x_wconf 88' lang='lat' dir='ltr'><strong>prophetas</strong></span> <span class='ocrx_word' id='word_1_305' title='bbox 1699 2476 1715 2503; x_wconf 95' lang='lat'><strong>,</strong></span> <span class='ocrx_word' id='word_1_306' title='bbox 1743 2452 1880 2506; x_wconf 93' lang='lat' dir='ltr'><strong>quo-</strong></span> 
     </span>
    </p>
   </div>
   <div class='ocr_carea' id='block_1_40' title="bbox 285 2518 1879 2586">
    <p class='ocr_par' dir='ltr' id='par_1_40' title="bbox 285 2518 1879 2586">
     <span class='ocr_line' id='line_1_40' title="bbox 285 2518 1879 2586; baseline 0.011 -18"><span class='ocrx_word' id='word_1_307' title='bbox 285 2529 407 2568; x_wconf 90' lang='lat' dir='ltr'><strong>rum</strong></span> <span class='ocrx_word' id='word_1_308' title='bbox 438 2518 751 2586; x_wconf 65' lang='lat' dir='ltr'><strong>praedicatio</strong></span> <span class='ocrx_word' id='word_1_309' title='bbox 795 2521 1024 2576; x_wconf 90' lang='lat' dir='ltr'><strong>sustinet</strong></span> <span class='ocrx_word' id='word_1_310' title='bbox 1066 2522 1324 2580; x_wconf 64' lang='lat' dir='ltr'><strong>Ecclesia:</strong></span> <span class='ocrx_word' id='word_1_311' title='bbox 1349 2526 1656 2583; x_wconf 60' lang='lat' dir='ltr'><strong>mdiﬁcium.</strong></span> <span class='ocrx_word' id='word_1_312' title='bbox 1710 2529 1879 2585; x_wconf 90' lang='lat' dir='ltr'><strong>Lora-</strong></span> 
     </span>
    </p>
   </div>
   <div class='ocr_carea' id='block_1_41' title="bbox 285 2594 1878 2684">
    <p class='ocr_par' dir='ltr' id='par_1_41' title="bbox 285 2594 1878 2684">
     <span class='ocr_line' id='line_1_41' title="bbox 285 2594 1878 2684; baseline 0.013 -28"><span class='ocrx_word' id='word_1_313' title='bbox 285 2612 530 2659; x_wconf 87' lang='lat' dir='ltr'><strong>mentum</strong></span> <span class='ocrx_word' id='word_1_314' title='bbox 544 2608 688 2661; x_wconf 89' lang='lat' dir='ltr'><strong>enim</strong></span> <span class='ocrx_word' id='word_1_315' title='bbox 701 2607 938 2679; x_wconf 87' lang='lat' dir='ltr'><strong>ligneum</strong></span> <span class='ocrx_word' id='word_1_316' title='bbox 952 2612 1261 2684; x_wconf 87' lang='lat' dir='ltr'><strong>colligatum</strong></span> <span class='ocrx_word' id='word_1_317' title='bbox 1287 2615 1639 2674; x_wconf 89' lang='lat' dir='ltr'><strong>fundamento</strong></span> <span class='ocrx_word' id='word_1_318' title='bbox 1657 2594 1878 2677; x_wconf 67' lang='lat' dir='ltr'><strong>aediﬁcii</strong></span> 
     </span>
    </p>
   </div>
   <div class='ocr_carea' id='block_1_42' title="bbox 287 2698 1876 2778">
    <p class='ocr_par' dir='ltr' id='par_1_42' title="bbox 287 2698 1876 2778">
     <span class='ocr_line' id='line_1_42' title="bbox 287 2698 1876 2778; baseline 0.011 -28"><span class='ocrx_word' id='word_1_319' title='bbox 287 2710 395 2750; x_wconf 88' lang='lat' dir='ltr'><strong>non</strong></span> <span class='ocrx_word' id='word_1_320' title='bbox 439 2698 773 2766; x_wconf 87' lang='lat' dir='ltr'><strong>dissolvitur,</strong></span> <span class='ocrx_word' id='word_1_321' title='bbox 802 2704 1057 2771; x_wconf 80' lang='lat' dir='ltr'><strong>quoniam</strong></span> <span class='ocrx_word' id='word_1_322' title='bbox 1096 2705 1230 2763; x_wconf 87' lang='lat' dir='ltr'><strong>ﬁdes</strong></span> <span class='ocrx_word' id='word_1_323' title='bbox 1256 2710 1527 2778; x_wconf 89' lang='lat' dir='ltr'><strong>passionis</strong></span> <span class='ocrx_word' id='word_1_324' title='bbox 1571 2710 1773 2767; x_wconf 89' lang='lat' dir='ltr'><strong>Christi</strong></span> <span class='ocrx_word' id='word_1_325' title='bbox 1820 2712 1876 2767; x_wconf 91' lang='lat' dir='ltr'><strong>in</strong></span> 
     </span>
    </p>
   </div>
   <div class='ocr_carea' id='block_1_43' title="bbox 286 2787 1874 2874">
    <p class='ocr_par' dir='ltr' id='par_1_43' title="bbox 286 2787 1874 2874">
     <span class='ocr_line' id='line_1_43' title="bbox 286 2787 1874 2874; baseline 0.012 -32"><span class='ocrx_word' id='word_1_326' title='bbox 286 2787 543 2844; x_wconf 86' lang='lat' dir='ltr'><strong>cordibus</strong></span> <span class='ocrx_word' id='word_1_327' title='bbox 564 2791 900 2848; x_wconf 87' lang='lat' dir='ltr'><strong>credentium</strong></span> <span class='ocrx_word' id='word_1_328' title='bbox 919 2795 1172 2864; x_wconf 89' lang='lat' dir='ltr'><strong>adjuncta</strong></span> <span class='ocrx_word' id='word_1_329' title='bbox 1190 2799 1452 2857; x_wconf 78' lang='lat' dir='ltr'><strong>doctrinae</strong></span> <span class='ocrx_word' id='word_1_330' title='bbox 1475 2805 1840 2872; x_wconf 87' lang='lat' dir='ltr'><strong>apostolorum</strong></span> <span class='ocrx_word' id='word_1_331' title='bbox 1856 2847 1874 2874; x_wconf 95' lang='lat'><strong>,</strong></span> 
     </span>
    </p>
   </div>
   <div class='ocr_carea' id='block_1_44' title="bbox 289 2877 1881 2964">
    <p class='ocr_par' dir='ltr' id='par_1_44' title="bbox 289 2877 1881 2964">
     <span class='ocr_line' id='line_1_44' title="bbox 289 2877 1881 2964; baseline 0.013 -32"><span class='ocrx_word' id='word_1_332' title='bbox 289 2877 661 2939; x_wconf 88' lang='lat' dir='ltr'><strong>indissolubile</strong></span> <span class='ocrx_word' id='word_1_333' title='bbox 685 2883 974 2942; x_wconf 72' lang='lat' dir='ltr'><strong>aediﬁcium</strong></span> <span class='ocrx_word' id='word_1_334' title='bbox 998 2888 1256 2946; x_wconf 85' lang='lat' dir='ltr'><strong>Ecclesiae</strong></span> <span class='ocrx_word' id='word_1_335' title='bbox 1281 2891 1442 2960; x_wconf 81' lang='lat' dir='ltr'><strong>facit,</strong></span> <span class='ocrx_word' id='word_1_336' title='bbox 1468 2909 1718 2964; x_wconf 85' lang='lat' dir='ltr'><strong>veraeque</strong></span> <span class='ocrx_word' id='word_1_337' title='bbox 1750 2896 1881 2951; x_wconf 90' lang='lat' dir='ltr'><strong>cha-</strong></span> 
     </span>
    </p>
   </div>
   <div class='ocr_carea' id='block_1_45' title="bbox 291 2976 1877 3060">
    <p class='ocr_par' dir='ltr' id='par_1_45' title="bbox 291 2976 1877 3060">
     <span class='ocr_line' id='line_1_45' title="bbox 291 2976 1877 3060; baseline 0.01 -29"><span class='ocrx_word' id='word_1_338' title='bbox 291 2976 470 3034; x_wconf 88' lang='lat' dir='ltr'><strong>ritatis</strong></span> <span class='ocrx_word' id='word_1_339' title='bbox 503 2979 712 3051; x_wconf 82' lang='lat' dir='ltr'><strong>glutino</strong></span> <span class='ocrx_word' id='word_1_340' title='bbox 739 2981 954 3039; x_wconf 79' lang='lat' dir='ltr'><strong>fortiter</strong></span> <span class='ocrx_word' id='word_1_341' title='bbox 984 3000 1306 3043; x_wconf 84' lang='lat' dir='ltr'><strong>connexum.</strong></span> <span class='ocrx_word' id='word_1_342' title='bbox 1332 2988 1443 3044; x_wconf 87' lang='lat' dir='ltr'><strong>Nec</strong></span> <span class='ocrx_word' id='word_1_343' title='bbox 1465 3000 1877 3060; x_wconf 90' lang='lat' dir='ltr'><strong>persecutorum</strong></span> 
     </span>
    </p>
   </div>
   <div class='ocr_carea' id='block_1_46' title="bbox 288 3070 1881 3156">
    <p class='ocr_par' dir='ltr' id='par_1_46' title="bbox 288 3070 1881 3156">
     <span class='ocr_line' id='line_1_46' title="bbox 288 3070 1881 3156; baseline 0.011 -33"><span class='ocrx_word' id='word_1_344' title='bbox 288 3070 452 3126; x_wconf 87' lang='lat' dir='ltr'><strong>minis</strong></span> <span class='ocrx_word' id='word_1_345' title='bbox 479 3081 534 3126; x_wconf 92' lang='lat' dir='ltr'><strong>et</strong></span> <span class='ocrx_word' id='word_1_346' title='bbox 561 3072 786 3145; x_wconf 89' lang='lat' dir='ltr'><strong>ﬂagellis</strong></span> <span class='ocrx_word' id='word_1_347' title='bbox 806 3117 822 3143; x_wconf 93' lang='lat'><strong>,</strong></span> <span class='ocrx_word' id='word_1_348' title='bbox 870 3092 970 3133; x_wconf 88' lang='lat' dir='ltr'><strong>nec</strong></span> <span class='ocrx_word' id='word_1_349' title='bbox 999 3079 1378 3137; x_wconf 83' lang='lat' dir='ltr'><strong>haereticorum</strong></span> <span class='ocrx_word' id='word_1_350' title='bbox 1406 3083 1616 3139; x_wconf 88' lang='lat' dir='ltr'><strong>insidiis</strong></span> <span class='ocrx_word' id='word_1_351' title='bbox 1641 3101 1881 3156; x_wconf 90' lang='lat' dir='ltr'><strong>unquam</strong></span> 
     </span>
    </p>
   </div>
   <div class='ocr_carea' id='block_1_47' title="bbox 291 3163 1882 3235">
    <p class='ocr_par' dir='ltr' id='par_1_47' title="bbox 291 3163 1882 3235">
     <span class='ocr_line' id='line_1_47' title="bbox 291 3163 1882 3235; baseline 0.01 -18"><span class='ocrx_word' id='word_1_352' title='bbox 291 3163 496 3218; x_wconf 87' lang='lat' dir='ltr'><strong>destrui</strong></span> <span class='ocrx_word' id='word_1_353' title='bbox 524 3166 819 3235; x_wconf 89' lang='lat' dir='ltr'><strong>permittit;</strong></span> <span class='ocrx_word' id='word_1_354' title='bbox 852 3167 1070 3225; x_wconf 86' lang='lat' dir='ltr'><strong>ﬁrmum</strong></span> <span class='ocrx_word' id='word_1_355' title='bbox 1097 3173 1242 3228; x_wconf 89' lang='lat' dir='ltr'><strong>enim</strong></span> <span class='ocrx_word' id='word_1_356' title='bbox 1275 3182 1385 3230; x_wconf 91' lang='lat' dir='ltr'><strong>stat</strong></span> <span class='ocrx_word' id='word_1_357' title='bbox 1428 3174 1644 3230; x_wconf 91' lang='lat' dir='ltr'><strong>Domini</strong></span> <span class='ocrx_word' id='word_1_358' title='bbox 1687 3175 1882 3232; x_wconf 87' lang='lat' dir='ltr'><strong>funda-</strong></span> 
     </span>
    </p>
   </div>
   <div class='ocr_carea' id='block_1_48' title="bbox 289 3235 1954 3337">
    <p class='ocr_par' dir='ltr' id='par_1_48' title="bbox 289 3235 1954 3337">
     <span class='ocr_line' id='line_1_48' title="bbox 289 3235 1954 3337; baseline 0.011 -31"><span class='ocrx_word' id='word_1_359' title='bbox 289 3261 563 3318; x_wconf 90' lang='lat' dir='ltr'><strong>mentum,</strong></span> <span class='ocrx_word' id='word_1_360' title='bbox 594 3264 648 3309; x_wconf 92' lang='lat' dir='ltr'><strong>et</strong></span> <span class='ocrx_word' id='word_1_361' title='bbox 669 3271 765 3312; x_wconf 92' lang='lat' dir='ltr'><strong>cor</strong></span> <span class='ocrx_word' id='word_1_362' title='bbox 791 3257 966 3315; x_wconf 90' lang='lat' dir='ltr'><strong>ﬁdelis</strong></span> <span class='ocrx_word' id='word_1_363' title='bbox 987 3261 1092 3316; x_wconf 93' lang='lat' dir='ltr'><strong>viri</strong></span> <span class='ocrx_word' id='word_1_364' title='bbox 1119 3262 1174 3317; x_wconf 90' lang='lat' dir='ltr'><strong>in</strong></span> <span class='ocrx_word' id='word_1_365' title='bbox 1202 3263 1510 3334; x_wconf 88' lang='lat' dir='ltr'><strong>hujusmodi</strong></span> <span class='ocrx_word' id='word_1_366' title='bbox 1536 3265 1880 3337; x_wconf 89' lang='lat' dir='ltr'><strong>dogmatibus</strong></span> <span class='ocrx_word' id='word_1_367' title='bbox 1909 3235 1954 3298; x_wconf 65' lang='grc' dir='ltr'>Ο</span> 
     </span>
    </p>
   </div>
   <div class='ocr_carea' id='block_1_49' title="bbox 291 3348 1884 3432">
    <p class='ocr_par' dir='ltr' id='par_1_49' title="bbox 291 3348 1884 3432">
     <span class='ocr_line' id='line_1_49' title="bbox 291 3348 1884 3432; baseline 0.009 -31"><span class='ocrx_word' id='word_1_368' title='bbox 291 3348 669 3406; x_wconf 87' lang='lat' dir='ltr'><strong>conﬁrmatum</strong></span> <span class='ocrx_word' id='word_1_369' title='bbox 691 3393 704 3419; x_wconf 96' lang='lat'><strong>,</strong></span> <span class='ocrx_word' id='word_1_370' title='bbox 735 3353 919 3426; x_wconf 84' lang='lat' dir='ltr'><strong>aliqua</strong></span> <span class='ocrx_word' id='word_1_371' title='bbox 968 3357 1296 3414; x_wconf 89' lang='lat' dir='ltr'><strong>adversitate</strong></span> <span class='ocrx_word' id='word_1_372' title='bbox 1326 3357 1594 3414; x_wconf 89' lang='lat' dir='ltr'><strong>inﬁrmari</strong></span> <span class='ocrx_word' id='word_1_373' title='bbox 1642 3377 1749 3416; x_wconf 92' lang='lat' dir='ltr'><strong>non</strong></span> <span class='ocrx_word' id='word_1_374' title='bbox 1786 3377 1884 3432; x_wconf 87' lang='lat' dir='ltr'><strong>po-</strong></span> 
     </span>
    </p>
   </div>
   <div class='ocr_carea' id='block_1_50' title="bbox 291 3444 1883 3522">
    <p class='ocr_par' dir='ltr' id='par_1_50' title="bbox 291 3444 1883 3522">
     <span class='ocr_line' id='line_1_50' title="bbox 291 3444 1883 3522; baseline 0.009 -26"><span class='ocrx_word' id='word_1_375' title='bbox 291 3450 430 3510; x_wconf 90' lang='lat' dir='ltr'><strong>test;</strong></span> <span class='ocrx_word' id='word_1_376' title='bbox 462 3444 555 3499; x_wconf 90' lang='lat' dir='ltr'><strong>sed</strong></span> <span class='ocrx_word' id='word_1_377' title='bbox 582 3447 780 3502; x_wconf 89' lang='lat' dir='ltr'><strong>summi</strong></span> <span class='ocrx_word' id='word_1_378' title='bbox 818 3449 1046 3506; x_wconf 88' lang='lat' dir='ltr'><strong>artiﬁcis</strong></span> <span class='ocrx_word' id='word_1_379' title='bbox 1071 3466 1238 3506; x_wconf 89' lang='lat' dir='ltr'><strong>manu</strong></span> <span class='ocrx_word' id='word_1_380' title='bbox 1273 3454 1721 3522; x_wconf 87' lang='lat' dir='ltr'><strong>corroboratum,</strong></span> <span class='ocrx_word' id='word_1_381' title='bbox 1753 3454 1883 3511; x_wconf 51' lang='lat' dir='ltr'><strong>illa,»</strong></span> 
     </span>
    </p>
   </div>
   <div class='ocr_carea' id='block_1_51' title="bbox 291 3539 1886 3618">
    <p class='ocr_par' dir='ltr' id='par_1_51' title="bbox 291 3539 1886 3618">
     <span class='ocr_line' id='line_1_51' title="bbox 291 3539 1886 3618; baseline 0.012 -32"><span class='ocrx_word' id='word_1_382' title='bbox 291 3546 412 3587; x_wconf 90' lang='lat' dir='ltr'><strong>sum</strong></span> <span class='ocrx_word' id='word_1_383' title='bbox 437 3545 721 3604; x_wconf 87' lang='lat' dir='ltr'><strong>permanet</strong></span> <span class='ocrx_word' id='word_1_384' title='bbox 746 3539 802 3594; x_wconf 92' lang='lat' dir='ltr'><strong>in</strong></span> <span class='ocrx_word' id='word_1_385' title='bbox 829 3549 1154 3613; x_wconf 88' lang='lat' dir='ltr'><strong>perpetuum</strong></span> <span class='ocrx_word' id='word_1_386' title='bbox 1173 3583 1188 3611; x_wconf 91' lang='lat'><strong>,</strong></span> <span class='ocrx_word' id='word_1_387' title='bbox 1220 3545 1365 3614; x_wconf 91' lang='lat' dir='ltr'><strong>quod</strong></span> <span class='ocrx_word' id='word_1_388' title='bbox 1411 3553 1467 3602; x_wconf 89' lang='lat' dir='ltr'><strong>et</strong></span> <span class='ocrx_word' id='word_1_389' title='bbox 1501 3561 1733 3618; x_wconf 86' lang='lat' dir='ltr'><strong>sequens</strong></span> <span class='ocrx_word' id='word_1_390' title='bbox 1763 3564 1886 3605; x_wconf 83' lang='lat' dir='ltr'><strong>sen-</strong></span> 
     </span>
    </p>
   </div>
   <div class='ocr_carea' id='block_1_52' title="bbox 293 3628 957 3702">
    <p class='ocr_par' dir='ltr' id='par_1_52' title="bbox 293 3628 957 3702">
     <span class='ocr_line' id='line_1_52' title="bbox 293 3628 957 3702; baseline 0.009 -18"><span class='ocrx_word' id='word_1_391' title='bbox 293 3628 460 3684; x_wconf 89' lang='lat' dir='ltr'><strong>tentia</strong></span> <span class='ocrx_word' id='word_1_392' title='bbox 491 3629 565 3684; x_wconf 86' lang='lat' dir='ltr'><strong>ita</strong></span> <span class='ocrx_word' id='word_1_393' title='bbox 595 3634 909 3702; x_wconf 87' lang='lat' dir='ltr'><strong>comprobat</strong></span> <span class='ocrx_word' id='word_1_394' title='bbox 945 3653 957 3690; x_wconf 91' lang='lat'>:</span> 
     </span>
    </p>
   </div>
   <div class='ocr_carea' id='block_1_53' title="bbox 369 3723 1884 3805">
    <p class='ocr_par' dir='ltr' id='par_1_53' title="bbox 369 3723 1884 3805">
     <span class='ocr_line' id='line_1_53' title="bbox 369 3723 1884 3805; baseline 0.012 -31"><span class='ocrx_word' id='word_1_395' title='bbox 369 3741 388 3774; x_wconf 85' lang='grc'><strong><em>‹</em></strong></span> <span class='ocrx_word' id='word_1_396' title='bbox 424 3723 703 3795; x_wconf 91' lang='lat' dir='ltr'><strong>Cogitatus</strong></span> <span class='ocrx_word' id='word_1_397' title='bbox 731 3730 938 3785; x_wconf 90' lang='lat' dir='ltr'><strong>sensati</strong></span> <span class='ocrx_word' id='word_1_398' title='bbox 963 3731 1020 3786; x_wconf 91' lang='lat' dir='ltr'><strong>in</strong></span> <span class='ocrx_word' id='word_1_399' title='bbox 1045 3733 1193 3788; x_wconf 91' lang='lat' dir='ltr'><strong>omni</strong></span> <span class='ocrx_word' id='word_1_400' title='bbox 1218 3740 1461 3805; x_wconf 90' lang='lat' dir='ltr'><strong>tempore</strong></span> <span class='ocrx_word' id='word_1_401' title='bbox 1489 3734 1574 3789; x_wconf 91' lang='lat' dir='ltr'><strong>vel</strong></span> <span class='ocrx_word' id='word_1_402' title='bbox 1602 3742 1748 3790; x_wconf 90' lang='lat' dir='ltr'><strong>metu</strong></span> <span class='ocrx_word' id='word_1_403' title='bbox 1775 3751 1884 3792; x_wconf 91' lang='lat' dir='ltr'><strong>non</strong></span> 
     </span>
    </p>
   </div>
   <div class='ocr_carea' id='block_1_54' title="bbox 299 3814 1887 3885">
    <p class='ocr_par' dir='ltr' id='par_1_54' title="bbox 299 3814 1887 3885">
     <span class='ocr_line' id='line_1_54' title="bbox 299 3814 1887 3885; baseline 0.009 -17"><span class='ocrx_word' id='word_1_404' title='bbox 299 3832 319 3867; x_wconf 74' lang='grc' dir='ltr'>ι</span> <span class='ocrx_word' id='word_1_405' title='bbox 365 3814 768 3885; x_wconf 89' lang='lat' dir='ltr'><strong>depravabitur.</strong></span> <span class='ocrx_word' id='word_1_406' title='bbox 802 3839 820 3872; x_wconf 76' lang='grc' dir='ltr'><strong><em>ι</em></strong></span> <span class='ocrx_word' id='word_1_407' title='bbox 853 3819 1010 3878; x_wconf 86' lang='lat' dir='ltr'><strong>Nullo</strong></span> <span class='ocrx_word' id='word_1_408' title='bbox 1038 3823 1198 3880; x_wconf 94' lang='lat' dir='ltr'><strong>modo</strong></span> <span class='ocrx_word' id='word_1_409' title='bbox 1225 3825 1371 3880; x_wconf 91' lang='lat' dir='ltr'><strong>enim</strong></span> <span class='ocrx_word' id='word_1_410' title='bbox 1402 3825 1703 3882; x_wconf 86' lang='lat' dir='ltr'><strong>adversitas</strong></span> <span class='ocrx_word' id='word_1_411' title='bbox 1727 3843 1887 3882; x_wconf 91' lang='lat' dir='ltr'><strong>mun-</strong></span> 
     </span>
    </p>
   </div>
   <div class='ocr_carea' id='block_1_55' title="bbox 295 3907 1884 3987">
    <p class='ocr_par' dir='ltr' id='par_1_55' title="bbox 295 3907 1884 3987">
     <span class='ocr_line' id='line_1_55' title="bbox 295 3907 1884 3987; baseline 0.008 -26"><span class='ocrx_word' id='word_1_412' title='bbox 295 3907 465 3972; x_wconf 90' lang='lat' dir='ltr'><strong>dana,</strong></span> <span class='ocrx_word' id='word_1_413' title='bbox 509 3918 601 3964; x_wconf 88' lang='lat' dir='ltr'><strong>aut</strong></span> <span class='ocrx_word' id='word_1_414' title='bbox 638 3921 1047 3981; x_wconf 91' lang='lat' dir='ltr'><strong>persecutorum</strong></span> <span class='ocrx_word' id='word_1_415' title='bbox 1095 3913 1336 3987; x_wconf 89' lang='lat' dir='ltr'><strong>ﬂagella,</strong></span> <span class='ocrx_word' id='word_1_416' title='bbox 1371 3918 1456 3972; x_wconf 94' lang='lat' dir='ltr'><strong>vel</strong></span> <span class='ocrx_word' id='word_1_417' title='bbox 1500 3919 1884 3975; x_wconf 64' lang='lat' dir='ltr'><strong>haereticorum</strong></span> 
     </span>
    </p>
   </div>
   <div class='ocr_carea' id='block_1_56' title="bbox 294 3991 1885 4080">
    <p class='ocr_par' dir='ltr' id='par_1_56' title="bbox 294 3991 1885 4080">
     <span class='ocr_line' id='line_1_56' title="bbox 294 3991 1885 4080; baseline 0.008 -25"><span class='ocrx_word' id='word_1_418' title='bbox 294 3999 433 4055; x_wconf 86' lang='lat' dir='ltr'><strong>bella</strong></span> <span class='ocrx_word' id='word_1_419' title='bbox 450 4042 465 4066; x_wconf 91' lang='lat'><strong>,</strong></span> <span class='ocrx_word' id='word_1_420' title='bbox 497 4001 611 4058; x_wconf 83' lang='lat' dir='ltr'><strong>sive</strong></span> <span class='ocrx_word' id='word_1_421' title='bbox 639 4004 805 4059; x_wconf 87' lang='lat' dir='ltr'><strong>etiam</strong></span> <span class='ocrx_word' id='word_1_422' title='bbox 827 4007 1035 4066; x_wconf 63' lang='lat' dir='ltr'><strong>insidiae</strong></span> <span class='ocrx_word' id='word_1_423' title='bbox 1057 4008 1415 4079; x_wconf 86' lang='lat' dir='ltr'><strong>malignorum</strong></span> <span class='ocrx_word' id='word_1_424' title='bbox 1439 4011 1727 4080; x_wconf 88' lang='lat' dir='ltr'><strong>spirituum</strong></span> <span class='ocrx_word' id='word_1_425' title='bbox 1754 3991 1885 4068; x_wconf 84' lang='lat' dir='ltr'><strong>sub-</strong></span> 
     </span>
    </p>
   </div>
   <div class='ocr_carea' id='block_1_57' title="bbox 296 4095 1891 4173">
    <p class='ocr_par' dir='ltr' id='par_1_57' title="bbox 296 4095 1891 4173">
     <span class='ocr_line' id='line_1_57' title="bbox 296 4095 1891 4173; baseline 0.008 -27"><span class='ocrx_word' id='word_1_426' title='bbox 296 4101 510 4148; x_wconf 88' lang='lat' dir='ltr'><strong>vertere</strong></span> <span class='ocrx_word' id='word_1_427' title='bbox 547 4095 630 4149; x_wconf 89' lang='lat' dir='ltr'><strong>vel</strong></span> <span class='ocrx_word' id='word_1_428' title='bbox 681 4097 978 4166; x_wconf 86' lang='lat' dir='ltr'><strong>depravare</strong></span> <span class='ocrx_word' id='word_1_429' title='bbox 1003 4113 1098 4154; x_wconf 91' lang='lat' dir='ltr'><strong>cor</strong></span> <span class='ocrx_word' id='word_1_430' title='bbox 1128 4099 1411 4170; x_wconf 90' lang='lat' dir='ltr'><strong>prudentis</strong></span> <span class='ocrx_word' id='word_1_431' title='bbox 1455 4101 1690 4157; x_wconf 89' lang='lat' dir='ltr'><strong>hominis</strong></span> <span class='ocrx_word' id='word_1_432' title='bbox 1737 4111 1891 4173; x_wconf 89' lang='lat' dir='ltr'><strong>pote-</strong></span> 
     </span>
    </p>
   </div>
   <div class='ocr_carea' id='block_1_58' title="bbox 298 4187 1890 4256">
    <p class='ocr_par' dir='ltr' id='par_1_58' title="bbox 298 4187 1890 4256">
     <span class='ocr_line' id='line_1_58' title="bbox 298 4187 1890 4256; baseline 0.008 -20"><span class='ocrx_word' id='word_1_433' title='bbox 298 4192 425 4238; x_wconf 89' lang='lat' dir='ltr'><strong>rttnt</strong></span> <span class='ocrx_word' id='word_1_434' title='bbox 442 4225 456 4251; x_wconf 92' lang='lat'><strong>,</strong></span> <span class='ocrx_word' id='word_1_435' title='bbox 481 4187 572 4256; x_wconf 94' lang='lat' dir='ltr'><strong>qui</strong></span> <span class='ocrx_word' id='word_1_436' title='bbox 592 4187 746 4256; x_wconf 80' lang='lat' dir='ltr'><strong>juxta</strong></span> <span class='ocrx_word' id='word_1_437' title='bbox 772 4189 1075 4244; x_wconf 90' lang='lat' dir='ltr'><strong>divinorum</strong></span> <span class='ocrx_word' id='word_1_438' title='bbox 1105 4190 1370 4246; x_wconf 89' lang='lat' dir='ltr'><strong>librorum</strong></span> <span class='ocrx_word' id='word_1_439' title='bbox 1395 4193 1683 4248; x_wconf 89' lang='lat' dir='ltr'><strong>consilium</strong></span> <span class='ocrx_word' id='word_1_440' title='bbox 1707 4194 1890 4248; x_wconf 91' lang='lat' dir='ltr'><strong>divina</strong></span> 
     </span>
    </p>
   </div>
   <div class='ocr_carea' id='block_1_59' title="bbox 297 4276 1890 4347">
    <p class='ocr_par' dir='ltr' id='par_1_59' title="bbox 297 4276 1890 4347">
     <span class='ocr_line' id='line_1_59' title="bbox 297 4276 1890 4347; baseline 0.009 -20"><span class='ocrx_word' id='word_1_441' title='bbox 297 4276 550 4330; x_wconf 86' lang='lat' dir='ltr'><strong>mandata</strong></span> <span class='ocrx_word' id='word_1_442' title='bbox 579 4280 844 4347; x_wconf 89' lang='lat' dir='ltr'><strong>custodit,</strong></span> <span class='ocrx_word' id='word_1_443' title='bbox 869 4289 926 4335; x_wconf 92' lang='lat' dir='ltr'><strong>et</strong></span> <span class='ocrx_word' id='word_1_444' title='bbox 956 4289 1127 4337; x_wconf 91' lang='lat' dir='ltr'><strong>totum</strong></span> <span class='ocrx_word' id='word_1_445' title='bbox 1155 4284 1326 4338; x_wconf 89' lang='lat' dir='ltr'><strong>animi</strong></span> <span class='ocrx_word' id='word_1_446' title='bbox 1355 4286 1438 4340; x_wconf 90' lang='lat' dir='ltr'><strong>sui</strong></span> <span class='ocrx_word' id='word_1_447' title='bbox 1467 4285 1752 4340; x_wconf 91' lang='lat' dir='ltr'><strong>consilium</strong></span> <span class='ocrx_word' id='word_1_448' title='bbox 1779 4285 1890 4341; x_wconf 93' lang='lat' dir='ltr'><strong>Deo</strong></span> 
     </span>
    </p>
   </div>
   <div class='ocr_carea' id='block_1_60' title="bbox 299 4367 1894 4441">
    <p class='ocr_par' dir='ltr' id='par_1_60' title="bbox 299 4367 1894 4441">
     <span class='ocr_line' id='line_1_60' title="bbox 299 4367 1894 4441; baseline 0.008 -24"><span class='ocrx_word' id='word_1_449' title='bbox 299 4367 675 4436; x_wconf 24' lang='lat' dir='ltr'><strong>omnipotenti,</strong></span> <span class='ocrx_word' id='word_1_450' title='bbox 708 4385 803 4441; x_wconf 91' lang='lat' dir='ltr'><strong>spe</strong></span> <span class='ocrx_word' id='word_1_451' title='bbox 851 4371 1008 4426; x_wconf 88' lang='lat' dir='ltr'><strong>ﬁrma</strong></span> <span class='ocrx_word' id='word_1_452' title='bbox 1047 4374 1354 4428; x_wconf 92' lang='lat' dir='ltr'><strong>committit.</strong></span> <span class='ocrx_word' id='word_1_453' title='bbox 1383 4373 1428 4429; x_wconf 91' lang='lat' dir='ltr'><strong>E</strong></span> <span class='ocrx_word' id='word_1_454' title='bbox 1457 4376 1732 4431; x_wconf 88' lang='lat' dir='ltr'><strong>contrario</strong></span> <span class='ocrx_word' id='word_1_455' title='bbox 1762 4390 1894 4430; x_wconf 91' lang='lat' dir='ltr'><strong>vero</strong></span> 
     </span>
    </p>
   </div>
   <div class='ocr_carea' id='block_1_61' title="bbox 299 4455 1894 4527">
    <p class='ocr_par' dir='ltr' id='par_1_61' title="bbox 299 4455 1894 4527">
     <span class='ocr_line' id='line_1_61' title="bbox 299 4455 1894 4527; baseline 0.008 -20"><span class='ocrx_word' id='word_1_456' title='bbox 299 4455 429 4523; x_wconf 89' lang='lat' dir='ltr'><strong>quid</strong></span> <span class='ocrx_word' id='word_1_457' title='bbox 459 4456 666 4513; x_wconf 86' lang='lat' dir='ltr'><strong>timidis</strong></span> <span class='ocrx_word' id='word_1_458' title='bbox 696 4463 886 4527; x_wconf 90' lang='lat' dir='ltr'><strong>corde,</strong></span> <span class='ocrx_word' id='word_1_459' title='bbox 920 4469 975 4517; x_wconf 91' lang='lat' dir='ltr'><strong>et</strong></span> <span class='ocrx_word' id='word_1_460' title='bbox 1005 4463 1284 4519; x_wconf 89' lang='lat' dir='ltr'><strong>dissolutis</strong></span> <span class='ocrx_word' id='word_1_461' title='bbox 1314 4465 1510 4520; x_wconf 88' lang='lat' dir='ltr'><strong>robore</strong></span> <span class='ocrx_word' id='word_1_462' title='bbox 1539 4466 1736 4520; x_wconf 88' lang='lat' dir='ltr'><strong>mentis</strong></span> <span class='ocrx_word' id='word_1_463' title='bbox 1765 4479 1894 4520; x_wconf 80' lang='lat' dir='ltr'><strong>cou—</strong></span> 
     </span>
    </p>
   </div>
   <div class='ocr_carea' id='block_1_62' title="bbox 301 4548 1775 4626">
    <p class='ocr_par' dir='ltr' id='par_1_62' title="bbox 301 4548 1775 4626">
     <span class='ocr_line' id='line_1_62' title="bbox 301 4548 1775 4626; baseline 0.009 -26"><span class='ocrx_word' id='word_1_464' title='bbox 301 4548 502 4617; x_wconf 87' lang='lat' dir='ltr'><strong>tingat,</strong></span> <span class='ocrx_word' id='word_1_465' title='bbox 529 4551 776 4622; x_wconf 90' lang='lat' dir='ltr'><strong>sequenti</strong></span> <span class='ocrx_word' id='word_1_466' title='bbox 806 4557 1216 4626; x_wconf 89' lang='lat' dir='ltr'><strong>comparatione</strong></span> <span class='ocrx_word' id='word_1_467' title='bbox 1243 4558 1519 4624; x_wconf 91' lang='lat' dir='ltr'><strong>ostendit,</strong></span> <span class='ocrx_word' id='word_1_468' title='bbox 1550 4560 1735 4614; x_wconf 92' lang='lat' dir='ltr'><strong>dicens</strong></span> <span class='ocrx_word' id='word_1_469' title='bbox 1764 4578 1775 4613; x_wconf 88' lang='lat'>:</span> 
     </span>
    </p>
   </div>
   <div class='ocr_carea' id='block_1_63' title="bbox 379 4641 1892 4723">
    <p class='ocr_par' dir='ltr' id='par_1_63' title="bbox 379 4641 1892 4723">
     <span class='ocr_line' id='line_1_63' title="bbox 379 4641 1892 4723; baseline 0.012 -31"><span class='ocrx_word' id='word_1_470' title='bbox 379 4661 398 4692; x_wconf 69' lang='grc' dir='ltr'><strong>ε</strong></span> <span class='ocrx_word' id='word_1_471' title='bbox 444 4641 597 4700; x_wconf 89' lang='lat' dir='ltr'><strong>Sicut</strong></span> <span class='ocrx_word' id='word_1_472' title='bbox 618 4646 786 4716; x_wconf 62' lang='lat' dir='ltr'><strong>paleae</strong></span> <span class='ocrx_word' id='word_1_473' title='bbox 808 4647 861 4702; x_wconf 90' lang='lat' dir='ltr'><strong>in</strong></span> <span class='ocrx_word' id='word_1_474' title='bbox 889 4650 1118 4706; x_wconf 73' lang='lat' dir='ltr'><strong>excelsis</strong></span> <span class='ocrx_word' id='word_1_475' title='bbox 1144 4659 1198 4706; x_wconf 89' lang='lat' dir='ltr'><strong>et</strong></span> <span class='ocrx_word' id='word_1_476' title='bbox 1225 4662 1485 4707; x_wconf 70' lang='lat' dir='ltr'><strong>caementa</strong></span> <span class='ocrx_word' id='word_1_477' title='bbox 1507 4654 1624 4709; x_wconf 89' lang='lat' dir='ltr'><strong>sine</strong></span> <span class='ocrx_word' id='word_1_478' title='bbox 1648 4654 1892 4723; x_wconf 89' lang='lat' dir='ltr'><strong>impensa</strong></span> 
     </span>
    </p>
   </div>
   <div class='ocr_carea' id='block_1_64' title="bbox 308 4729 1891 4816">
    <p class='ocr_par' dir='ltr' id='par_1_64' title="bbox 308 4729 1891 4816">
     <span class='ocr_line' id='line_1_64' title="bbox 308 4729 1891 4816; baseline 0.009 -29"><span class='ocrx_word' id='word_1_479' title='bbox 308 4751 329 4786; x_wconf 71' lang='grc' dir='ltr'><em>α</em></span> <span class='ocrx_word' id='word_1_480' title='bbox 372 4729 548 4804; x_wconf 87' lang='lat' dir='ltr'><strong>posita</strong></span> <span class='ocrx_word' id='word_1_481' title='bbox 578 4745 768 4792; x_wconf 90' lang='lat' dir='ltr'><strong>contra</strong></span> <span class='ocrx_word' id='word_1_482' title='bbox 797 4739 992 4796; x_wconf 83' lang='lat' dir='ltr'><strong>faciem</strong></span> <span class='ocrx_word' id='word_1_483' title='bbox 1021 4743 1168 4798; x_wconf 87' lang='lat' dir='ltr'><strong>venti</strong></span> <span class='ocrx_word' id='word_1_484' title='bbox 1195 4759 1303 4798; x_wconf 91' lang='lat' dir='ltr'><strong>non</strong></span> <span class='ocrx_word' id='word_1_485' title='bbox 1332 4747 1764 4816; x_wconf 89' lang='lat' dir='ltr'><strong>permanebunt,</strong></span> <span class='ocrx_word' id='word_1_486' title='bbox 1804 4747 1891 4804; x_wconf 87' lang='lat' dir='ltr'><strong>sic</strong></span> 
     </span>
    </p>
   </div>
   <div class='ocr_carea' id='block_1_65' title="bbox 308 4829 1892 4904">
    <p class='ocr_par' dir='ltr' id='par_1_65' title="bbox 308 4829 1892 4904">
     <span class='ocr_line' id='line_1_65' title="bbox 308 4829 1892 4904; baseline 0.008 -25"><span class='ocrx_word' id='word_1_487' title='bbox 308 4845 330 4877; x_wconf 75' lang='grc' dir='ltr'>ι</span> <span class='ocrx_word' id='word_1_488' title='bbox 375 4835 432 4881; x_wconf 71' lang='grc' dir='ltr'><strong>εἰ.</strong></span> <span class='ocrx_word' id='word_1_489' title='bbox 467 4843 563 4883; x_wconf 93' lang='lat' dir='ltr'><strong>cor</strong></span> <span class='ocrx_word' id='word_1_490' title='bbox 603 4829 853 4886; x_wconf 89' lang='lat' dir='ltr'><strong>timidum</strong></span> <span class='ocrx_word' id='word_1_491' title='bbox 901 4833 958 4886; x_wconf 90' lang='lat' dir='ltr'><strong>in</strong></span> <span class='ocrx_word' id='word_1_492' title='bbox 999 4834 1330 4904; x_wconf 87' lang='lat' dir='ltr'><strong>cogitatione</strong></span> <span class='ocrx_word' id='word_1_493' title='bbox 1359 4835 1508 4890; x_wconf 90' lang='lat' dir='ltr'><strong>stulti</strong></span> <span class='ocrx_word' id='word_1_494' title='bbox 1551 4843 1742 4892; x_wconf 91' lang='lat' dir='ltr'><strong>contra</strong></span> <span class='ocrx_word' id='word_1_495' title='bbox 1790 4838 1892 4891; x_wconf 90' lang='lat' dir='ltr'><strong>im-</strong></span> 
     </span>
    </p>
   </div>
   <div class='ocr_carea' id='block_1_66' title="bbox 310 4922 1892 5001">
    <p class='ocr_par' dir='ltr' id='par_1_66' title="bbox 310 4922 1892 5001">
     <span class='ocr_line' id='line_1_66' title="bbox 310 4922 1892 5001; baseline 0.009 -27"><span class='ocrx_word' id='word_1_496' title='bbox 310 4938 333 4974; x_wconf 80' lang='grc' dir='ltr'>ι</span> <span class='ocrx_word' id='word_1_497' title='bbox 374 4928 558 4991; x_wconf 86' lang='lat' dir='ltr'><strong>petum</strong></span> <span class='ocrx_word' id='word_1_498' title='bbox 603 4922 814 4980; x_wconf 90' lang='lat' dir='ltr'><strong>timoris</strong></span> <span class='ocrx_word' id='word_1_499' title='bbox 859 4942 969 4982; x_wconf 92' lang='lat' dir='ltr'><strong>non</strong></span> <span class='ocrx_word' id='word_1_500' title='bbox 1017 4928 1240 4982; x_wconf 90' lang='lat' dir='ltr'><strong>resistit.</strong></span> <span class='ocrx_word' id='word_1_501' title='bbox 1282 4949 1300 4980; x_wconf 82' lang='grc'><strong>›</strong></span> <span class='ocrx_word' id='word_1_502' title='bbox 1350 4928 1678 5001; x_wconf 83' lang='lat' dir='ltr'><strong>Sieutergo</strong></span> <span class='ocrx_word' id='word_1_503' title='bbox 1724 4932 1892 5000; x_wconf 69' lang='lat' dir='ltr'><strong>palere</strong></span> 
     </span>
    </p>
   </div>
   <div class='ocr_carea' id='block_1_67' title="bbox 207 5009 1892 5090">
    <p class='ocr_par' dir='ltr' id='par_1_67' title="bbox 207 5009 1892 5090">
     <span class='ocr_line' id='line_1_67' title="bbox 207 5009 1892 5090; baseline 0.008 -25"><span class='ocrx_word' id='word_1_504' title='bbox 207 5024 220 5040; x_wconf 77' lang='lat'><strong>‘</strong></span> <span class='ocrx_word' id='word_1_505' title='bbox 302 5009 450 5067; x_wconf 88' lang='lat' dir='ltr'><strong>leves</strong></span> <span class='ocrx_word' id='word_1_506' title='bbox 479 5013 535 5068; x_wconf 93' lang='lat' dir='ltr'><strong>in</strong></span> <span class='ocrx_word' id='word_1_507' title='bbox 561 5015 791 5071; x_wconf 83' lang='lat' dir='ltr'><strong>excelsis</strong></span> <span class='ocrx_word' id='word_1_508' title='bbox 815 5017 946 5073; x_wconf 91' lang='lat' dir='ltr'><strong>locis</strong></span> <span class='ocrx_word' id='word_1_509' title='bbox 968 5020 1160 5090; x_wconf 61' lang='lat' dir='ltr'><strong>posit-ge</strong></span> <span class='ocrx_word' id='word_1_510' title='bbox 1189 5019 1321 5075; x_wconf 88' lang='lat' dir='ltr'><strong>ﬂatu</strong></span> <span class='ocrx_word' id='word_1_511' title='bbox 1349 5022 1500 5076; x_wconf 88' lang='lat' dir='ltr'><strong>venti</strong></span> <span class='ocrx_word' id='word_1_512' title='bbox 1530 5022 1809 5089; x_wconf 90' lang='lat' dir='ltr'><strong>tolluntur,</strong></span> <span class='ocrx_word' id='word_1_513' title='bbox 1839 5032 1892 5078; x_wconf 92' lang='lat' dir='ltr'><strong>et</strong></span> 
     </span>
    </p>
   </div>
   <div class='ocr_carea' id='block_1_68' title="bbox 309 5109 1962 5189">
    <p class='ocr_par' dir='ltr' id='par_1_68' title="bbox 309 5109 1962 5189">
     <span class='ocr_line' id='line_1_68' title="bbox 309 5109 1962 5189; baseline 0.007 -25"><span class='ocrx_word' id='word_1_514' title='bbox 309 5109 450 5164; x_wconf 90' lang='lat' dir='ltr'><strong>sicut</strong></span> <span class='ocrx_word' id='word_1_515' title='bbox 474 5118 735 5165; x_wconf 62' lang='lat' dir='ltr'><strong>caementa</strong></span> <span class='ocrx_word' id='word_1_516' title='bbox 757 5127 877 5182; x_wconf 64' lang='lat' dir='ltr'><strong>qum</strong></span> <span class='ocrx_word' id='word_1_517' title='bbox 909 5113 1144 5168; x_wconf 85' lang='lat' dir='ltr'><strong>mixtura</strong></span> <span class='ocrx_word' id='word_1_518' title='bbox 1183 5115 1346 5170; x_wconf 89' lang='lat' dir='ltr'><strong>calcis</strong></span> <span class='ocrx_word' id='word_1_519' title='bbox 1375 5131 1483 5170; x_wconf 91' lang='lat' dir='ltr'><strong>non</strong></span> <span class='ocrx_word' id='word_1_520' title='bbox 1511 5115 1651 5172; x_wconf 87' lang='lat' dir='ltr'><strong>bene</strong></span> <span class='ocrx_word' id='word_1_521' title='bbox 1679 5117 1898 5189; x_wconf 86' lang='lat' dir='ltr'><strong>conglu-</strong></span> <span class='ocrx_word' id='word_1_522' title='bbox 1955 5167 1962 5176; x_wconf 93' lang='lat'><strong>.</strong></span> 
     </span>
    </p>
   </div>
   <div class='ocr_carea' id='block_1_69' title="bbox 310 5201 1898 5276">
    <p class='ocr_par' dir='ltr' id='par_1_69' title="bbox 310 5201 1898 5276">
     <span class='ocr_line' id='line_1_69' title="bbox 310 5201 1898 5276; baseline 0.005 -21"><span class='ocrx_word' id='word_1_523' title='bbox 310 5201 479 5256; x_wconf 91' lang='lat' dir='ltr'><strong>tinata</strong></span> <span class='ocrx_word' id='word_1_524' title='bbox 505 5210 648 5269; x_wconf 88' lang='lat' dir='ltr'><strong>sunt,</strong></span> <span class='ocrx_word' id='word_1_525' title='bbox 673 5204 935 5273; x_wconf 90' lang='lat' dir='ltr'><strong>parietem</strong></span> <span class='ocrx_word' id='word_1_526' title='bbox 959 5204 1174 5260; x_wconf 88' lang='lat' dir='ltr'><strong>ﬁrmum</strong></span> <span class='ocrx_word' id='word_1_527' title='bbox 1194 5206 1374 5262; x_wconf 88' lang='lat' dir='ltr'><strong>facere</strong></span> <span class='ocrx_word' id='word_1_528' title='bbox 1395 5222 1502 5261; x_wconf 91' lang='lat' dir='ltr'><strong>non</strong></span> <span class='ocrx_word' id='word_1_529' title='bbox 1525 5216 1776 5276; x_wconf 88' lang='lat' dir='ltr'><strong>possunt,</strong></span> <span class='ocrx_word' id='word_1_530' title='bbox 1803 5209 1898 5264; x_wconf 90' lang='lat' dir='ltr'><strong>scd</strong></span> 
     </span>
    </p>
   </div>
   <div class='ocr_carea' id='block_1_70' title="bbox 309 5292 1902 5364">
    <p class='ocr_par' dir='ltr' id='par_1_70' title="bbox 309 5292 1902 5364">
     <span class='ocr_line' id='line_1_70' title="bbox 309 5292 1902 5364; baseline 0.007 -19"><span class='ocrx_word' id='word_1_531' title='bbox 309 5292 364 5346; x_wconf 92' lang='lat' dir='ltr'><strong>in</strong></span> <span class='ocrx_word' id='word_1_532' title='bbox 389 5292 620 5348; x_wconf 86' lang='lat' dir='ltr'><strong>adventu</strong></span> <span class='ocrx_word' id='word_1_533' title='bbox 650 5295 884 5350; x_wconf 88' lang='lat' dir='ltr'><strong>turbinis</strong></span> <span class='ocrx_word' id='word_1_534' title='bbox 902 5296 1012 5352; x_wconf 90' lang='lat' dir='ltr'><strong>cito</strong></span> <span class='ocrx_word' id='word_1_535' title='bbox 1031 5295 1314 5352; x_wconf 90' lang='lat' dir='ltr'><strong>deciduum</strong></span> <span class='ocrx_word' id='word_1_536' title='bbox 1345 5298 1604 5364; x_wconf 89' lang='lat' dir='ltr'><strong>reddunt,</strong></span> <span class='ocrx_word' id='word_1_537' title='bbox 1631 5300 1709 5355; x_wconf 93' lang='lat' dir='ltr'><strong>sic</strong></span> <span class='ocrx_word' id='word_1_538' title='bbox 1725 5308 1780 5355; x_wconf 93' lang='lat' dir='ltr'><strong>et</strong></span> <span class='ocrx_word' id='word_1_539' title='bbox 1806 5315 1902 5356; x_wconf 91' lang='lat' dir='ltr'><strong>cor</strong></span> 
     </span>
    </p>
   </div>
   <div class='ocr_carea' id='block_1_71' title="bbox 312 5379 1901 5460">
    <p class='ocr_par' dir='ltr' id='par_1_71' title="bbox 312 5379 1901 5460">
     <span class='ocr_line' id='line_1_71' title="bbox 312 5379 1901 5460; baseline 0.006 -24"><span class='ocrx_word' id='word_1_540' title='bbox 312 5379 562 5436; x_wconf 88' lang='lat' dir='ltr'><strong>timidum</strong></span> <span class='ocrx_word' id='word_1_541' title='bbox 618 5383 986 5453; x_wconf 91' lang='lat' dir='ltr'><strong>insipientium</strong></span> <span class='ocrx_word' id='word_1_542' title='bbox 1042 5387 1461 5454; x_wconf 77' lang='lat' dir='ltr'><strong>haereticorum,</strong></span> <span class='ocrx_word' id='word_1_543' title='bbox 1517 5389 1610 5444; x_wconf 91' lang='lat' dir='ltr'><strong>ubi</strong></span> <span class='ocrx_word' id='word_1_544' title='bbox 1667 5388 1901 5460; x_wconf 89' lang='lat' dir='ltr'><strong>Spiritus</strong></span> 
     </span>
    </p>
   </div>
   <div class='ocr_carea' id='block_1_72' title="bbox 313 5463 1903 5547">
    <p class='ocr_par' dir='ltr' id='par_1_72' title="bbox 313 5463 1903 5547">
     <span class='ocr_line' id='line_1_72' title="bbox 313 5463 1903 5547; baseline 0.005 -18"><span class='ocrx_word' id='word_1_545' title='bbox 313 5483 534 5531; x_wconf 88' lang='lat' dir='ltr'><strong>sanctus</strong></span> <span class='ocrx_word' id='word_1_546' title='bbox 555 5475 759 5530; x_wconf 91' lang='lat' dir='ltr'><strong>nullum</strong></span> <span class='ocrx_word' id='word_1_547' title='bbox 792 5485 1016 5546; x_wconf 78' lang='lat' dir='ltr'><strong>praestat</strong></span> <span class='ocrx_word' id='word_1_548' title='bbox 1037 5463 1200 5533; x_wconf 79' lang='lat' dir='ltr'><strong>rectae</strong></span> <span class='ocrx_word' id='word_1_549' title='bbox 1231 5478 1358 5534; x_wconf 88' lang='lat' dir='ltr'><strong>ﬁdei</strong></span> <span class='ocrx_word' id='word_1_550' title='bbox 1386 5479 1821 5547; x_wconf 90' lang='lat' dir='ltr'><strong>ﬁrmamentum,</strong></span> <span class='ocrx_word' id='word_1_551' title='bbox 1848 5490 1903 5537; x_wconf 90' lang='lat' dir='ltr'><strong>et</strong></span> 
     </span>
    </p>
   </div>
   <div class='ocr_carea' id='block_1_73' title="bbox 313 5568 1903 5629">
    <p class='ocr_par' dir='ltr' id='par_1_73' title="bbox 313 5568 1903 5629">
     <span class='ocr_line' id='line_1_73' title="bbox 313 5568 1903 5629; baseline 0.004 -7"><span class='ocrx_word' id='word_1_552' title='bbox 313 5581 457 5622; x_wconf 86' lang='lat' dir='ltr'><strong>verae</strong></span> <span class='ocrx_word' id='word_1_553' title='bbox 509 5568 792 5624; x_wconf 89' lang='lat' dir='ltr'><strong>charitatis</strong></span> <span class='ocrx_word' id='word_1_554' title='bbox 832 5569 1246 5626; x_wconf 91' lang='lat' dir='ltr'><strong>solidamentum</strong></span> <span class='ocrx_word' id='word_1_555' title='bbox 1297 5573 1601 5628; x_wconf 90' lang='lat' dir='ltr'><strong>advenienti</strong></span> <span class='ocrx_word' id='word_1_556' title='bbox 1641 5573 1903 5629; x_wconf 64' lang='lat' dir='ltr'><strong>molestiae</strong></span> 
     </span>
    </p>
   </div>
   <div class='ocr_carea' id='block_1_74' title="bbox 314 5660 1900 5729">
    <p class='ocr_par' dir='ltr' id='par_1_74' title="bbox 314 5660 1900 5729">
     <span class='ocr_line' id='line_1_74' title="bbox 314 5660 1900 5729; baseline 0.006 -18"><span class='ocrx_word' id='word_1_557' title='bbox 314 5660 752 5729; x_wconf 86' lang='lat' dir='ltr'><strong>persecutionum</strong></span> <span class='ocrx_word' id='word_1_558' title='bbox 783 5662 1038 5717; x_wconf 89' lang='lat' dir='ltr'><strong>resistere</strong></span> <span class='ocrx_word' id='word_1_559' title='bbox 1052 5677 1157 5717; x_wconf 91' lang='lat' dir='ltr'><strong>non</strong></span> <span class='ocrx_word' id='word_1_560' title='bbox 1173 5663 1346 5729; x_wconf 85' lang='lat' dir='ltr'><strong>valet,</strong></span> <span class='ocrx_word' id='word_1_561' title='bbox 1369 5665 1463 5719; x_wconf 89' lang='lat' dir='ltr'><strong>sed</strong></span> <span class='ocrx_word' id='word_1_562' title='bbox 1478 5664 1648 5719; x_wconf 85' lang='lat' dir='ltr'><strong>ruinae</strong></span> <span class='ocrx_word' id='word_1_563' title='bbox 1662 5665 1900 5720; x_wconf 76' lang='lat' dir='ltr'><strong>maxime</strong></span> 
     </span>
    </p>
   </div>
   <div class='ocr_carea' id='block_1_75' title="bbox 315 5749 1900 5824">
    <p class='ocr_par' dir='ltr' id='par_1_75' title="bbox 315 5749 1900 5824">
     <span class='ocr_line' id='line_1_75' title="bbox 315 5749 1900 5824; baseline 0.008 -23"><span class='ocrx_word' id='word_1_564' title='bbox 315 5758 485 5819; x_wconf 85' lang='lat' dir='ltr'><strong>patet.</strong></span> <span class='ocrx_word' id='word_1_565' title='bbox 511 5749 621 5807; x_wconf 81' lang='lat' dir='ltr'><strong>Has</strong></span> <span class='ocrx_word' id='word_1_566' title='bbox 642 5768 772 5823; x_wconf 84' lang='lat' dir='ltr'><strong>ergo</strong></span> <span class='ocrx_word' id='word_1_567' title='bbox 796 5755 929 5810; x_wconf 91' lang='lat' dir='ltr'><strong>duas</strong></span> <span class='ocrx_word' id='word_1_568' title='bbox 955 5755 1388 5824; x_wconf 86' lang='lat' dir='ltr'><strong>comparationes</strong></span> <span class='ocrx_word' id='word_1_569' title='bbox 1405 5797 1421 5823; x_wconf 94' lang='lat'><strong>,</strong></span> <span class='ocrx_word' id='word_1_570' title='bbox 1449 5757 1553 5813; x_wconf 90' lang='lat' dir='ltr'><strong>hoc</strong></span> <span class='ocrx_word' id='word_1_571' title='bbox 1577 5764 1690 5823; x_wconf 85' lang='lat' dir='ltr'><strong>est,</strong></span> <span class='ocrx_word' id='word_1_572' title='bbox 1719 5758 1900 5814; x_wconf 90' lang='lat' dir='ltr'><strong>cordis</strong></span> 
     </span>
    </p>
   </div>
   <div class='ocr_carea' id='block_1_76' title="bbox 320 5839 1900 5907">
    <p class='ocr_par' dir='ltr' id='par_1_76' title="bbox 320 5839 1900 5907">
     <span class='ocr_line' id='line_1_76' title="bbox 320 5839 1900 5907; baseline 0.008 -13"><span class='ocrx_word' id='word_1_573' title='bbox 320 5839 461 5895; x_wconf 87' lang='lat' dir='ltr'><strong>ﬁrmi</strong></span> <span class='ocrx_word' id='word_1_574' title='bbox 491 5852 832 5900; x_wconf 83' lang='lat' dir='ltr'><strong>sensatorum</strong></span> <span class='ocrx_word' id='word_1_575' title='bbox 860 5847 916 5902; x_wconf 91' lang='lat' dir='ltr'><strong>in</strong></span> <span class='ocrx_word' id='word_1_576' title='bbox 944 5846 1296 5903; x_wconf 89' lang='lat' dir='ltr'><strong>fundamento</strong></span> <span class='ocrx_word' id='word_1_577' title='bbox 1325 5848 1604 5905; x_wconf 48' lang='lat' dir='ltr'><strong>catholicae.</strong></span> <span class='ocrx_word' id='word_1_578' title='bbox 1645 5847 1771 5905; x_wconf 89' lang='lat' dir='ltr'><strong>ﬁdei</strong></span> <span class='ocrx_word' id='word_1_579' title='bbox 1811 5865 1900 5907; x_wconf 85' lang='lat' dir='ltr'><strong>so-</strong></span> 
     </span>
    </p>
   </div>
   <div class='ocr_carea' id='block_1_77' title="bbox 1980 1970 3578 2040">
    <p class='ocr_par' dir='ltr' id='par_1_77' title="bbox 1980 1970 3578 2040">
     <span class='ocr_line' id='line_1_77' title="bbox 1980 1970 3578 2040; baseline -0.002 -13"><span class='ocrx_word' id='word_1_580' title='bbox 1980 1972 2264 2028; x_wconf 85' lang='lat' dir='ltr'><strong>fundatum</strong></span> <span class='ocrx_word' id='word_1_581' title='bbox 2283 2013 2298 2037; x_wconf 93' lang='lat'><strong>,</strong></span> <span class='ocrx_word' id='word_1_582' title='bbox 2326 1971 2627 2027; x_wconf 63' lang='lat' dir='ltr'><strong>aediﬁcatur</strong></span> <span class='ocrx_word' id='word_1_583' title='bbox 2650 1970 2853 2027; x_wconf 89' lang='lat' dir='ltr'><strong>Christi</strong></span> <span class='ocrx_word' id='word_1_584' title='bbox 2873 1971 3148 2036; x_wconf 90' lang='lat' dir='ltr'><strong>Ecclesia;</strong></span> <span class='ocrx_word' id='word_1_585' title='bbox 3168 1985 3331 2040; x_wconf 90' lang='lat' dir='ltr'><strong>super</strong></span> <span class='ocrx_word' id='word_1_586' title='bbox 3353 1983 3578 2024; x_wconf 91' lang='lat' dir='ltr'><strong>arenam</strong></span> 
     </span>
    </p>
   </div>
   <div class='ocr_carea' id='block_1_78' title="bbox 1982 2062 3584 2135">
    <p class='ocr_par' dir='ltr' id='par_1_78' title="bbox 1982 2062 3584 2135">
     <span class='ocr_line' id='line_1_78' title="bbox 1982 2062 3584 2135; baseline 0 -17"><span class='ocrx_word' id='word_1_587' title='bbox 1982 2079 2142 2130; x_wconf 89' lang='lat' dir='ltr'><strong>vero,</strong></span> <span class='ocrx_word' id='word_1_588' title='bbox 2177 2080 2298 2134; x_wconf 62' lang='lat' dir='ltr'><strong>qua:</strong></span> <span class='ocrx_word' id='word_1_589' title='bbox 2329 2062 2494 2119; x_wconf 87' lang='lat' dir='ltr'><strong>ﬂuida</strong></span> <span class='ocrx_word' id='word_1_590' title='bbox 2522 2071 2607 2119; x_wconf 90' lang='lat' dir='ltr'><strong>est</strong></span> <span class='ocrx_word' id='word_1_591' title='bbox 2629 2071 2683 2120; x_wconf 91' lang='lat' dir='ltr'><strong>et</strong></span> <span class='ocrx_word' id='word_1_592' title='bbox 2711 2065 3083 2135; x_wconf 84' lang='lat' dir='ltr'><strong>coagmentari</strong></span> <span class='ocrx_word' id='word_1_593' title='bbox 3109 2078 3216 2119; x_wconf 92' lang='lat' dir='ltr'><strong>non</strong></span> <span class='ocrx_word' id='word_1_594' title='bbox 3243 2071 3459 2133; x_wconf 80' lang='lat' dir='ltr'><strong>potest,</strong></span> <span class='ocrx_word' id='word_1_595' title='bbox 3478 2077 3584 2118; x_wconf 91' lang='lat' dir='ltr'><strong>nec</strong></span> 
     </span>
    </p>
   </div>
   <div class='ocr_carea' id='block_1_79' title="bbox 1981 2154 3584 2228">
    <p class='ocr_par' dir='ltr' id='par_1_79' title="bbox 1981 2154 3584 2228">
     <span class='ocr_line' id='line_1_79' title="bbox 1981 2154 3584 2228; baseline -0.001 -17"><span class='ocrx_word' id='word_1_596' title='bbox 1981 2156 2037 2211; x_wconf 91' lang='lat' dir='ltr'><strong>in</strong></span> <span class='ocrx_word' id='word_1_597' title='bbox 2069 2171 2236 2211; x_wconf 88' lang='lat' dir='ltr'><strong>unam</strong></span> <span class='ocrx_word' id='word_1_598' title='bbox 2262 2155 2513 2228; x_wconf 87' lang='lat' dir='ltr'><strong>copulam</strong></span> <span class='ocrx_word' id='word_1_599' title='bbox 2543 2155 2746 2226; x_wconf 87' lang='lat' dir='ltr'><strong>redigi,</strong></span> <span class='ocrx_word' id='word_1_600' title='bbox 2779 2156 2956 2210; x_wconf 90' lang='lat' dir='ltr'><strong>omnis</strong></span> <span class='ocrx_word' id='word_1_601' title='bbox 2982 2154 3364 2210; x_wconf 77' lang='lat' dir='ltr'><strong>haereticorum</strong></span> <span class='ocrx_word' id='word_1_602' title='bbox 3401 2167 3584 2210; x_wconf 90' lang='lat' dir='ltr'><strong>sermo</strong></span> 
     </span>
    </p>
   </div>
   <div class='ocr_carea' id='block_1_80' title="bbox 1988 2247 3584 2319">
    <p class='ocr_par' dir='ltr' id='par_1_80' title="bbox 1988 2247 3584 2319">
     <span class='ocr_line' id='line_1_80' title="bbox 1988 2247 3584 2319; baseline -0.001 -15"><span class='ocrx_word' id='word_1_603' title='bbox 1988 2250 2056 2304; x_wconf 91' lang='lat' dir='ltr'><strong>ad</strong></span> <span class='ocrx_word' id='word_1_604' title='bbox 2085 2250 2191 2304; x_wconf 91' lang='lat' dir='ltr'><strong>hoc</strong></span> <span class='ocrx_word' id='word_1_605' title='bbox 2216 2248 2518 2305; x_wconf 59' lang='lat' dir='ltr'><strong>aediﬁcatur</strong></span> <span class='ocrx_word' id='word_1_606' title='bbox 2545 2257 2608 2303; x_wconf 90' lang='lat' dir='ltr'><strong>ut</strong></span> <span class='ocrx_word' id='word_1_607' title='bbox 2633 2257 2873 2304; x_wconf 88' lang='lat' dir='ltr'><strong>corruat.</strong></span> <span class='ocrx_word' id='word_1_608' title='bbox 2907 2248 3047 2315; x_wconf 82' lang='lat' dir='ltr'><strong>Quid</strong></span> <span class='ocrx_word' id='word_1_609' title='bbox 3077 2263 3176 2319; x_wconf 93' lang='lat' dir='ltr'><strong>per</strong></span> <span class='ocrx_word' id='word_1_610' title='bbox 3203 2248 3444 2319; x_wconf 86' lang='lat' dir='ltr'><strong>pluviam</strong></span> <span class='ocrx_word' id='word_1_611' title='bbox 3474 2247 3584 2305; x_wconf 88' lang='lat' dir='ltr'><strong>nisi</strong></span> 
     </span>
    </p>
   </div>
   <div class='ocr_carea' id='block_1_81' title="bbox 1982 2340 3582 2414">
    <p class='ocr_par' dir='ltr' id='par_1_81' title="bbox 1982 2340 3582 2414">
     <span class='ocr_line' id='line_1_81' title="bbox 1982 2340 3582 2414; baseline -0.003 -15"><span class='ocrx_word' id='word_1_612' title='bbox 1982 2343 2330 2400; x_wconf 89' lang='lat' dir='ltr'><strong>multimodas</strong></span> <span class='ocrx_word' id='word_1_613' title='bbox 2403 2342 2699 2399; x_wconf 91' lang='lat' dir='ltr'><strong>diabolicas</strong></span> <span class='ocrx_word' id='word_1_614' title='bbox 2750 2342 3117 2399; x_wconf 83' lang='lat' dir='ltr'><strong>tentationes?</strong></span> <span class='ocrx_word' id='word_1_615' title='bbox 3175 2357 3277 2414; x_wconf 90' lang='lat' dir='ltr'><strong>per</strong></span> <span class='ocrx_word' id='word_1_616' title='bbox 3321 2340 3582 2408; x_wconf 88' lang='lat' dir='ltr'><strong>ﬂumina,</strong></span> 
     </span>
    </p>
   </div>
   <div class='ocr_carea' id='block_1_82' title="bbox 1983 2432 3582 2504">
    <p class='ocr_par' dir='ltr' id='par_1_82' title="bbox 1983 2432 3582 2504">
     <span class='ocr_line' id='line_1_82' title="bbox 1983 2432 3582 2504; baseline -0.003 -15"><span class='ocrx_word' id='word_1_617' title='bbox 1983 2442 2198 2504; x_wconf 90' lang='lat' dir='ltr'><strong>apertas</strong></span> <span class='ocrx_word' id='word_1_618' title='bbox 2253 2432 2680 2504; x_wconf 88' lang='lat' dir='ltr'><strong>manifestasque</strong></span> <span class='ocrx_word' id='word_1_619' title='bbox 2733 2433 3174 2504; x_wconf 89' lang='lat' dir='ltr'><strong>persecutiones?</strong></span> <span class='ocrx_word' id='word_1_620' title='bbox 3202 2447 3300 2502; x_wconf 90' lang='lat' dir='ltr'><strong>per</strong></span> <span class='ocrx_word' id='word_1_621' title='bbox 3347 2437 3540 2486; x_wconf 86' lang='lat' dir='ltr'><strong>ventos</strong></span> <span class='ocrx_word' id='word_1_622' title='bbox 3563 2469 3582 2496; x_wconf 94' lang='lat'><strong>,</strong></span> 
     </span>
    </p>
   </div>
   <div class='ocr_carea' id='block_1_83' title="bbox 1982 2519 3584 2595">
    <p class='ocr_par' dir='ltr' id='par_1_83' title="bbox 1982 2519 3584 2595">
     <span class='ocr_line' id='line_1_83' title="bbox 1982 2519 3584 2595; baseline -0.004 -15"><span class='ocrx_word' id='word_1_623' title='bbox 1982 2525 2254 2595; x_wconf 87' lang='lat' dir='ltr'><strong>malignos</strong></span> <span class='ocrx_word' id='word_1_624' title='bbox 2278 2523 2502 2595; x_wconf 89' lang='lat' dir='ltr'><strong>spiritus</strong></span> <span class='ocrx_word' id='word_1_625' title='bbox 2524 2523 2752 2593; x_wconf 84' lang='lat' dir='ltr'><strong>intelligi</strong></span> <span class='ocrx_word' id='word_1_626' title='bbox 2774 2523 2982 2578; x_wconf 84' lang='lat' dir='ltr'><strong>voluit?</strong></span> <span class='ocrx_word' id='word_1_627' title='bbox 3001 2523 3130 2592; x_wconf 88' lang='lat' dir='ltr'><strong>quia</strong></span> <span class='ocrx_word' id='word_1_628' title='bbox 3153 2519 3584 2588; x_wconf 85' lang='lat' dir='ltr'><strong>uniuscujusque</strong></span> 
     </span>
    </p>
   </div>
   <div class='ocr_carea' id='block_1_84' title="bbox 1986 2611 3578 2683">
    <p class='ocr_par' dir='ltr' id='par_1_84' title="bbox 1986 2611 3578 2683">
     <span class='ocr_line' id='line_1_84' title="bbox 1986 2611 3578 2683; baseline -0.005 -12"><span class='ocrx_word' id='word_1_629' title='bbox 1986 2615 2344 2680; x_wconf 90' lang='lat' dir='ltr'><strong>conscientia,</strong></span> <span class='ocrx_word' id='word_1_630' title='bbox 2370 2629 2490 2683; x_wconf 86' lang='lat' dir='ltr'><strong>quae</strong></span> <span class='ocrx_word' id='word_1_631' title='bbox 2514 2628 2610 2683; x_wconf 89' lang='lat' dir='ltr'><strong>spe</strong></span> <span class='ocrx_word' id='word_1_632' title='bbox 2635 2611 2813 2669; x_wconf 86' lang='lat' dir='ltr'><strong>deﬁxa</strong></span> <span class='ocrx_word' id='word_1_633' title='bbox 2852 2613 2907 2667; x_wconf 93' lang='lat' dir='ltr'><strong>in</strong></span> <span class='ocrx_word' id='word_1_634' title='bbox 2930 2613 3101 2668; x_wconf 91' lang='lat' dir='ltr'><strong>Deum</strong></span> <span class='ocrx_word' id='word_1_635' title='bbox 3127 2626 3234 2667; x_wconf 90' lang='lat' dir='ltr'><strong>non</strong></span> <span class='ocrx_word' id='word_1_636' title='bbox 3257 2617 3578 2681; x_wconf 89' lang='lat' dir='ltr'><strong>permanet,</strong></span> 
     </span>
    </p>
   </div>
   <div class='ocr_carea' id='block_1_85' title="bbox 1985 2701 3584 2781">
    <p class='ocr_par' dir='ltr' id='par_1_85' title="bbox 1985 2701 3584 2781">
     <span class='ocr_line' id='line_1_85' title="bbox 1985 2701 3584 2781; baseline -0.002 -21"><span class='ocrx_word' id='word_1_637' title='bbox 1985 2721 2162 2777; x_wconf 91' lang='lat' dir='ltr'><strong>neque</strong></span> <span class='ocrx_word' id='word_1_638' title='bbox 2216 2707 2274 2762; x_wconf 93' lang='lat' dir='ltr'><strong>in</strong></span> <span class='ocrx_word' id='word_1_639' title='bbox 2305 2705 2728 2771; x_wconf 86' lang='lat' dir='ltr'><strong>tentationibus,</strong></span> <span class='ocrx_word' id='word_1_640' title='bbox 2770 2720 2947 2781; x_wconf 88' lang='lat' dir='ltr'><strong>neque</strong></span> <span class='ocrx_word' id='word_1_641' title='bbox 2978 2705 3033 2758; x_wconf 91' lang='lat' dir='ltr'><strong>in</strong></span> <span class='ocrx_word' id='word_1_642' title='bbox 3074 2701 3584 2775; x_wconf 88' lang='lat' dir='ltr'><strong>persecutionibus,</strong></span> 
     </span>
    </p>
   </div>
   <div class='ocr_carea' id='block_1_86' title="bbox 1987 2793 3588 2867">
    <p class='ocr_par' dir='ltr' id='par_1_86' title="bbox 1987 2793 3588 2867">
     <span class='ocr_line' id='line_1_86' title="bbox 1987 2793 3588 2867; baseline -0.002 -17"><span class='ocrx_word' id='word_1_643' title='bbox 1987 2810 2164 2866; x_wconf 83' lang='lat' dir='ltr'><strong>neque</strong></span> <span class='ocrx_word' id='word_1_644' title='bbox 2207 2803 2334 2850; x_wconf 86' lang='lat' dir='ltr'><strong>ante</strong></span> <span class='ocrx_word' id='word_1_645' title='bbox 2393 2796 2665 2867; x_wconf 90' lang='lat' dir='ltr'><strong>malignos</strong></span> <span class='ocrx_word' id='word_1_646' title='bbox 2717 2795 2939 2866; x_wconf 90' lang='lat' dir='ltr'><strong>spiritus</strong></span> <span class='ocrx_word' id='word_1_647' title='bbox 2983 2796 3284 2850; x_wconf 89' lang='lat' dir='ltr'><strong>subsistere</strong></span> <span class='ocrx_word' id='word_1_648' title='bbox 3312 2793 3489 2859; x_wconf 89' lang='lat' dir='ltr'><strong>valet,</strong></span> <span class='ocrx_word' id='word_1_649' title='bbox 3530 2801 3588 2847; x_wconf 88' lang='lat' dir='ltr'><strong>et</strong></span> 
     </span>
    </p>
   </div>
   <div class='ocr_carea' id='block_1_87' title="bbox 1987 2883 3587 2957">
    <p class='ocr_par' dir='ltr' id='par_1_87' title="bbox 1987 2883 3587 2957">
     <span class='ocr_line' id='line_1_87' title="bbox 1987 2883 3587 2957; baseline -0.003 -17"><span class='ocrx_word' id='word_1_650' title='bbox 1987 2893 2140 2941; x_wconf 90' lang='lat' dir='ltr'><strong>tanto</strong></span> <span class='ocrx_word' id='word_1_651' title='bbox 2173 2886 2602 2957; x_wconf 87' lang='lat' dir='ltr'><strong>uniuscujusque</strong></span> <span class='ocrx_word' id='word_1_652' title='bbox 2631 2884 2968 2940; x_wconf 88' lang='lat' dir='ltr'><strong>conscientia</strong></span> <span class='ocrx_word' id='word_1_653' title='bbox 2997 2884 3252 2955; x_wconf 88' lang='lat' dir='ltr'><strong>malignis</strong></span> <span class='ocrx_word' id='word_1_654' title='bbox 3303 2883 3587 2955; x_wconf 88' lang='lat' dir='ltr'><strong>spiritibus</strong></span> 
     </span>
    </p>
   </div>
   <div class='ocr_carea' id='block_1_88' title="bbox 1989 2975 3586 3045">
    <p class='ocr_par' dir='ltr' id='par_1_88' title="bbox 1989 2975 3586 3045">
     <span class='ocr_line' id='line_1_88' title="bbox 1989 2975 3586 3045; baseline -0.003 -12"><span class='ocrx_word' id='word_1_655' title='bbox 1989 2977 2170 3033; x_wconf 90' lang='lat' dir='ltr'><strong>acrius</strong></span> <span class='ocrx_word' id='word_1_656' title='bbox 2193 2976 2524 3042; x_wconf 91' lang='lat' dir='ltr'><strong>concutitur,</strong></span> <span class='ocrx_word' id='word_1_657' title='bbox 2550 2985 2756 3045; x_wconf 90' lang='lat' dir='ltr'><strong>quanto</strong></span> <span class='ocrx_word' id='word_1_658' title='bbox 2781 2992 2936 3032; x_wconf 91' lang='lat' dir='ltr'><strong>mens</strong></span> <span class='ocrx_word' id='word_1_659' title='bbox 2959 2976 3197 3032; x_wconf 89' lang='lat' dir='ltr'><strong>carnalis</strong></span> <span class='ocrx_word' id='word_1_660' title='bbox 3239 2975 3297 3030; x_wconf 94' lang='lat' dir='ltr'><strong>in</strong></span> <span class='ocrx_word' id='word_1_661' title='bbox 3324 2975 3411 3030; x_wconf 92' lang='lat' dir='ltr'><strong>his</strong></span> <span class='ocrx_word' id='word_1_662' title='bbox 3462 2988 3586 3044; x_wconf 77' lang='lat' dir='ltr'><strong>quae</strong></span> 
     </span>
    </p>
   </div>
   <div class='ocr_carea' id='block_1_89' title="bbox 1987 3065 3584 3140">
    <p class='ocr_par' dir='ltr' id='par_1_89' title="bbox 1987 3065 3584 3140">
     <span class='ocr_line' id='line_1_89' title="bbox 1987 3065 3584 3140; baseline -0.003 -16"><span class='ocrx_word' id='word_1_663' title='bbox 1987 3067 2176 3124; x_wconf 92' lang='lat' dir='ltr'><strong>mundi</strong></span> <span class='ocrx_word' id='word_1_664' title='bbox 2231 3076 2360 3123; x_wconf 91' lang='lat' dir='ltr'><strong>sunt</strong></span> <span class='ocrx_word' id='word_1_665' title='bbox 2413 3067 2645 3138; x_wconf 88' lang='lat' dir='ltr'><strong>amplius</strong></span> <span class='ocrx_word' id='word_1_666' title='bbox 2701 3083 2732 3122; x_wconf 88' lang='lat' dir='ltr'><strong>a</strong></span> <span class='ocrx_word' id='word_1_667' title='bbox 2785 3067 3158 3140; x_wconf 89' lang='lat' dir='ltr'><strong>superioribus</strong></span> <span class='ocrx_word' id='word_1_668' title='bbox 3212 3065 3538 3138; x_wconf 87' lang='lat' dir='ltr'><strong>disjungitur</strong></span> <span class='ocrx_word' id='word_1_669' title='bbox 3569 3106 3584 3130; x_wconf 91' lang='lat'><strong>,</strong></span> 
     </span>
    </p>
   </div>
   <div class='ocr_carea' id='block_1_90' title="bbox 1989 3159 3312 3232">
    <p class='ocr_par' dir='ltr' id='par_1_90' title="bbox 1989 3159 3312 3232">
     <span class='ocr_line' id='line_1_90' title="bbox 1989 3159 3312 3232; baseline -0.002 -15"><span class='ocrx_word' id='word_1_670' title='bbox 1989 3168 2302 3232; x_wconf 90' lang='lat' dir='ltr'><strong>quantoque</strong></span> <span class='ocrx_word' id='word_1_671' title='bbox 2329 3160 2562 3231; x_wconf 90' lang='lat' dir='ltr'><strong>amplius</strong></span> <span class='ocrx_word' id='word_1_672' title='bbox 2586 3161 2642 3216; x_wconf 92' lang='lat' dir='ltr'><strong>in</strong></span> <span class='ocrx_word' id='word_1_673' title='bbox 2672 3159 3022 3217; x_wconf 87' lang='lat' dir='ltr'><strong>inferioribus</strong></span> <span class='ocrx_word' id='word_1_674' title='bbox 3052 3160 3312 3232; x_wconf 85' lang='lat' dir='ltr'><strong>illigatur.</strong></span> 
     </span>
    </p>
   </div>
   <div class='ocr_carea' id='block_1_91' title="bbox 2065 3249 3588 3322">
    <p class='ocr_par' dir='ltr' id='par_1_91' title="bbox 2065 3249 3588 3322">
     <span class='ocr_line' id='line_1_91' title="bbox 2065 3249 3588 3322; baseline 0.001 -19"><span class='ocrx_word' id='word_1_675' title='bbox 2065 3270 2084 3303; x_wconf 80' lang='grc' dir='ltr'>ι</span> <span class='ocrx_word' id='word_1_676' title='bbox 2131 3250 2284 3306; x_wconf 89' lang='lat' dir='ltr'><strong>Sicut</strong></span> <span class='ocrx_word' id='word_1_677' title='bbox 2315 3259 2542 3307; x_wconf 87' lang='lat' dir='ltr'><strong>ornatus</strong></span> <span class='ocrx_word' id='word_1_678' title='bbox 2569 3265 2831 3307; x_wconf 90' lang='lat' dir='ltr'><strong>arenosus</strong></span> <span class='ocrx_word' id='word_1_679' title='bbox 2858 3252 2914 3308; x_wconf 92' lang='lat' dir='ltr'><strong>in</strong></span> <span class='ocrx_word' id='word_1_680' title='bbox 2954 3252 3164 3322; x_wconf 89' lang='lat' dir='ltr'><strong>pariete</strong></span> <span class='ocrx_word' id='word_1_681' title='bbox 3194 3249 3451 3321; x_wconf 88' lang='lat' dir='ltr'><strong>limpido,</strong></span> <span class='ocrx_word' id='word_1_682' title='bbox 3507 3249 3588 3305; x_wconf 90' lang='lat' dir='ltr'><strong>sic</strong></span> 
     </span>
    </p>
   </div>
   <div class='ocr_carea' id='block_1_92' title="bbox 1993 3339 3589 3413">
    <p class='ocr_par' dir='ltr' id='par_1_92' title="bbox 1993 3339 3589 3413">
     <span class='ocr_line' id='line_1_92' title="bbox 1993 3339 3589 3413; baseline -0.001 -19"><span class='ocrx_word' id='word_1_683' title='bbox 1993 3360 2012 3394; x_wconf 72' lang='grc' dir='ltr'>ι</span> <span class='ocrx_word' id='word_1_684' title='bbox 2057 3351 2114 3398; x_wconf 92' lang='lat' dir='ltr'><strong>et</strong></span> <span class='ocrx_word' id='word_1_685' title='bbox 2160 3357 2257 3398; x_wconf 92' lang='lat' dir='ltr'><strong>cor</strong></span> <span class='ocrx_word' id='word_1_686' title='bbox 2284 3342 2556 3413; x_wconf 90' lang='lat' dir='ltr'><strong>trepidum</strong></span> <span class='ocrx_word' id='word_1_687' title='bbox 2607 3342 2664 3396; x_wconf 90' lang='lat' dir='ltr'><strong>in</strong></span> <span class='ocrx_word' id='word_1_688' title='bbox 2695 3342 3027 3413; x_wconf 83' lang='lat' dir='ltr'><strong>cogitatione</strong></span> <span class='ocrx_word' id='word_1_689' title='bbox 3053 3340 3209 3396; x_wconf 90' lang='lat' dir='ltr'><strong>fatui.</strong></span> <span class='ocrx_word' id='word_1_690' title='bbox 3249 3339 3411 3396; x_wconf 88' lang='lat' dir='ltr'><strong>Omni</strong></span> <span class='ocrx_word' id='word_1_691' title='bbox 3448 3348 3589 3395; x_wconf 89' lang='lat' dir='ltr'><strong>tem-</strong></span> 
     </span>
    </p>
   </div>
   <div class='ocr_carea' id='block_1_93' title="bbox 1995 3433 3589 3506">
    <p class='ocr_par' dir='ltr' id='par_1_93' title="bbox 1995 3433 3589 3506">
     <span class='ocr_line' id='line_1_93' title="bbox 1995 3433 3589 3506; baseline 0.001 -19"><span class='ocrx_word' id='word_1_692' title='bbox 1995 3452 2014 3487; x_wconf 79' lang='lat' dir='ltr'><strong>t</strong></span> <span class='ocrx_word' id='word_1_693' title='bbox 2058 3449 2192 3506; x_wconf 87' lang='lat' dir='ltr'><strong>pore</strong></span> <span class='ocrx_word' id='word_1_694' title='bbox 2231 3450 2342 3490; x_wconf 91' lang='lat' dir='ltr'><strong>non</strong></span> <span class='ocrx_word' id='word_1_695' title='bbox 2381 3442 2618 3504; x_wconf 90' lang='lat' dir='ltr'><strong>metuet;</strong></span> <span class='ocrx_word' id='word_1_696' title='bbox 2649 3434 2746 3490; x_wconf 89' lang='lat' dir='ltr'><strong>sed</strong></span> <span class='ocrx_word' id='word_1_697' title='bbox 2770 3435 2862 3505; x_wconf 91' lang='lat' dir='ltr'><strong>qui</strong></span> <span class='ocrx_word' id='word_1_698' title='bbox 2892 3435 2948 3489; x_wconf 90' lang='lat' dir='ltr'><strong>in</strong></span> <span class='ocrx_word' id='word_1_699' title='bbox 2990 3434 3282 3506; x_wconf 77' lang='lat' dir='ltr'><strong>praeceptis</strong></span> <span class='ocrx_word' id='word_1_700' title='bbox 3312 3433 3410 3489; x_wconf 89' lang='lat' dir='ltr'><strong>Dei</strong></span> <span class='ocrx_word' id='word_1_701' title='bbox 3463 3447 3589 3504; x_wconf 89' lang='lat' dir='ltr'><strong>per-</strong></span> 
     </span>
    </p>
   </div>
   <div class='ocr_carea' id='block_1_94' title="bbox 1993 3529 3584 3602">
    <p class='ocr_par' dir='ltr' id='par_1_94' title="bbox 1993 3529 3584 3602">
     <span class='ocr_line' id='line_1_94' title="bbox 1993 3529 3584 3602; baseline 0.001 -20"><span class='ocrx_word' id='word_1_702' title='bbox 1993 3549 2012 3582; x_wconf 82' lang='grc'><strong>‹</strong></span> <span class='ocrx_word' id='word_1_703' title='bbox 2057 3537 2272 3594; x_wconf 89' lang='lat' dir='ltr'><strong>manet,</strong></span> <span class='ocrx_word' id='word_1_704' title='bbox 2301 3545 2516 3600; x_wconf 89' lang='lat' dir='ltr'><strong>semper</strong></span> <span class='ocrx_word' id='word_1_705' title='bbox 2540 3546 2789 3602; x_wconf 87' lang='lat' dir='ltr'><strong>pungens</strong></span> <span class='ocrx_word' id='word_1_706' title='bbox 2810 3529 2997 3586; x_wconf 90' lang='lat' dir='ltr'><strong>oculos</strong></span> <span class='ocrx_word' id='word_1_707' title='bbox 3026 3530 3257 3586; x_wconf 90' lang='lat' dir='ltr'><strong>deducet</strong></span> <span class='ocrx_word' id='word_1_708' title='bbox 3279 3529 3584 3602; x_wconf 87' lang='lat' dir='ltr'><strong>lacrymas;</strong></span> 
     </span>
    </p>
   </div>
   <div class='ocr_carea' id='block_1_95' title="bbox 1997 3622 3587 3695">
    <p class='ocr_par' dir='ltr' id='par_1_95' title="bbox 1997 3622 3587 3695">
     <span class='ocr_line' id='line_1_95' title="bbox 1997 3622 3587 3695; baseline 0.001 -20"><span class='ocrx_word' id='word_1_709' title='bbox 1997 3640 2016 3674; x_wconf 76' lang='grc' dir='ltr'><strong><em>ι</em></strong></span> <span class='ocrx_word' id='word_1_710' title='bbox 2061 3630 2118 3677; x_wconf 92' lang='lat' dir='ltr'><strong>et</strong></span> <span class='ocrx_word' id='word_1_711' title='bbox 2141 3623 2234 3692; x_wconf 90' lang='lat' dir='ltr'><strong>qui</strong></span> <span class='ocrx_word' id='word_1_712' title='bbox 2254 3623 2446 3695; x_wconf 91' lang='lat' dir='ltr'><strong>pungit</strong></span> <span class='ocrx_word' id='word_1_713' title='bbox 2475 3638 2590 3690; x_wconf 89' lang='lat' dir='ltr'><strong>cor,</strong></span> <span class='ocrx_word' id='word_1_714' title='bbox 2628 3623 2868 3694; x_wconf 84' lang='lat' dir='ltr'><strong>proferet</strong></span> <span class='ocrx_word' id='word_1_715' title='bbox 2895 3638 3138 3680; x_wconf 89' lang='lat' dir='ltr'><strong>sensum.</strong></span> <span class='ocrx_word' id='word_1_716' title='bbox 3173 3641 3192 3676; x_wconf 77' lang='grc' dir='ltr'><strong><em>ι</em></strong></span> <span class='ocrx_word' id='word_1_717' title='bbox 3219 3622 3382 3678; x_wconf 85' lang='lat' dir='ltr'><strong>Aliud</strong></span> <span class='ocrx_word' id='word_1_718' title='bbox 3422 3637 3587 3694; x_wconf 89' lang='lat' dir='ltr'><strong>para-</strong></span> 
     </span>
    </p>
   </div>
   <div class='ocr_carea' id='block_1_96' title="bbox 1989 3713 3589 3786">
    <p class='ocr_par' dir='ltr' id='par_1_96' title="bbox 1989 3713 3589 3786">
     <span class='ocr_line' id='line_1_96' title="bbox 1989 3713 3589 3786; baseline -0.003 -16"><span class='ocrx_word' id='word_1_719' title='bbox 1989 3714 2170 3785; x_wconf 87' lang='lat' dir='ltr'><strong>digma</strong></span> <span class='ocrx_word' id='word_1_720' title='bbox 2197 3715 2380 3785; x_wconf 91' lang='lat' dir='ltr'><strong>ponit,</strong></span> <span class='ocrx_word' id='word_1_721' title='bbox 2419 3715 2474 3769; x_wconf 90' lang='lat' dir='ltr'><strong>in</strong></span> <span class='ocrx_word' id='word_1_722' title='bbox 2499 3729 2608 3785; x_wconf 92' lang='lat' dir='ltr'><strong>quo</strong></span> <span class='ocrx_word' id='word_1_723' title='bbox 2635 3715 2930 3771; x_wconf 91' lang='lat' dir='ltr'><strong>ostendere</strong></span> <span class='ocrx_word' id='word_1_724' title='bbox 2958 3715 3074 3770; x_wconf 91' lang='lat' dir='ltr'><strong>vult</strong></span> <span class='ocrx_word' id='word_1_725' title='bbox 3103 3713 3247 3786; x_wconf 90' lang='lat' dir='ltr'><strong>quod</strong></span> <span class='ocrx_word' id='word_1_726' title='bbox 3283 3713 3424 3770; x_wconf 89' lang='lat' dir='ltr'><strong>sicut</strong></span> <span class='ocrx_word' id='word_1_727' title='bbox 3468 3713 3589 3767; x_wconf 92' lang='lat' dir='ltr'><strong>lim-</strong></span> 
     </span>
    </p>
   </div>
   <div class='ocr_carea' id='block_1_97' title="bbox 1989 3801 3595 3875">
    <p class='ocr_par' dir='ltr' id='par_1_97' title="bbox 1989 3801 3595 3875">
     <span class='ocr_line' id='line_1_97' title="bbox 1989 3801 3595 3875; baseline -0.001 -17"><span class='ocrx_word' id='word_1_728' title='bbox 1989 3804 2146 3874; x_wconf 90' lang='lat' dir='ltr'><strong>pidus</strong></span> <span class='ocrx_word' id='word_1_729' title='bbox 2197 3805 2378 3874; x_wconf 88' lang='lat' dir='ltr'><strong>paries</strong></span> <span class='ocrx_word' id='word_1_730' title='bbox 2427 3813 2650 3875; x_wconf 91' lang='lat' dir='ltr'><strong>propter</strong></span> <span class='ocrx_word' id='word_1_731' title='bbox 2705 3804 2986 3861; x_wconf 84' lang='lat' dir='ltr'><strong>lenitatem</strong></span> <span class='ocrx_word' id='word_1_732' title='bbox 3039 3819 3194 3860; x_wconf 89' lang='lat' dir='ltr'><strong>suam</strong></span> <span class='ocrx_word' id='word_1_733' title='bbox 3236 3818 3347 3858; x_wconf 90' lang='lat' dir='ltr'><strong>non</strong></span> <span class='ocrx_word' id='word_1_734' title='bbox 3399 3801 3595 3872; x_wconf 91' lang='lat' dir='ltr'><strong>recipit</strong></span> 
     </span>
    </p>
   </div>
   <div class='ocr_carea' id='block_1_98' title="bbox 1990 3892 3590 3965">
    <p class='ocr_par' dir='ltr' id='par_1_98' title="bbox 1990 3892 3590 3965">
     <span class='ocr_line' id='line_1_98' title="bbox 1990 3892 3590 3965; baseline -0.001 -17"><span class='ocrx_word' id='word_1_735' title='bbox 1990 3893 2266 3964; x_wconf 90' lang='lat' dir='ltr'><strong>pulverem</strong></span> <span class='ocrx_word' id='word_1_736' title='bbox 2298 3909 2510 3961; x_wconf 70' lang='lat' dir='ltr'><strong>arente,</strong></span> <span class='ocrx_word' id='word_1_737' title='bbox 2544 3895 2624 3950; x_wconf 88' lang='lat' dir='ltr'><strong>sic</strong></span> <span class='ocrx_word' id='word_1_738' title='bbox 2653 3902 2711 3950; x_wconf 88' lang='lat' dir='ltr'><strong>et</strong></span> <span class='ocrx_word' id='word_1_739' title='bbox 2738 3893 2992 3951; x_wconf 43' lang='lat' dir='ltr'><strong>cor&#39;fatui</strong></span> <span class='ocrx_word' id='word_1_740' title='bbox 3023 3892 3076 3948; x_wconf 94' lang='lat' dir='ltr'><strong>in</strong></span> <span class='ocrx_word' id='word_1_741' title='bbox 3114 3893 3442 3965; x_wconf 84' lang='lat' dir='ltr'><strong>cogitatione</strong></span> <span class='ocrx_word' id='word_1_742' title='bbox 3490 3906 3590 3946; x_wconf 88' lang='lat' dir='ltr'><strong>sua</strong></span> 
     </span>
    </p>
   </div>
   <div class='ocr_carea' id='block_1_99' title="bbox 1993 3986 3592 4058">
    <p class='ocr_par' dir='ltr' id='par_1_99' title="bbox 1993 3986 3592 4058">
     <span class='ocr_line' id='line_1_99' title="bbox 1993 3986 3592 4058; baseline -0.001 -15"><span class='ocrx_word' id='word_1_743' title='bbox 1993 3989 2200 4058; x_wconf 92' lang='lat' dir='ltr'><strong>spernit</strong></span> <span class='ocrx_word' id='word_1_744' title='bbox 2246 3990 2514 4045; x_wconf 89' lang='lat' dir='ltr'><strong>scelerum</strong></span> <span class='ocrx_word' id='word_1_745' title='bbox 2571 4005 2795 4046; x_wconf 90' lang='lat' dir='ltr'><strong>suorum</strong></span> <span class='ocrx_word' id='word_1_746' title='bbox 2828 3989 3297 4055; x_wconf 85' lang='lat' dir='ltr'><strong>recordationem,</strong></span> <span class='ocrx_word' id='word_1_747' title='bbox 3348 4002 3452 4045; x_wconf 91' lang='lat' dir='ltr'><strong>nec</strong></span> <span class='ocrx_word' id='word_1_748' title='bbox 3473 3986 3592 4042; x_wconf 91' lang='lat' dir='ltr'><strong>vult</strong></span> 
     </span>
    </p>
   </div>
   <div class='ocr_carea' id='block_1_100' title="bbox 1993 4079 3592 4150">
    <p class='ocr_par' dir='ltr' id='par_1_100' title="bbox 1993 4079 3592 4150">
     <span class='ocr_line' id='line_1_100' title="bbox 1993 4079 3592 4150; baseline -0.001 -14"><span class='ocrx_word' id='word_1_749' title='bbox 1993 4094 2281 4150; x_wconf 78' lang='lat' dir='ltr'><strong>poenarum</strong></span> <span class='ocrx_word' id='word_1_750' title='bbox 2325 4080 2632 4137; x_wconf 85' lang='lat' dir='ltr'><strong>futurarum</strong></span> <span class='ocrx_word' id='word_1_751' title='bbox 2664 4082 2868 4138; x_wconf 86' lang='lat' dir='ltr'><strong>habere</strong></span> <span class='ocrx_word' id='word_1_752' title='bbox 2906 4080 3285 4146; x_wconf 84' lang='lat' dir='ltr'><strong>formidinem;</strong></span> <span class='ocrx_word' id='word_1_753' title='bbox 3323 4079 3416 4150; x_wconf 91' lang='lat' dir='ltr'><strong>qui</strong></span> <span class='ocrx_word' id='word_1_754' title='bbox 3457 4093 3592 4135; x_wconf 93' lang='lat' dir='ltr'><strong>vero</strong></span> 
     </span>
    </p>
   </div>
   <div class='ocr_carea' id='block_1_101' title="bbox 1994 4172 3589 4244">
    <p class='ocr_par' dir='ltr' id='par_1_101' title="bbox 1994 4172 3589 4244">
     <span class='ocr_line' id='line_1_101' title="bbox 1994 4172 3589 4244; baseline 0 -19"><span class='ocrx_word' id='word_1_755' title='bbox 1994 4172 2051 4226; x_wconf 87' lang='lat' dir='ltr'><strong>in</strong></span> <span class='ocrx_word' id='word_1_756' title='bbox 2093 4173 2381 4242; x_wconf 66' lang='lat' dir='ltr'><strong>praeceptis</strong></span> <span class='ocrx_word' id='word_1_757' title='bbox 2406 4173 2504 4227; x_wconf 90' lang='lat' dir='ltr'><strong>Dei</strong></span> <span class='ocrx_word' id='word_1_758' title='bbox 2552 4173 2694 4228; x_wconf 90' lang='lat' dir='ltr'><strong>bene</strong></span> <span class='ocrx_word' id='word_1_759' title='bbox 2721 4172 3000 4244; x_wconf 90' lang='lat' dir='ltr'><strong>operando</strong></span> <span class='ocrx_word' id='word_1_760' title='bbox 3026 4187 3242 4243; x_wconf 90' lang='lat' dir='ltr'><strong>semper</strong></span> <span class='ocrx_word' id='word_1_761' title='bbox 3270 4178 3589 4242; x_wconf 90' lang='lat' dir='ltr'><strong>permanet,</strong></span> 
     </span>
    </p>
   </div>
   <div class='ocr_carea' id='block_1_102' title="bbox 1996 4261 3594 4333">
    <p class='ocr_par' dir='ltr' id='par_1_102' title="bbox 1996 4261 3594 4333">
     <span class='ocr_line' id='line_1_102' title="bbox 1996 4261 3594 4333; baseline 0.002 -18"><span class='ocrx_word' id='word_1_762' title='bbox 1996 4261 2086 4315; x_wconf 92' lang='lat' dir='ltr'><strong>ille</strong></span> <span class='ocrx_word' id='word_1_763' title='bbox 2114 4263 2295 4316; x_wconf 92' lang='lat' dir='ltr'><strong>cordis</strong></span> <span class='ocrx_word' id='word_1_764' title='bbox 2320 4263 2404 4316; x_wconf 91' lang='lat' dir='ltr'><strong>sui</strong></span> <span class='ocrx_word' id='word_1_765' title='bbox 2427 4262 2641 4317; x_wconf 90' lang='lat' dir='ltr'><strong>oculum</strong></span> <span class='ocrx_word' id='word_1_766' title='bbox 2665 4264 2882 4318; x_wconf 89' lang='lat' dir='ltr'><strong>timoris</strong></span> <span class='ocrx_word' id='word_1_767' title='bbox 2905 4263 3092 4318; x_wconf 87' lang='lat' dir='ltr'><strong>aculeo</strong></span> <span class='ocrx_word' id='word_1_768' title='bbox 3125 4263 3344 4333; x_wconf 89' lang='lat' dir='ltr'><strong>pungit,</strong></span> <span class='ocrx_word' id='word_1_769' title='bbox 3377 4270 3431 4318; x_wconf 91' lang='lat' dir='ltr'><strong>et</strong></span> <span class='ocrx_word' id='word_1_770' title='bbox 3465 4277 3594 4332; x_wconf 84' lang='lat' dir='ltr'><strong>pro-</strong></span> 
     </span>
    </p>
   </div>
   <div class='ocr_carea' id='block_1_103' title="bbox 1997 4352 3592 4425">
    <p class='ocr_par' dir='ltr' id='par_1_103' title="bbox 1997 4352 3592 4425">
     <span class='ocr_line' id='line_1_103' title="bbox 1997 4352 3592 4425; baseline -0.001 -17"><span class='ocrx_word' id='word_1_771' title='bbox 1997 4352 2149 4408; x_wconf 91' lang='lat' dir='ltr'><strong>ducit</strong></span> <span class='ocrx_word' id='word_1_772' title='bbox 2175 4368 2244 4408; x_wconf 86' lang='lat' dir='ltr'><strong>ex</strong></span> <span class='ocrx_word' id='word_1_773' title='bbox 2270 4369 2336 4409; x_wconf 91' lang='lat' dir='ltr'><strong>eo</strong></span> <span class='ocrx_word' id='word_1_774' title='bbox 2362 4354 2795 4425; x_wconf 91' lang='lat' dir='ltr'><strong>compunctionis</strong></span> <span class='ocrx_word' id='word_1_775' title='bbox 2819 4353 3092 4425; x_wconf 82' lang='lat' dir='ltr'><strong>lacrymas</strong></span> <span class='ocrx_word' id='word_1_776' title='bbox 3115 4360 3227 4407; x_wconf 89' lang='lat' dir='ltr'><strong>tam</strong></span> <span class='ocrx_word' id='word_1_777' title='bbox 3256 4367 3354 4421; x_wconf 88' lang='lat' dir='ltr'><strong>pro</strong></span> <span class='ocrx_word' id='word_1_778' title='bbox 3380 4359 3592 4406; x_wconf 89' lang='lat' dir='ltr'><strong>terrore</strong></span> 
     </span>
    </p>
   </div>
   <div class='ocr_carea' id='block_1_104' title="bbox 1992 4444 3643 4517">
    <p class='ocr_par' dir='ltr' id='par_1_104' title="bbox 1992 4444 3643 4517">
     <span class='ocr_line' id='line_1_104' title="bbox 1992 4444 3643 4517; baseline -0.001 -18"><span class='ocrx_word' id='word_1_779' title='bbox 1992 4445 2181 4516; x_wconf 88' lang='lat' dir='ltr'><strong>judicii</strong></span> <span class='ocrx_word' id='word_1_780' title='bbox 2214 4445 2415 4511; x_wconf 84' lang='lat' dir='ltr'><strong>futuri,</strong></span> <span class='ocrx_word' id='word_1_781' title='bbox 2446 4461 2609 4516; x_wconf 83' lang='lat' dir='ltr'><strong>quant</strong></span> <span class='ocrx_word' id='word_1_782' title='bbox 2638 4460 2740 4516; x_wconf 91' lang='lat' dir='ltr'><strong>pro</strong></span> <span class='ocrx_word' id='word_1_783' title='bbox 2772 4460 2960 4500; x_wconf 90' lang='lat' dir='ltr'><strong>amore</strong></span> <span class='ocrx_word' id='word_1_784' title='bbox 2988 4444 3116 4500; x_wconf 87' lang='lat' dir='ltr'><strong>vitae</strong></span> <span class='ocrx_word' id='word_1_785' title='bbox 3140 4453 3389 4510; x_wconf 76' lang='lat' dir='ltr'><strong>aeternze;</strong></span> <span class='ocrx_word' id='word_1_786' title='bbox 3428 4451 3484 4498; x_wconf 90' lang='lat' dir='ltr'><strong>et</strong></span> <span class='ocrx_word' id='word_1_787' title='bbox 3514 4445 3591 4498; x_wconf 89' lang='lat' dir='ltr'><strong>ita</strong></span> <span class='ocrx_word' id='word_1_788' title='bbox 3639 4513 3643 4517; x_wconf 90' lang='lat'><strong>_</strong></span> 
     </span>
    </p>
   </div>
   <div class='ocr_carea' id='block_1_105' title="bbox 2001 4524 3654 4607">
    <p class='ocr_par' dir='ltr' id='par_1_105' title="bbox 2001 4524 3654 4607">
     <span class='ocr_line' id='line_1_105' title="bbox 2001 4524 3654 4607; baseline -0.003 -16"><span class='ocrx_word' id='word_1_789' title='bbox 2001 4536 2251 4592; x_wconf 91' lang='lat' dir='ltr'><strong>timorem</strong></span> <span class='ocrx_word' id='word_1_790' title='bbox 2279 4536 2373 4591; x_wconf 93' lang='lat' dir='ltr'><strong>Dei</strong></span> <span class='ocrx_word' id='word_1_791' title='bbox 2398 4551 2613 4607; x_wconf 89' lang='lat' dir='ltr'><strong>semper</strong></span> <span class='ocrx_word' id='word_1_792' title='bbox 2639 4537 2693 4591; x_wconf 93' lang='lat' dir='ltr'><strong>in</strong></span> <span class='ocrx_word' id='word_1_793' title='bbox 2718 4544 3015 4606; x_wconf 87' lang='lat' dir='ltr'><strong>conspectu</strong></span> <span class='ocrx_word' id='word_1_794' title='bbox 3041 4535 3221 4590; x_wconf 72' lang='lat' dir='ltr'><strong>Cordis</strong></span> <span class='ocrx_word' id='word_1_795' title='bbox 3245 4534 3452 4590; x_wconf 89' lang='lat' dir='ltr'><strong>habens</strong></span> <span class='ocrx_word' id='word_1_796' title='bbox 3473 4540 3593 4588; x_wconf 88' lang='lat' dir='ltr'><strong>stu-</strong></span> <span class='ocrx_word' id='word_1_797' title='bbox 3642 4524 3654 4563; x_wconf 76' lang='grc'><strong>·’</strong></span> 
     </span>
    </p>
   </div>
   <div class='ocr_carea' id='block_1_106' title="bbox 2001 4626 3593 4702">
    <p class='ocr_par' dir='ltr' id='par_1_106' title="bbox 2001 4626 3593 4702">
     <span class='ocr_line' id='line_1_106' title="bbox 2001 4626 3593 4702; baseline -0.001 -16"><span class='ocrx_word' id='word_1_798' title='bbox 2001 4631 2092 4686; x_wconf 88' lang='lat' dir='ltr'><strong>det</strong></span> <span class='ocrx_word' id='word_1_799' title='bbox 2130 4640 2282 4686; x_wconf 89' lang='lat' dir='ltr'><strong>recte</strong></span> <span class='ocrx_word' id='word_1_800' title='bbox 2331 4630 2671 4702; x_wconf 89' lang='lat' dir='ltr'><strong>Scripturam</strong></span> <span class='ocrx_word' id='word_1_801' title='bbox 2723 4645 2939 4688; x_wconf 89' lang='lat' dir='ltr'><strong>sacram</strong></span> <span class='ocrx_word' id='word_1_802' title='bbox 2991 4628 3320 4698; x_wconf 81' lang='lat' dir='ltr'><strong>intelligere,</strong></span> <span class='ocrx_word' id='word_1_803' title='bbox 3365 4635 3424 4685; x_wconf 86' lang='lat' dir='ltr'><strong>et</strong></span> <span class='ocrx_word' id='word_1_804' title='bbox 3473 4626 3593 4684; x_wconf 89' lang='lat' dir='ltr'><strong>aliis</strong></span> 
     </span>
    </p>
   </div>
   <div class='ocr_carea' id='block_1_107' title="bbox 2001 4724 2804 4794">
    <p class='ocr_par' dir='ltr' id='par_1_107' title="bbox 2001 4724 2804 4794">
     <span class='ocr_line' id='line_1_107' title="bbox 2001 4724 2804 4794; baseline 0.001 -18"><span class='ocrx_word' id='word_1_805' title='bbox 2001 4724 2182 4778; x_wconf 92' lang='lat' dir='ltr'><strong>veraci</strong></span> <span class='ocrx_word' id='word_1_806' title='bbox 2212 4737 2464 4780; x_wconf 89' lang='lat' dir='ltr'><strong>sermone</strong></span> <span class='ocrx_word' id='word_1_807' title='bbox 2488 4725 2804 4794; x_wconf 75' lang='lat' dir='ltr'><strong>praedicare.</strong></span> 
     </span>
    </p>
   </div>
   <div class='ocr_carea' id='block_1_108' title="bbox 2608 4837 2961 4896">
    <p class='ocr_par' dir='ltr' id='par_1_108' title="bbox 2608 4837 2961 4896">
     <span class='ocr_line' id='line_1_108' title="bbox 2608 4837 2961 4896; baseline -0.008 0"><span class='ocrx_word' id='word_1_808' title='bbox 2608 4838 2836 4896; x_wconf 81' lang='lat' dir='ltr'><strong>CAPUT</strong></span> <span class='ocrx_word' id='word_1_809' title='bbox 2872 4837 2961 4893; x_wconf 79' lang='lat' dir='ltr'><strong>VI.</strong></span> 
     </span>
    </p>
   </div>
   <div class='ocr_carea' id='block_1_109' title="bbox 2002 4924 3596 5000">
    <p class='ocr_par' dir='ltr' id='par_1_109' title="bbox 2002 4924 3596 5000">
     <span class='ocr_line' id='line_1_109' title="bbox 2002 4924 3596 5000; baseline -0.003 -16"><span class='ocrx_word' id='word_1_810' title='bbox 2002 4927 2271 5000; x_wconf 79' lang='lat' dir='ltr'><strong>Sapientia</strong></span> <span class='ocrx_word' id='word_1_811' title='bbox 2301 4929 2533 5000; x_wconf 83' lang='lat' dir='ltr'><strong>loquitur</strong></span> <span class='ocrx_word' id='word_1_812' title='bbox 2576 4930 2632 4983; x_wconf 77' lang='lat' dir='ltr'><strong>in</strong></span> <span class='ocrx_word' id='word_1_813' title='bbox 2654 4930 2838 5000; x_wconf 76' lang='lat' dir='ltr'><strong>jurgt&#39;o</strong></span> <span class='ocrx_word' id='word_1_814' title='bbox 2887 4927 3182 5000; x_wconf 65' lang='lat' dir='ltr'><strong>amicorum</strong></span> <span class='ocrx_word' id='word_1_815' title='bbox 3217 4926 3373 5000; x_wconf 60' lang='lat' dir='ltr'><strong>verba</strong></span> <span class='ocrx_word' id='word_1_816' title='bbox 3423 4924 3596 4980; x_wconf 78' lang='lat' dir='ltr'><strong>convi-</strong></span> 
     </span>
    </p>
   </div>
   <div class='ocr_carea' id='block_1_110' title="bbox 2217 4995 3390 5068">
    <p class='ocr_par' dir='ltr' id='par_1_110' title="bbox 2217 4995 3390 5068">
     <span class='ocr_line' id='line_1_110' title="bbox 2217 4995 3390 5068; baseline 0 -16"><span class='ocrx_word' id='word_1_817' title='bbox 2217 4995 2418 5054; x_wconf 75' lang='lat' dir='ltr'><strong>ciorum</strong></span> <span class='ocrx_word' id='word_1_818' title='bbox 2448 5000 2526 5054; x_wconf 83' lang='lat' dir='ltr'><strong>vel</strong></span> <span class='ocrx_word' id='word_1_819' title='bbox 2561 4995 2881 5055; x_wconf 54' lang='lat' dir='ltr'><strong>secretorum</strong></span> <span class='ocrx_word' id='word_1_820' title='bbox 2915 5014 3020 5052; x_wconf 84' lang='lat' dir='ltr'><strong>non</strong></span> <span class='ocrx_word' id='word_1_821' title='bbox 3056 4995 3390 5068; x_wconf 78' lang='lat' dir='ltr'><strong>proferenda.</strong></span> 
     </span>
    </p>
   </div>
   <div class='ocr_carea' id='block_1_111' title="bbox 2079 5099 3598 5174">
    <p class='ocr_par' dir='ltr' id='par_1_111' title="bbox 2079 5099 3598 5174">
     <span class='ocr_line' id='line_1_111' title="bbox 2079 5099 3598 5174; baseline 0.001 -20"><span class='ocrx_word' id='word_1_822' title='bbox 2079 5122 2097 5154; x_wconf 87' lang='grc'><strong>‹</strong></span> <span class='ocrx_word' id='word_1_823' title='bbox 2143 5102 2364 5158; x_wconf 89' lang='lat' dir='ltr'><strong>Mittens</strong></span> <span class='ocrx_word' id='word_1_824' title='bbox 2390 5103 2623 5174; x_wconf 87' lang='lat' dir='ltr'><strong>lapidem</strong></span> <span class='ocrx_word' id='word_1_825' title='bbox 2651 5103 2707 5158; x_wconf 93' lang='lat' dir='ltr'><strong>in</strong></span> <span class='ocrx_word' id='word_1_826' title='bbox 2737 5101 2998 5168; x_wconf 90' lang='lat' dir='ltr'><strong>volatilia,</strong></span> <span class='ocrx_word' id='word_1_827' title='bbox 3027 5100 3242 5171; x_wconf 88' lang='lat' dir='ltr'><strong>dejiciet</strong></span> <span class='ocrx_word' id='word_1_828' title='bbox 3265 5099 3355 5154; x_wconf 89' lang='lat' dir='ltr'><strong>illa</strong></span> <span class='ocrx_word' id='word_1_829' title='bbox 3397 5099 3514 5155; x_wconf 92' lang='lat' dir='ltr'><strong>:sic</strong></span> <span class='ocrx_word' id='word_1_830' title='bbox 3541 5102 3598 5156; x_wconf 88' lang='lat' dir='ltr'><strong>et</strong></span> 
     </span>
    </p>
   </div>
   <div class='ocr_carea' id='block_1_112' title="bbox 2008 5191 3596 5264">
    <p class='ocr_par' dir='ltr' id='par_1_112' title="bbox 2008 5191 3596 5264">
     <span class='ocr_line' id='line_1_112' title="bbox 2008 5191 3596 5264; baseline 0 -17"><span class='ocrx_word' id='word_1_831' title='bbox 2008 5213 2026 5246; x_wconf 75' lang='lat' dir='ltr'><strong>t</strong></span> <span class='ocrx_word' id='word_1_832' title='bbox 2073 5195 2164 5264; x_wconf 91' lang='lat' dir='ltr'><strong>qui</strong></span> <span class='ocrx_word' id='word_1_833' title='bbox 2185 5194 2520 5249; x_wconf 90' lang='lat' dir='ltr'><strong>conviciatur</strong></span> <span class='ocrx_word' id='word_1_834' title='bbox 2535 5195 2734 5259; x_wconf 91' lang='lat' dir='ltr'><strong>amico,</strong></span> <span class='ocrx_word' id='word_1_835' title='bbox 2761 5192 3017 5249; x_wconf 91' lang='lat' dir='ltr'><strong>dissolvet</strong></span> <span class='ocrx_word' id='word_1_836' title='bbox 3033 5191 3349 5248; x_wconf 88' lang='lat' dir='ltr'><strong>amicitiam.</strong></span> <span class='ocrx_word' id='word_1_837' title='bbox 3379 5211 3399 5244; x_wconf 74' lang='grc' dir='ltr'><strong><em>ι</em></strong></span> <span class='ocrx_word' id='word_1_838' title='bbox 3426 5191 3596 5248; x_wconf 87' lang='lat' dir='ltr'><strong>Docet</strong></span> 
     </span>
    </p>
   </div>
   <div class='ocr_carea' id='block_1_113' title="bbox 2003 5285 3593 5357">
    <p class='ocr_par' dir='ltr' id='par_1_113' title="bbox 2003 5285 3593 5357">
     <span class='ocr_line' id='line_1_113' title="bbox 2003 5285 3593 5357; baseline -0.001 -16"><span class='ocrx_word' id='word_1_839' title='bbox 2003 5287 2268 5357; x_wconf 90' lang='lat' dir='ltr'><strong>sapientia</strong></span> <span class='ocrx_word' id='word_1_840' title='bbox 2319 5296 2378 5343; x_wconf 90' lang='lat' dir='ltr'><strong>ut</strong></span> <span class='ocrx_word' id='word_1_841' title='bbox 2416 5287 2577 5342; x_wconf 89' lang='lat' dir='ltr'><strong>amici</strong></span> <span class='ocrx_word' id='word_1_842' title='bbox 2607 5286 2748 5342; x_wconf 90' lang='lat' dir='ltr'><strong>inter</strong></span> <span class='ocrx_word' id='word_1_843' title='bbox 2777 5301 2836 5342; x_wconf 93' lang='lat' dir='ltr'><strong>se</strong></span> <span class='ocrx_word' id='word_1_844' title='bbox 2858 5286 3143 5357; x_wconf 76' lang='lat' dir='ltr'><strong>iurgantes</strong></span> <span class='ocrx_word' id='word_1_845' title='bbox 3185 5285 3351 5340; x_wconf 86' lang='lat' dir='ltr'><strong>verba</strong></span> <span class='ocrx_word' id='word_1_846' title='bbox 3404 5285 3593 5340; x_wconf 87' lang='lat' dir='ltr'><strong>convi-</strong></span> 
     </span>
    </p>
   </div>
   <div class='ocr_carea' id='block_1_114' title="bbox 2005 5377 3594 5449">
    <p class='ocr_par' dir='ltr' id='par_1_114' title="bbox 2005 5377 3594 5449">
     <span class='ocr_line' id='line_1_114' title="bbox 2005 5377 3594 5449; baseline -0.001 -15"><span class='ocrx_word' id='word_1_847' title='bbox 2005 5379 2214 5435; x_wconf 89' lang='lat' dir='ltr'><strong>ciorum</strong></span> <span class='ocrx_word' id='word_1_848' title='bbox 2239 5379 2292 5434; x_wconf 92' lang='lat' dir='ltr'><strong>in</strong></span> <span class='ocrx_word' id='word_1_849' title='bbox 2316 5379 2640 5433; x_wconf 89' lang='lat' dir='ltr'><strong>alterutrum</strong></span> <span class='ocrx_word' id='word_1_850' title='bbox 2665 5395 2773 5434; x_wconf 90' lang='lat' dir='ltr'><strong>non</strong></span> <span class='ocrx_word' id='word_1_851' title='bbox 2796 5377 3108 5449; x_wconf 88' lang='lat' dir='ltr'><strong>proferant,</strong></span> <span class='ocrx_word' id='word_1_852' title='bbox 3136 5391 3240 5432; x_wconf 92' lang='lat' dir='ltr'><strong>nec</strong></span> <span class='ocrx_word' id='word_1_853' title='bbox 3265 5384 3477 5433; x_wconf 87' lang='lat' dir='ltr'><strong>secreta</strong></span> <span class='ocrx_word' id='word_1_854' title='bbox 3500 5377 3594 5432; x_wconf 90' lang='lat' dir='ltr'><strong>diu</strong></span> 
     </span>
    </p>
   </div>
   <div class='ocr_carea' id='block_1_115' title="bbox 2006 5468 3594 5542">
    <p class='ocr_par' dir='ltr' id='par_1_115' title="bbox 2006 5468 3594 5542">
     <span class='ocr_line' id='line_1_115' title="bbox 2006 5468 3594 5542; baseline -0.003 -16"><span class='ocrx_word' id='word_1_855' title='bbox 2006 5472 2181 5527; x_wconf 89' lang='lat' dir='ltr'><strong>velata</strong></span> <span class='ocrx_word' id='word_1_856' title='bbox 2207 5487 2306 5542; x_wconf 92' lang='lat' dir='ltr'><strong>per</strong></span> <span class='ocrx_word' id='word_1_857' title='bbox 2334 5471 2573 5527; x_wconf 90' lang='lat' dir='ltr'><strong>furorem</strong></span> <span class='ocrx_word' id='word_1_858' title='bbox 2601 5472 2656 5526; x_wconf 93' lang='lat' dir='ltr'><strong>in</strong></span> <span class='ocrx_word' id='word_1_859' title='bbox 2684 5470 2917 5526; x_wconf 91' lang='lat' dir='ltr'><strong>invicem</strong></span> <span class='ocrx_word' id='word_1_860' title='bbox 2947 5469 3221 5524; x_wconf 89' lang='lat' dir='ltr'><strong>denudent</strong></span> <span class='ocrx_word' id='word_1_861' title='bbox 3252 5486 3264 5522; x_wconf 91' lang='lat'>:</span> <span class='ocrx_word' id='word_1_862' title='bbox 3299 5469 3427 5540; x_wconf 90' lang='lat' dir='ltr'><strong>quia</strong></span> <span class='ocrx_word' id='word_1_863' title='bbox 3453 5468 3594 5523; x_wconf 91' lang='lat' dir='ltr'><strong>sicut</strong></span> 
     </span>
    </p>
   </div>
   <div class='ocr_carea' id='block_1_116' title="bbox 2006 5558 3594 5636">
    <p class='ocr_par' dir='ltr' id='par_1_116' title="bbox 2006 5558 3594 5636">
     <span class='ocr_line' id='line_1_116' title="bbox 2006 5558 3594 5636; baseline -0.006 -16"><span class='ocrx_word' id='word_1_864' title='bbox 2006 5567 2198 5636; x_wconf 90' lang='lat' dir='ltr'><strong>lapidis</strong></span> <span class='ocrx_word' id='word_1_865' title='bbox 2247 5567 2357 5620; x_wconf 91' lang='lat' dir='ltr'><strong>ictu</strong></span> <span class='ocrx_word' id='word_1_866' title='bbox 2389 5565 2602 5620; x_wconf 90' lang='lat' dir='ltr'><strong>volatus</strong></span> <span class='ocrx_word' id='word_1_867' title='bbox 2659 5564 2776 5618; x_wconf 91' lang='lat' dir='ltr'><strong>avis</strong></span> <span class='ocrx_word' id='word_1_868' title='bbox 2813 5561 3082 5631; x_wconf 85' lang='lat' dir='ltr'><strong>dejicitur,</strong></span> <span class='ocrx_word' id='word_1_869' title='bbox 3144 5561 3220 5616; x_wconf 86' lang='lat' dir='ltr'><strong>ita</strong></span> <span class='ocrx_word' id='word_1_870' title='bbox 3267 5568 3322 5616; x_wconf 90' lang='lat' dir='ltr'><strong>et</strong></span> <span class='ocrx_word' id='word_1_871' title='bbox 3361 5558 3594 5615; x_wconf 86' lang='lat' dir='ltr'><strong>convicii</strong></span> 
     </span>
    </p>
   </div>
   <div class='ocr_carea' id='block_1_117' title="bbox 2003 5657 3608 5716">
    <p class='ocr_par' dir='ltr' id='par_1_117' title="bbox 2003 5657 3608 5716">
     <span class='ocr_line' id='line_1_117' title="bbox 2003 5657 3608 5716; baseline -0.007 0"><span class='ocrx_word' id='word_1_872' title='bbox 2003 5662 2171 5716; x_wconf 89' lang='lat' dir='ltr'><strong>verbo</strong></span> <span class='ocrx_word' id='word_1_873' title='bbox 2194 5660 2277 5714; x_wconf 86' lang='lat' dir='ltr'><strong>vis</strong></span> <span class='ocrx_word' id='word_1_874' title='bbox 2305 5657 2558 5713; x_wconf 90' lang='lat' dir='ltr'><strong>amicitiae</strong></span> <span class='ocrx_word' id='word_1_875' title='bbox 2585 5657 2927 5713; x_wconf 89' lang='lat' dir='ltr'><strong>dissolvetur.</strong></span> <span class='ocrx_word' id='word_1_876' title='bbox 3605 5700 3608 5704; x_wconf 90' lang='lat'><strong>.</strong></span> 
     </span>
    </p>
   </div>
   <div class='ocr_carea' id='block_1_118' title="bbox 2082 5739 3587 5818">
    <p class='ocr_par' dir='ltr' id='par_1_118' title="bbox 2082 5739 3587 5818">
     <span class='ocr_line' id='line_1_118' title="bbox 2082 5739 3587 5818; baseline -0.007 -15"><span class='ocrx_word' id='word_1_877' title='bbox 2082 5770 2100 5803; x_wconf 83' lang='grc'><em>‹</em></span> <span class='ocrx_word' id='word_1_878' title='bbox 2145 5750 2226 5805; x_wconf 88' lang='lat' dir='ltr'><strong>Ad</strong></span> <span class='ocrx_word' id='word_1_879' title='bbox 2250 5749 2484 5804; x_wconf 88' lang='lat' dir='ltr'><strong>amicum</strong></span> <span class='ocrx_word' id='word_1_880' title='bbox 2506 5747 2552 5803; x_wconf 89' lang='lat' dir='ltr'><strong>si</strong></span> <span class='ocrx_word' id='word_1_881' title='bbox 2581 5747 2901 5818; x_wconf 85' lang='lat' dir='ltr'><strong>produxeris</strong></span> <span class='ocrx_word' id='word_1_882' title='bbox 2924 5745 3194 5817; x_wconf 88' lang='lat' dir='ltr'><strong>gladium,</strong></span> <span class='ocrx_word' id='word_1_883' title='bbox 3241 5756 3348 5797; x_wconf 88' lang='lat' dir='ltr'><strong>non</strong></span> <span class='ocrx_word' id='word_1_884' title='bbox 3397 5739 3587 5808; x_wconf 83' lang='lat' dir='ltr'><strong>despe-</strong></span> 
     </span>
    </p>
   </div>
   <div class='ocr_carea' id='block_1_119' title="bbox 2009 5829 3591 5914">
    <p class='ocr_par' dir='ltr' id='par_1_119' title="bbox 2009 5829 3591 5914">
     <span class='ocr_line' id='line_1_119' title="bbox 2009 5829 3591 5914; baseline -0.009 -14"><span class='ocrx_word' id='word_1_885' title='bbox 2009 5867 2029 5900; x_wconf 88' lang='grc'><em>‹</em></span> <span class='ocrx_word' id='word_1_886' title='bbox 2075 5861 2164 5902; x_wconf 91' lang='lat' dir='ltr'><strong>res</strong></span> <span class='ocrx_word' id='word_1_887' title='bbox 2193 5862 2205 5900; x_wconf 91' lang='lat'><strong>:</strong></span> <span class='ocrx_word' id='word_1_888' title='bbox 2239 5852 2324 5901; x_wconf 92' lang='lat' dir='ltr'><strong>est</strong></span> <span class='ocrx_word' id='word_1_889' title='bbox 2351 5843 2495 5898; x_wconf 92' lang='lat' dir='ltr'><strong>enim</strong></span> <span class='ocrx_word' id='word_1_890' title='bbox 2517 5856 2816 5914; x_wconf 78' lang='lat' dir='ltr'><strong>regressus.</strong></span> <span class='ocrx_word' id='word_1_891' title='bbox 2849 5839 2934 5894; x_wconf 82' lang='lat' dir='ltr'><strong>Ad</strong></span> <span class='ocrx_word' id='word_1_892' title='bbox 2969 5837 3201 5893; x_wconf 88' lang='lat' dir='ltr'><strong>amicum</strong></span> <span class='ocrx_word' id='word_1_893' title='bbox 3229 5834 3275 5889; x_wconf 90' lang='lat' dir='ltr'><strong>si</strong></span> <span class='ocrx_word' id='word_1_894' title='bbox 3312 5829 3591 5902; x_wconf 59' lang='lat' dir='ltr'><strong>aperueris</strong></span> 
     </span>
    </p>
   </div>
  </div>
