4030 6480
503 429 606 489 915

510 565 528 598 ε
575 560 636 601 os
679 545 863 611 triste,
915 559 1020 599 non
1074 545 1265 599 timeas
1319 561 1331 598 :

1141 430 1203 484 Β.
1247 428 1499 485 RABANI
1538 429 1757 486 MAURI
1796 428 2118 485 ARCHIEP.
2162 426 2472 485 MOGUNT.
2515 425 2803 483 OPERUM
2838 428 3018 485 PARS
3055 431 3095 485 Ι.

1391 554 1474 601 est
1515 547 1660 600 enim
1704 545 2084 612 concordatio;
2116 545 2169 606 Α
2192 546 2368 602 omnis
2388 546 2479 618 qui
2500 544 2748 619 intelligit
2772 556 2972 620 quanta
2994 548 3134 603 bona
3153 544 3261 603 sint
3283 546 3336 602 in
3360 547 3602 605 amicitia
3622 566 3796 617 vera,

3679 436 3802 491 916

509 659 527 690 ι
573 646 798 711 excepto
825 638 1097 703 convicio,
1140 646 1193 693 et
1208 637 1676 708 improperio,'et
1720 640 1999 710 superbia,
2033 646 2090 694 et
2190 645 2345 692 cavet
2389 652 2457 693 ne
2487 648 2584 708 per
2608 637 2875 693 incuriam
2905 637 3099 709 perdat
3129 637 3307 705 illam;
3346 647 3502 694 cavet
3526 640 3681 695 enim
3721 657 3799 696 ne

508 757 524 785 ι
573 734 813 809 mysterii
846 733 1205 801 revelatione,
1238 742 1295 789 et
1327 734 1483 808 plaga
1509 734 1690 791 dolosa
1722 752 1736 790 :
1770 736 1822 791 in
1850 737 1937 791 bis
1969 751 2087 791 om-

508 846 525 878 ο
572 826 731 881 nibus
761 822 982 896 eﬂ'ugiet
1005 824 1229 880 amicus.
1272 844 1290 875 ι
1322 823 1476 880 Nunc
1500 826 1671 896 aperit
1693 842 1813 898 qum
1840 841 1928 881 res
1957 826 2086 880 ami-

500 936 621 975 cum
649 919 850 975 brutum
872 918 1083 990 possint
1109 934 1435 973 conservare
1452 961 1466 985 ,
1491 936 1676 993 qineve
1700 919 1849 974 illum
1870 919 2085 990 penitus

497 1004 941 1081 cﬁ‘ugarc’atque
982 1009 1217 1064 alienum
1248 1008 1447 1067 facere.
1480 1008 1536 1064 Si
1583 1011 1728 1065 enim
1769 1011 1932 1065 verbo
1959 1026 2081 1066 cor-

498 1100 760 1171 reptionis
801 1100 1037 1155 amicum
1074 1116 1174 1177 pro
1222 1100 1403 1175 aliquo
1447 1102 1734 1157 commisso
1764 1101 2078 1167 inhonesto,

498 1191 782 1248 cbaritatis
814 1191 1012 1247 affectu
1040 1192 1399 1267 corripueris,
1446 1193 1522 1247 ita
1551 1199 1612 1247 ut
1637 1191 1769 1247 velis
1803 1208 1926 1247 eum
1958 1209 2082 1248 eor-

497 1286 703 1355 rigere,
742 1300 848 1339 non
878 1282 1039 1339 debes
1086 1283 1151 1339 de
1190 1283 1428 1343 amicitia
1456 1284 1575 1357 ejus
1602 1283 1893 1354 desperare
1912 1325 1927 1345 .
1956 1284 2083 1356 quia

494 1372 617 1427 licet
654 1373 720 1428 ad
752 1382 962 1445 tempus
989 1373 1169 1430 doleat
1212 1375 1277 1429 de
1305 1373 1709 1446 objurgatione,
1738 1378 2083 1448 postmodum

497 1475 696 1532 nunen,
724 1469 902 1539 agnita
930 1469 1285 1540 correptionis
1308 1468 1572 1539 utilitate,
1597 1469 1755 1525 citius
1780 1471 2082 1542 regreditur

491 1558 556 1612 ad
584 1559 673 1631 jus
700 1560 899 1633 prioris
937 1561 1218 1628 amicitiaa,
1264 1577 1364 1617 nec
1390 1571 1611 1637 propter
1654 1563 1876 1618 verbum
1926 1566 2080 1621 triste

486 1659 801 1721 perseverat
829 1651 882 1706 in
912 1660 1134 1725 accepto
1160 1653 1343 1709 dolore
1364 1696 1379 1720 ,
1407 1654 1535 1725 quia
1580 1671 1742 1711 omne
1773 1656 1916 1727 quod
1948 1671 2078 1728 erga

488 1759 609 1798 enm
636 1752 814 1803 actum
835 1753 919 1799 est
937 1786 952 1811 ,
979 1744 1185 1816 absque
1210 1745 1417 1802 fraudis
1442 1763 1562 1804 esse.
1592 1748 1840 1821 intelligit
1862 1751 2074 1807 machi-

488 1834 725 1890 natione.
757 1834 813 1891 Si
852 1846 1035 1891 autem
1069 1836 1275 1894 lmseris
1304 1838 1456 1893 illum
1478 1840 1718 1899 convicii
1748 1856 2001 1896 sermone
2022 1849 2078 1895 et

487 1925 798 1999 improprii,
832 1938 885 1983 et
932 1930 1185 1999 superbia
1205 1972 1219 1998 ,
1251 1939 1306 1986 et
1335 1940 1667 1987 secretorum
1713 1933 2069 2003 revelatione,

484 2027 538 2073 et
565 2017 852 2075 dolositate
885 2022 1172 2095 nequitiae,
1204 2024 1257 2078 in
1293 2025 1545 2080 omnibus
1577 2026 1661 2081 bis
1693 2026 1911 2099 effugiet
1935 2028 2071 2083 ami-

484 2124 610 2177 cus,
663 2111 827 2165 etiam
858 2112 923 2167 de
958 2113 1133 2168 reditu
1164 2112 1280 2183 ejus
1330 2115 1400 2170 ad
1440 2118 1733 2175 amicitiam
1786 2118 2071 2189 pristinam

481 2203 685 2277 poteris
714 2205 1023 2275 desperare.
1071 2207 1224 2262 Unde
1252 2208 1376 2262 alibi
1408 2209 1607 2263 dicitur
1636 2228 1647 2263 :
1687 2230 1704 2265 ‹
1746 2208 1935 2266 Amico
1988 2227 2072 2267 re-

481 2294 770 2351 conciliato
798 2313 905 2352 non
937 2299 1129 2354 credas
1162 2300 1215 2354 in
1247 2309 1507 2356 :eternum
1539 2300 1706 2373 (Eccl.
1742 2302 1862 2374 xu).
1904 2323 1922 2355 ι

558 2406 574 2437 ι
609 2386 792 2443 Fidem
820 2391 1036 2463 posside
1064 2408 1184 2445 cum
1208 2393 1457 2462 proximo
1478 2392 1530 2446 in
1556 2400 1872 2466 paupertate
1896 2391 2068 2467 illius,

485 2496 502 2527 ι
549 2485 607 2532 ut
631 2486 686 2533 et
710 2480 866 2536 bonis
898 2481 1042 2537 illius
1066 2482 1289 2537 laeteris.
1335 2483 1392 2539 in
1428 2493 1668 2555 tempore
1710 2485 2072 2541 tribulationis

484 2591 502 2622 ι
547 2568 692 2626 illius
714 2587 974 2647 permane
1022 2573 1232 2641 ﬁdelis,
1282 2583 1342 2629 ut
1388 2584 1444 2630 et
1482 2575 1534 2629 in
1564 2574 1881 2630 luereditate
1926 2575 2071 2630 illius

482 2680 502 2714 ι
546 2662 787 2719 colizeres
830 2664 925 2720 sis.
976 2684 996 2718 ι
1049 2664 1107 2720 ln
1151 2663 1479 2721 adversitate
1520 2666 1654 2721 ﬁdes
1701 2665 1860 2722 amici
1897 2667 2071 2739 magis

474 2760 738 2833 probatur
764 2777 927 2839 quam
971 2761 1025 2817 in
1060 2762 1454 2833 prosperitate,
1484 2762 1613 2835 quia
1647 2782 1665 2813 ‹
1703 2760 1857 2817 multi
1908 2760 2070 2819 amici

475 2866 708 2921 mensm,
736 2859 793 2907 et
820 2868 927 2908 non
956 2862 1279 2925 permanent
1300 2853 1356 2908 in
1381 2852 1468 2909 die
1493 2851 1850 2908 necessitatis.
1891 2871 1908 2904 ι
1944 2849 2070 2911 Ideo

469 2950 666 3011 Suadet
709 2960 766 3011 ut
795 2950 851 3011 in
877 2959 1198 3025 paupertate
1220 2959 1275 3006 et
1302 2949 1651 3007 tribulatione
1689 2947 1847 3007 ﬁdem
1879 2962 2065 3005 serve-

475 3060 596 3101 mus
626 3045 876 3117 proximo
896 3086 911 3114 ,
939 3054 1205 3117 quatenus
1237 3046 1292 3101 in
1320 3046 1478 3101 bonis
1500 3044 1642 3100 illius
1669 3044 1828 3101 simul
1858 3059 1980 3099 cum
2002 3057 2067 3099 eo

473 3140 823 3199 colletmmur.
878 3141 1102 3213 Mystiee
1145 3150 1327 3201 autem
1372 3141 1682 3212 quicunque
1721 3140 1775 3195 in
1811 3136 2066 3209 praesenti

472 3231 673 3291 εωειιιο
693 3234 824 3289 etin
857 3233 1203 3293 tribulatione
1224 3233 1509 3304 praesentis
1531 3232 1657 3288 vita:
1682 3229 1932 3289 condolet
1956 3228 2066 3283 fra-
2093 3274 2138 3341 C

474 3324 574 3393 tri,
612 3334 667 3380 et
690 3326 969 3396 proximo,
1001 3326 1056 3383 in
1086 3327 1399 3387 haereditate
1425 3326 1623 3385 futura:
1645 3325 1833 3397 patria:
1859 3324 2060 3385 laetitiae

470 3418 588 3490 ejus
612 3419 717 3477 erit
740 3420 1011 3492 particeps
1037 3429 1093 3476 et
1121 3420 1325 3493 gloriae.

548 3529 567 3561 ι
606 3508 748 3568 Ante
780 3511 958 3583 ignem
985 3513 1182 3568 camini
1220 3527 1391 3585 vapor
1414 3520 1470 3568 et
1497 3512 1675 3569 fumus
1699 3512 1840 3585 ignis
1868 3510 2061 3569 inalta—

478 3620 497 3652 ι
545 3610 634 3657 tur
658 3617 672 3656 :
703 3603 781 3661 sic
806 3612 864 3659 et
889 3614 1013 3661 ante
1038 3606 1358 3676 sanguinem
1386 3604 1672 3669 maledicta
1701 3612 1757 3661 et
1782 3615 2061 3663 contume-

476 3711 495 3746 ι
544 3692 628 3751 lite
658 3701 713 3751 et
747 3694 925 3755 minae.
967 3716 986 3747 ι
1024 3696 1175 3751 Sicut
1199 3695 1380 3753 fumus
1409 3696 1668 3766 praecedit
1703 3696 1842 3766 ignis
1871 3695 2058 3750 inccn-

469 3783 650 3852 dium,
705 3784 787 3840 sic
813 3793 868 3841 et
916 3786 1204 3845 verborum
1247 3785 1447 3845 duritia
1474 3786 1738 3858 praevenit
1783 3785 2061 3843 homicidii

471 3877 693 3939 malum.
728 3878 881 3937 Unde
921 3879 974 3941 in
1005 3878 1316 3939 Proverbiis
1350 3881 1613 3952 scriptum
1637 3891 1721 3935 est
1754 3898 1766 3933 :
1810 3899 1829 3932 ι
1868 3877 2060 3937 Sermo

469 3972 639 4026 durus
667 3971 898 4029 suscitat
944 3973 1108 4027 rixas.
1150 3992 1169 4024 ι
1203 3972 1270 4031 Ει
1297 3973 1429 4031 item
1458 3991 1472 4029 :
1510 3992 1529 4024 ί
1565 3972 1701 4028 Cum
1728 3970 2058 4041 defecerint,

471 4059 677 4130 inquit,
708 4061 873 4133 ligna,
920 4063 1301 4134 exstinguetur
1323 4063 1497 4135 ignis,
1530 4071 1584 4118 et
1607 4078 1902 4119 susurrone
1927 4063 2052 4119 sub-

471 4157 645 4205 tracto
666 4151 845 4223 jnrgia
874 4153 1268 4225 conquiescunt
1301 4172 1313 4209 :
1362 4153 1505 4213 sicut
1538 4155 1802 4211 carbones
1831 4154 1900 4209 ad
1928 4170 2059 4226 pru—

470 4261 570 4305 nas
620 4255 665 4303 st
694 4245 835 4319 ligna
866 4248 933 4302 ad
982 4247 1191 4317 ignem,
1238 4247 1317 4304 sic
1371 4248 1534 4305 homo
1596 4246 1887 4304 iracundus
1937 4263 2058 4303 sus-

467 4338 602 4394 citat
649 4337 814 4393 rixas.
855 4357 873 4389 ι
920 4336 1057 4395 Hinc
1109 4345 1166 4393 et
1226 4336 1479 4395 Salvator
1507 4337 1561 4397 in
1593 4337 1884 4407 Evangelio
1928 4352 2058 4391 can.

466 4446 582 4487 sam
606 4431 701 4486 ira:
745 4438 1015 4502 prmcepto
1041 4445 1140 4485 suo
1179 4428 1398 4491 auferre
1436 4430 1633 4495 voluit,
1666 4445 1734 4484 ne
1776 4427 2056 4485 homicidii

467 4523 643 4579 scelus
697 4522 1008 4588 adderetur,
1058 4522 1290 4577 dicens:
1326 4540 1344 4572 ι
1382 4520 1624 4578 Audistis
1672 4522 1798 4592 quia
1852 4521 2054 4575 dictum

2188 730 2434 786 convicio
2481 737 2537 786 et
2577 731 2933 803 improperio,
2963 739 3019 787 et
3047 732 3261 789 caeteris
3282 748 3404 806 quae
3433 751 3599 806 supra
3646 751 3801 791 euu-

2187 821 2417 876 meravit
2446 828 2732 895 exasperet
2755 823 2987 879 amicum
3004 865 3022 897 ,
3051 831 3105 880 et
3125 824 3287 881 laedat
3311 827 3568 883 amicitia:
3584 825 3742 899 jura.

2262 932 2280 963 ‹
2328 912 2459 980 Quis
2484 912 2633 969 dabit
2656 915 2738 973 ori
2787 930 2907 971 meo
2933 918 3268 985 custodiam,
3316 929 3374 974 et
3419 936 3587 992 supra
3634 918 3798 977 labia

2187 1021 2306 1060 mea
2330 1006 2663 1077 signaculum
2693 1010 2940 1064 certum?
2964 1021 3025 1066 ut
3065 1028 3171 1067 non
3204 1013 3397 1067 cadam
3430 1014 3499 1069 ab
3532 1014 3671 1087 ipsis
3691 1056 3710 1081 ,
3738 1023 3799 1070 et

2184 1096 2366 1171 lingua
2414 1116 2533 1154 mea
2579 1101 2771 1172 perdat
2820 1117 2924 1157 me.
2967 1124 2985 1155 ι
3040 1102 3198 1159 Novit
3244 1106 3392 1161 enim
3432 1104 3521 1160 vir
3557 1106 3797 1177 sapiens

2184 1199 2387 1263 quanta
2413 1193 2553 1248 mala
2583 1195 2835 1250 eveniant
2859 1211 2955 1266 per
2982 1196 3346 1252 temeritatem
3375 1196 3607 1267 lingute;
3657 1196 3795 1253 ideo

2185 1282 2517 1355 interrogat,
2541 1285 2661 1361 quis
2683 1287 2782 1341 sibi
2808 1288 3110 1344 custodiam
3132 1288 3373 1360 praebeat
3396 1305 3507 1345 snze
3528 1289 3793 1360 loquelar,

2182 1382 2242 1433 ut
2266 1392 2373 1431 non
2404 1375 2636 1433 declinet
2662 1379 2714 1433 in
2742 1378 2966 1437 verbum
2996 1378 3195 1437 malum
3226 1420 3242 1447 ,
3270 1381 3415 1441 unde
3440 1381 3640 1435 anima:
3672 1396 3797 1435 sua:

2181 1470 2542 1526 certissimum
2593 1472 2766 1549 possit
2807 1474 3025 1530 evenire
3056 1475 3463 1533 detrimentum:
3504 1474 3797 1543 Quantum

2184 1569 2366 1617 autem
2393 1563 2691 1634 periculum
2714 1564 2965 1625 humanas
2988 1567 3113 1621 vita:
3140 1566 3401 1622 consistat
3432 1568 3485 1621 in
3508 1576 3794 1637 potestate

2178 1651 2405 1724 linguas,
2436 1652 2675 1710 Iacobus
2705 1655 2982 1725 apostolus
3018 1658 3073 1713 in
3106 1657 3345 1729 Epistola
3370 1672 3466 1713 sua
3497 1658 3750 1712 ostendit
3777 1700 3793 1723 ,

2182 1745 2369 1802 dicens
2404 1767 2416 1801 :
2452 1768 2469 1798 ‹
2504 1748 2644 1803 Ecce
2674 1758 2909 1818 quantus
2933 1749 3073 1820 ignis
3097 1765 3261 1819 quam
3287 1765 3541 1821 magnam
3572 1750 3793 1820 sylvam

2182 1839 2424 1894 incendit
2452 1858 2463 1892 :
2497 1848 2551 1894 et
2580 1840 2759 1912 lingua
2790 1841 2929 1911 ignis
2954 1849 3068 1909 est;
3114 1842 3444 1897 universitas
3470 1840 3794 1913 iniquitatis

2104 1912 2150 1971 B
2178 1929 2358 2001 lingua
2385 1932 2736 1987 constituitur
2761 1932 2817 1986 in
2846 1932 3106 1988 membris
3127 1932 3331 1989 nostris
3352 1974 3366 1999 ,
3392 1948 3515 2003 quae
3540 1912 3794 1989 maculat

2177 2030 2349 2078 totum
2374 2039 2568 2094 corpus
2585 2065 2600 2092 ,
2634 2033 2690 2079 et
2718 2022 3019 2080 inﬂammat
3041 2033 3215 2080 rotam
3238 2025 3543 2081 nativitatis
3574 2036 3788 2083 nostra:

2175 2112 2511 2169 inflammata
2542 2131 2570 2169 a
2600 2114 2864 2186 gehenna.
2915 2115 3105 2173 Omnis
3136 2117 3281 2173 enim
3332 2126 3528 2173 natura
3578 2119 3793 2175 bestia-

2175 2219 2297 2260 rum
2343 2213 2398 2260 et
2430 2205 2707 2261 volucrum
2737 2215 2794 2261 et
2835 2208 3200 2279 serpentium,
3231 2215 3286 2264 et
3313 2218 3645 2264 cmterorum
3689 2211 3792 2266 do—

2176 2307 2394 2354 mantur
2419 2304 2472 2352 et
2503 2298 2707 2354 domita
2751 2307 2878 2354 sunt
2921 2315 2952 2354 a
2989 2309 3184 2355 natura
3217 2314 3476 2356 numana.
3508 2300 3787 2373 Linguam

2174 2401 2356 2448 autem
2389 2391 2566 2447 nullus
2613 2391 2896 2448 hominum
2942 2393 3164 2449 domare
3206 2403 3419 2467 potest,
3472 2395 3784 2467 inquietum

2173 2484 2377 2541 malum
2397 2526 2412 2551 ,
2437 2483 2593 2556 plena
2615 2500 2826 2541 veneno
2847 2485 3160 2556 mortifero;
3181 2486 3234 2542 in
3261 2488 3376 2559 ipsa
3400 2488 3784 2545 benedicimus

2173 2576 2461 2637 Dominum
2489 2585 2544 2633 et
2574 2575 2829 2645 Patrem;
2881 2586 2936 2634 et
2965 2578 3019 2634 in
3050 2579 3165 2649 ipsa
3194 2579 3575 2639 maledicimus
3600 2579 3785 2635 homi-

2172 2685 2297 2736 nes,
2330 2670 2422 2745 qui
2447 2668 2513 2724 ad
2538 2668 2949 2726 similitudinem
2976 2672 3072 2726 Dei
3098 2672 3225 2727 facti
3255 2680 3400 2728 sunt.
3430 2670 3513 2726 Ex
3540 2672 3663 2745 ipso
3682 2688 3783 2726 ore

2169 2760 2421 2831 procedit
2446 2760 2755 2819 benedictio
2784 2770 2840 2819 et
2860 2761 3170 2819 maledictio
3199 2761 3341 2835 (Jac.
3375 2762 3486 2839 ιιι).
3526 2781 3546 2816 ι

2779 2894 3010 2952 CAPUT
3048 2894 3159 2951 VII.

2170 2981 2357 3040 Oratio
2391 2987 2684 3041 communis
2715 2988 2956 3044 omnibus
2994 2989 3144 3043 nobis
3181 2988 3525 3053 utetiam”,
3546 2988 3778 3045 Domine

2238 3055 2380 3111 Deus
2403 3053 2565 3132 Pater
2593 3066 2639 3111 et
2660 3060 2961 3132 dominator
2985 3061 3101 3115 vita:
3119 3076 3267 3126 metr,
3290 3076 3356 3132 ne
3376 3059 3647 3132 relinquas
3668 3077 3773 3127 me,

2239 3136 2289 3203 et
2314 3144 2376 3181 ne
2400 3127 2545 3203 sinus
2575 3144 2653 3182 me
2672 3129 2885 3203 cadere.
2929 3130 3025 3183 hoc
3051 3141 3127 3185 est
3160 3131 3426 3203 contineas
3456 3127 3559 3198 me,
3596 3150 3660 3187 ne
3689 3134 3775 3203 [a-

2239 3198 2377 3251 ciam
2406 3197 2616 3251 minam
2647 3196 2711 3253 de
2740 3215 2821 3254 me
2848 3202 3235 3271 prwsumendo.

2243 3305 2394 3381 (CAP.
2436 3307 2620 3383 xxm.)
2668 3328 2686 3362 ‹
2732 3309 2960 3369 Domine
3002 3322 3160 3383 pater
3202 3321 3259 3369 et
3297 3310 3610 3368 dominator
3645 3314 3773 3370 vita:

2176 3421 2194 3454 ‹
2240 3418 2395 3469 meae,
2442 3418 2509 3458 ne
2537 3402 2885 3477 derelinquas
2929 3422 3017 3462 me
3060 3407 3115 3462 in
3152 3406 3379 3463 consilio
3420 3421 3638 3474 eorum,
3672 3425 3773 3463 nec

2176 3511 2194 3544 ι
2235 3493 2384 3548 sinas
2418 3510 2504 3549 me
2534 3494 2729 3551 cadere
2767 3496 2822 3550 in
2854 3495 2979 3552 illis.
3012 3518 3030 3550 ι
3075 3496 3211 3553 Nam
3244 3514 3367 3555 cum
3402 3498 3558 3570 prius
3602 3499 3773 3553 inter-

2167 3592 2386 3654 rogaret
2413 3586 2536 3655 quls
2563 3587 2718 3642 daret
2745 3586 2829 3641 ori
2858 3602 2959 3643 suo
2988 3588 3315 3656 custodiam,
3343 3598 3400 3644 et
3426 3606 3591 3660 supra
3626 3590 3767 3645 labia

2168 3677 2506 3747 signaculum
2538 3688 2772 3747 certum,
2804 3682 2933 3751 quia
2971 3682 3241 3736 neminem
3285 3681 3493 3737 invenit
3533 3682 3627 3754 qni
3667 3685 3769 3739 hoc

2167 3770 2409 3841 perfecte
2455 3770 2635 3827 facere
2689 3773 2894 3842 possit,
2946 3773 3014 3829 ad
3070 3773 3188 3844 ejus
3236 3774 3652 3845 opitulationem
3708 3792 3767 3831 se

2168 3862 2436 3918 convertit
2477 3864 2570 3934 qui
2599 3877 2722 3919 eum
2756 3863 2808 3918 in
2841 3862 2995 3920 initio
3027 3865 3234 3920 creavit
3269 3881 3283 3919 :
3327 3872 3385 3920 ut
3413 3863 3570 3934 cujus
3596 3881 3767 3938 opere

2167 3954 2269 4011 fuit
2296 3964 2356 4011 ut
2392 3956 2446 4011 in
2476 3966 2669 4012 natura
2709 3956 3048 4024 subsisteret,
3080 3957 3200 4029 ejus
3229 3973 3455 4015 munere
3490 3960 3585 4013 ﬁat
3614 3974 3685 4013 ne
3711 3958 3763 4012 in

2164 4050 2420 4106 vitiorum
2451 4051 2766 4122 voraginem
2796 4050 2949 4105 cada‘

2242 4160 2261 4194 ‹
2308 4143 2443 4211 Quis
2481 4143 2813 4214 superponit.
2834 4143 2887 4198 in
2920 4143 3161 4216 cogitatu
3204 4158 3327 4200 meo
3356 4141 3588 4215 flagella,
3620 4151 3681 4199 et
3708 4142 3761 4197 in

2171 4256 2189 4287 ι
2236 4239 2397 4293 corde
2428 4253 2549 4293 meo
2577 4236 2881 4295 doctrinam
2912 4238 3212 4309 sapientim,
3240 4247 3297 4293 ut
3325 4237 3764 4310 ignorationibus

2170 4347 2188 4379 ι
2235 4343 2424 4383 eorum
2449 4344 2556 4384 non
2584 4336 2814 4401 parcant
2840 4329 2995 4396 mibi,
3022 4336 3076 4384 et
3116 4346 3220 4389 non
3246 4339 3543 4404 appareant
3561 4328 3763 4386 delicta

2168 4440 2185 4472 ι
2234 4421 2479 4489 illorum,
2515 4431 2570 4477 et
2619 4438 2687 4477 ne
2718 4420 3096 4478 adincrescant
3148 4422 3464 4493 ignorantia:
3497 4438 3660 4491 mae,
3709 4432 3763 4479 et

2167 4537 2184 4568 ι
2233 4516 2657 4587 multiplicentur
2682 4516 2874 4571 delicta
2914 4532 3058 4583 mea,
3086 4524 3140 4571 et
3173 4525 3395 4589 peccata
3426 4532 3548 4572 mea
3580 4518 3757 4572 abun-

466 4624 551 4671 est
595 4615 881 4685 antiquis:
928 4613 1045 4673 Non
1093 4614 1341 4679 occides;
1397 4614 1491 4685 qui
1527 4623 1709 4669 autem
1754 4611 2052 4679 occiderit,
2082 4648 2133 4707 Ι)
2167 4631 2184 4662 ι
2232 4611 2383 4676 dent,
2426 4620 2481 4666 et
2532 4609 2767 4665 incidam
2814 4611 2867 4665 in
2913 4619 3265 4683 conspectum
3313 4611 3757 4666 adversariorum

469 4720 594 4760 reus
619 4705 724 4759 erit
742 4703 969 4771 judicio.
1002 4704 1114 4775 Ego
1143 4713 1320 4763 autem
1354 4704 1474 4759 dico
1501 4705 1685 4767 vobis,
1716 4704 1843 4775 quia
1874 4704 2051 4758 omnis

468 4795 560 4867 qui
588 4795 843 4850 irascitur
873 4795 1029 4849 fratri
1066 4811 1196 4859 suo,
1230 4810 1355 4855 reus
1385 4794 1742 4865 eritjudicio,
1776 4804 1881 4849 etc.
1920 4813 1938 4845 ›

542 4910 560 4940 ε
588 4887 856 4943 Amicum
909 4888 1143 4943 salutare
1191 4904 1299 4944 non
1327 4886 1648 4953 confundar,
1682 4904 1712 4941 a
1744 4874 1881 4941 facie
1910 4886 2053 4943 illius

466 4997 572 5036 non
599 4996 683 5035 me
705 4979 1033 5037 abscondam
1064 4998 1077 5037 ;
1118 4989 1172 5035 et
1195 4978 1242 5039 si
1278 4979 1420 5035 mala
1448 4980 1580 5035 milii
1614 4979 1926 5045 evenerint,
1959 4995 2056 5049 per

465 5072 616 5131 illum
666 5071 964 5128 sustinebo.
1003 5091 1021 5124 ι
1052 5070 1263 5143 Quanta
1297 5072 1437 5127 bona
1471 5072 1578 5126 sint
1628 5071 1678 5127 in
1711 5087 1835 5125 vera
1869 5070 2058 5126 amici-

466 5170 540 5224 tia
563 5210 578 5233 ,
606 5184 714 5225 non
741 5179 819 5224 est
853 5166 1105 5239 possibile
1142 5182 1432 5232 enarrare;
1465 5174 1519 5221 et
1548 5174 1748 5237 quanta
1778 5165 1919 5219 mala
1946 5166 2058 5219 sint

466 5262 519 5316 in
546 5261 733 5316 odiosa
764 5260 1077 5326 inimicitia,
1114 5258 1293 5315 nullus
1315 5259 1498 5313 verbis
1529 5266 1707 5329 potest
1732 5256 2049 5323 enuntiare;

465 5354 593 5425 quia
621 5353 763 5411 sicut
788 5355 1026 5410 amicitia
1059 5354 1225 5409 totius
1258 5352 1385 5407 boni
1410 5360 1492 5407 est
1534 5349 1799 5404 laudabile
1853 5349 2054 5404 solida-

464 5453 729 5509 mentum,
760 5444 840 5501 sic
863 5454 918 5500 et
942 5462 971 5499 e
1006 5443 1281 5499 contrario
1312 5442 1594 5497 inimicitia
1623 5441 1787 5496 totius
1818 5440 1941 5494 mali
1969 5448 2054 5495 est

460 5536 782 5595 detestabile
802 5544 1200 5609 argumentum.
1226 5535 1282 5591 Si
1300 5536 1444 5591 enim
1466 5534 1747 5591 evenerint
1770 5533 1863 5587 tibi
1886 5534 2045 5600 bona,

422 5652 429 5659 ·
464 5631 673 5686 amicus
705 5638 828 5685 tuus
868 5628 962 5683 tibi
1003 5628 1389 5697 congaudebit;
1442 5627 1486 5681 si
1532 5635 1711 5682 autem
1757 5625 2055 5681 acciderint

468 5724 642 5790 mala,
696 5723 906 5779 amicus
952 5720 1047 5775 tibi
1096 5718 1429 5787 condolebit,
1485 5735 1548 5774 ac
1604 5716 1830 5774 sufferre
1873 5725 2051 5772 tecum

617 5815 716 5871 bit.

617 5826 716 5871 nit.

465 5826 786 5963 cechOmnis
810 5903 905 5976 qui
932 5903 1143 5971 audiet,
1176 5901 1388 5959 cavebit
1416 5918 1473 5959 se
1503 5904 1569 5959 ab
1601 5919 1684 5960 eo.
1738 5923 1756 5954 ι
1787 5900 1899 5959 Hoc
1933 5907 2049 5968 est,

2167 4724 2184 4754 ‹
2231 4719 2501 4769 meorum,
2532 4711 2585 4756 et
2614 4703 2844 4774 gaudeat
2878 4719 3039 4775 super
3079 4718 3165 4757 me
3204 4702 3456 4757 inimicus
3493 4703 3696 4759 meus?
3730 4722 3751 4755 ι

2162 4795 2296 4864 Quia
2322 4795 2405 4851 vir
2437 4795 2653 4866 sapiens
2682 4795 2945 4851 intellexit
2971 4795 3224 4850 vitiorum
3269 4795 3501 4855 crimina
3527 4795 3759 4851 δίιιιιιο-

2162 4887 2247 4942 xia
2287 4904 2407 4943 esse
2451 4903 2515 4943 ac
2544 4886 2844 4954 mortifera,
2881 4887 3003 4961 ideo
3030 4905 3280 4959 quaerens
3309 4888 3515 4961 appetit
3560 4890 3614 4945 in
3655 4904 3750 4945 co-

2162 4981 2332 5053 gitatu
2361 4996 2458 5035 suo
2489 4977 2784 5050 disciplinae
2818 4977 3044 5050 flagella,
3075 4979 3209 5034 etin
3236 4980 3399 5035 corde
3426 4995 3525 5035 suo
3555 4979 3757 5034 doctri-

2165 5089 2289 5126 nam
2321 5072 2521 5127 habere
2548 5071 2865 5143 prudentius,
2895 5089 2964 5127 ne
2989 5070 3129 5127 forte
3167 5071 3468 5143 ignorantia
3498 5072 3753 5127 detentus

2160 5180 2266 5220 non
2299 5172 2560 5235 agnoscat
2602 5164 2920 5219 delictorum
2946 5162 3208 5234 pericula,
3247 5172 3301 5218 et
3330 5175 3632 5235 augeantur
3674 5164 3749 5219 fa-

2159 5257 2403 5312 cinorum
2435 5256 2684 5325 crimina,
2716 5273 2815 5328 pro
2844 5256 3040 5328 quibus
3080 5256 3283 5312 incidat
3328 5256 3383 5312 in
3427 5274 3623 5313 manus
3654 5258 3748 5311 ad-

2158 5348 2545 5415 versariorum,
2574 5357 2627 5404 et
2654 5348 2907 5425 gaudium
2933 5348 3178 5420 perﬁciat
3209 5346 3535 5421 spiritalium
3567 5349 3746 5404 inimi-

2158 5455 2363 5496 COI‘UID.

2234 5553 2252 5585 ‹
2273 5532 2497 5588 Domine
2515 5539 2669 5605 pater
2683 5541 2738 5589 et
2749 5531 2891 5588 Deus
2905 5532 3029 5589 vitm
3041 5546 3194 5601 mem,
3212 5549 3282 5590 ne
3295 5530 3640 5603 derelinquas
3660 5546 3745 5586 me

2163 5644 2181 5676 ‹
2230 5625 2281 5680 ἱιι
2313 5627 2548 5696 cogitatu
2579 5623 2816 5681 illorum.
2868 5624 3250 5681 Extollentimn
3280 5625 3560 5681 oculorum
3590 5639 3739 5681 meo-

2160 5737 2178 5769 ι
2229 5735 2344 5771 rum
2376 5733 2441 5773 ne
2476 5718 2686 5773 dederis
2715 5718 2863 5784 mihi,
2897 5727 2951 5774 et
2978 5735 3136 5774 omne
3162 5718 3488 5775 desiderium
3517 5730 3741 5789 pravum

2161 5827 2179 5859 ι
2226 5817 2408 5865 averte
2439 5826 2467 5863 a
2498 5825 2601 5864 me.
2645 5807 2815 5865 Aufer
2842 5825 2872 5865 a
2903 5826 2989 5866 me
3016 5810 3224 5869 ventris
3249 5809 3735 5881 concupiscentias,

2161 5919 2179 5952 ‹
2226 5910 2279 5955 et
2333 5900 2649 5958 concubitus
2701 5903 3151 5976 concupiscentiae
3204 5919 3273 5960 ne
3329 5900 3740 5977 apprehendant
